2166 3366
0 1718 128 1760 kundamenta.

746 198 827 227 DiST.
850 198 914 227 xix.
937 198 1008 227 ΛΒΤ.
1031 198 1049 226 Ι.
1070 198 1205 235 ΟΠΑΕΞΤ.
1229 198 1267 226 ΙΙΙ.

1828 198 1843 227 lt
1847 200 1865 227 0
1869 200 1884 227 5

878 329 1140 365 SGHOLION.

196 420 209 442 i.
228 418 420 449 Chiroqraphum
436 419 498 447 apud
522 420 578 442 iuris
597 420 682 447 peritos
697 419 794 449 proprie
814 422 910 442 vocator
927 420 981 442 sci-i-

134 461 209 487 ptum,
222 464 269 487 quo
286 459 338 487 quis
350 464 390 480 suu
404 464 473 480 manu
491 459 556 480 alicui
575 459 685 486 promittit
702 458 798 487 aliquid,
811 459 847 481 vei
865 458 979 481 creditori·

135 498 178 521 bus
195 498 243 520 suis
254 501 330 525 cavet;
349 497 385 519 hic
397 496 426 519 ab
444 497 552 525 Apostolo
565 498 663 519 sumitur
674 496 844 526 titetaphoriee,
859 500 882 520 ut
900 502 979 520 auctor

135 537 192 560 bene
209 536 311 564 explicat.
323 547 355 552 —
368 535 468 558 Notanda
487 538 520 557 est
536 536 557 557 in
580 536 647 558 solut.
664 536 692 557 ad
713 536 732 558 i.
750 537 880 558 communis
903 539 924 558 et
942 542 980 558 nt·-

134 575 230 598 cessnria
249 575 362 597 distinctio
383 574 479 604 effectus
501 575 613 602 passionis
630 574 758 597 seeundum
780 574 941 605 sufficientiam
959 577 979 597 et

133 613 277 645 efficaciora,⁴
294 614 347 636 item
370 614 392 635 in
411 613 478 635 solut.
495 613 524 635 ad
543 613 562 635 Ιι.
582 613 605 635 ld
628 613 690 642 quod
709 613 738 635 do
757 619 847 643 poena,
871 613 941 643 culpa
958 617 979 636 et

134 655 202 677 reatu
220 653 308 676 dicitur.

195 693 302 721 Explicite
320 693 378 715 huuc
395 692 551 721 quaestionem
570 694 665 713 tractant
677 692 737 714 Alex.
756 692 811 720 liat,
828 692 850 714 S.
868 699 890 720 p.
908 693 939 714 iii.
958 699 979 721 q.

137 732 170 754 l8.
188 737 219 754 m.
237 732 258 754 6.
276 738 295 754 a.
320 730 341 753 4.
358 732 371 760 *ἑ
391 731 414 759 i;
439 731 461 752 B.
480 729 575 759 Albi-rt„
598 731 633 752 hic
656 738 675 753 a.
694 731 722 758 3,
745 733 767 753 et
784 731 875 760 Dionys.
897 730 980 759 Carth„

134 771 170 793 hic
186 777 208 800 q.
228 770 248 792 ri.
272 769 325 798 (qui
344 772 430 792 tantum
449 769 516 791 refert
535 769 671 792 solutions-m
690 770 711 791 S.
730 769 833 798 Bonav.).
851 770 892 792 Alii
913 770 981 792 Scho-

135 809 203 832 lastici
221 815 271 831 eam
290 809 408 836 omittuut;
427 812 502 831 tamen
520 808 542 830 S.
561 808 643 830 Thom.
662 811 683 830 et
705 808 809 830 ilichard.
828 815 839 830 a
862 808 927 836 Med„
945 809 980 831 hic

133 849 191 871 circa
209 848 239 871 iit.
258 848 369 876 Magistri,
388 848 467 875 paucis
485 847 562 869 verbis
579 847 652 875 ipsam
671 850 773 875 tangunt.

196 887 218 910 ΙΙ.
236 886 317 915 Quoad
330 892 378 915 seq.
389 885 430 915 (3.)
443 887 600 915 quaestionem
613 887 740 914 propositio
750 886 882 915 Abaefflrdi,
897 895 907 907 α
918 887 981 916 quod

133 926 236 949 Christus
253 932 298 948 non
310 926 419 948 assumsit
435 931 540 953 carnem,
554 928 577 947 ut
595 931 636 947 nos
648 932 659 947 a
674 925 728 952 iugo
741 925 823 947 diaboii
842 926 979 953 liberaret»,

133 965 255 994 reprobata
273 968 306 987 est
323 971 335 987 a
353 963 452 987 Concilio
470 964 595 986 Senonensi
613 964 664 992 (an.
683 963 764 992 1140),
788 964 930 992 approbante
947 965 981 987 lo-

135 1005 239 1027 nocensso
251 1004 278 1032 ii,
291 1007 313 1026 et
324 1003 420 1026 resolata
434 1010 445 1025 a
467 1004 489 1025 S.
504 1003 619 1025 Bernardo
636 1003 719 1030 (Ti-act.
734 1004 762 1025 ‹lo
779 1004 896 1026 erroribus
909 1004 981 1027 Abne-

135 1043 190 1066 lardi
208 1048 228 1066 c.
241 1043 262 1065 5.
280 1042 366 1072 seqq),
383 1046 405 1065 ct
422 1042 451 1064 ab
463 1041 572 1065 omnibus
589 1042 756 1070 posterioribus
768 1043 923 1071 St·i101;·sticis;
941 1045 979 1072 qui

135 1085 209 1105 tamen
228 1083 249 1104 in
266 1082 416 1110 explicatione
432 1082 576 1110 aliquatenus
593 1082 651 1103 inter
668 1088 692 1103 se
710 1081 823 1104 dim-runt.
842 1095 872 1097 —
890 1082 920 1104 De
939 1082 981 1105 du-

134 1121 186 1149 plici
204 1126 273 1144 manu
291 1120 375 1143 diaboli
393 1121 494 1149 loquitur
511 1121 578 1143 etiam
592 1121 647 1143 l'vtr.
661 1128 672 1142 a
691 1121 744 1143 Tar.
757 1121 839 1143 rodem
857 1121 937 1148 modo,
957 1124 980 1144 ut

134 1163 214 1183 auctor
234 1163 318 1182 noster.
341 1160 409 1182 Paulo
431 1160 495 1182 aliter
515 1159 631 1188 duplicem
655 1166 748 1182 inunum
770 1159 854 1182 diaboii
876 1160 980 1188 designat

134 1200 179 1222 iam
201 1199 281 1222 Guiiei.
303 1198 507 1222 Autissiodorensis
524 1198 603 1227 (Sum.
625 1206 705 1227 aurea,
729 1199 760 1221 lli.
785 1203 810 1222 tr.
838 1200 855 1221 1.
878 1206 896 1221 c.
920 1200 940 1221 8.
958 1200 979 1221 in

135 1238 188 1267 tine)
207 1239 241 1261 his
258 1237 346 1260 verbis:
367 1246 377 1258 ι
391 1237 415 1260 Et
432 1237 484 1260 ideo
501 1237 588 1261 dicitur
606 1237 710 1260 diabolus
728 1237 835 1260 imbuisse
857 1238 915 1260 duas
933 1244 980 1260 ma-

135 1283 190 1300 nus:
208 1283 303 1300 manum
315 1276 484 1305 attrahentem,
499 1283 543 1306 qua
560 1277 662 1300 trahebat
674 1283 755 1299 omnes
772 1277 801 1299 ad
813 1278 907 1305 interos,
921 1284 979 1306 quae

134 1319 250 1345 amputata
269 1319 303 1338 est
319 1316 338 1338 ei
362 1320 473 1344 quantum
496 1315 525 1338 od
543 1315 627 1343 bonos;
645 1320 666 1338 et
691 1322 783 1338 manum
802 1315 977 1345 sluqellantem,

1036 426 1095 448 quae
1113 419 1226 441 debilitata
1244 423 1291 447 est,
1311 420 1419 448 quoniam
1438 426 1482 442 non
1506 419 1574 442 habet
1592 422 1676 442 tantam
1699 422 1833 448 potestatem
1852 419 1884 443 in·

1036 457 1117 481 trmtdt'
1141 458 1165 481 in
1190 464 1290 487 corpora
1315 459 1434 480 hominum
1457 462 1479 481 et
1501 464 1541 480 eos
1566 458 1680 484 vexandi,
1704 459 1761 481 sicut
1782 459 1883 483 soit-hah

1036 499 1108 521 vernt
1125 501 1199 520 tamen
1218 497 1291 520 bonos
1308 498 1337 519 ad
1355 498 1501 525 exercitium,
1519 501 1543 520 ut
1561 498 1656 525 prius».

1100 537 1131 559 De
1150 538 1191 559 hac
1209 537 1253 564 (3.)
1272 537 1416 565 quaestione:
1435 537 1494 558 Alex.
1514 536 1569 564 tint„
1587 537 1628 559 ioc.
1647 537 1683 559 cit.
1701 544 1720 559 a.
1739 537 1760 559 3.
1778 537 1884 565 —Scot.‚

1037 576 1073 598 lV.
1091 576 1152 598 Seni.
1171 576 1191 598 d.
1211 575 1247 598 47.
1266 582 1287 604 (Ι.
1308 576 1328 597 i.
1347 582 1366 597 n.
1386 576 1412 603 8;
1432 575 1461 597 iii.
1480 576 1540 597 Seni.
1559 575 1581 597 d.
1600 576 1636 597 20.
1654 583 1676 604 q.
1695 577 1760 598 unica
1779 582 1799 598 n.
1818 576 1839 598 6.
1856 589 1886 592 —

1038 615 1059 637 S.
1078 615 1168 642 Thom.,
1187 615 1223 636 hic
1241 621 1260 636 a.
1279 615 1303 641 ἒς
1321 615 1342 635 S.
1362 614 1392 635 lli.
1410 620 1432 642 q.
1451 613 1487 636 49.
1506 620 1524 636 a.
1544 614 1564 636 2.
1579 626 1609 630 —
1622 615 1644 636 B.
1663 614 1754 641 Athen„
1773 615 1809 637 hic
1826 622 1846 637 a.
1864 615 1884 637 6.

1043 665 1068 669 -
1086 653 1142 675 Deir.
1160 660 1171 675 a
1191 653 1251 680 Tan,
1270 653 1306 674 hic
1323 659 1345 681 q.
1368 653 1388 674 Ξ.
1407 660 1426 674 a.
1449 653 1466 674 l.
1480 665 1509 668 —
1526 653 1631 675 uicum-ri.
1654 660 1664 675 a
1684 653 1748 679 Mod,
1768 654 1803 675 hic
1825 660 1845 675 a.
1866 654 1884 675 l.

1038 698 1060 720 q.
1079 693 1100 714 2.
1113 692 1246 719 —Dionys
1264 690 1347 719 Cartii.,
1366 691 1394 713 de
1413 692 1454 713 hac
1471 694 1493 713 ot
1510 698 1557 720 seq.
1577 692 1612 714 hit·
1630 699 1651 720 q.
1674 693 1692 714 i.

1102 731 1133 753 lli.
1151 731 1259 759 Quaestio
1278 729 1298 752 4.
1316 731 1361 758 agit
1379 730 1446 752 simul
1465 730 1492 752 de
1514 736 1587 758 poena
1609 734 1698 753 aeterna
1723 735 1744 754 et
1761 731 1789 753 de
1811 738 1883 759 poena

1038 770 1170 798 temporali,
1183 770 1238 792 dum
1257 770 1334 798 plures
1347 770 1433 798 antiqui
1446 773 1638 792 commentatores
1650 770 1772 792 Lombardi
1786 770 1814 792 dc
1827 774 1885 792 utra-

1038 815 1083 837 que
1101 809 1218 836 speciatim
1237 811 1331 831 tractant
1343 811 1410 837 atque
1423 809 1489 830 simili
1503 808 1585 835 modo,
1604 808 1711 831 adhibitis
1723 812 1797 831 tamen
1816 811 1885 832 varii>=

1038 847 1232 876 distinctionibus,
1253 847 1351 869 solvunt.
1370 847 1512 875 Supponitur
1531 851 1607 870 autom
1626 848 1647 869 in
1661 848 1812 870 solutionibus
1825 848 1885 870 obiv-

1038 889 1127 909 ciorum
1146 886 1259 909 distinctio
1276 887 1334 909 inter
1350 885 1513 916 sufficientiam
1530 890 1551 908 et
1563 886 1691 916 efficaciam
1710 887 1833 914 passionis,
1853 888 1885 909 in-

1037 932 1107 953 super
1124 925 1201 954 quoad
1219 931 1317 954 poenam
1330 924 1497 954 temporalem,
1517 925 1579 954 quod
1593 926 1634 947 ulia
1652 926 1680 948 sit
1692 932 1765 953 poena
1784 927 1885 948 nacto-a-

1038 964 1078 992 tis,
1099 966 1147 987 sive
1165 965 1203 986 toti
1221 967 1314 987 naturae
1332 967 1426 993 propter
1443 968 1562 992 peccatum
1580 965 1690 992 originale
1709 965 1806 991 inflicta,
1825 971 1884 994 quau

1037 1003 1065 1026 dc
1080 1003 1143 1033 facto
1162 1010 1205 1025 non
1229 1003 1312 1026 tollitur
1329 1004 1370 1025 nisi
1388 1004 1409 1025 in
1428 1003 1502 1026 sutura
1522 1004 1566 1025 vita
1586 1003 1662 1030 benum
1681 1004 1722 1025 alia
1740 1003 1881 1033 personalis,

1038 1042 1113 1065 debita
1131 1046 1226 1070 propter
1239 1045 1357 1070 peccatum
1376 1042 1475 1069 actuai03
1494 1043 1535 1064 alia
1551 1041 1738 1071 poenitentialis·.›
1755 1043 1797 1064 alia
1811 1049 1882 1070 poeni

1038 1081 1173 1110 oppressiva
1190 1085 1212 1104 et
1228 1081 1368 1110 promotirn.
1387 1093 1417 1097 —-
1434 1081 1465 1103 De
1483 1081 1594 1103 solutione
1614 1081 1642 1103 mi
1671 1082 1688 1103 i.
1711 1085 1732 1104 et
1755 1082 1884 1104 causalium=

1038 1122 1150 1150 passionis
1167 1124 1188 1143 et
1205 1121 1377 1143 resurrectionis
1395 1120 1448 1143 vide
1466 1127 1535 1148 supra
1554 1127 1576 1149 q.
1598 1121 1615 1142 t.

1101 1160 1132 1182 Dc
1150 1161 1192 1182 hac
1210 1159 1231 1182 4.
1249 1161 1394 1189 quaestione:
1412 1161 1472 1182 Alex.
1485 1160 1541 1187 nat,
1560 1160 1601 1182 loc.
1622 1161 1658 1182 eit.
1676 1167 1698 1189 q.
1721 1160 1753 1182 17.
1777 1167 1807 1182 m.
1827 1160 1847 1182 4.
1865 1168 1883 1182 a⁴

1038 1200 1059 1222 ⁶2.
1076 1199 1089 1228 ξ’,
1107 1200 1128 1221 2.
1147 1200 1167 1221 3.
1179 1211 1211 1215 —
1227 1199 1294 1227 Scot.,
1312 1200 1333 1221 in
1357 1203 1454 1228 utroque
1471 1200 1560 1227 Scripto
1584 1199 1619 1221 iv.
1637 1200 1698 1222 Seni.
1721 1199 1744 1221 d.
1766 1199 1798 1222 tt.
1817 1207 1839 1228 q.
1867 1201 1883 1222 1,

1038 1238 1102 1260 4.-
1114 1239 1136 1260 S.
1155 1238 1245 1266 Tuom„
1264 1239 1299 1260 hic
1316 1245 1336 1260 a.
1354 1238 1375 1260 3.
1394 1241 1527 1267 quaestunc.
1549 1239 1566 1260 i.
1586 1239 1614 1266 *2;
1633 1239 1654 1261 S.
1673 1239 1714 1261 loc.
1728 1239 1764 1261 cit.
1782 1245 1802 1261 n.
1821 1239 1841 1260 3.
1856 1252 1885 1255 -

1038 1278 1061 1300 Β,
1080 1277 1171 1305 Albert.,
1194 1278 1230 1299 liic
1246 1284 1266 1299 a.
1287 1278 1308 1299 6.
1326 1277 1347 1299 7.
1365 1290 1394 1293 —
1413 1278 1469 1299 l'etr.
1488 1284 1499 1299 a
1518 1278 1578 1303 Tar„
1597 1278 1633 1300 hie
1650 1284 1671 1307 q.
1691 1278 1711 1300 3.
1730 1284 1750 1300 a.
1775 1279 1792 1299 i.
1816 1279 1836 1300 2.
1855 1291 1884 1294 —

1038 1316 1143 1339 lin-hard.
1162 1323 1174 1339 a
1192 1316 1257 1344 liied.y
1275 1317 1310 1339 hic
1328 1323 1347 1339 a.
1370 1317 1387 1339 i.
1406 1323 1427 1345 q.
1446 1317 1466 1338 2.
1486 1317 1508 1339 3.
1520 1329 1550 1332 -
1563 1317 1671 1344 Durand.y
1690 1317 1726 1339 hic
1743 1324 1765 1346 q.
1788 1318 1805 1339 i.

899 1407 1062 1444 QtttESTtO
1083 1408 1122 1435 iii.

469 1493 574 1522 Utrum
594 1502 646 1531 pcr
665 1493 832 1530 passionem
856 1492 966 1522 Clu-isa·
987 1494 1103 1522 liberati
1122 1494 1217 1522 simus
1237 1503 1257 1522 α
1275 1498 1415 1531 potestate
1436 1494 1553 1523 diaboli.

215 1593 307 1622 'l'ertio
321 1591 487 1630 'quaeritur‚
508 1595 604 1621 utrum
621 1599 670 1629 per
692 1592 847 1629 passionem
872 1592 978 1620 liberati

135 1640 223 1670 simus
243 1648 259 1668 a
280 1643 415 1677 potestate
436 1639 548 1668 diaboii.
571 1639 602 1667 Et
622 1639 697 1676 qumi
720 1639 771 1673 sie,
794 1639 913 1667 videtur.

215 1689 239 1716 i.
254 1687 432 1724 Apocalypsis
444 1687 609 1723 vigesimo¹:
632 1686 697 1714 Vidi
711 1686 855 1723 Anqelttm
870 1686 980 1714 deseen-

135 1734 245 1763 (lentem
266 1734 300 1763 de
321 1733 413 1767 caclo,
429 1737 454 1762 ct
475 1732 666 1770 apprehendit
680 1732 852 1766 draconem,
874 1732 926 1770 qua·
939 1736 978 1760 est

135 1781 287 1814 diabotus;
308 1780 355 1810 sed
378 1789 428 1817 per
449 1781 533 1809 istum
555 1780 704 1816 Angelum,
726 1780 797 1808 sicut
818 1779 908 1807 Sancti
933 1787 980 1807 ex-

135 1831 255 1866 ponunt,
277 1827 440 1864 intelligitur
461 1827 603 1856 Christus:
627 1827 648 1855 si
665 1834 731 1863 ergo
752 1827 787 1855 ab
807 1827 857 1855 isto
879 1826 979 1863 Angelo

136 1875 264 1904 diabolus
279 1878 320 1903 est
336 1874 469 1910 reiigatus
485 1874 511 1902 in
532 1874 593 1903 eins
608 1873 747 1910 passione,
770 1873 889 1906 videtur,
904 1873 978 1909 quod

135 1921 259 1951 amiserit
283 1928 368 1958 super
388 1928 439 1949 nos
457 1929 549 1958 posse.

214 1969 240 1997 2.
262 1968 344 2002 item,
367 1967 474 1996 loannis
495 1967 661 1996 duodecimo
677 1966 702 1994 2:
725 1965 810 1994 Nunc
836 1966 977 1994 {euticium

135 2019 177 2044 est
196 2016 318 2050 mundi,
339 2023 418 2043 nunc
442 2015 579 2052 princeps
601 2013 690 2042 liuius
715 2014 821 2042 mnmlc·
848 2013 979 2041 elicietur

135 2062 241 2100 foras:
270 2063 291 2091 si
311 2069 378 2099 ergo
398 2061 528 2090 diabolus
544 2061 618 2090 toras
639 2068 689 2098 per
711 2061 851 2089 Christum
867 2063 908 2089 est
929 2060 981 2088 eie-

135 2113 209 2144 ctus,
231 2109 358 2144 videtur,
380 2108 454 2146 quod
477 2116 493 2137 a
513 2111 648 2146 potestate
670 2108 731 2136 eius
752 2107 859 2136 liberati
883 2107 979 2135 simus.

215 2156 241 2185 3.
263 2156 343 2190 item,
358 2155 502 2189 Christus,
518 2155 578 2184 dux
594 2158 703 2189 noster,
720 2155 784 2183 vicit
799 2154 940 2183 diabolum
955 2153 980 2185 ⁵:

136 2203 185 2232 sed
206 2203 322 2232 victoria
343 2202 423 2231 ducis
444 2206 486 2231 est
502 2202 617 2231 victoria
638 2202 723 2230 totius
738 2201 891 2230 exercitus:
914 2208 981 2237 ergo

136 2249 257 2284 videtur,
278 2250 352 2287 quod
375 2249 503 2279 diabolus
520 2258 536 2278 a
558 2253 613 2278 toto
628 2257 729 2286 genere
751 2249 874 2277 humano
889 2248 923 2276 sit
938 2256 982 2276 su-

137 2301 263 2334 peratus,
284 2300 311 2326 et
333 2297 369 2325 ita
391 2297 510 2331 videtur,
532 2297 606 2334 quod
629 2304 680 2334 per
701 2296 856 2333 passionem
879 2295 980 2323 Christi

136 2344 261 2373 amiserit
282 2352 364 2373 suum
384 2352 469 2381 posse
490 2347 618 2381 respectu
641 2343 750 2380 generis
772 2342 895 2370 humani.

215 2392 241 2420 [ι.
267 2391 354 2426 item,
386 2390 499 2428 quaudo
527 2390 656 2419 diabolus
685 2389 825 2426 superavit
858 2388 980 2425 primum

137 2437 291 2472 hominem,
312 2445 362 2474 per
377 2444 549 2474 consequens
564 2436 706 2473 superavit
721 2439 807 2463 totum
831 2442 919 2471 genus
934 2434 982 2462 hu-

138 2484 289 2513 manum‘:
312 2491 379 2520 ergo
400 2483 459 2521 pari
484 2483 588 2512 ratione
611 2482 734 2516 vitietur,
756 2481 829 2519 quod
853 2489 916 2510 euin
939 2489 982 2509 su-

138 2534 252 2568 peratus
273 2534 315 2559 est
342 2538 359 2559 a.
380 2530 502 2564 Christo,
531 2533 680 2567 superatus
701 2528 735 2556 sit
763 2536 779 2556 a
806 2530 860 2556 toto
882 2535 982 2564 genere

139 2578 280 2607 humano:
309 2585 376 2614 ergo
397 2585 447 2614 per
475 2577 631 2614 passionem
654 2575 754 2604 Christi
784 2578 872 2602 totum
895 2581 982 2610 genus

139 2623 293 2652 humanum
317 2623 464 2652 liberatum
487 2622 539 2651 fuit
559 2630 576 2651 a
597 2625 731 2659 potestate
753 2619 864 2649 diaboli.

216 2671 269 2699 Sep
290 2678 416 2699 CONTRA:
443 2671 466 2698 1.
489 2670 526 2699 Ad
559 2669 689 2707 Ephesios
711 2667 828 2697 sexto⁶z
857 2666 922 2695 Non>
943 2670 983 2695 est

201 2803 208 2818 ¹
228 2803 292 2826 Vers.
313 2804 330 2826 1.
348 2810 396 2833 seq.
414 2816 444 2819 —
463 2804 494 2825 De
515 2803 655 2831 expositione
673 2802 741 2824 huius
758 2801 799 2823 loci
819 2801 859 2823 cir.
877 2801 981 2829 August„

139 2842 190 2864 XX.
207 2842 237 2864 de
254 2841 302 2865 Civ.
321 2842 371 2870 Dei,
390 2849 409 2865 c.
426 2842 448 2865 7.
467 2849 488 2864 n.
507 2843 526 2864 i.
544 2848 609 2870 seqq.
622 2844 644 2863 et
661 2840 731 2867 Beda,
749 2841 771 2862 in
785 2841 845 2862 hunc
862 2840 903 2862 loc.
915 2841 981 2863 —in

137 2879 227 2904 minori
242 2884 294 2908 post
309 2880 350 2903 sed
363 2881 427 2903 multi
446 2880 513 2903 codd.
527 2886 568 2902 nec
585 2885 629 2901 non
647 2879 699 2901 edd.
717 2879 734 2906 i,
753 2879 766 2900 2
783 2879 885 2901 inserunt
895 2878 981 2908 potius.

164 2936 167 2939 -
199 2919 210 2934 ²
229 2920 292 2942 Vers.
310 2920 347 2942 31.

201 2957 210 2972 ³
228 2958 284 2980 Edd.
301 2958 389 2981 addunt
400 2965 443 2989 per
459 2957 518 2981 illud
535 2958 605 2986 Apoc.
623 2956 648 2979 5.
666 2956 723 2984 (5.):
745 2955 802 2979 Vicit
824 2955 858 2979 leo
874 2955 902 2979 dc
919 2955 982 2979 tribu

139 2995 206 3019 luda.
226 2997 247 3019 ln
266 2997 309 3019 tine
326 3003 375 3025 arg.
392 3004 436 3026 pro
452 2996 558 3020 amiserit
575 2996 642 3019 codd.
660 2995 743 3018 AFlL
754 2995 807 3018 Vaa
825 2995 911 3018 amisit.

1039 1591 1119 1620 nobis
1141 1591 1305 1620 colluctatio
1330 1592 1474 1620 adversus
1495 1601 1615 1621 carnem
1639 1597 1664 1621 et
1684 1594 1858 1630 sanquinem
1873 1617 1880 1627 ‚
1897 1599 2014 1641 Ad.ss?ffl''³''

1035 1639 1086 1667 sed
1106 1639 1249 1667 adversus
1270 1639 1376 1667 mundi
1396 1643 1521 1668 rectores
1542 1639 1729 1668 tenebrarum
1751 1639 1880 1669 barton.-
1954 1634 1958 1640 ’

1037 1693 1103 1722 ergo
1124 1686 1217 1714 adhue
1238 1685 1387 1715 daemones
1403 1694 1452 1715 nos
1474 1686 1638 1724 impugnant
1652 1690 1679 1716 et
1695 1687 1759 1716 huie
1778 1688 1884 1716 mundo

1037 1732 1247 1769 principantur:
1270 1740 1337 1770 ergo
1362 1741 1378 1761 a
1400 1736 1535 1770 potestate
1564 1733 1666 1762 diaboli
1690 1734 1798 1763 liberati
1829 1742 1881 1763 non

1037 1787 1144 1807 sumus.

1116 1827 1142 1854 2.
1165 1826 1244 1860 item,
1260 1826 1399 1855 secundae
1414 1827 1449 1855 ad
1465 1827 1641 1855 Timotheum
1658 1827 1758 1856 tertio⁶
1771 1828 1882 1857 dicitur.

1037 1872 1111 1908 quod
1127 1872 1154 1900 in
1176 1872 1343 1900 novissimis
1368 1872 1469 1901 dicbus
1493 1873 1644 1902 instabunt
1659 1878 1789 1911 tempora
1807 1875 1882 1912 peri-⁷

1036 1918 1151 1952 cadosa,
1166 1922 1193 1947 et
1208 1919 1259 1948 hoo
1281 1919 1373 1956 ipsum
1389 1920 1491 1948 dicitur
1506 1920 1645 1949 secundae
1660 1921 1694 1949 ad
1711 1921 1883 1950 Thessaloni-

1037 1973 1148 1999 censes,
1169 1968 1197 1994 et
1218 1965 1244 1994 in
1260 1966 1372 1996 Daniele
1394 1967 1463 1996 etin
1485 1967 1663 2005 Apocalypsi,
1678 1968 1753 2005 quod
1777 1968 1802 1997 in
1819 1972 1884 1998 tem-

1038 2019 1105 2049 pore
1126 2012 1280 2041 antichristi
1303 2013 1416 2042 habebit
1437 2014 1566 2043 diabolus
1587 2015 1741 2043 maximam
1766 2018 1885 2052 potesta-

1040 2063 1092 2088 tem
1114 2059 1150 2088 ad
1172 2060 1336 2089 tentandum
1358 2064 1385 2089 et
1409 2061 1584 2090 vexandum:
1600 2069 1667 2099 ergo
1689 2070 1742 2090 non
1762 2062 1883 2093 videtur.

1037 2107 1112 2144 qnod
1134 2115 1184 2144 per
1205 2108 1361 2144 passionem
1377 2108 1502 2137 amiserit
1516 2117 1601 2146 posse
1616 2117 1702 2146 super
1723 2117 1812 2147 genus
1834 2110 1883 2138 hu-

1038 2162 1161 2183 manum.

1117 2201 1142 2229 3.
1170 2201 1255 2234 item.
1283 2205 1404 2238 potestas
1432 2201 1534 2230 diaboii
1565 2203 1687 2231 maxime
1716 2203 1743 2231 in
1772 2203 1883 2232 duobus

1038 2247 1175 2282 consistit,
1198 2248 1326 2277 videlicet
1348 2248 1373 2276 in
1393 2248 1552 2278 obsessione
1574 2257 1724 2287 corporum
1740 2254 1767 2279 et
1788 2258 1885 2279 excae-

1038 2294 1144 2323 catione
1167 2294 1302 2323 mentium
1310 2306 1317 2329 3
1339 2295 1387 2324 sed
1408 2299 1471 2332 post
1492 2296 1593 2325 Christi
1614 2297 1771 2333 passionem
1790 2297 1882 2326 adhuc

1039 2341 1119 2370 multi
1141 2350 1157 2370 a
1172 2342 1283 2370 diabolo
1300 2342 1415 2370 fuerunt
1429 2342 1547 2377 obsessi,
1569 2343 1649 2371 multi
1665 2343 1747 2372 etiam
1770 2343 1883 2373 fuerunt

1039 2388 1202 2424 gravissime
1229 2388 1386 2417 excaecati:
1415 2396 1482 2425 ergo
1510 2388 1634 2423 videtur,
1662 2389 1736 2426 quod
1763 2393 1884 2427 potestas

1039 2434 1141 2463 diaboli
1167 2442 1221 2463 non
1250 2435 1332 2463 sitin
1361 2435 1455 2472 aliquo
1483 2435 1621 2464 diminuta
1649 2444 1698 2473 per
1725 2437 1881 2474 passionem

1039 2481 1149 2509 Christi.
1178 2481 1257 2517 Quod
1284 2485 1377 2510 autem
1408 2481 1537 2511 diabolus
1569 2482 1724 2511 multorum
1756 2492 1882 2521 corpora

1039 2527 1179 2562 obsideat,
1201 2528 1280 2557 docet
1301 2529 1489 2565 experientia3
1511 2529 1584 2567 quod
1602 2530 1704 2559 iterum
1727 2531 1881 2560 multorum

1040 2578 1145 2603 mentes
1165 2579 1311 2609 excaecet,
1341 2575 1475 2612 probatur
1506 2584 1557 2613 per
1585 2576 1653 2605 illud
1684 2577 1758 2614 quod
1781 2577 1883 2607 dicitur

1039 2621 1177 2651 secundae
1202 2622 1236 2651 ad
1259 2622 1415 2651 Corinthios
1439 2624 1577 2660 quarto⁷:
1602 2624 1678 2652 Deus
1698 2616 1796 2653 'leui-ns
1824 2634 1884 2653 sae-

1039 2667 1100 2696 culi
1119 2669 1284 2697 exeaecavit
1304 2674 1410 2698 mentes
1432 2669 1602 2707 infidelium.

1100 2801 1109 2816 ⁴
1127 2802 1171 2825 Cir.
1189 2803 1212 2824 ll.
1230 2803 1290 2825 Sent.
1309 2803 1330 2825 d.
1349 2803 1385 2825 30.
1403 2810 1422 2825 a.
1446 2804 1462 2826 1.
1481 2810 1502 2833 q.
1521 2805 1542 2826 2.

1100 2840 1111 2856 ⁵
1128 2841 1192 2864 Vers.
1214 2842 1246 2864 12.

1100 2880 1110 2894 ⁵
1128 2880 1192 2902 Vers.
1214 2881 1231 2902 i.
1249 2893 1279 2896 —
1296 2882 1365 2910 Seqq.
1383 2882 1464 2910 Script.
1482 2882 1524 2905 loci
1541 2886 1594 2905 sunt
1616 2882 1638 2904 li.
1663 2883 1743 2905 Thess.
1767 2883 1792 2910 2,
1814 2883 1881 2909 3-10;

1039 2919 1115 2941 Daniel
1137 2919 1175 2946 ¹2,
1198 2920 1219 2947 i;
1237 2920 1307 2948 Apoc.
1330 2921 1366 2948 12,
1388 2921 1420 2943 ¹2.

1101 2958 1110 2973 ⁷
1128 2959 1193 2981 Vers.
1212 2958 1231 2981 4.
