2166 3366
20 484 125 505 obiicitur.

16 717 78 741 Rem.
95 721 126 735 no-

34 740 89 760 tanda
102 740 126 759 do

33 763 109 783 virtute.

16 1229 80 1272 ee

743 167 824 195 DIST.
847 167 934 195 xxttt.
957 167 1028 195 ΛΒΤ.
1051 166 1068 194 1.
1091 166 1227 202 QUAEST.
1249 166 1277 193 ll.

137 248 164 275 et
184 245 245 275 eius
265 248 373 279 actum,
395 245 442 282 qui
464 247 506 273 est
527 245 641 273 credere
660 244 826 281 polemico-te
847 245 905 273 sive
926 252 982 273 cre-

139 292 230 321 dendo
253 291 366 320 tendere
388 291 413 319 in
436 291 541 325 Deum3
563 291 685 328 quodam
709 291 790 319 modo
813 291 902 327 ipsum
918 290 983 329 affc-

139 343 217 367 ctam
238 342 265 367 et
286 338 346 367 eius
367 341 477 371 actum,
498 337 546 374 qui
568 340 609 366 est
629 337 696 365 velle
717 338 859 365 assentire
879 338 919 372 ei,
947 338 982 367 ad

139 386 213 424 quod
237 385 306 414 ratio
327 393 363 414 ex
385 393 414 413 se
435 393 489 413 non
513 387 602 421 potest
623 384 766 420 attingere.

217 432 250 462 St
271 436 302 461 tu
324 431 499 465 obiiccrcs¹,
521 431 596 468 quod
621 431 671 459 ista
693 439 747 459 nou
770 435 885 468 possunt
900 431 984 461 simul

139 483 225 513 stare,
247 479 328 516 quia,
343 486 408 507 cum
424 478 493 507 tides
514 477 549 506 sit
571 477 683 506 habitus
705 478 840 515 simplex,
862 481 889 507 et
910 486 984 507 unus

139 526 251 555 habitus
273 525 395 562 simplex
417 525 452 553 sit
468 525 494 553 iu
510 532 566 553 una
582 525 704 561 potentia
726 528 858 561 tanquam
880 525 907 553 in
923 525 985 554 sub-

139 573 221 607 iecto,
254 580 307 600 non
340 572 467 605 videtur,
489 570 563 608 quod
586 571 672 608 possit
693 579 789 599 omues
811 571 872 599 illas
893 575 985 608 poten-

141 619 192 648 tias
213 622 346 656 tanquam
368 626 457 646 unum
479 618 636 646 subiectum
660 618 864 654 1·espicere;ad
881 618 931 646 lioc
946 618 985 646 di-

138 666 273 700 cendum,
295 665 371 703 quod
393 665 461 693 nihil
484 664 599 701 impedit
621 664 728 698 dicere,
756 673 839 693 unam
869 668 896 693 et
923 673 984 693 ean-

139 713 202 742 dem
224 713 360 741 virtatem
382 719 442 740 esse
464 710 547 740 simul
570 710 596 739 iu
619 710 707 739 libero
728 711 854 739 arbitrio
882 714 909 740 et
936 719 984 739 ra-

139 761 214 789 tione
234 762 261 789 et
284 759 443 788 ootzmtate:
473 759 554 795 quia⁷
586 758 657 786 sicut
679 758 705 786 in
738 758 861 787 secundo
891 757 982 786 libro²

138 810 279 836 ostensum
302 805 368 840 suit,
391 805 514 834 liberam
536 804 696 833 arbitrium
720 813 772 833 nou
799 805 865 833 dicit
892 808 984 842 poten-

139 854 206 883 tiam
227 853 384 882 distinctam
401 860 417 880 a
432 852 538 880 ratione
553 855 579 880 et
595 852 736 880 voluntate
752 852 905 880 secundum
921 860 982 880 rem

138 904 166 930 et
185 900 357 932 essentiam,
380 899 480 933 immo,
508 898 663 927 secundum
693 898 767 935 quod
798 899 856 927 vult
886 899 983 927 beatus

137 946 323 984 Augustinus,
345 945 467 974 liberunt
482 945 642 974 arbitrium
659 945 852 981 complectitur
869 948 924 973 tres
940 953 984 982 po-

139 994 246 1027 tentias,
263 993 367 1022 scilicet
379 992 557 1026 irascibilem,
573 992 817 1028 concupiscibilem
829 995 855 1020 et
868 993 984 1020 rationa-

140 1039 203 1069 lem.
223 1040 253 1069 Et
270 1040 331 1068 ideo
348 1039 456 1068 nullum
472 1038 668 1067 inconveniens
683 1042 739 1072 est,
755 1039 828 1075 quod
846 1046 984 1075 unaquae-

137 1095 192 1124 que
213 1087 317 1120 virtus,
340 1094 412 1124 quae
434 1086 579 1122 reponitur
601 1085 632 1114 in
655 1094 832 1123 unaquaque
855 1085 984 1114 illarum³

139 1134 327 1171 potentiarum
349 1133 503 1162 secundum
526 1132 600 1169 quod
624 1132 758 1165 liabitas,
783 1133 810 1160 in
833 1132 921 1160 libero
936 1140 983 1160 ar-

139 1180 225 1209 bitrio
247 1183 398 1218 reponatur
421 1180 576 1208 secundum
599 1179 672 1216 quod
707 1179 801 1207 virtus
833 1182 860 1207 et
891 1178 982 1207 meriti

137 1227 314 1265 principium.
336 1243 374 1248 —-
395 1226 527 1254 Similiter
548 1226 657 1254 nullum
674 1229 714 1254 est
730 1225 924 1253 inconveniens
939 1233 984 1262 po-

137 1282 219 1309 nere,
241 1281 329 1302 unum
360 1273 492 1302 habitant
514 1282 574 1301 esse
598 1273 623 1300 iu
647 1273 752 1300 ratione
773 1276 798 1300 et
822 1272 982 1306 voluntate,

138 1322 175 1350 ita
196 1320 271 1358 quod
294 1328 378 1348 unam
400 1320 511 1348 illarum
534 1319 720 1356 potentiarum
743 1319 871 1355 respiciat
899 1326 983 1355 quan-

138 1372 196 1397 tum
219 1368 254 1396 ad
276 1371 369 1396 actum
398 1366 599 1399 materialem,
631 1366 748 1394 alteram
780 1369 915 1402 quantum
947 1365 982 1394 ad

138 1418 230 1444 actum
252 1413 409 1452 formalem
417 1424 427 1447 ;
449 1413 520 1442 sicut
542 1416 631 1450 patet,
653 1413 727 1449 quod
757 1412 868 1440 habitus
896 1412 984 1439 scien-

138 1462 195 1490 tiae
221 1461 313 1498 quoad
335 1461 403 1498 quid
425 1460 537 1497 respicit
564 1459 755 1492 memoriam,
771 1459 875 1487 scilicet
890 1459 981 1495 quoad

137 1509 319 1537 retentionem
342 1507 456 1544 speciei,
477 1510 505 1536 et
526 1506 617 1544 quoad
641 1506 725 1543 quid⁴
748 1505 982 1542 inteliz'gyeiitiam,

127 1555 242 1584 ,scilicet
263 1554 355 1592 quoad
377 1554 536 1583 facilitatem
558 1552 761 1586 conversionis3
784 1555 810 1581 et
832 1555 922 1580 tamen
946 1552 983 1580 di—

29 1929 124 1953 Epilogus.

139 1602 212 1631 citur
232 1610 311 1630 unas
333 1600 451 1629 liabitas
471 1600 602 1637 simplos:
629 1599 762 1636 Quamvis
789 1599 861 1627 enim
892 1602 984 1635 poten-

138 1649 191 1677 tiae
212 1648 357 1677 distinctae
390 1648 459 1681 sint,
492 1647 673 1675 nibilominus
704 1649 795 1674 tamen
828 1645 981 1673 continuari

139 1695 242 1724 habent
263 1695 290 1723 in
312 1702 368 1723 uno
390 1693 530 1727 subiecto,
552 1693 658 1721 ratione
680 1692 762 1721 cuius
777 1695 867 1728 potest
881 1699 941 1720 esse
956 1691 983 1720 in

137 1742 178 1771 eis
198 1742 290 1771 unitas
312 1741 506 1779 proprietatis,
528 1740 599 1769 sicut
631 1748 692 1767 ‘tina
724 1739 839 1767 sanitas
870 1739 983 1776 ponitur

138 1796 198 1818 esse
219 1789 246 1817 in
270 1788 366 1817 multis
389 1788 522 1817 membris
543 1787 667 1824 corporis
689 1786 840 1820 interius⁵,
866 1788 893 1814 et
922 1793 983 1814 ana

139 1834 272 1864 honestas
294 1835 321 1863 in
345 1834 440 1863 multis
462 1834 596 1863 exterius.

217 1882 256 1910 Ex
278 1882 321 1911 his
342 1885 432 1918 potest
452 1881 512 1910 elici
535 1884 561 1909 et
584 1880 679 1908 baberi
706 1879 887 1916 generaliter,
916 1879 983 1916 quid

138 1929 173 1958 sit
194 1929 351 1958 subiectum
373 1928 525 1957 cuiuslibet
545 1927 680 1959 virtutis,
702 1930 728 1954 et
750 1926 816 1963 quid
839 1926 874 1954 sit
901 1926 984 1954 etiam

138 1976 294 2005 subiectum
316 1975 468 2004 cuiuslibet
487 1974 553 2003 vitii
573 1974 629 2003 sive
645 1972 747 2010 peccati
759 1972 776 2000 ⁶.
792 1972 881 2001 Potest
901 1972 984 2001 etiam

140 2023 237 2052 haberi
259 2022 457 2052 determinatio
479 2021 635 2059 propositae
656 2019 842 2057 quaestionis,
857 2019 985 2048 videlicet

1828 167 1885 195 1077

1039 244 1106 281 quid
1127 244 1162 272 sit
1184 244 1340 273 subiectum
1360 243 1436 280 fidei.
1459 243 1525 271 Nam
1548 243 1611 272 licet
1633 243 1659 271 in
1682 247 1817 281 quantum
1834 245 1887 273 vir-

1041 295 1087 320 tus
1109 290 1263 319 meritoria
1285 290 1402 319 dicenda
1423 290 1458 319 sit
1479 298 1539 319 esse
1566 290 1592 319 in
1623 290 1711 318 libero
1742 291 1886 325 arbitrio,

1041 338 1067 366 in
1091 340 1226 374 quantum
1253 340 1344 366 tamen
1367 336 1484 365 liabitas
1513 337 1632 366 reddens
1652 337 1803 374 potentiam
1825 338 1887 367 saci-

1041 384 1096 413 lem
1118 384 1246 420 ponenda
1267 387 1308 412 est
1328 383 1449 421 quodam
1476 384 1558 413 modo
1587 384 1614 412 in
1642 385 1764 421 potentia
1792 385 1887 422 coqui-

1042 431 1118 464 tiva,
1140 430 1212 459 sicut
1236 431 1386 459 ostendunt
1409 431 1528 459 rationes
1559 431 1594 459 ad
1615 431 1735 468 primam
1757 434 2028 468 partem:Ad³rrss-i›r0

1041 477 1172 514 quoniam
1194 477 1228 505 ad
1250 477 1335 506 fidem
1357 477 1476 514 pertinet
1497 477 1635 514 cogitare,
1657 478 1691 506 ad
1708 478 1812 513 fidem⁷
1827 486 1887 516 per-

1042 524 1109 553 tinet
1131 523 1304 552 ilta‘minare
1324 526 1351 552 et
1371 523 1515 552 rationem
1537 523 1703 560 reformare
1728 528 1755 553 et
1785 525 1888 554 intelle-

1041 575 1119 600 ctum
1142 571 1311 609 captivare,
1333 570 1385 608 ipsi
1406 570 1488 599 etiam
1521 570 1590 608 fidei
1620 571 1743 600 succedit
1773 571 1887 606 videi-m

1041 626 1113 655 quae
1134 618 1227 646 omnia
1250 617 1403 654 respiciunt
1423 617 1622 654 coynitionem.
1639 618 1702 646 Ideo
1716 619 1836 648 rationes
1850 619 1886 648 ad

1041 668 1148 702 partem
1172 664 1249 692 illam
1272 664 1401 692 inductae
1423 667 1488 692 sunt
1509 664 1709 693 concedendae.

1120 712 1173 740 Nec
1184 712 1224 740 eis
1236 711 1349 740 obviant
1364 710 1485 739 rationes
1499 711 1534 739 ad
1549 711 1722 748 oppositum:
1738 712 1886 748 quoniam,

1041 758 1104 787 licet
1126 757 1195 787 sides
1218 757 1347 795 respiciat
1368 760 1460 786 actum
1484 757 1620 794 potentiae
1635 758 1813 795 coynz'tz'vae,
1832 767 1887 787 non

1042 808 1135 833 tamen
1158 805 1249 842 ipsum
1272 804 1384 841 respicit
1405 804 1518 832 omnino
1536 813 1628 841 pure,
1644 804 1734 833 sedin
1750 808 1886 842 quantum

1046 851 1129 880 babet
1150 851 1330 889 allectionem
1350 851 1590 879 concomitantem
1611 854 1638 879 et
1659 852 1780 887 quodam
1805 852 1888 881 modo

1037 898 1250 935 praesidentem
1264 898 1282 925 ⁸.
1310 898 1339 926 Et
1370 897 1432 926 ideo
1453 897 1536 926 etiam
1562 905 1674 926 necesse
1702 902 1743 927 est
1768 907 1886 936 ponere,

1041 945 1117 982 quod
1141 944 1209 973 tides
1231 944 1352 981 quodam
1375 944 1458 973 modo
1480 944 1514 973 sit
1536 945 1562 973 in
1584 943 1749 982 affectione,
1764 946 1835 974 sicut
1849 946 1888 975 di·

1040 991 1076 1020 cit
1099 991 1230 1028 magister
1262 991 1338 1028 Hugo
1366 991 1400 1019 de
1425 994 1520 1020 sancto
1541 991 1663 1025 Victore;
1685 996 1711 1020 et
1733 992 1799 1026 hoc.
1822 993 1888 1030 quia

1040 1041 1081 1067 est
1104 1037 1216 1066 babitus
1238 1037 1425 1066 voluntarius
1446 1041 1473 1066 et
1493 1046 1579 1066 amm·
1601 1038 1777 1072 ordinatas,
1803 1043 1830 1068 et
1852 1043 1888 1068 ta-

1041 1085 1074 1113 lis
1097 1088 1212 1113 naturae
1234 1087 1276 1113 est
1295 1087 1374 1113 actus
1395 1085 1468 1119 eius,
1491 1085 1565 1122 quod
1588 1085 1622 1114 ad
1640 1085 1730 1122 ipsum
1746 1094 1828 1114 nemo
1843 1094 1888 1123 po-

1041 1134 1093 1160 test
1114 1131 1179 1168 copi
1203 1131 1320 1160 invitas.
1344 1131 1373 1160 Et
1395 1132 1457 1160 ideo
1478 1132 1591 1160 concedi
1614 1136 1729 1169 possunt
1751 1133 1886 1168 rationes,

1040 1186 1111 1215 quae
1133 1181 1197 1206 suut
1218 1177 1252 1206 ad
1276 1181 1382 1214 partem
1407 1180 1577 1215 sequentem.

1119 1225 1197 1261 Quod
1219 1229 1312 1253 autem
1335 1225 1456 1253 rationes
1477 1225 1527 1254 sibi
1553 1225 1669 1254 invicem
1689 1234 1742 1254 non
1764 1226 1885 1262 obvient,

1041 1271 1089 1300 sed
1112 1275 1248 1309 utraeque
1272 1280 1370 1300 verum
1393 1272 1575 1306 concludant,
1607 1272 1673 1301 satis
1701 1272 1775 1301 clare
1798 1277 1887 1310 potest

1041 1319 1171 1353 videre0,
1193 1318 1214 1347 si
1239 1318 1302 1355 quis
1323 1322 1413 1355 potest
1435 1326 1551 1356 capere,
1572 1319 1647 1355 quod
1676 1319 1711 1347 ad
1740 1328 1799 1348 esse
1820 1320 1885 1349 fidei

1041 1365 1154 1393 virtutis
1175 1365 1317 1394 concurrit
1338 1368 1417 1393 actus
1431 1365 1558 1393 rationis
1574 1365 1657 1394 simul
1672 1368 1699 1394 et
1713 1366 1885 1400 natiuitatis,

1043 1411 1117 1448 quod
1130 1411 1199 1440 bene
1212 1411 1301 1439 innuit
1315 1411 1461 1449 Apostolus
1470 1412 1488 1426 ¹¹*
1500 1411 1526 1440 in
1541 1411 1601 1448 ipsa
1616 1412 1799 1442 notificatione
1812 1412 1885 1448 fidei,

1041 1465 1105 1486 cum
1127 1457 1208 1491 dicit,
1231 1458 1313 1486 tidem
1336 1465 1396 1487 esse
1424 1457 1621 1487 substantiam
1644 1467 1746 1487 rerum
1767 1468 1886 1496 speran-

1041 1505 1167 1538 darum,
1199 1508 1407 1541 arymneutam
1441 1513 1499 1533 non
1523 1506 1748 1542 apparentium,
1771 1510 1885 1543 tangens

1041 1551 1115 1589 quod
1138 1555 1179 1580 est
1200 1551 1227 1579 in
1250 1559 1282 1580 ea
1304 1551 1493 1588 coquitionis,
1516 1555 1543 1580 et
1563 1552 1638 1589 quod
1659 1556 1700 1581 est
1715 1552 1884 1590 affectionis.

1042 1598 1188 1635 Nunquam
1211 1599 1283 1627 enim
1307 1598 1377 1627 fides
1398 1602 1470 1627 esset
1491 1599 1603 1633 virtus,
1625 1603 1886 1637 quantumcumque

1041 1645 1212 1674 intellectum
1244 1645 1429 1679 illuminaret,
1451 1645 1502 1673 nisi
1524 1646 1606 1674 etiam
1629 1646 1799 1675 voluntatem
1821 1655 1887 1684 quo-

1041 1692 1106 1721 dam
1129 1692 1212 1720 modo
1228 1691 1393 1721 rectificaret
1405 1692 1421 1707 ¹¹
1431 1703 1438 1726 ;
1460 1692 1531 1721 sicut
1552 1695 1627 1730 patet
1642 1693 1668 1721 in
1684 1693 1756 1722 dono
1768 1693 1888 1731 proplie-

1041 1739 1116 1767 tiae:
1139 1739 1205 1776 quia
1226 1739 1365 1767 illuminat
1386 1738 1556 1767 intellectum
1578 1739 1613 1768 ad
1635 1740 1748 1774 eadem,
1764 1740 1799 1769 ad
1814 1748 1886 1777 quae

1041 1785 1181 1814 illuminat
1203 1784 1285 1819 fides,
1316 1788 1343 1814 et
1364 1788 1455 1814 tamen
1478 1793 1532 1814 non
1554 1786 1667 1822 ponitur
1687 1794 1749 1815 esse
1770 1787 1885 1821 virtus,

1041 1832 1172 1869 quoniam
1194 1832 1221 1860 in
1243 1832 1290 1860 illa
1312 1832 1513 1861 illuminatione
1534 1841 1588 1861 non
1608 1836 1774 1870 cooperatur
1789 1834 1887 1862 volan-

1042 1882 1104 1912 tas‚
1127 1878 1280 1907 secundum
1303 1879 1378 1916 quod
1400 1882 1566 1916 cooperatur
1587 1879 1614 1908 in
1636 1880 1700 1908 fidei
1722 1888 1838 1909 assensu
1859 1884 1886 1910 et

1041 1928 1113 1954 actu.
1135 1942 1173 1946 -—
1194 1925 1233 1954 Ex
1256 1926 1299 1954 his
1320 1928 1414 1963 patere
1436 1929 1552 1963 possunt
1566 1934 1599 1954 ea
1613 1934 1685 1963 quae
1699 1926 1806 1955 obiecta
1821 1930 1886 1956 sunt

1041 1975 1068 2001 et
1091 1972 1257 2007 consimilia,
1279 1980 1351 2009 quae
1371 1972 1445 2001 circa
1467 1972 1519 2001 hoc
1539 1972 1619 2001 obilci
1641 1977 1767 2010 possunt.

878 2109 1138 2145 SCHOLION.

201 2204 214 2226 Ι.
232 2204 254 2226 S.
272 2204 353 2226 Tuom.
372 2203 414 2231 (de
432 2203 501 2225 Vei-it.
519 2209 541 2231 q.
564 2201 596 2224 tt.
615 2208 634 2223 a.
653 2200 684 2228 4.)
697 2201 774 2227 arguit
790 2203 868 2222 contra
885 2205 925 2222 cos
943 2200 982 2228 qui

139 2242 262 2271 docebant,
282 2243 317 2265 vel
336 2242 407 2265 fidem
424 2248 474 2264 esse
492 2243 512 2264 in
530 2241 645 2263 voluntate
663 2243 685 2262 et
701 2239 814 2261 intellectu
831 2238 898 2261 simul
914 2242 936 2261 et
954 2244 984 2261 ex

138 2287 226 2311 aequo,
247 2281 282 2304 vel
296 2282 317 2303 in
338 2280 456 2304 rolzmtate
465 2279 628 2310 principaliter
641 2278 675 2307 (ut
687 2278 772 2307 nugo),
785 2278 820 2300 vel
833 2278 854 2299 in
867 2276 984 2300 intellectu

138 2320 258 2350 practt‘co‚-
277 2323 369 2342 econtra
390 2320 480 2347 asserit,
494 2319 557 2348 quod
569 2318 649 2340 eadem
665 2326 675 2337 a
688 2320 721 2339 est
738 2317 760 2339 in
772 2314 890 2339 intellecta
906 2321 983 2345 specu-

202 2441 210 2456 ¹
228 2441 300 2464 Codd.
318 2442 359 2464 FG
371 2441 440 2469 LPQ
451 2441 530 2463 VZaa
548 2439 656 2467 obiicias,
671 2438 721 2461 cod.
740 2439 746 2460 l
765 2437 850 2461 obticis.
867 2438 936 2460 Paulo
953 2439 984 2460 in-

140 2481 210 2503 serius
227 2486 269 2508 pro
287 2479 424 2508 dicendum,
440 2480 476 2502 cui
489 2479 561 2501 verbo
578 2478 644 2501 codd.
663 2478 707 2500 HN
719 2478 733 2499 Ρ
743 2478 762 2506 Q
772 2477 790 2499 T
800 2477 818 2499 U
835 2477 922 2500 addunt
932 2478 981 2505 est,

140 2519 191 2542 cod.
209 2520 226 2541 A
244 2518 352 2542 dicimus.
641 2537 644 2538 .

201 2558 211 2572 ²
228 2558 281 2580 nist.
300 2557 336 2580 25.
355 2564 377 2585 p.
396 2558 409 2579 l.
428 2564 450 2586 q.
468 2557 488 2579 Ξ.
506 2555 715 2585 καφ-11111111.
734 2555 754 2577 3.
773 2555 874 2577 fundam.
891 2554 984 2577 l:Cum

141 2597 169 2619 de
185 2596 257 2618 lIbero
283 2595 376 2618 arbitrio
403 2596 532 2624 loquimur,
550 2601 594 2617 non
612 2594 640 2616 de
658 2596 722 2622 parte
740 2594 828 2616 animae
853 2593 984 2622 loquimur,

139 2634 179 2657 sed
198 2634 226 2657 de
244 2637 289 2657 tota
308 2634 343 2662 (ex
362 2634 393 2656 lll.
412 2633 554 2661 Hypognost.
573 2632 642 2662 [inter
659 2638 729 2660 opera
747 2631 852 2660 August]
871 2637 889 2654 c.
908 2631 947 2659 5.).

202 2673 211 2688 3
229 2673 285 2695 Edd.
303 2672 328 2695 in
347 2679 397 2695 runa
413 2672 521 2695 istarum.

203 2711 212 2726 ⁴
229 2711 302 2734 Codd.
321 2712 338 2734 G
349 2712 355 2733 l
366 2711 382 2732 L
393 2711 436 2733 VZ
450 2717 475 2733 aa
495 2711 530 2733 liic
547 2712 654 2738 repetunt
670 2708 771 2738 respicit.
788 2709 838 2731 Mox
858 2712 909 2737 post
931 2708 985 2732 dici-

140 2751 181 2774 tur
197 2750 264 2773 codd.
284 2752 300 2772 A
312 2751 330 2772 K
341 2750 358 2772 N
376 2751 477 2772 inserunt
494 2754 549 2772 csse.

202 2790 212 2805 ⁵
230 2790 276 2812 Hoc
299 2790 430 2818 exemplum
452 2790 565 2811 invenitur
586 2789 655 2810 etiam
678 2789 700 2810 in
724 2789 820 2815 August.
842 2787 910 2815 Epist.
934 2786 985 2808 1187.

141 2829 205 2857 (alias
223 2829 270 2857 57.)
289 2835 308 2851 c.
326 2828 346 2850 4.
365 2835 387 2850 n.
404 2828 436 2850 13.
457 2827 513 2850 Vide
527 2830 580 2850 tom.
599 2827 612 2848 l.
625 2833 679 2855 pag.
701 2826 749 2853 171,
763 2829 813 2848 nota
831 2826 871 2853 l0;
890 2826 911 2848 11.
925 2826 984 2848 Sent.

141 2867 164 2890 d.
182 2868 218 2890 26.
237 2874 258 2896 q.
277 2867 297 2890 5,
316 2872 338 2890 et
355 2867 376 2890 d.
395 2867 431 2889 27.
449 2874 468 2889 a.
491 2867 508 2889 1.
527 2873 549 2895 q.
568 2867 588 2888 2.
607 2865 666 2888 idem
686 2865 769 2888 dicitur
782 2865 810 2888 de
821 2864 906 2894 qratia.

141 2918 171 2922 —-
184 2906 226 2928 Pro
243 2905 322 2929 unitas
343 2905 493 2935 proprietatis
514 2905 581 2927 codd.
604 2905 646 2926 ΑΖ
670 2904 755 2927 veritas
774 2903 940 2933 proprietatis,
964 2907 985 2926 et

142 2944 225 2967 deinde
242 2951 284 2973 pro
299 2944 398 2974 ponitur
415 2950 463 2967 esse
480 2944 546 2967 codd.
565 2944 582 2966 G
593 2944 598 2965 1
609 2944 624 2965 L
636 2944 654 2965 V
665 2943 680 2965 Z
693 2949 719 2965 aa
735 2943 808 2972 potest
824 2948 879 2966 esse.

1044 2199 1127 2227 latire,
1142 2200 1249 2228 quamvis
1260 2201 1287 2222 sit
1299 2203 1324 2222 ut
1335 2201 1425 2222 occasio
1437 2203 1524 2223 remota
1537 2200 1624 2229 aliquid
1635 2200 1756 2228 operandi;
1769 2201 1830 2223 unde
1842 2201 1885 2224 sihi

1041 2244 1086 2260 non
1104 2238 1234 2260 attribuitur
1251 2240 1352 2266 operatio
1371 2240 1412 2261 11151
1434 2239 1548 2261 mediante
1566 2239 1691 2261 dilectione.
1714 2239 1838 2261 Sciendum
1856 2243 1885 2262 ta·

1042 2282 1105 2304 men,
1125 2277 1187 2305 quod
1211 2283 1254 2299 non
1273 2280 1306 2300 est
1322 2278 1344 2299 in
1367 2278 1481 2300 intellectu
1499 2278 1640 2305 speculativo
1663 2276 1780 2305 absolute,
1800 2277 1841 2300 sed
1853 2284 1885 2300 se·

1041 2316 1146 2338 cundum
1159 2316 1221 2344 quod
1233 2314 1343 2339 subditur
1355 2315 1452 2345 imperio
1464 2315 1593 2339 voluntatis
1605 2324 1626 2338 n.
1638 2315 1739 2338 Eandem
1751 2317 1884 2339 sententiam

1103 2438 1113 2452 ⁶
1130 2438 1151 2460 ln
1171 2439 1213 2460 nac
1230 2443 1272 2460 nec
1289 2443 1333 2459 non
1351 2438 1373 2459 in
1396 2443 1445 2465 seq.
1466 2437 1623 2465 propositione
1644 2437 1691 2459 sere
1712 2443 1792 2460 omnes
1814 2437 1882 2460 codd.

1041 2482 1083 2504 pro
1100 2475 1158 2505 qaid
1174 2475 1204 2498 sit
1221 2476 1297 2498 minus
1314 2478 1374 2498 recte
1391 2475 1498 2498 exhibent
1515 2475 1578 2505 qnod
1593 2475 1629 2498 sit.

1102 2515 1111 2529 ⁷
1130 2516 1172 2537 Pro
1189 2514 1221 2538 ad
1231 2514 1299 2545 fidem
1312 2514 1365 2537 edd.
1378 2514 1409 2537 ad
1420 2514 1474 2541 fidei
1484 2514 1653 2543 proprietate&
1665 2515 1687 2536 in
1700 2514 1804 2542 pluribus
1816 2515 1884 2538 codd.

1042 2554 1126 2576 desunt
1142 2553 1214 2576 verba
1231 2552 1347 2583 cogitare,
1366 2552 1399 2576 ad
1413 2552 1484 2583 fidem
1500 2552 1607 2582 pertinet.
1625 2552 1727 2575 Subinde
1747 2559 1789 2581 pro
1812 2552 1885 2582 refor-

1041 2598 1108 2615 mare
1125 2592 1192 2614 codd.
1210 2592 1269 2613 GlL
1281 2591 1335 2613 Vna
1353 2591 1491 2620 informare.

1105 2629 1114 2644 ⁸
1132 2629 1278 2652 Vocabulum
1294 2629 1465 2659 praesidentem
1482 2630 1622 2652 restituimus
1639 2635 1651 2651 e
1668 2629 1734 2651 codd.
1752 2631 1769 2651 Α
1781 2630 1798 2651 K
1810 2629 1884 2652 MNO

1041 2669 1084 2691 UZ
1097 2668 1141 2696 bb;
1159 2670 1208 2691 eius
1225 2669 1274 2691 loco
1300 2669 1368 2691 codd.
1385 2669 1400 2690 F
1411 2669 1426 2690 L
1437 2669 1454 2690 T
1466 2668 1484 2690 Y
1494 2675 1519 2690 aa
1546 2671 1567 2691 et
1583 2668 1635 2690 edd.
1654 2669 1674 2696 1,
1693 2669 1706 2690 2
1727 2668 1810 2690 liabent
1834 2674 1884 2698 pos-

1041 2707 1168 2736 sidentem,
1188 2708 1225 2730 aiii
1243 2708 1309 2730 codd.
1332 2707 1524 2737 possibilitatem,
1551 2708 1600 2730 Vat.
1621 2709 1674 2736 post
1695 2707 1841 2737 sequentem;
1861 2709 1883 2730 in

1044 2747 1112 2769 codd.
1130 2747 1148 2768 G
1159 2747 1178 2769 V
1195 2747 1277 2775 legitur
1294 2746 1440 2776 affectionem
1457 2745 1638 2770 concordantem
1654 2747 1677 2769 et
1690 2746 1852 2776 possidentem.

1104 2786 1113 2800 ⁹
1131 2785 1186 2808 Cod.
1205 2786 1224 2808 V
1242 2786 1305 2815 patet
1321 2792 1363 2814 pro
1379 2787 1453 2815 potest
1470 2785 1554 2809 videre.

1105 2824 1124 2839 ¹⁰
1141 2824 1209 2847 Hebr.
1232 2825 1264 2849 11,
1286 2825 1303 2847 1.
1321 2824 1364 2847 Ct'r.
1382 2825 1439 2847 intra
1457 2832 1479 2854 q.
1497 2824 1518 2847 5.

1106 2863 1123 2878 ¹¹
1142 2863 1214 2886 Codd.
1232 2864 1250 2885 T
1262 2863 1293 2886 bb
1306 2863 1442 2895 sagittaret,
1457 2864 1523 2887 codd.
1537 2863 1570 2886 IL
1581 2864 1601 2886 V
1611 2871 1636 2886 aa
1654 2866 1812 2894 recuperaret.
1833 2865 1884 2888 Post

1042 2910 1115 2932 pauca
1133 2910 1174 2932 pro
1191 2903 1247 2933 quia
1264 2903 1383 2927 illuminat
1400 2903 1466 2926 codd.
1485 2904 1531 2926 ΑΚ
1542 2904 1586 2926 UZ
1603 2903 1666 2934 qaod
1681 2903 1809 2927 illuminat.

1901 460 1918 478 1.
1932 461 1992 483 parte.

1896 715 1927 734 Ad
1935 721 1985 739 περ.
1994 721 2028 739 pro

1900 739 1917 757 Ξ.
1932 741 1984 763 parte

1900 1229 1941 1256 ⁸⁰¹¹
1950 1229 1986 1248 sibi
1995 1229 2027 1248 ob-

1901 1255 1951 1271 vtaut
1960 1258 2010 1276 argg.

1925 1696 2028 1722 Prophetia.

1899 1724 1937 1761 12:¹31
1950 1721 1978 1738 est
1992 1725 2027 1738 vu·-
