2166 3366
259 208 292 235 '122
475 209 481 213 “
935 205 1185 234 SENTENTIARUM
1205 205 1265 233 LIB.
1289 205 1327 233 111.

1027 328 1189 364 Qmsss'rio
1210 328 1240 356 11.

594 416 699 443 Utrum
720 423 783 443 unct
801 422 930 451 persona
947 414 1042 451 possit
1061 414 1147 442 uniri
1167 413 1315 442 ltnmctncte
1335 418 1463 443 naturae
1484 415 1547 443 sine
1567 414 1672 443 altera.

333 514 459 543 Secundo
481 514 642 550 quaeritur,
665 516 761 541 utrum
793 520 849 541 una
877 520 997 549 persona
1016 512 1104 549 possit

256 561 329 590 uniri
351 561 409 589 sine
431 560 526 588 altera.
551 560 581 588 Et
601 560 677 596 quod
698 568 771 594 non,
794 559 923 588 videtur:

337 609 359 635 1.
383 607 473 635 Primo
497 614 546 643 per
568 607 774 635 Damascenum
786 606 803 640 ¹,
818 606 866 643 qui
888 606 963 640 dicit,
985 606 1060 642 quod
1076 606 1103 634 in

126 665 155 683 Ad
168 664 243 688 opposl-
256 654 357 683 divinis
384 654 502 681 «omnia
517 656 583 682 sunt
598 661 687 681 unum
702 655 814 690 praeter
829 652 1051 689 generationem,
1067 652 1104 680 in-

163 690 206 706 tum.

256 700 465 737 generationem
486 703 513 728 et
534 700 741 737 processionem
754 710 781 733 »3
803 699 851 727 sed
874 699 1027 727 incarnatio
1048 707 1103 727 non

257 750 299 775 est
320 747 426 783 aliquid
449 747 565 775 horum:
596 754 664 783 ergo
693 746 713 774 si
745 746 883 774 incarnari
906 745 1034 774 convenit
1056 745 1103 773 uni

255 786 399 830 personae,
421 801 533 822 necesse
554 796 611 827 est,
633 793 708 830 quod
730 792 875 821 conveniat
895 792 984 821 alteri.

336 842 361 869 ⁶2.
384 840 467 874 ltem,
496 848 581 877 opera
611 839 754 868 Trinitatis
775 843 841 868 sunt
862 839 1014 867 indivisa²z
1038 846 1104 875 ergo

256 895 344 924 opus,
365 887 441 924 quod
456 887 585 916 convenit
599 887 648 915 uni
664 894 808 923 personae,
831 893 943 915 necesse
963 889 1013 920 est,
1028 885 1104 922 quod

257 934 403 963 conveniat
431 934 522 962 alteri:
552 941 619 970 ergo
648 934 670 961 si
700 933 853 961 incarnatio
884 936 926 961 est
946 941 1018 969 opus
1038 933 1103 967 Dei,

257 980 429 1017 impossibile
444 983 494 1014 est,
506 980 581 1017 quod
597 980 743 1008 conveniat
754 980 800 1007 uni
817 987 953 1016 personae
967 980 1026 1008 sine
1041 979 1103 1007 alia.

338 1027 362 1055 3.
386 1027 468 1061 Item,
490 1026 643 1055 incarnatio
665 1029 707 1055 est
728 1034 800 1063 opus
822 1026 1011 1060 recreationis,
1033 1026 1105 1054 sicut

258 1074 377 1102 bominis
399 1073 527 1101 formatio
549 1073 601 1101 fuit
622 1081 693 1110 opus
715 1073 878 1106 creationis;
907 1073 954 1101 sed
977 1073 1105 1109 impossi-

256 1120 312 1148 bile
333 1124 383 1154 est,
407 1120 548 1148 hominem
564 1119 678 1147 formari
695 1120 730 1147 ab
745 1128 801 1147 una
816 1127 943 1156 persona,
959 1119 1033 1156 quod
1050 1127 1104 1147 non

256 1167 290 1195 ab
313 1167 381 1195 alia:
405 1174 471 1203 ergo
501 1166 673 1203 impossibile
704 1169 760 1200 est,
793 1166 934 1194 hominem
957 1166 1104 1194 reformari

256 1214 291 1242 ab
314 1222 369 1242 una
391 1221 525 1250 persona,
547 1213 622 1250 quod
638 1221 693 1241 non
714 1213 749 1241 ab
764 1213 818 1241 alia
832 1213 857 1241 ³:
873 1221 939 1250 ergo
961 1221 1017 1241 una
1045 1221 1105 1250 per-

256 1268 323 1288 sona
345 1268 399 1288 non
420 1263 511 1297 potest
532 1260 671 1288 incarnari
694 1260 752 1288 sine
774 1260 835 1288 alia.

335 1308 360 1335 [1.
384 1307 465 1341 ltem,
489 1307 646 1344 perfectiori
669 1307 751 1335 modo
772 1311 814 1335 est
842 1306 916 1335 Deus
946 1307 971 1334 in
994 1306 1104 1343 aliquo,

257 1354 369 1390 quaudo
390 1357 431 1382 est
452 1362 501 1390 per
517 1354 662 1388 unionem,
678 1362 761 1390 quam
778 1361 841 1382 cum
858 1356 899 1382 est
913 1361 963 1390 per
985 1353 1102 1389 gratiam

257 1401 458 1429 inhabitantem
469 1412 475 1435 3
487 1401 536 1429 sed
552 1400 723 1437 impossibile
738 1404 787 1434 est,
804 1408 889 1428 unam
904 1408 1051 1437 personam
1068 1400 1105 1427 in-

256 1447 383 1476 habitare
405 1448 431 1475 in
453 1447 547 1484 aliquo
572 1448 630 1476 sine
651 1447 705 1475 alia
716 1446 738 1474 ¹¹:
766 1455 832 1483 ergo
856 1446 1025 1483 impossibile
1047 1449 1104 1481 est,

257 1502 342 1522 unam
358 1502 506 1530 personam
523 1494 597 1522 uniri
613 1494 698 1528 carni,
714 1494 789 1530 quod
806 1502 858 1521 non
876 1494 988 1521 uniatur
1001 1496 1027 1522 et
1041 1493 1103 1521 alia.

337 1542 362 1569 ὅ.
385 1541 460 1575 Item,
485 1541 656 1577 impossibile
678 1544 728 1573 est,
750 1540 847 1569 Filium
870 1541 966 1569 venire
988 1540 1015 1568 in
1031 1548 1105 1568 men-

259 1591 324 1621 tem,
345 1589 412 1624 quin
436 1588 519 1616 simul
541 1596 605 1616 cum
628 1595 659 1616 eo
682 1588 774 1616 veniat
795 1590 821 1616 et
843 1587 921 1616 Pater
943 1590 970 1615 et
985 1586 1104 1624 Spiritus

258 1639 386 1669 sanctus,
409 1635 480 1663 sicut
501 1634 604 1663 dicitur
626 1634 734 1663 loannis
765 1634 873 1662 decimo
899 1634 1034 1670 quarto⁵:
1058 1633 1106 1661 Ad

257 1690 320 1710 eztnz
346 1682 490 1709 venientu-s
511 1684 576 1710 etc:
601 1689 667 1718 ergo
690 1681 860 1718 impossibile
882 1684 932 1715 est,
948 1680 1045 1708 Filium
1062 1688 1105 1708 ve-

257 1729 317 1757 nire
339 1729 364 1756 in
397 1736 525 1762 earnem,
554 1728 621 1765 quin
655 1727 739 1756 simul
761 1728 853 1756 veniat
875 1728 953 1755 Pater
975 1730 1002 1755 et
1023 1727 1105 1764 Spiri-

257 1779 303 1804 tus
323 1779 444 1804 sanctus.
467 1775 492 1803 Si
515 1783 581 1811 ergo
602 1774 680 1802 rmitti
700 1774 731 1802 in
752 1783 871 1802 earnem
893 1777 934 1802 est
956 1773 1104 1808 incarnari,

258 1822 369 1850 videtur
391 1825 441 1850 etc.

338 1870 362 1897 6.
386 1869 468 1902 110111,
490 1868 661 1905 impossibile
683 1871 732 1902 est,
748 1868 854 1905 aliquid
869 1867 1028 1896 absolutum
1045 1875 1106 1895 con-

258 1916 353 1943 venire
377 1915 432 1948 uni.
454 1915 529 1952 quod
546 1923 597 1943 non
622 1915 767 1943 conveniat
782 1914 875 1947 alteri,
891 1922 941 1951 pro
957 1922 988 1943 eo
1010 1914 1104 1951 quod⁶

258 1962 348 1991 solum
372 1962 555 1990 relationibus
586 1962 813 1998 distinguuntur:
847 1969 913 1998 ergo
942 1962 962 1990 si
986 1969 1045 1989 esse
1065 1961 1106 1988 in-
1129 1956 1135 1961 “

258 2013 435 2042 carnutum,
464 2009 508 2037 vel
536 2018 595 2037 esse
616 2008 762 2037 lton'tz'nent
784 2011 826 2037 est
847 2009 1039 2045 praedicatum
1061 2008 1106 2036 ab·

258 2056 396 2089 solutum;
419 2064 485 2093 ergo
508 2056 679 2092 impossibiie
701 2059 755 2090 est,
778 2055 852 2092 quod
875 2055 1020 2084 conveniat
1041 2056 1105 2090 uni,

258 2102 332 2139 quod
365 2110 418 2130 non
441 2102 586 2131 conveniat
617 2102 710 2131 alteri:
734 2111 800 2139 ergo
832 2110 888 2131 una
910 2110 1029 2139 persona
1050 2110 1105 2130 non

258 2152 348 2185 potest
369 2149 428 2177 sine
449 2149 537 2177 altera
558 2149 706 2177 incarnari.

1239 513 1291 540 SED
1313 520 1437 540 CONTRA:
1462 514 1486 541 1.
1508 513 1616 542 loannis
1637 513 1760 550 primo⁷÷
1789 512 1910 541 Verbum
1934 521 2144 541 cav'OFuudameuta.

1159 558 1274 596 saecum
1296 562 1354 592 est;
1375 559 1423 587 sed
1446 560 1582 593 Verbum,
1614 560 1686 588 sicut
1717 559 1743 587 in
1766 559 1856 596 primo
1878 559 2005 588 habitum

1160 608 1211 639 est,
1232 605 1357 633 nominat
1387 606 1585 642 proprietatem
1618 614 1768 642 personae:
1801 614 1868 643 ergo
1889 606 1910 635 si
1933 606 2007 634 attri-

1161 652 1258 680 buitur
1280 652 1332 689 ipsi
1356 652 1447 680 Verbo
1468 652 1636 687 incarnatio,
1658 652 1784 687 videtur,
1816 653 1889 690 quod
1923 652 2006 682 alicui

1160 706 1296 735 personae
1317 699 1419 736 poterit
1439 699 1587 727 convenire
1609 706 1658 736 per
1681 707 1717 728 se.

1239 747 1265 774 ⁶2.
1288 746 1370 780 item,
1392 745 1553 773 incarnari
1566 753 1620 773 non
1642 748 1684 774 est
1703 745 1780 774 aliud
1802 753 1887 782 quam
1904 746 1930 774 in
1950 753 2008 774 car-

1161 800 1224 821 nem
1244 792 1354 826 mitti⁸3
1377 792 1426 821 sed
1448 791 1520 820 mitti
1535 794 1625 829 potest
1639 792 1787 820 convenire
1808 792 1857 820 uni
1873 800 2006 829 personae

1161 838 1220 867 sine
1241 838 1311 873 alia,
1334 838 1401 875 quia
1419 838 1503 867 Filius
1526 838 1661 873 mittitur,
1684 841 1711 866 et
1738 846 1905 875 «nunquam
1928 839 2007 867 Pater

1161 884 1264 921 legitur
1285 892 1346 913 esse
1369 885 1473 913 missus
1483 895 1510 912 »ι
1533 893 1600 921 ergo
1620 888 1647 913 et
1669 885 1816 913 incarnari.

1241 931 1267 959 3.
1289 931 1372 965 Item,
1394 931 1548 960 incarnatio
1579 934 1621 959 est
1648 931 1714 959 unio
1737 931 1763 958 in
1785 938 1918 967 persona:
1942 939 2008 968 ergo

1162 978 1184 1006 si
1212 978 1291 1006 «alia
1324 982 1366 1006 est
1386 985 1506 1014 persona
1539 978 1641 1012 Patris,
1663 977 1716 1006 alia
1738 977 1795 1005 Filii
1810 977 1859 1011 9»ς
1882 978 2007 1013 videtur,

1161 1025 1236 1061 quod
1266 1025 1288 1053 si
1316 1025 1383 1053 unio
1412 1024 1447 1053 sit
1474 1025 1499 1053 in
1525 1033 1645 1061 persona
1666 1032 1737 1059 una,
1762 1033 1817 1053 non
1839 1025 1874 1053 sit
1895 1033 2007 1054 necesse

1162 1071 1221 1100 fieri
1246 1072 1272 1099 in
1294 1072 1365 1105 alia;
1387 1075 1414 1100 et
1435 1072 1456 1100 si
1479 1071 1546 1099 unio
1566 1074 1657 1108 potest
1678 1070 1752 1105 fieri,
1775 1071 1901 1100 similiter
1923 1075 1950 1100 et
1970 1071 2008 1100 in-

1162 1118 1293 1146 carnatio.

1240 1165 1267 1192 li.
1290 1165 1371 1198 item,
1394 1164 1523 1201 quamvis
1544 1172 1601 1193 una
1622 1164 1657 1193 sit
1679 1164 1781 1192 veritas
1797 1164 1884 1192 Patris
1909 1167 1935 1193 et
1950 1164 2008 1192 Filii

1161 1215 1188 1240 et
1209 1212 1328 1248 Spiritus
1350 1212 1452 1246 sancti,
1475 1215 1568 1240 tamen
1599 1219 1719 1248 persona
1750 1211 1837 1240 Patris
1859 1211 2007 1248 significari

1161 1262 1252 1296 potest
1273 1266 1323 1296 per
1344 1259 1421 1287 aliud
1444 1259 1554 1296 signum
1577 1267 1661 1296 quarn
1688 1266 1806 1296 persona
1821 1258 1879 1287 Filii
1894 1258 1937 1287 vel
1952 1258 2008 1295 Spi-

1162 1306 1233 1334 ritus
1264 1307 1364 1340 sancti,
1397 1306 1455 1334 sive
1488 1305 1638 1342 loquamur
1667 1306 1702 1334 de
1724 1305 1802 1342 signo
1824 1305 1928 1339 vocali,
1950 1305 2007 1335 sive

1161 1352 1246 1387 reali,
1268 1352 1317 1380 sed
1339 1360 1394 1389 qua
1421 1353 1527 1380 ratione
1560 1352 1669 1389 signum
1701 1355 1791 1388 potest
1812 1352 1937 1388 copulari
1959 1351 2006 1380 uni

1161 1407 1296 1436 personae
1318 1399 1377 1427 sine
1398 1399 1460 1427 aliis
1482 1399 1638 1428 secundum
1656 1399 1894 1435 significationem,
1909 1399 2006 1427 eodem

1164 1446 1246 1474 modo
1277 1450 1366 1483 potest
1398 1446 1510 1483 aliquod
1542 1448 1667 1474 creatum
1700 1445 1825 1482 copulari
1852 1445 2006 1474 secundum

1162 1493 1294 1522 unionem
1315 1493 1505 1529 personalem:
1522 1501 1588 1529 ergo
1604 1492 1624 1521 si
1641 1500 1697 1521 una
1711 1500 1831 1530 persona
1845 1496 1934 1529 potest
1949 1493 2007 1521 sme

1162 1540 1250 1568 altera
1272 1539 1435 1576 significari,
1458 1539 1585 1568 similiter
1608 1542 1697 1575 potest
1718 1547 1774 1567 una
1795 1539 1854 1567 sine
1868 1538 1955 1567 altera
1971 1540 2009 1567 in-

1162 1586 1271 1615 carnari
1284 1586 1307 1614 ¹0.

1481 1687 1693 1708 CONCLUSIO.

1233 1774 1296 1802 Una
1319 1773 1420 1801 diuina
1439 1781 1568 1810 persona
1590 1773 1749 1802 incarnari
1766 1777 1874 1810 potest,
1896 1774 1938 1802 ica

1365 1820 1441 1858 qztod
1461 1828 1519 1848 non
1541 1820 1603 1848 alia
1625 1820 1807 1848 incarnetur.

1243 1914 1415 1942 Responnsso:
1432 1913 1595 1947 DIcendum,
1610 1913 1683 1950 quod
1701 1913 1759 1942 sine
1774 1913 1859 1942 dubio
1874 1922 1930 1942 una
1944 1921 2004 1951 per·
2014 1926 2117 1945 Cannium.

1162 1969 1229 1989 sona
1242 1961 1258 1975 ¹¹
1274 1961 1411 1989 incarnari
1435 1964 1533 1997 potest,
1552 1960 1589 1988 ita
1603 1960 1678 1997 quod
1695 1969 1747 1989 non
1763 1960 1818 1989 alia
1838 1961 2007 1996 incarnetur,

1162 2008 1234 2037 sicut
1255 2009 1347 2045 operis
1369 2008 1507 2036 evidentia
1529 2008 1694 2036 manifestat.

1242 2055 1272 2083 Et
1294 2055 1363 2083 ratio
1385 2054 1470 2083 huius
1485 2058 1526 2083 est
1541 2054 1605 2088 ista,
1621 2054 1694 2091 quia,
1716 2062 1780 2083 cum
1806 2054 1946 2091 contingat
1960 2047 2125 2108 du‘¹}1÷²¹{-⁰{¹-¹¹”

2036 2096 2050 2108 lS
2061 2096 2090 2108 lnC
2100 2096 2125 2108 to-

1164 2102 1273 2138 pliciter
1288 2101 1445 2137 comparari
1460 2104 1632 2129 ereaturam
1646 2101 1681 2129 ad
1697 2100 1865 2135 Creatorem,
1883 2101 2009 2130 videlicet
2022 2118 2044 2132 ue
2060 2114 2075 2132 1.

1163 2148 1321 2177 secundum
1351 2147 1561 2184 s‘ztseeptz'onem
1597 2147 1727 2176 alieuius
1757 2147 1954 2184 completionis
1982 2150 2009 2176 et

323 2289 329 2303 ¹
349 2290 409 2312 Libr.
433 2291 446 2312 l.
465 2291 493 2312 do
516 2290 570 2312 Fide
592 2290 681 2312 orthod.
700 2297 719 2312 r.
744 2290 764 2312 8.
788 2290 833 2313 Csr.
852 2293 906 2313 10111,
929 2292 943 2313 l.
968 2298 1020 2319 pag.
1045 2290 1104 2319 460,

259 2331 310 2350 notu
329 2329 355 2356 3,
374 2328 412 2350 ubi
431 2329 519 2356 integer
536 2331 608 2351 textus
626 2329 764 2357 (secundum
781 2330 817 2351 ed.
836 2330 919 2358 Migne)
937 2329 1041 2352 liabetur.

321 2368 330 2381 ²
348 2366 391 2389 Csr.
415 2367 529 2394 Ambros.,
552 2368 662 2396 Apologia
686 2369 812 2396 prophetae.
835 2369 908 2390 David
931 2369 1012 2397 ultera⁷
1031 2375 1049 2390 c.
1072 2369 1104 2390 12.

259 2411 280 2426 n.
299 2405 340 2433 623
359 2405 386 2427 V.
405 2406 432 2428 dc
450 2406 516 2433 Fide,
535 2412 554 2428 c.
577 2407 609 2428 11.
628 2413 649 2428 11.
673 2406 724 2434 t3t;
744 2406 775 2428 111.
794 2407 822 2429 cle
840 2407 923 2434 Spiritu
942 2409 1032 2433 sancto,
1046 2413 1064 2429 0.
1084 2406 1104 2428 4.

249 2450 279 2465 -11,
303 2444 335 2466 ¹9.
353 2450 431 2473 seqq.;
450 2451 491 2467 nec
505 2451 548 2467 non
562 2446 703 2474 llieronym„
721 2445 848 2468 Comment.
862 2447 882 2467 in
901 2446 970 2474 Epist.
983 2446 1012 2468 ad
1023 2446 1105 2473 EplieS.

259 2488 278 2504 c.
297 2482 318 2510 5,
338 2483 362 2510 l,
381 2486 448 2512 atque
466 2484 570 2512 August„
595 2485 662 2512 Epist.
687 2485 718 2506 11.
743 2484 807 2513 (olias
825 2485 887 2513 218.)
911 2491 931 2507 n.
951 2486 976 2511 2;
1000 2486 1021 2506 in
1046 2485 1105 2506 loun.

259 2522 345 2549 Evung.
365 2524 391 2544 tr.
410 2523 446 2544 20.
465 2529 486 2544 n.
505 2524 525 2545 3.
543 2530 619 2552 seqq.;
639 2524 752 2546 Enchirid.
771 2530 789 2545 c.
809 2524 845 2546 38.
864 2530 885 2545 n.
905 2524 945 2551 =l2;
964 2524 978 2545 1.
997 2524 1024 2546 de
1043 2524 1105 2545 Trin.

259 2566 278 2582 c.
298 2561 317 2582 4..
336 2567 357 2583 n.
375 2562 401 2589 7,
421 2568 439 2583 c.
458 2562 478 2583 6.
497 2569 517 2584 n.
541 2563 578 2589 12;
596 2563 618 2584 ll.
637 2569 655 2585 c.
679 2563 711 2585 10.
730 2569 751 2585 11.
771 2563 806 2585 18.

323 2599 332 2613 ³
349 2601 453 2628 August„
472 2601 494 2622 lt.
509 2601 538 2623 de
556 2601 618 2623 Trin.
642 2607 661 2623 c.
680 2601 746 2623 5.11.
766 2602 793 2623 9:
818 2602 853 2623 llle
877 2602 958 2624 [itariae
982 2605 1107 2629 conceptus

260 2641 281 2660 et
299 2641 377 2665 partus
394 2641 496 2666 operatio
515 2640 630 2662 Trinitatis
647 2643 692 2668 est,
711 2647 754 2669 qua
781 2644 871 2663 creante
894 2642 970 2663 omnia
993 2644 1106 2663 creantur.

260 2689 290 2692 -
307 2677 328 2698 ln
347 2677 398 2699 edd.
417 2678 481 2700 deest
498 2680 571 2706 primu
589 2680 712 2701 conclusio.

322 2715 331 2730 ⁴
349 2710 392 2739 Cir.
412 2717 425 2738 l.
444 2717 504 2740 Sent.
523 2718 544 2740 d.
567 2718 599 2740 15.
623 2725 645 2746 p.
669 2719 682 2740 l.
701 2726 722 2747 q.
747 2719 773 2746 3,
797 2719 836 2741 ubi
860 2720 933 2741 simile
956 2726 1005 2747 arg.
1028 2721 1106 2741 contra

259 2753 394 2777 missionem
407 2755 454 2776 Filii
471 2759 493 2777 et
510 2756 608 2783 Spiritus
620 2758 641 2778 S.
654 2758 797 2784 proponitur.
816 2757 871 2780 lbid.
884 2758 962 2780 missio
975 2758 1072 2786 Spiritus
1084 2758 1105 2780 S.

260 2794 385 2821 explicatur
404 2795 437 2816 bis
455 2794 533 2817 verbis
550 2801 576 2817 ex
594 2796 690 2823 August.
709 2796 744 2818 lV.
763 2797 791 2818 de
810 2797 872 2819 Trin.
891 2804 909 2819 c.
928 2798 964 2819 20.
983 2804 1004 2819 n.
1023 2797 1059 2819 28.
1078 2797 1106 2819 al-

260 2832 321 2854 latis:
342 2840 352 2851 «
367 2832 458 2854 Mittitur
475 2832 555 2860 Filius,
574 2839 627 2854 cum
645 2840 671 2855 ex
685 2837 788 2862 tempore
806 2836 943 2863 cuiusquam
960 2836 1036 2858 manle
1057 2841 1106 2863 per-

260 2871 343 2898 cipitur
356 2879 377 2899 n,
395 2877 454 2899 quoe
466 2871 538 2893 verba
551 2873 571 2893 in
590 2878 638 2900 arg.
651 2878 699 2900 seq.
717 2874 859 2900 respicienda
872 2878 930 2896 sunt.
943 2887 974 2890 —
984 2875 1005 2896 ln
1022 2874 1073 2896 cod.
1091 2875 1106 2896 F

260 2909 340 2932 minor
357 2910 389 2932 sic
406 2912 486 2932 sonat:
503 2910 544 2933 secl
560 2917 609 2933 nna
626 2917 729 2940 persona
750 2918 797 2934 non
817 2914 891 2941 potest
907 2919 956 2936 esse
978 2912 1003 2935 in
1026 2912 1106 2942 aliquo

259 2948 310 2971 sine
327 2948 376 2971 alia
390 2955 435 2978 pm·
451 2949 563 2978 qratiam.
582 2950 603 2971 ln
622 2950 767 2972 conclusione
784 2951 851 2973 codd.
870 2952 916 2973 GH
927 2951 958 2973 bb
980 2958 1022 2979 pro
1044 2951 1107 2981 quod

260 2994 307 3010 non
326 2988 467 3010 substituunt
484 2988 548 3018 quin.

1224 2289 1234 2304 ⁵
1252 2290 1316 2312 Vei-s.
1335 2290 1371 2311 23.

1225 2329 1234 2343 ⁶
1254 2329 1302 2351 Vnt.
1322 2330 1357 2351 mc
1374 2329 1438 2351 addit
1455 2330 1501 2351 tre-9
1518 2334 1640 2357 personae,
1655 2331 1677 2350 et
1688 2328 1756 2356 paulo
1773 2329 1867 2350 interius
1884 2334 1936 2350 cum
1953 2328 2005 2351 edd.

1167 2369 1183 2396 1,
1202 2369 1215 2390 2
1234 2371 1285 2396 post
1301 2367 1344 2390 ἰιηί
1361 2367 1419 2390 bene
1436 2367 1555 2395 subiungit
1574 2367 1614 2389 itu.
1637 2380 1667 2383 —
1688 2367 1719 2389 De
1736 2366 1823 2390 maiori
1846 2367 1884 2389 cfr.
1908 2367 1922 2388 1.
1946 2367 2005 2389 sent.

1163 2407 1185 2429 d.
1198 2407 1234 2429 34.
1253 2414 1274 2436 q.
1297 2408 1313 2429 1.

1224 2446 1234 2460 7
1254 2446 1318 2468 Vers.
1341 2446 1373 2468 14.
1390 2458 1421 2462 —
1439 2446 1470 2468 De
1491 2445 1563 2468 Verbo
1582 2446 1621 2467 cfr.
1640 2446 1654 2468 l.
1672 2446 1731 2468 Sem.
1750 2445 1772 2467 d.
1791 2446 1826 2467 27.
1845 2452 1866 2473 p.
1885 2445 1908 2467 ll.
1926 2451 1947 2474 q.
1970 2445 1986 2467 1.

1226 2484 1236 2499 ⁸
1253 2485 1300 2507 Gal.
1320 2485 1340 2512 4,
1359 2484 1386 2506 4:
1404 2486 1430 2507 At
1449 2485 1487 2507 ubi
1505 2486 1567 2507 venit
1584 2485 1702 2512 plenitudo
1719 2485 1841 2512 temporis,
1865 2485 1925 2506 misit.
1947 2484 2007 2507 Deus

1163 2525 1243 2547 Filium
1262 2531 1342 2551 suum,
1361 2525 1445 2547 tactum
1463 2530 1488 2546 ex
1506 2523 1608 2545 muliere.
1621 2535 1652 2539 -—
1663 2523 1695 2545 De
1712 2522 1801 2545 minori
1817 2523 1856 2545 cfr.
1870 2524 1905 2545 1110
1922 2523 1952 2545 lit.
1965 2523 2007 2545 Ma-

1164 2565 1240 2592 gistri,
1259 2570 1278 2586 c.
1299 2564 1316 2591 l,
1341 2567 1362 2586 et
1385 2564 1399 2586 1.
1422 2563 1482 2585 Sent.
1506 2562 1528 2584 d.
1548 2562 1583 2584 115.
1608 2568 1630 2590 p.
1653 2562 1667 2584 1.
1687 2568 1707 2591 q.
1732 2562 1753 2584 3.
1772 2561 1863 2584 Verba:
1880 2567 2006 2591 nunquam

1164 2603 1235 2625 Pater
1253 2602 1339 2631 [ναίων
1355 2608 1404 2625 esse
1421 2601 1519 2629 missus,
1538 2605 1613 2624 sumta
1632 2604 1684 2623 sunt
1701 2607 1727 2623 ex
1745 2602 1848 2628 August„
1868 2601 1889 2622 11.
1902 2600 1931 2622 de
1944 2600 2005 2622 Trin.

1164 2648 1183 2663 c.
1202 2641 1222 2663 5.
1241 2648 1262 2663 u.
1281 2641 1306 2667 8,
1325 2641 1363 2663 ubi
1382 2641 1474 2668 proprie
1492 2641 1523 2662 sic
1541 2640 1635 2668 legitur:
1655 2640 1718 2662 Pater
1735 2640 1794 2661 enim
1812 2639 1874 2661 solus
1892 2645 2006 2667 nusquam

1164 2680 1246 2707 legitur
1264 2680 1354 2702 missus.

1226 2718 1235 2732 ῃ
1253 2718 1355 2746 Symbol.
1374 2719 1478 2740 Attianus.
1498 2731 1526 2733 —
1540 2718 1571 2740 De
1587 2716 1675 2740 maiori
1691 2717 1743 2739 vide
1760 2717 1814 2738 infru
1843 2716 1873 2738 lit.
1894 2716 2005 2744 Magistri,

1165 2758 1186 2780 d.
1205 2757 1232 2779 V.
1251 2763 1269 2779 c.
1290 2758 1309 2785 l,
1327 2760 1348 2779 οῖ
1365 2757 1491 2779 Comment.
1510 2763 1530 2779 a.
1552 2757 1570 2778 1.
1588 2763 1610 2785 q.
1633 2757 1649 2779 1.
1670 2762 1733 2785 seqq.
1746 2768 1777 2771 —
1789 2756 1837 2777 Mox
1857 2761 1899 2783 pro
1916 2755 1938 2778 si
1951 2755 2005 2778 unio

1164 2796 1194 2819 sit
1211 2796 1261 2818 cod.
1280 2796 1295 2817 Z
1313 2795 1334 2818 si
1350 2795 1406 2818 ¹nm‘o
1423 2795 1455 2825 fit.

1227 2835 1247 2849 ¹⁰
1264 2834 1307 2857 Ct'r.
1327 2836 1362 2856 111(-
1379 2835 1409 2857 lit.
1435 2835 1547 2862 Magistri,
1572 2841 1591 2856 c.
1615 2835 1635 2856 3.
1653 2835 1674 2855 111
1696 2834 1746 2855 tine.
1764 2845 1795 2849 —
1814 2833 1881 2854 Paulo
1899 2833 2005 2860 superius

1164 2874 1216 2896 edd.
1240 2874 1313 2896 verbo
1330 2873 1440 2903 copulari
1462 2874 1571 2896 adiiciunt
1592 2873 1709 2900 increato,
1729 2876 1750 2894 et
1767 2877 1818 2900 post
1842 2878 1914 2900 pauca
1937 2871 2003 2894 codd.

1164 2914 1181 2935 Α
1192 2913 1234 2934 ΕΝ
1245 2913 1262 2934 Τ
1273 2913 1319 2934 UV
1337 2914 1443 2935 omittunt
1461 2918 1509 2935 nna
1526 2915 1577 2934 ante
1594 2911 1643 2934 siue
1660 2910 1743 2933 altera.

1228 2952 1244 2966 1¹
1263 2951 1318 2974 Cod.
1336 2952 1352 2973 Z
1370 2951 1488 2979 subiungit
1509 2950 1559 2973 sine
1575 2950 1658 2973 altera.
1681 2949 1736 2972 Cod.
1755 2950 1784 2971 1³:
1802 2949 1864 2973 sicut
1880 2950 1913 2972 est
1929 2948 2005 2978 operis

1164 2990 1277 3014 eltz'drntiu
1295 2990 1453 3019 manifestum.
