2166 3366
133 688 205 711 Duplex
216 687 248 705 do-

120 711 147 729 lor
159 711 241 729 animae.

119 781 219 799 Conclusio
232 781 249 798 1.

121 1249 176 1275 Ratio
189 1248 250 1275 dupli-

132 1275 180 1291 citer
189 1277 249 1290 consi-

133 1296 215 1314 dei-atur.

121 1436 219 1455 Conclusio
230 1436 248 1454 ⁵2.

122 1625 221 1644 Conclusio
232 1625 249 1643 3.

135 1766 249 1786 Notandum.

265 222 322 252 354

576 307 789 329 CONCLUSIO.

263 396 373 425 Anima
390 394 501 424 Christi
518 403 612 431 passa
627 397 668 422 est
690 397 752 422 tum
767 393 879 427 dolore,
895 392 947 431 qui
960 393 1034 421 inest
1047 393 1111 421 (mi-

339 451 405 470 mae
425 441 586 470 seeundum
614 449 660 474 se,
683 444 744 468 tum
772 449 802 468 eo
824 439 876 477 qui
903 439 962 476 ipsi
981 439 1055 468 inest
1074 448 1110 468 ex

340 497 444 523 earne,
460 492 605 526 quatenus
619 487 698 515 ratio
717 487 924 515 consideratur
940 489 972 514 ut
985 489 1109 514 natura.

340 583 514 611 Ruspounao:
537 581 575 609 Ad
598 581 806 618 praedictorum
837 579 1046 617 intelligentiam
1069 581 1111 607 est

262 631 432 663 notandum,
453 628 543 666 quod,
566 628 638 657 sicut
658 628 725 657 dicit
746 627 917 664 Augustinus
939 626 973 655 de
994 625 1110 654 Civitate

262 677 308 706 Dei
327 677 345 711 ¹,
367 676 472 714 duplex
504 679 545 704 est
566 675 647 704 dolor
668 675 695 703 in
723 674 831 703 anima:
854 682 941 708 unus,
969 673 1016 710 qui
1041 673 1111 701 inest

261 724 370 753 animae
394 723 556 752 seeundum
583 731 634 756 δα
656 721 741 756 alius,
770 721 817 758 qui
848 721 919 749 inest
947 720 1056 749 aniinae
1076 728 1111 748 eac

261 780 359 800 earne.
382 771 412 799 Et
433 773 587 806 utrumque
609 769 734 797 dolorem
757 771 885 797 constans
906 771 948 796 est
970 767 996 795 in
1018 767 1111 795 anima

261 818 362 847 Christi
385 818 486 851 fuisse;
512 820 539 845 et
561 816 596 845 de
624 816 671 844 illo
692 815 807 853 quidem
829 814 941 849 dolore,
970 814 1018 851 qui
1041 814 1112 843 inest

262 865 371 894 animae
391 864 553 893 seeundum
573 872 616 897 se,
639 871 692 891 non
722 866 764 891 est
785 862 918 895 dubium,
947 861 1014 899 quin
1036 861 1112 889 Chri-

262 916 322 942 stus
350 912 435 941 fuerit
456 919 556 948 passus
583 910 738 939 secundum
768 909 912 937 rationem.
943 908 1111 946 Compassus

262 960 336 988 enim
352 959 404 988 fuit
424 961 451 987 et
467 958 556 987 doluit
578 966 628 995 pro
644 957 764 994 peccatis
785 956 901 991 nostris3
923 959 951 984 et
966 956 1016 985 iste
1032 955 1112 984 dolor

264 1008 290 1036 in
313 1007 456 1035 voluntate
478 1005 606 1034 rationali
633 1008 693 1033 erat
715 1004 868 1041 procedens
890 1011 926 1032 ex
955 1003 1112 1032 considera-

263 1054 336 1083 tione
358 1053 488 1087 rationis,
511 1052 640 1081 videlicet
660 1059 696 1080 ex
723 1050 910 1087 recognitione
932 1052 1111 1087 peccatorum

262 1104 422 1130 nostrorum
435 1100 455 1127 ².

341 1148 381 1176 De
396 1147 450 1175 alio
465 1150 558 1175 autem
575 1146 680 1180 dolore,
695 1145 742 1182 qui
759 1145 830 1173 inest
844 1144 953 1173 animae
965 1153 1000 1172 eae
1012 1153 1111 1177 carne,

263 1204 316 1224 non
333 1198 375 1224 est
388 1201 592 1231 usquequaque
614 1192 737 1221 evidens.
752 1191 935 1228 Distinguunt
950 1194 1042 1220 tamen
1058 1198 1113 1219 ma-

263 1243 340 1280 gistri
363 1241 449 1271 nostri
473 1231 672 1274 communiter,
694 1239 769 1276 quod
790 1238 870 1267 ratio
896 1238 1046 1275 dupliciter
1067 1238 1113 1266 ha-

264 1291 308 1318 het
334 1287 521 1322 considerari,
550 1287 679 1315 videlicet
700 1289 732 1314 nt
752 1285 831 1314 ratio
853 1289 880 1314 et
908 1288 939 1313 ut
963 1288 1077 1313 natura
1093 1284 1112 1312 ³.

263 1337 288 1365 Si
311 1336 505 1365 consideretur
528 1338 559 1363 ut
580 1334 673 1367 ratio,
695 1333 734 1362 sic
756 1333 914 1370 passiones,
937 1340 1009 1369 quae
1030 1332 1053 1360 ei
1076 1336 1114 1360 at-

265 1384 438 1417 tribuuntur,
454 1385 519 1411 sunt
541 1384 742 1418 consequentes
758 1380 845 1417 ipsam
869 1379 1112 1413 deliberationem3

263 1434 289 1460 et
304 1431 357 1459 hoc
372 1429 455 1458 modo
470 1429 563 1457 anima
578 1427 679 1456 Christi
702 1427 812 1464 corpori
829 1426 941 1463 patienti
965 1434 1019 1454 non
1042 1434 1114 1454 com-

265 1477 435 1515 patiebatur,
457 1476 543 1504 immo
560 1475 679 1503 multum
700 1474 840 1512 gaudebat
855 1476 881 1502 et
903 1473 1110 1510 grat11labatur3

265 1525 445 1554 vehementer
466 1523 538 1552 enim
557 1521 683 1569 placebat
703 1521 726 1550 ei
744 1521 798 1558 pati
822 1528 873 1557 pro
888 1520 978 1549 salute
1004 1520 1114 1557 generis

264 1572 388 1601 humani.
404 1588 442 1591 —
457 1570 482 1598 Si
506 1573 600 1598 autem
623 1568 817 1597 consideretur
839 1567 910 1596 ratio
930 1571 962 1595 ut
983 1571 1114 1600 mantra,-

264 1620 311 1653 sic,
327 1626 391 1647 cum
405 1617 505 1646 habeat
522 1616 677 1645 naturalem
694 1616 848 1652 appetitum
865 1618 891 1643 et
908 1614 1112 1643 inclinationem

263 1666 299 1695 ad
320 1673 436 1703 corpus,
465 1668 561 1701 utpote
590 1663 722 1701 perfectio
750 1663 785 1691 ad
818 1661 1002 1699 perfectibile,
1032 1661 1114 1698 patie-

265 1714 366 1748 batur,
389 1720 506 1749 corpore
529 1711 658 1749 patiente.
681 1710 777 1739 Anima
798 1710 871 1738 enim
894 1709 1037 1738 rationalis
1059 1718 1112 1737 non

265 1764 372 1789 tantum
394 1763 437 1789 est
458 1759 591 1796 perfectio
612 1758 737 1795 corporis
753 1757 867 1786 humani
891 1757 1045 1786 secundum
1066 1765 1114 1793 po-

265 1808 369 1836 tentia-5
389 1806 537 1835 sensibiles
553 1806 573 1838 ⁴,
596 1813 659 1834 cum
682 1813 785 1841 corpus
807 1805 962 1833 humanum
986 1803 1021 1832 sit
1042 1803 1114 1831 ordi-

265 1858 361 1883 natum
383 1854 417 1883 ad
441 1853 606 1881 nobiliorem
623 1852 833 1888 perfectionem,
854 1858 938 1887 quam
955 1851 990 1878 sit
1011 1858 1114 1887 corpus

265 1901 392 1935 brutale3
414 1900 460 1929 sed
480 1899 635 1928 secundum
651 1907 680 1926 se
696 1902 796 1931 totam,
812 1898 864 1926 hoc
879 1900 935 1928 est.
957 1897 1112 1925 secundum

264 1948 499 1985 complementum
516 1954 582 1975 suae
598 1945 733 1975 essentiae
748 1948 775 1973 et
793 1953 908 1973 suarum
928 1944 1112 1980 potentiarum

264 1994 485 2027 universitatem,
501 1997 542 2022 est
554 1992 678 2030 corporis
692 1992 823 2029 perfectio
835 1995 861 2020 et
877 1991 961 2019 habet
973 1992 1006 2019 ad
1021 1991 1113 2028 ipsum

265 2042 419 2071 naturalem
442 2041 596 2078 appetitum
619 2043 646 2068 et
673 2039 876 2067 inclinationem
899 2042 926 2067 et
948 2039 1114 2067 coniunctio-

265 2098 341 2124 nem,
362 2098 394 2118 ac
421 2097 471 2125 per
493 2088 544 2116 hoc
571 2086 780 2115 delectationem
799 2086 808 2098 ⁵
831 2089 857 2114 et
882 2086 1113 2123 compassionem.

264 2154 302 2158 -
317 2136 531 2165 eoncedendum
554 2139 595 2163 est
618 2134 714 2171 igitur,
730 2133 803 2170 quod
820 2134 913 2161 anima
934 2133 1034 2161 Christi
1058 2133 1114 2161 fue-

266 2184 301 2212 rit
319 2191 464 2220 compassa
486 2181 594 2219 corpori
612 2180 766 2209 secundum
790 2180 924 2208 rationem
936 2202 942 2209 .
957 2180 1111 2208 secundum

265 2231 338 2268 quoil
362 2230 556 2259 consideratur
579 2229 648 2257 ratio
671 2232 702 2256 ut
723 2231 851 2260 initura,
867 2235 930 2256 cum
950 2227 1042 2264 passio
1057 2235 1114 2255 cor-

266 2278 341 2315 poris
356 2278 439 2306 suerit
461 2276 652 2309 acerbissima,
670 2276 741 2304 sicut
763 2278 906 2303 ostensum
922 2275 974 2302 fuit
995 2282 1081 2311 supra
1094 2274 1112 2301 ⁶.

936 221 1189 250 SENTENTIARUM
1210 221 1270 250 ΗΒ.
1292 221 1332 249 lit.

1166 299 1296 328 —Unde
1321 299 1514 328 concedendae
1540 303 1605 328 sunt
1630 299 1766 334 rationes,
1795 308 1866 337 quae
1892 303 1957 329 sunt
1978 300 2014 329 ad

1168 348 1274 383 partem
1299 346 1389 374 istam.

1251 394 1272 421 1.
1295 393 1331 421 Ad
1356 393 1424 422 illud
1447 401 1513 422 vero
1536 393 1611 431 quod
1637 393 1768 422 obiicitur
1789 393 1880 430 primo
1902 394 1927 422 in
1954 401 2016 422 con-
2028 400 2099 419 Salutio
2111 406 2142 425 op-

1167 440 1305 474 uarium,
1335 440 1410 477 quod
1439 440 1531 468 anima
1560 440 1715 469 secundum
1747 440 1880 468 rationem
1910 441 2016 469 nullius

1167 486 1255 523 partis
1277 487 1401 523 corporis
1423 491 1464 516 est
1485 490 1580 518 actus;
1609 486 1775 521 dicendum,
1801 487 1874 524 quod
1898 487 2017 515 Philoso-

1168 533 1242 569 phus
1264 533 1289 561 in
1313 534 1360 562 illo
1382 534 1468 563 verbo
1483 543 1536 562 non
1560 534 1620 562 vult
1641 542 1743 571 negare
1763 534 1932 562 naturalem
1953 543 2017 563 eon-

1169 580 1344 608 z'zmecz'onem
1378 579 1466 617 ipsius
1498 581 1656 609 intellectus
1681 581 1716 609 ad
1746 588 1861 617 corpus⁷
1887 581 1935 610 sed
1965 581 2016 610 hoc

1168 627 1229 655 vult
1244 627 1353 661 dicere,
1368 627 1442 664 quod
1461 627 1618 656 intellectus
1633 636 1686 655 non
1709 627 1882 655 determinat
1896 627 1954 656 sibi
1974 636 2018 656 or-

1166 682 1278 711 ,qammz
1289 696 1297 707 ,
1314 674 1340 702 in
1360 677 1496 711 quantum
1513 674 1657 711 egreditur
1680 675 1706 702 in
1722 678 1815 702 actum
1838 675 1983 711 proprium
1998 675 2016 703 ⁷.

1170 721 1200 749 Et
1221 728 1255 749 ex
1275 721 1325 749 hoc
1347 729 1401 749 non
1424 724 1514 758 potest
1529 721 1638 755 inferri,
1658 721 1733 758 quod
1748 721 1857 758 corpori
1877 729 1930 749 non
1947 729 2018 750 com-

1169 768 1307 804 patmon-3
1329 768 1485 805 compassio
1506 768 1579 796 enim
1609 768 1656 796 illa
1679 776 1732 796 non
1754 768 1839 796 hahet
1866 771 1958 796 ortum
1981 776 2017 797 ex

1170 815 1401 844 determinatione
1426 815 1540 852 organi,
1569 815 1616 843 sed
1641 815 1733 852 potius
1762 822 1795 843 ex
1824 815 2017 844 coniunctione

1171 862 1212 890 vel
1237 862 1337 890 unione
1360 862 1489 890 naturali.

1249 910 1274 937 ⁰2.
1297 909 1333 938 Ad
1358 909 1426 937 iilud
1450 909 1525 946 quod
1547 909 1693 943 obiicitur,
1722 909 1797 946 quod
1820 909 1887 937 nihil
1910 917 2018 946 compa-

1170 956 1238 984 titur
1259 955 1304 984 alii
1328 956 1455 993 patienti,
1476 956 1550 993 quod
1574 964 1627 984 nou
1650 960 1850 993 corrumpatur
1871 964 1934 985 cum
1958 956 2017 991 illo,

1170 1004 1339 1038 dicendum,
1369 1004 1444 1040 quod
1474 1004 1646 1040 Augustinus
1676 1006 1757 1040 negat
1786 1003 1853 1032 illud
1884 1004 2018 1041 vigesimo

1169 1052 1261 1088 primo
1283 1052 1317 1079 de
1339 1051 1454 1079 Civitate
1471 1051 1517 1079 Dei
1533 1051 1541 1064 Β
1565 1055 1696 1088 tanquam
1722 1050 1837 1085 falsum3
1859 1050 2018 1081 instantiam

1169 1098 1242 1126 enim
1266 1098 1349 1126 habet
1371 1098 1396 1126 in
1420 1098 1520 1135 spiritu
1543 1097 1679 1126 rationali.
1703 1098 1779 1126 Unde
1808 1097 1877 1126 illud
1899 1097 2017 1126 verbum

1170 1154 1223 1173 non
1240 1145 1324 1173 habet
1340 1145 1484 1173 veritatem
1500 1145 1553 1173 nisi
1575 1145 1609 1173 de
1625 1145 1671 1173 illa
1688 1144 1832 1181 passione.
1847 1152 1919 1182 quae
1939 1155 1952 1170 «
1965 1153 2019 1173 ma-

1170 1193 1211 1229 gis
1232 1192 1303 1221 facta
1331 1192 1425 1220 abiicit
1452 1200 1467 1220 a
1494 1192 1649 1221 substantia
1671 1203 1683 1217 »
1710 1192 1846 1229 patiente,
1876 1192 1919 1220 vel
1948 1199 2020 1220 com-

1170 1240 1300 1277 patiente.

1249 1285 1274 1313 3.
1298 1286 1335 1313 Ad
1359 1285 1426 1314 illud
1450 1285 1524 1322 qnod
1547 1285 1691 1319 obiicitur,
1713 1285 1786 1322 quod
1803 1285 1896 1313 anima
1917 1285 2017 1313 Christi

1170 1333 1326 1361 secundum
1350 1333 1483 1361 rationem
1507 1341 1555 1361 nec
1579 1333 1662 1361 habet
1683 1333 1854 1361 contrarium
1872 1332 2020 1361 nechabet

1171 1380 1317 1417 superins;
1346 1380 1509 1414 dicendum,
1536 1380 1610 1416 quod
1634 1379 1738 1407 luthere
1766 1379 1951 1407 contrarium
1975 1379 2017 1408 vei

1170 1427 1309 1463 superius
1337 1431 1379 1455 est
1410 1426 1574 1463 dupliciter,
1604 1426 1731 1455 videlicet
1756 1435 1808 1463 per
1828 1435 1874 1459 se,
1904 1426 2020 1463 161316)-

1171 1474 1314 1503 accidens.
1331 1473 1464 1510 Quamvis
1486 1478 1578 1502 autem
1596 1473 1664 1501 nihil
1685 1474 1851 1501 adversetur
1866 1476 1893 1501 et
1914 1478 2020 1501 contra-

1172 1522 1260 1550 rietur
1275 1521 1383 1550 animae
1398 1521 1499 1549 Christi
1514 1521 1675 1548 sociandam
1689 1529 1729 1554 se,
1745 1520 1912 1548 adversatur
1928 1523 2018 1548 tamen

1171 1573 1198 1597 et
1220 1568 1408 1597 contrariatur
1433 1567 1547 1595 ratione
1572 1567 1650 1595 'uniti
1674 1567 1828 1603 eorporis;
1849 1567 1922 1604 quod
1946 1567 2019 1595 enim

1173 1616 1257 1644 laedit
1273 1615 1443 1652 pert'ectibile
1460 1615 1544 1643 laedit
1563 1618 1589 1642 rt
1605 1622 1654 1651 per
1670 1622 1842 1651 consequens
1858 1614 1944 1651 ipsam
1962 1621 2021 1650 per-

1172 1663 1317 1691 fectionem
1330 1662 1349 1689 ⁹.

1251 1710 1277 1737 li..
1300 1709 1337 1737 Ad
1362 1708 1429 1737 illud
1452 1709 1526 1745 quod
1549 1708 1692 1741 obiicitur,
1714 1708 1787 1745 quod
1804 1707 1897 1736 anima
1918 1707 2019 1736 Christi

1172 1756 1328 1785 secundum
1352 1756 1485 1784 rationein
1509 1755 1648 1792 gaudebat
1669 1755 1704 1783 de
1726 1755 1901 1792 passionibus
1927 1763 2021 1791 corpo-

1172 1804 1229 1836 ris;
1258 1803 1422 1836 dicendum,
1444 1802 1518 1839 quod
1548 1802 1615 1830 nihil
1640 1802 1770 1839 impedit,
1792 1801 1865 1838 quod
1895 1801 1964 1829 ratio
1985 1801 2020 1830 de

1171 1851 1265 1887 aliquo
1281 1851 1400 1887 gaudeat
1416 1853 1446 1878 ut
1468 1849 1561 1883 ratio,
1577 1853 1604 1877 et
1619 1849 1798 1877 contristetur
1811 1849 1828 1863 ¹⁰
1845 1853 1874 1877 ut
1895 1853 2017 1882 viatura,

1172 1906 1223 1935 pro
1247 1906 1279 1926 eo
1301 1897 1374 1934 quod
1398 1897 1501 1934 aliquid
1527 1900 1615 1933 potest
1637 1904 1794 1933 repugnare
1817 1896 1950 1924 voluntati
1981 1904 2021 1924 se-

1172 1945 1295 1973 cundum
1319 1944 1473 1980 appetitum
1498 1943 1683 1977 naturalem,
1705 1947 1731 1971 et.
1753 1951 1904 1971 consonare
1927 1942 2021 1971 volun-

1172 1991 1218 2020 tati
1243 1991 1399 2019 secundum
1423 1990 1577 2027 appetitum
1597 1990 1826 2018 deliberativam.
1853 1990 2022 2027 Frequenter

1171 2038 1246 2066 enim
1266 2037 1411 2066 ootzmtctte
1428 2037 1505 2066 liberi
1522 2037 1629 2065 arbitrii
1647 2037 1802 2074 refugimus
1816 2045 1887 2074 quae
1908 2040 2021 2065 natio-a

1171 2085 1291 2122 appetit,
1313 2088 1340 2113 et
1361 2085 1519 2121 appetimus
1545 2092 1616 2121 quae
1641 2088 1742 2112 natura
1757 2084 1870 2120 refugit3
1892 2083 1931 2112 sic
1946 2087 1972 2112 et
1994 2084 2020 2112 in

1173 2133 1314 2170 proposito
1336 2132 1420 2160 habet
1442 2132 1565 2168 intelligi.

1252 2181 1277 2207 5.
1300 2179 1337 2207 Ad
1363 2179 1429 2207 illud
1453 2178 1527 2215 quod
1552 2178 1697 2208 obiicitur.
1720 2178 1793 2215 quod
1818 2178 1923 2215 passio,
1949 2186 2020 2215 quae

1171 2226 1282 2263 attingit
1312 2226 1461 2256 rationem.
1491 2234 1542 2254 non
1573 2225 1647 2254 cadit
1675 2225 1701 2253 in
1731 2225 1902 2262 sapientem:
1931 2225 2021 2254 dicen-

1172 2274 1253 2307 dum,
1276 2273 1351 2309 quod
1367 2273 1502 2301 rationem
1518 2272 1614 2309 attingi
1637 2280 1687 2309 per
1703 2272 1816 2300 modum
1839 2271 1965 2300 rationis
1981 2279 2021 2300 re-

329 2436 335 2450 ¹
355 2435 415 2457 Libr.
434 2435 492 2457 XlV.
511 2442 529 2456 c.
553 2435 585 2456 15.
604 2440 625 2456 n.
645 2435 674 2456 2:
691 2434 760 2456 Dolor
778 2434 852 2455 carnis
870 2433 1029 2455 tantummodo
1047 2434 1115 2455 offen-

265 2476 300 2497 sio
317 2479 351 2497 cst
368 2475 457 2496 animae
474 2480 500 2495 cx
519 2480 586 2495 cuiue
604 2476 626 2495 et
643 2473 757 2501 quaedam
770 2473 799 2494 ab
812 2473 861 2494 eius
872 2473 976 2500 passione
987 2472 1113 2499 ‹lissensio;

265 2516 324 2537 sicut
340 2515 430 2536 animae
447 2513 524 2541 dolor,
543 2519 601 2541 quae
621 2513 706 2534 tristitia
725 2515 882 2540 nuncupatur,
901 2512 1011 2534 dissensio
1035 2515 1068 2534 vst.
1085 2511 1114 2533 ab

266 2554 301 2575 his
318 2553 400 2581 rebus,
420 2559 479 2581 quae
498 2552 564 2574 nobis
582 2551 711 2574 nolentibus
728 2551 868 2573 act-iderunt.

328 2592 337 2606 2¹
357 2592 414 2613 Vide
432 2598 501 2618 supra
529 2591 558 2613 lit.
586 2591 699 2618 Magistri,
718 2590 739 2612 d.
758 2590 808 2612 XV.
827 2597 845 2612 c.
868 2590 884 2611 1.
902 2601 934 2605 -
952 2590 993 2611 l¹ro
1011 2588 1114 2618 recoqui-

266 2631 328 2654 tione
346 2631 396 2653 cod.
415 2631 432 2652 T
452 2630 596 2660 comunione,
616 2630 684 2652 codd.
703 2630 719 2651 Η
732 2631 735 2651 Ι
748 2630 764 2651 lx'
776 2630 827 2651 Lao
840 2629 870 2651 bb
888 2628 1061 2658 recoqitatfflne.

328 2670 338 2684 3
356 2670 415 2692 Alex.
436 2670 497 2697 llal.‚
515 2670 536 2691 S.
556 2676 577 2697 p.
596 2670 618 2691 11.
637 2676 659 2697 q.
682 2671 698 2690 l.
717 2675 747 2691 111,
770 2670 775 2690 1
790 2675 795 2691 :
818 2677 827 2688 a
841 2669 877 2691 list
889 2669 949 2690 enim
962 2668 1062 2698 cognitio
1075 2674 1114 2690 wt-

266 2711 348 2737 turae,
368 2710 452 2731 scilicet
470 2709 574 2736 rationis⁷
592 2713 617 2730 ut
634 2710 668 2730 est
685 2711 763 2730 natura
782 2708 912 2736 quaedamg
930 2710 952 2730 et
969 2712 1001 2729 est
1014 2706 1114 2736 coquitt'o

267 2748 381 2775 rationis,
401 2751 426 2770 ut
442 2751 476 2770 cst
493 2749 562 2775 ratio,
581 2747 704 2775 rogitando
722 2750 743 2769 ct
762 2747 921 2775 pertractando
934 2755 954 2768 n.
973 2746 1028 2768 lbid.
1047 2753 1068 2774 p.
1083 2746 1114 2768 111.

267 2795 288 2816 q.
311 2788 343 2809 ta.
363 2794 392 2810 111.
412 2788 432 2809 2.
451 2794 470 2809 a.
493 2787 509 2808 1.
527 2787 540 2815 (Ξ,
559 2787 587 2808 ⁵2:
607 2786 732 2808 Dicendum
751 2787 798 2808 sine
818 2786 969 2813 praeiudicio,
996 2785 1057 2813 quod
1082 2788 1116 2807 cst

267 2827 413 2849 consideram-
432 2827 542 2848 rationein
561 2826 706 2853 dupliciter...
724 2826 759 2847 vel
779 2828 802 2847 nt
819 2824 873 2854 [cst]
893 2824 965 2853 ratio,
986 2825 1021 2846 x'cl
1035 2829 1058 2847 ut
1075 2831 1115 2846 710-

267 2867 329 2888 lttra.
348 2865 479 2887 Secundum
499 2865 561 2893 quod
579 2864 738 2886 consideratur
756 2867 778 2886 ut
797 2868 889 2891 natura,
908 2865 994 2891 appetit
1007 2865 1114 2885 unionem

267 2911 320 2926 runi
338 2911 380 2932 suo
398 2910 495 2932 corpore
513 2907 532 2925 ot
551 2904 635 2931 refugit
660 2904 835 2931 separationem.
854 2902 898 2925 Cfr.
918 2903 940 2924 11.
958 2903 1018 2924 Seni.
1036 2902 1059 2924 d.
1078 2902 1114 2924 24.

504 2942 542 2964 nbi
561 2942 642 2964 eodinn
662 2942 745 2969 duplizi
764 2942 834 2963 modo
851 2941 962 2964 voluntas
988 2941 1116 2963 considera-

268 2984 312 3003 tur.
329 2994 360 2998 -
378 2983 445 3003 Paulo
463 2982 570 3009 superius
588 2988 629 3009 pro
648 2982 738 3008 tumen,
758 2981 820 3010 qumi
835 2987 878 3002 nou
892 2981 957 3008 pauci
971 2981 1038 3002 rodit.
1052 2981 1115 3002 omit-

268 3023 328 3047 tunt,
347 3020 397 3042 cod.
416 3020 445 3041 W
463 3022 555 3047 autam,
575 3020 627 3041 odd.
646 3019 713 3042 enim.

268 2949 290 2970 p.
310 2943 323 2965 1.
341 2949 360 2964 a.
379 2944 399 2964 2.
418 2949 439 2970 q.
459 2943 485 2969 3,

1235 2432 1243 2446 ⁴
1263 2432 1322 2454 Multi
1341 2431 1408 2453 codd.
1426 2430 1554 2453 sensuales.

1235 2471 1245 2485 5
1265 2472 1286 2493 in
1305 2470 1465 2498 compluribus
1482 2469 1549 2491 codd.
1567 2473 1655 2491 exstare
1669 2468 1759 2491 videtur
1770 2467 1922 2491 dilectionem.
1936 2468 2020 2490 Deinde

1172 2512 1193 2532 in
1212 2511 1313 2533 conclus.
1331 2510 1383 2532 1-1111.
1397 2514 1418 2532 et
1431 2509 1494 2531 multi
1507 2508 1574 2530 codd.
1588 2509 1695 2530 omittunt
1711 2506 1818 2536 corpori,
1839 2508 1901 2535 quod
1914 2514 1940 2529 cx
1953 2507 2019 2530 codd.

1172 2550 1189 2572 A
1201 2550 1242 2572 Fll
1262 2550 1288 2575 tt<
1309 2557 1320 2571 a
1339 2549 1438 2571 secunda
1458 2551 1536 2575 manu)
1556 2548 1625 2576 PQZ
1643 2548 1831 2569 restauravimus.

1235 2589 1244 2603 ⁶
1262 2589 1302 2611 llic
1319 2596 1338 2611 a.
1361 2589 1378 2610 1.
1397 2595 1418 2616 q.
1438 2589 1458 2609 2.
1472 2600 1501 2603 —
1519 2587 1622 2609 Subinde
1641 2589 1692 2614 post
1709 2586 1773 2609 Unde
1791 2586 1858 2608 codd.
1876 2586 1963 2607 AlLT
1976 2587 2019 2608 VZ

1172 2635 1197 2650 aa
1216 2627 1354 2650 subnectunt
1370 2628 1397 2649 et.

1234 2667 1244 2681 ⁷
1262 2667 1305 2689 Csr.
1326 2668 1339 2688 Ι.
1357 2667 1418 2688 Scut.
1445 2666 1466 2688 (1.
1493 2666 1514 2687 8.
1533 2672 1555 2693 p.
1575 2666 1598 2687 ll.
1616 2672 1637 2693 q.
1657 2665 1677 2687 3.
1695 2665 1723 2687 ad
1742 2664 1763 2686 3.
1781 2677 1811 2679 —
1829 2664 1897 2686 l’auio
1913 2665 2020 2692 superius

1173 2707 1222 2729 Vat.
1242 2707 1322 2728 omittit
1339 2705 1476 2728 naturalem
1485 2714 1494 2732 ;
1518 2705 1586 2732 paulo
1605 2705 1699 2726 interius
1716 2709 1758 2731 pro
1776 2703 1935 2732 compatiatur
1952 2703 2021 2725 codd.

1173 2747 1188 2767 Α
1200 2746 1220 2768 X
1238 2745 1345 2767 exhibent
1361 2743 1553 2772 compatiebatur.

1235 2784 1245 2799 ⁸
1262 2784 1316 2812 Cap.
1335 2784 1355 2805 3.
1375 2790 1395 2805 n.
1415 2784 1435 2805 2.
1454 2783 1525 2805 Codd.
1543 2787 1565 2804 ct
1582 2782 1635 2804 cdd.
1654 2782 1751 2810 allegant
1771 2780 1806 2804 19.
1825 2781 1852 2804 de
1869 2781 1976 2804 02'12Dei.
1990 2794 2020 2796 —

1175 2823 1249 2846 Verba
1267 2822 1344 2852 imryt's
1360 2822 1423 2851 facta
1442 2821 1521 2844 abiicit
1532 2828 1545 2844 a
1558 2820 1690 2844 substantia
1709 2824 1782 2843 sumtu
1801 2823 1853 2842 sunt
1869 2827 1894 2842 ox
1913 2821 2018 2847 Ariston,

1174 2863 1209 2885 Vl.
1228 2863 1307 2890 Topic.
1326 2868 1344 2884 c.
1364 2862 1384 2884 3.
1403 2865 1431 2883 tc.
1450 2862 1488 2888 6,).
1507 2860 1551 2883 Csr.
1570 2861 1592 2882 ll.
1611 2861 1670 2882 Seni.
1688 2860 1713 2882 d.
1734 2860 1765 2881 19.
1784 2866 1803 2881 a.
1827 2860 1843 2881 1.
1863 2866 1884 2887 q.
1907 2859 1923 2881 Ι.
1942 2858 1970 2880 ad
1990 2859 2018 2887 rt,

1173 2906 1195 2925 ct
1213 2902 1249 2924 lV.
1267 2902 1327 2923 Scut.
1345 2901 1367 2923 d.
1387 2900 1422 2922 14.
1442 2907 1463 2928 p.
1483 2901 1505 2922 11.
1524 2907 1542 2922 a.
1562 2900 1582 2922 3.
1601 2907 1622 2928 q.
1646 2900 1662 2921 Ι.
1680 2899 1708 2921 nd
1727 2900 1747 2920 ⁴2.
1766 2901 1787 2920 ot
1805 2905 1825 2926 η.
1845 2899 1865 2920 2.
1883 2898 1911 2920 ad
1930 2899 1956 2923 6,
1980 2898 2019 2921 ubi

1173 2941 1256 2963 cadem
1274 2940 1372 2962 obiectio
1390 2940 1492 2962 solvitur.

1236 2980 1246 2994 ⁹
1264 2979 1307 3001 Cir.
1326 2980 1429 3004 Aristot,
1448 2979 1461 3000 l.
1480 2979 1508 3000 de
1526 2978 1620 3004 Anima,
1638 2979 1689 2999 text.
1708 2977 1743 2998 62.
1762 2982 1826 3005 seqq.
1845 2976 1872 3001 (c.
1892 2976 1930 3004 4.).

1238 3019 1256 3033 ¹⁰
1273 3019 1328 3041 Coti.
1346 3018 1375 3045 N,
1393 3019 1478 3041 omisso
1496 3018 1528 3044 vl,
1548 3016 1636 3037 subiicit
1654 3016 1740 3037 antem.

2028 424 2139 447 positorum.

2032 1385 2139 1404 Distinctie.

2034 1807 2150 1826 Notandum.
