2166 3366
17 1210 118 1229 Conclusio
132 1210 147 1228 ί.

18 1489 118 1509 conclusio
128 1490 146 1509 2,

30 1816 102 1835 saiano
115 1822 146 1840 up-

30 1840 138 1863 positorum.

696 148 778 176 DlST.
801 148 936 177 xxxviii.
957 149 1030 178 ART.
1051 149 1168 178 UNlCUS
1189 150 1324 186 QUAEST.
1348 151 1389 178 Vl.

482 233 692 254 CONCLUSIO.

169 318 334 346 Maximum
365 318 550 347 mendacium
583 322 623 347 est
655 319 728 348 iliad
759 319 837 357 quod
855 319 889 356 fic
914 320 944 348 in
965 320 1012 348 do-

245 365 343 393 ctrina
364 364 535 402 religionis,-
556 365 735 393 levissimum
769 374 852 399 uero,
881 367 959 404 quod
978 366 1011 404 fit

241 419 298 448 pro
318 411 466 440 servanda
487 411 620 440 castitate
640 413 789 449 corporae,
810 413 854 441 vel
877 421 931 450 pro
959 413 1011 442 ali-

243 466 299 495 quo
320 458 420 486 simili.

243 552 418 580 Responneo:
442 551 612 586 Dicendum,
634 552 723 589 quod,
756 553 911 582 secundum
933 553 1008 590 quod

164 598 262 627 beatus
283 598 453 635 Augustinus
468 598 546 632 dicit,
568 599 673 635 gradus
688 599 898 628 mendaciorum
920 599 1010 637 sequi-

165 647 212 673 tur
232 644 372 679 ordinem,
395 644 432 673 ita
446 645 521 681 quod
544 645 667 681 primum
689 648 731 674 est
753 653 902 682 magnum,
924 649 951 675 et
970 646 1010 674 ul-

23 697 154 722 Adtquaest.
166 691 265 720 timum
288 691 446 720 minimum.
466 708 504 712 —-
526 692 557 720 Et
578 692 648 720 ratio
680 692 765 721 huius
786 696 827 721 est
849 693 914 722 ista:
943 701 1009 729 quo-

163 738 253 772 niam,
276 737 430 766 secundum
460 737 535 775 quod
559 738 619 767 vult
640 738 824 776 Philosophus
837 739 856 773 ¹,
883 739 929 767 «si
953 746 1007 767 ma-

162 784 271 813 ximum
305 784 331 812 in
365 793 420 813 uno
441 792 542 822 genere
573 785 684 814 excedit
715 785 872 814 maximum
904 785 931 813 in
953 785 1007 813 alio

163 839 276 868 genere,
297 831 468 868 simpliciter
491 832 541 860 hoc
563 840 651 869 genus
665 832 777 861 excedit
799 832 868 861 illud
881 844 907 860 n.
930 832 1007 861 Unde

162 878 197 906 ad
220 877 288 912 hoc,
310 878 385 915 quod
406 878 519 915 aliquod
539 887 632 916 yemis
653 879 771 908 excedat
792 879 929 913 alterum,
951 887 1005 907 non

162 928 204 953 est
225 932 354 959 necesse,
376 925 451 962 quod
483 925 603 962 sinyula
634 925 709 954 illius
737 926 847 962 generis
868 926 1007 954 excedant

162 971 271 1009 singula
293 971 409 1000 alterius
430 972 548 1007 generis,
570 972 618 1001 sed
641 972 715 1009 quod
737 980 887 1000 summum
910 972 935 1000 in
959 972 1006 1000 illo

161 1025 263 1055 genere
285 1019 319 1047 sit
341 1018 431 1047 maius
463 1019 592 1047 omnibus
623 1019 723 1048 ceteris
743 1019 860 1047 alterius
886 1019 1005 1056 generis.

162 1065 297 1101 Quoniam
319 1073 386 1102 ergo
408 1065 480 1094 inter
502 1065 646 1094 mendacia
660 1065 753 1093 omnia
769 1065 837 1094 illud
860 1069 901 1094 est
918 1066 1006 1094 maxi-

161 1118 252 1145 mum,
267 1119 323 1148 quo
337 1111 400 1148 quis
416 1111 532 1140 intendit
546 1111 626 1140 alteri
641 1119 741 1140 nocere
757 1111 783 1140 in
806 1112 856 1140 vict
871 1112 1005 1140 veritatis

161 1161 187 1186 el
206 1158 329 1192 salutas,
351 1158 416 1195 quia
438 1158 521 1186 infert
540 1158 565 1186 ei
588 1162 785 1187 nocumentum
809 1159 954 1195 spirituale
976 1162 1003 1187 et

162 1205 423 1242 irrecompensabile
445 1209 472 1233 et
494 1208 629 1242 quantum
646 1205 680 1234 ad
697 1206 820 1234 maxima
837 1206 924 1240 bona;
940 1206 1005 1235 hinc

160 1255 216 1286 est,
238 1252 313 1289 quod
330 1252 522 1287 mendacium,
537 1252 612 1289 quod
634 1257 676 1281 est
691 1253 717 1280 in
740 1253 876 1281 doctrina
891 1253 1003 1291 reli'qio-

159 1298 216 1332 nis,
232 1306 295 1327 cum
312 1299 346 1327 sit
360 1299 395 1327 ad
412 1299 463 1328 hoc
478 1299 647 1334 ordinatum,
668 1303 710 1328 est
732 1300 803 1328 inter
824 1303 916 1329 cetera
933 1308 1005 1329 men—

160 1345 239 1374 dacia
260 1345 415 1373 maximum
432 1349 459 1373 et
473 1353 625 1374 summum.
647 1362 686 1366 ——
711 1346 852 1380 Ulterius,
867 1347 933 1384 quia
950 1355 1003 1375 non

159 1395 249 1428 potest
270 1391 371 1428 aliquis
394 1392 489 1420 maiori
512 1400 596 1420 eausa
627 1393 730 1420 moveri
753 1393 789 1421 ad
812 1393 1003 1422 mentiendum

159 1445 244 1474 quam
267 1446 317 1475 pro
339 1438 477 1467 servando
499 1438 572 1467 bono
593 1438 730 1475 spirituali
754 1439 797 1467 vel
819 1447 929 1468 annexo
951 1439 1004 1476 spi-

160 1484 271 1518 rituali,
294 1485 357 1513 hinc
378 1488 428 1519 est,
449 1485 524 1522 quod
547 1485 616 1514 illud
638 1485 815 1514 mendacium
838 1489 879 1515 est
901 1486 1005 1515 levissi-

161 1539 254 1566 mum,
276 1532 349 1569 quod
372 1531 402 1560 fit
424 1540 474 1569 pro
495 1532 634 1561 servanda
654 1533 779 1561 castitate
801 1533 942 1570 corporis,
959 1533 1003 1562 vel

159 1586 211 1615 pro
231 1578 325 1615 aliq'uo
348 1578 446 1612 simili;
478 1582 505 1607 et
533 1579 572 1607 sic
600 1579 737 1616 gradatim
761 1579 955 1608 descendendo
976 1583 1003 1608 et

159 1625 335 1654 ascendendo
357 1624 421 1654 εει2
444 1625 539 1654 videre
562 1625 588 1653 in
610 1625 709 1654 ceteris
731 1625 800 1654 aliis.
825 1626 901 1654 Unde
923 1626 1003 1655 valde

158 1670 359 1700 rationabiliter
373 1671 471 1700 beatus
486 1671 656 1708 Augustinus
670 1671 777 1708 speeies
792 1672 1001 1700 mendaciorum

158 1716 286 1746 distinxit
306 1721 333 1746 et
351 1717 469 1755 yrctdus
490 1718 637 1746 ordinavit.

240 1765 263 1792 1.
286 1766 311 1793 2.
336 1764 361 1793 3.
383 1764 422 1793 Ad
446 1764 515 1793 illud
537 1772 603 1801 ergo
624 1765 700 1801 quod
723 1765 814 1802 primo
829 1764 959 1794 obiicitur
976 1765 1002 1793 in

159 1811 330 1840 contrarium
354 1811 388 1840 de
411 1811 457 1840 illo
478 1812 526 1849 qui
542 1812 675 1840 mentitur
703 1811 839 1846 dicendo,
861 1811 1002 1840 Christum

157 1865 212 1886 non
233 1858 390 1887 ascendisse
412 1866 498 1895 super
518 1858 646 1893 asellum,
663 1858 705 1887 vel
721 1858 833 1896 aliquod
850 1858 1002 1893 consimile,

157 1905 204 1942 qui
227 1913 280 1934 non
305 1905 340 1934 ita
363 1906 512 1940 mentitur,
546 1906 617 1934 sicut
649 1906 693 1934 ille
715 1906 762 1942 qui
784 1914 836 1934 suo
857 1906 1002 1935 mendacio

161 1952 322 1988 proximum
355 1952 499 1986 interficit;
531 1952 698 1987 dicendum,
720 1953 795 1990 quod
824 1960 923 1981 verum
945 1956 1002 1987 est3

160 1999 208 2027 sed
231 2002 322 2027 tamen
345 2006 381 2027 ex
404 1999 455 2027 hoc
477 2007 530 2027 non
561 1999 703 2036 sequitur,
725 1999 800 2036 quod
822 1999 928 2036 gradus
956 1999 1002 2028 ille

160 2053 212 2073 non
236 2045 353 2074 excedat
376 2045 476 2079 istum,
498 2053 549 2082 pro
564 2053 596 2074 eo
618 2046 692 2083 qnod
709 2045 778 2075 illud
794 2054 847 2074 non
870 2050 911 2075 est
925 2055 1002 2075 sum-

158 2100 240 2120 mum
264 2092 439 2121 mendacium
463 2093 488 2120 in
512 2093 637 2121 doctrina
659 2093 808 2129 religionis,
823 2093 871 2122 sed
888 2093 1000 2130 quando

158 2139 221 2176 quis
243 2147 276 2168 ex
300 2143 376 2168 certa
397 2139 511 2168 scientia
539 2142 566 2168 et
594 2139 699 2167 malitia
726 2140 872 2177 impugnat
903 2140 1003 2169 verita-

161 2190 214 2214 tem
236 2185 397 2213 secumlum
416 2185 553 2222 pietatem
567 2185 585 2219 ³,
614 2189 645 2214 ut
667 2186 749 2215 sidem
773 2186 952 2215 christianam
974 2191 1001 2215 et

158 2232 245 2260 bonos
268 2239 359 2260 mores
390 2232 550 2267 subvertat,
583 2232 650 2267 hoc,
671 2233 801 2270 inquam,
824 2233 906 2261 modo
928 2242 1001 2261 men-

167 2278 250 2307 tiendi
274 2287 326 2306 uon
348 2279 480 2315 contingit
502 2279 624 2315 reperire
646 2280 760 2316 gravius
782 2279 956 2308 mendacium
974 2279 999 2308 in

158 2326 284 2353 secundo
306 2334 415 2362 genere.
437 2342 476 2346 —
498 2326 527 2354 Et
559 2334 608 2363 per
630 2326 680 2354 hoc
704 2329 777 2362 patet
799 2326 943 2362 responsio
964 2326 999 2354 ad

158 2373 228 2400 duas
251 2372 370 2400 rationes
386 2376 548 2409 sequentes,
565 2372 692 2401 videlicet
707 2372 741 2400 de
757 2372 909 2406 mendacio,
925 2372 999 2409 quod

158 2418 264 2447 inducit
285 2418 414 2452 schisma,
436 2421 463 2446 et
484 2418 518 2446 de
541 2418 692 2454 mendacio,
716 2418 790 2455 quod
812 2422 853 2447 est
874 2426 910 2446 ex
925 2421 1000 2447 certa

159 2465 274 2493 malitia:
298 2465 428 2501 quoniam
453 2465 627 2493 mendacium
659 2466 684 2493 in
708 2465 833 2493 doctrina
859 2465 999 2502 religionis

158 2520 211 2539 non
235 2515 340 2539 tantum
366 2511 470 2539 inducit
493 2511 699 2545 infidelitatem,
723 2511 807 2539 immo
833 2515 859 2539 et
879 2511 999 2539 schisma

222 2657 227 2671 ¹
247 2657 306 2679 Lihr.
326 2657 356 2679 lll.
375 2657 454 2685 Topic.
472 2664 490 2679 c.
510 2659 530 2679 2.
549 2657 606 2679 Vide
623 2664 692 2685 snpra
712 2664 763 2685 pag,
782 2657 838 2684 7i0v
857 2662 907 2679 nota
927 2658 946 2679 ἓ.
972 2670 1000 2673 —

160 2696 227 2717 l‘sinlo
244 2697 350 2724 superins
369 2703 410 2723 nro
427 2695 534 2725 sequitui·
546 2696 598 2718 cdd.
616 2697 756 2724 seqniciilm:
770 2696 890 2724 Aliquanto
907 2697 1000 2718 inferius

158 2741 201 2763 pro
217 2734 315 2757 mitella!
333 2735 409 2762 pini-vs
427 2735 493 2757 codd.
512 2734 607 2757 erceaelz'l.

220 2774 229 2788 ²
247 2774 302 2796 Edd.
320 2775 415 2803 oportet.

220 2813 230 2827 ³
247 2813 373 2840 {lespiciun-
391 2814 404 2835 1.
423 2813 482 2835 Tim.
498 2814 524 2840 6,
543 2813 564 2834 3.
577 2818 637 2841 scip:
655 2813 677 2834 Si
695 2814 746 2841 quis
763 2813 826 2834 aliter
843 2812 909 2834 dot-et
920 2816 941 2833 et
955 2819 998 2834 non

158 2853 280 2880 acquiescit
293 2853 353 2874 sanis
370 2852 516 2874 sermonibus
529 2852 616 2873 Domini
634 2853 701 2874 nostri
716 2852 762 2873 lesu
776 2852 856 2873 itin-idi
869 2855 890 2873 vt
908 2852 926 2873 ri
940 2858 998 2879 <piac

158 2890 284 2912 sni-undum
303 2891 408 2918 nit-tantem
420 2894 454 2913 ost
471 2891 597 2917 doctrinae,
615 2890 730 2918 sript-rhus
742 2894 774 2912 oq
787 2894 828 2911 viv.
842 2901 872 2906 --
884 2890 938 2911 lidd.
952 2889 999 2911 xii't’

157 2930 271 2959 pedalem.

1858 154 1914 183 853

1069 231 1095 256 et
1117 231 1208 256 cetera
1231 228 1317 262 mala;
1333 236 1382 257 nec
1405 232 1512 257 tantum
1528 233 1569 258 est
1591 237 1626 258 ex
1643 229 1813 264 infirmitate,
1829 231 1914 260 immo

1069 282 1104 303 ex
1127 279 1203 303 certa
1226 275 1337 303 malitia.

1147 322 1174 350 [ι.
1196 321 1233 350 Ad
1256 321 1326 350 illud
1348 322 1422 359 quod
1445 322 1588 357 obiicitur,
1603 323 1678 360 quod
1693 324 1816 360 primum
1840 333 1915 353 men-

1068 365 1138 394 dacii
1160 374 1248 403 genus
1269 367 1419 403 opponitur
1441 367 1514 401 fidei,
1536 368 1692 396 secundum
1715 377 1780 397 vero
1801 370 1913 406 opponi-

1067 416 1114 440 tur
1145 413 1266 447 caritati3
1298 413 1465 447 dicendum,
1497 415 1571 451 quod
1602 415 1673 443 ratio
1695 415 1742 444 illa
1764 416 1912 453 dupliciter

1067 458 1167 487 deficit.
1190 459 1313 488 Primum
1335 460 1458 496 quidem,
1480 461 1546 498 quia
1560 469 1613 489 non
1630 462 1765 499 sequitur,
1781 463 1802 491 si
1818 463 1910 500 aliqua
1925 470 2010 503 Ratione
2023 471 2056 489 <10-

1067 505 1124 534 duo
1146 505 1221 534 bona
1242 506 1281 535 sic
1303 514 1332 535 se
1355 506 1472 541 habent,
1504 508 1578 545 quod
1603 516 1690 537 unum
1712 509 1830 538 excedat
1851 510 1913 539 reli·
1937 494 1996 513 seem*
2011 495 2027 512 ¹'

1066 560 1167 589 quum,
1188 552 1263 589 quod
1286 552 1414 581 similiter
1435 553 1470 582 sit
1490 555 1559 583 etin
1574 562 1671 583 eorum
1692 556 1912 593 privationibus

1067 598 1200 635 reperire,
1222 599 1369 635 quoniam,
1401 600 1473 628 sicut
1504 602 1664 638 negationes
1685 610 1701 631 e
1722 603 1862 631 contrario
1883 612 1912 633 se

1066 644 1170 673 hahent
1191 644 1425 675 affirmationibus
1437 647 1454 681 ⁴,
1469 647 1508 675 sic
1523 647 1604 676 etiam
1621 656 1681 677 esse
1703 652 1792 686 potest
1814 650 1840 678 in
1857 650 1910 687 pri-

1065 691 1223 720 vationibus
1244 694 1271 720 et
1292 691 1443 721 habitibus.
1459 693 1535 722 Unde
1556 694 1623 722 nihil
1640 694 1765 731 impedit,
1780 696 1854 733 quod
1871 704 1912 725 ca-

1065 737 1132 766 ritas
1153 737 1188 766 sit
1213 737 1303 767 maius
1328 738 1432 767 bonum
1460 748 1544 776 quam
1574 740 1659 775 fides3
1688 745 1715 770 et
1742 745 1834 771 tamen
1858 751 1911 771 ma-

1065 784 1109 813 ius
1131 784 1237 813 malum
1259 788 1301 814 est
1322 785 1471 814 infidelitas
1491 795 1575 823 quam
1597 787 1702 816 odium.
1726 789 1756 817 Et
1777 790 1847 817 ratio
1862 790 1912 818 hu-

1065 830 1108 871 ius
1129 834 1186 866 est,
1214 831 1280 868 quia
1312 832 1376 869 plus
1404 832 1507 868 privat
1538 833 1687 863 infidelitas
1709 843 1793 872 quam
1816 836 1906 872 ipsum

1063 877 1168 905 odium.
1191 894 1230 898 —
1250 878 1326 907 Alius
1346 879 1429 907 etiam
1459 880 1584 909 defectus
1611 884 1652 909 est
1674 881 1724 915 ibi,
1746 882 1811 919 quia
1833 889 2033 911 nien-Defectus}-

1063 924 1190 959 dacium,
1211 925 1286 962 quod
1301 926 1384 954 estin
1406 926 1532 955 doctrina
1552 927 1702 964 religionis,
1724 936 1778 957 non
1800 932 1907 957 tantum

1063 975 1201 1009 repugnat
1232 972 1313 1006 fidei,
1345 973 1394 1002 sed
1426 973 1508 1002 etiam
1533 975 1659 1003 moribus
1691 975 1778 1003 bonis.
1801 976 1908 1004 Veritas

1063 1019 1135 1047 enim
1157 1020 1319 1048 seeundum
1337 1020 1488 1057 pietatem,
1511 1029 1582 1058 quae
1604 1025 1645 1050 est
1672 1022 1699 1050 in
1722 1022 1846 1050 doctrina
1869 1030 1909 1051 re-

1063 1065 1180 1102 ligionis.
1202 1074 1256 1094 non
1278 1070 1385 1095 tantum
1418 1068 1542 1096 consistit
1574 1068 1600 1096 in
1623 1069 1784 1103 credendis,
1807 1077 1905 1098 verum

1062 1112 1143 1140 etiam
1167 1112 1194 1141 in
1215 1113 1344 1149 agendis;
1367 1114 1441 1142 unde
1468 1115 1488 1143 si
1519 1115 1582 1151 quis
1610 1115 1730 1149 diceret,
1752 1116 1906 1144 fornicatio-

1062 1166 1125 1187 nem
1148 1167 1201 1188 non
1223 1167 1284 1188 esse
1307 1160 1457 1195 vitandam,
1479 1164 1506 1189 et
1521 1165 1650 1198 parentes
1666 1170 1719 1190 non
1741 1169 1802 1191 esse
1824 1163 1906 1190 hono-

1061 1206 1179 1240 randos,
1203 1207 1368 1235 mentiretur
1385 1207 1484 1244 primo
1506 1215 1607 1244 genere
1631 1209 1775 1237 mendacii.
1796 1209 1826 1237 Et
1841 1210 1905 1246 quia

1032 1261 1034 1268 ·
1061 1253 1088 1281 in
1110 1253 1236 1282 doctrina
1252 1253 1392 1290 religionis
1408 1262 1462 1282 non
1482 1258 1588 1283 tantum
1612 1255 1744 1289 docetur,
1760 1256 1828 1292 quid
1850 1264 1906 1284 cre-

1061 1300 1201 1334 dendum,
1230 1300 1278 1329 sed
1311 1300 1393 1329 etiam
1423 1301 1490 1338 quid
1519 1302 1673 1330 secundum
1700 1302 1824 1339 singulas
1854 1303 1906 1330 vir-

1061 1349 1134 1375 tutes
1155 1347 1344 1383 operandum:
1368 1347 1431 1376 hinc
1452 1345 1512 1382 est,
1536 1348 1610 1385 quod
1633 1348 1701 1377 illud
1727 1349 1903 1378 mendacium

1060 1396 1150 1430 potest
1171 1393 1271 1430 opponi
1294 1393 1408 1422 cuilibet
1430 1394 1526 1423 virtuti
1548 1399 1574 1423 et
1591 1395 1662 1423 hono
1678 1391 1825 1432 spirituali,
1842 1396 1902 1425 licet

1060 1439 1151 1476 primo
1172 1443 1198 1467 et
1221 1439 1410 1476 principaliter
1431 1445 1588 1478 opponatur
1611 1442 1660 1478 ipsi
1685 1442 1757 1471 fidei.

1140 1487 1165 1514 5.
1187 1486 1225 1514 Ad
1248 1486 1316 1515 illud
1339 1487 1412 1524 quod
1436 1487 1565 1516 obiicitur
1587 1488 1718 1523 ulterius,
1740 1489 1814 1526 quod
1832 1497 1905 1518 men-

1060 1532 1170 1561 dacium
1193 1532 1321 1561 iocosum
1353 1538 1395 1562 est
1426 1534 1514 1570 magis
1546 1535 1606 1563 leve
1627 1543 1710 1571 quam
1734 1535 1903 1570 officiosum3

1060 1579 1228 1614 dicendum,
1250 1580 1324 1617 quod
1348 1580 1447 1609 salsum
1464 1585 1517 1615 est,
1539 1582 1604 1618 quia
1626 1582 1651 1610 in
1668 1586 1768 1611 neutro
1790 1583 1903 1611 illorum
1919 1587 2032 1606 Notandum—

1060 1626 1268 1655 mendaciorum
1292 1623 1409 1656 intendit
1430 1627 1492 1665 quis
1514 1628 1642 1665 decipere
1663 1629 1765 1663 alium;
1788 1630 1902 1659 intendit

1061 1678 1151 1702 tamen
1174 1673 1266 1702 dicere
1288 1674 1388 1702 salsum
1413 1675 1439 1702 in
1462 1683 1531 1708 uno,
1553 1679 1584 1703 ut
1608 1675 1735 1709 delectet,
1753 1676 1779 1704 in
1801 1676 1903 1710 altero,

1060 1724 1091 1748 ut
1114 1719 1237 1756 prosit?
1269 1720 1358 1748 illinus
1386 1724 1479 1749 autem
1513 1721 1669 1750 inordinata
1700 1725 1742 1750 est
1775 1723 1902 1755 intentio,

1060 1766 1172 1803 qnando
1194 1767 1311 1795 intendit
1329 1767 1480 1803 prodesse,
1502 1776 1585 1804 quam
1601 1768 1714 1805 quando
1730 1769 1846 1797 intendit
1861 1770 1904 1797 ‹le-

1060 1813 1170 1841 lectarz‘.
1192 1813 1261 1841 Cum
1283 1821 1350 1850 ergo
1371 1813 1452 1848 dicit,
1474 1814 1549 1851 quod
1573 1815 1748 1843 mendacium
1777 1815 1900 1844 iocosum

1059 1868 1112 1888 non
1135 1859 1165 1888 fit
1186 1860 1273 1894 serio3
1295 1860 1455 1895 dicendum,
1478 1861 1553 1898 quod
1568 1861 1668 1890 salsum
1685 1865 1735 1895 est,
1751 1862 1815 1899 quia
1831 1863 1903 1891 serio

1059 1907 1193 1936 mentitur
1219 1907 1281 1944 quis
1303 1907 1350 1935 illo
1383 1907 1542 1941 mendacio,
1574 1916 1627 1936 non
1651 1911 1743 1937 tamen
1765 1909 1800 1937 ad
1823 1909 1902 1938 sedu-

1058 1953 1188 1988 cendum,
1209 1954 1256 1982 sed
1279 1954 1315 1982 ad
1337 1954 1541 1983 delectandum.

1138 2002 1163 2029 6.
1186 2000 1223 2029 Ad
1247 2000 1316 2029 illud
1339 2000 1412 2038 quod
1435 2001 1576 2035 obiicitur,
1598 2001 1673 2038 quod
1707 2002 1794 2038 magis
1826 2003 1901 2038 pium

1058 2050 1099 2076 est
1121 2047 1230 2076 mentiri
1254 2056 1304 2084 pro
1326 2047 1463 2076 servanda
1496 2048 1550 2076 vita
1582 2056 1664 2085 quam
1692 2056 1743 2085 pro
1766 2049 1901 2077 servanda

1057 2094 1242 2134 continentia3
1264 2094 1427 2128 dicendum,
1443 2094 1516 2131 quod
1540 2094 1639 2122 salsum
1663 2098 1711 2123 est.
1735 2095 1806 2123 Licet
1828 2096 1901 2123 enim

1058 2149 1111 2169 non
1134 2141 1220 2178 possit
1240 2141 1341 2178 aliquis
1362 2141 1444 2170 alicui
1467 2141 1553 2169 invito
1567 2141 1678 2170 auferre
1694 2141 1825 2170 virtutem
1842 2150 1903 2170 con-

1058 2187 1204 2221 tinentiae,
1226 2190 1361 2224 quantum
1385 2187 1420 2216 ad
1443 2187 1468 2215 id
1492 2187 1566 2224 quod
1582 2188 1685 2216 menas
1706 2193 1763 2222 est3
1785 2189 1850 2225 quia
1867 2192 1902 2216 ta·

1059 2242 1120 2261 men
1143 2237 1232 2270 potest
1253 2234 1363 2261 auferre
1386 2233 1453 2261 illud
1477 2234 1550 2270 quod
1574 2238 1612 2262 est
1635 2235 1661 2262 ei
1675 2243 1841 2269 (minarum,
1866 2236 1902 2263 vi-

1057 2280 1156 2309 delicet
1178 2279 1374 2309 continentiam
1397 2280 1510 2314 carnis,
1531 2281 1557 2309 in
1580 2281 1660 2310 cuius
1682 2282 1820 2311 ablatione
1845 2292 1898 2312 ma-

1058 2326 1168 2354 ximum
1190 2330 1231 2354 est
1253 2326 1409 2363 periculum
1433 2330 1547 2363 propter
1568 2328 1658 2356 carnis
1687 2328 1841 2357 lubricum:
1864 2339 1899 2358 ex

1058 2372 1109 2401 hoc
1130 2376 1186 2406 est,
1215 2373 1289 2409 quod
1323 2373 1410 2410 magis
1442 2374 1548 2402 accedit
1578 2374 1612 2402 ad
1637 2374 1765 2411 pietatem
1791 2377 1898 2405 mentiri

1057 2426 1107 2455 pro
1130 2418 1176 2447 illa
1197 2419 1364 2448 continentia
1385 2420 1522 2448 servanda
1544 2428 1627 2457 quam
1644 2429 1694 2457 pro
1717 2421 1790 2456 vita,
1806 2430 1900 2451 secun-

1057 2465 1124 2493 dum
1147 2466 1220 2502 quod
1245 2466 1300 2494 vita
1328 2466 1481 2503 spiritualis
1512 2468 1670 2503 praefertur
1692 2468 1763 2497 vitae
1786 2470 1899 2497 carnali.

1058 2512 1133 2540 Unde
1154 2512 1203 2541 etsi
1237 2513 1324 2549 pietas
1357 2513 1506 2541 natum-alis
1538 2513 1632 2550 aliquo
1655 2515 1736 2543 modo
1759 2515 1822 2552 plus
1846 2524 1899 2543 mo-

1917 2192 2030 2211 Notandum

1119 2656 1127 2671 ⁴
1146 2658 1267 2680 'l'crniinus
1284 2658 1443 2688 afllrnmlivas
1460 2659 1572 2684 significat
1590 2666 1638 2680 reni
1653 2658 1815 2685 (lacrimante,
1837 2666 1857 2680 i.
1877 2666 1897 2685 g.

1056 2696 1141 2722 uinum,
1156 2698 1265 2718 terinimis
1276 2696 1398 2726 maritimis
1410 2704 1465 2719 vero
1477 2697 1666 2725 indeterminale,
1681 2704 1702 2720 v.
1716 2705 1737 2723 g.
1751 2698 1897 2725 non-uinum

1056 2735 1077 2756 in
1097 2736 1251 2762 propositione
1268 2737 1403 2758 allii-nmilia
1427 2737 1583 2764 prm-dicatum
1601 2737 1699 2758 sumitur
1718 2737 1844 2759 svvnininm
1869 2739 1898 2759 lo·

1056 2774 1103 2796 trum
1122 2774 1446 2803 summ1*ritulircli(visionem,
1465 2778 1555 2797 econtra
1575 2776 1595 2797 in
1620 2777 1775 2803 propositione
1793 2778 1896 2803 negativa

1055 2815 1097 2834 otc.
1110 2812 1154 2835 Ct‘r.
1168 2813 1180 2835 Ι.
1199 2814 1259 2835 Sunt.
1272 2813 1293 2835 d.
1313 2814 1348 2835 2⁸.
1362 2820 1383 2842 (ι.
1405 2814 1421 2836 1.
1435 2815 1455 2835 in
1474 2821 1537 2842 corp.
1550 2817 1571 2836 et
1586 2814 1615 2836 ad
1629 2816 1653 2839 3.
1672 2822 1758 2837 necnon
1772 2817 1793 2837 5.
1807 2816 1897 2840 Thmui..

1056 2851 1076 2872 in
1095 2851 1108 2873 l.
1127 2851 1154 2872 di·
1173 2851 1239 2873 itan-n»
1256 2856 1277 2874 ct
1295 2852 1393 2878 iuundO,
1412 2853 1460 2875 ivi-i.
1480 2853 1515 2874 24.
1535 2860 1554 2875 u.
1573 2854 1594 2875 s».

1118 2889 1128 2903 ⁵
1144 2890 1187 2911 (in.
1206 2893 1293 2917 quaml.
1312 2890 1415 2917 pravi-cil.
1435 2903 1463 2906 -—-
1482 2891 1523 2913 t¹ro
1542 2892 1566 2914 11!
1583 2890 1676 2914 (leleclt’l
1693 2893 1744 2915 cml.
1762 2894 1778 2915 A
1798 2893 1823 2915 it!
1841 2892 1898 2915 clele-

1055 2928 1136 2950 delur.
