2166 3366
242 205 298 234 30⁶2

238 284 272 312 de
294 284 351 312 Deo
372 288 444 315 etc.;
467 284 634 319 dicendum,
656 285 750 322 quod¹
784 293 836 313 non
870 288 912 314 est
938 286 1089 322 intelligen-

238 331 305 360 dum
329 331 355 359 in
378 331 450 365 Deo,
479 332 551 360 sicut
579 332 743 368 intelligitur
765 333 790 360 iu
813 332 907 369 aliqua
929 340 958 361 re
981 341 1090 370 compo-

238 379 305 412 sita,
327 378 408 406 cuius
429 386 486 406 una
508 386 573 414 pars
595 387 649 406 non
680 382 812 416 apparet,
844 383 871 407 et
901 379 955 407 alia
978 380 1089 409 manife-

238 428 347 457 statur3
370 425 501 462 quoniam
524 426 551 453 in
573 425 668 454 divina
689 426 809 454 essentia
834 434 887 454 non
911 429 952 455 est
973 426 1090 464 aliquid

237 475 264 500 et
285 472 415 509 aliquid,
440 472 488 500 sed
510 476 552 501 est
572 472 694 509 aliquod
712 481 823 506 uitam,
840 473 913 510 quod
930 473 1088 510 aequivalet

236 519 359 548 infinitis.
390 519 465 548 Unde
494 520 631 557 quidquid
665 519 733 548 illud
761 520 810 548 sit.
833 521 908 557 quod
931 521 1024 549 anima
1053 521 1087 550 tle

235 566 292 594 Deo
315 566 405 600 videt,
428 567 467 595 sic
490 567 558 595 illud
581 566 672 601 videt,
695 567 770 604 quod
793 571 886 596 tamen
907 568 1088 604 comprehen-

107 618 220 636 Notaudum-
236 613 303 641 dere
332 621 385 641 non
413 617 522 650 potest;
544 613 620 642 unde
643 614 715 643 idem
740 614 830 651 ipsum
854 614 922 642 latet
942 617 969 643 et
987 618 1086 651 patet.-

231 664 313 697 patet
327 660 440 697 quidem
457 661 491 689 ad
508 661 691 692 intuendum.
707 661 754 690 sed
772 661 838 689 latet
853 662 887 689 ad
907 662 1088 698 comprehen-

234 707 367 736 dendum.
392 708 468 736 Sicut
483 708 504 736 si
521 711 690 745 quaeratur:
708 716 772 736 cum
789 708 863 737 Deus
878 712 919 737 est
934 709 961 736 in
979 709 1087 745 lapide,

234 758 312 783 estne
334 755 439 792 aliquid
464 755 511 783 Dei
533 759 620 783 extra
643 755 780 792 lapidem,
802 759 828 784 et
850 756 955 792 aliquid
981 756 1087 784 intra?

234 802 401 836 dicendum,
416 802 490 838 quod
507 810 560 830 non
577 806 618 830 est
634 802 788 830 secundum
805 802 920 840 aliquia
933 803 983 831 sui
996 806 1086 837 extra,

234 852 261 876 et
282 848 437 877 secundum
467 848 583 886 aliquid
602 849 652 876 sui
673 849 763 883 intra,
786 849 834 878 sed
857 853 933 877 totu-5
959 850 1032 878 intra
1060 853 1087 878 et

236 899 312 924 totus
333 898 432 929 extra;
455 896 494 924 sic
515 899 542 924 et
563 896 589 924 in
613 896 755 933 proposito
777 897 931 933 intelligere
952 901 1069 934 oportet.

317 944 341 971 c.
364 943 401 971 Ad
426 943 494 972 illud
524 943 598 980 quod
621 943 767 978 obiicitur,
789 944 863 981 quod
888 944 908 973 si
932 953 986 972 non
1016 952 1088 973 eom-

235 990 392 1027 prehendat
403 990 426 1024 ²,
442 990 536 1019 adhuc
553 994 641 1027 potest
656 990 792 1028 proficere
808 991 834 1019 in
851 991 1006 1028 cognitione
1021 991 1086 1023 θείς

236 1038 403 1072 dicendum,
436 1038 510 1074 quod
543 1038 611 1066 illud
635 1047 688 1066 non
712 1039 855 1075 sequitur,
877 1047 929 1075 pro
950 1047 983 1067 eo
1011 1039 1085 1076 quod

94 1088 331 1136 ngglaesxtatussstatus
352 1089 394 1113 est
416 1085 442 1113 in
465 1085 589 1122 prosectu
611 1085 774 1122 cognitionis
788 1086 940 1122 aliquando
955 1094 988 1115 ex
1009 1089 1086 1122 parte

178 1126 182 1130 ’
235 1132 281 1160 rei
301 1131 540 1169 comprehensae,
563 1140 635 1169 quae
650 1141 704 1160 non
721 1136 810 1169 potest
826 1133 926 1161 melius
942 1133 1085 1170 cognosci,

236 1180 387 1217 aliquando
416 1188 450 1208 ex
484 1183 562 1216 parte
587 1179 870 1216 comprehendentis,
892 1181 940 1217 qui
963 1189 1017 1208 non
1045 1184 1087 1209 est

236 1230 318 1255 natus
342 1227 442 1254 melius
464 1234 647 1263 cognoscere3
669 1230 696 1255 et
718 1227 756 1255 sic
772 1231 813 1255 est
829 1230 918 1255 status
933 1227 959 1255 in
976 1227 1086 1255 Christo

236 1278 263 1302 et
284 1274 310 1302 in
333 1273 394 1302 aliis
416 1273 512 1302 Beatis.
535 1273 587 1302 Sed
605 1273 685 1302 aliter
701 1273 726 1301 in
743 1273 853 1301 Christo
868 1282 952 1310 quam
966 1274 992 1301 in
1008 1273 1084 1302 aliis:

236 1321 303 1358 quia
323 1321 451 1349 Christus
474 1321 510 1348 ita
531 1320 653 1357 perfecte
668 1321 823 1357 cognoscit,
846 1321 918 1349 sicut
941 1321 1087 1357 unquam³

236 1376 335 1405 capere
358 1368 461 1405 potuit,
485 1368 532 1396 sed
552 1368 597 1395 alii
620 1368 709 1396 Sancti
733 1368 771 1396 ita
793 1368 930 1405 perfecte,
946 1368 1018 1396 sicut
1034 1368 1086 1396 dis-

236 1415 315 1451 positi
348 1415 462 1443 fuerunt
490 1423 540 1452 per
568 1415 666 1443 merita
694 1415 814 1451 gratiae,
837 1423 887 1443 nec
908 1418 1025 1451 possunt
1047 1414 1087 1442 ul-

235 1466 278 1490 tra
300 1462 452 1499 proficere,
474 1462 539 1498 quia
561 1470 615 1490 non
638 1466 703 1490 sunt
725 1462 751 1490 in
774 1465 848 1490 statu
871 1462 1013 1496 merendi,
1036 1470 1085 1490 nec

235 1509 311 1537 ultra
326 1509 487 1537 desiderare
502 1509 624 1546 amplius
640 1509 759 1542 habere,
775 1517 859 1545 quam
876 1509 1009 1543 habeant,
1026 1517 1086 1545 pro-

917 208 1169 237 SENTENTIARUM
1192 209 1251 237 Ltss.
1274 209 1314 237 tlt.

1146 290 1207 323 pter
1237 287 1312 315 illius
1343 288 1446 315 summi
1470 288 1534 316 Boni
1557 288 1751 317 sufficientiam
1773 293 1800 318 et
1822 290 1992 319 affectionem

1146 334 1302 362 ordinatam
1335 335 1490 363 secundum
1520 343 1648 364 summae
1670 337 1790 365 iustitiae
1813 338 1938 374 regulam
1968 342 1995 366 et

1146 381 1266 416 libram;
1292 382 1340 411 sed
1373 383 1520 419 quiescunt
1541 383 1634 420 quiete
1656 384 1792 420 perfecta,
1815 385 1880 421 quia
1903 389 1995 414 tenent

1146 435 1209 456 eum
1233 437 1316 465 quem
1339 429 1536 458 desiderabant
1549 430 1567 457 ⁴.
1922 460 1925 462 ,

1225 476 1250 502 7.
1274 475 1311 503 Ad
1333 475 1403 504 'illud
1436 476 1509 512 quod
1543 476 1642 504 ultimo
1663 477 1794 505 obiicitur
1816 478 1850 506 de
1871 486 1995 515 compre-

1147 521 1296 555 hensione;
1319 522 1485 555 dicendum,
1513 523 1586 559 quod
1621 523 1860 560 comprehendere
1891 525 2132 559 dicitur-eommuta-

1146 568 1309 604 tripliciter:
1333 577 1389 596 uno
1412 570 1494 598 modo
1517 570 1588 598 idem
1612 571 1686 607 quod
1709 572 1834 600 caritate
1855 554 2132 602 ααιΙιαενε-ῘῘτθῑῖἶῗῑεῗῖἒῖῑ-ιΙΓ

1144 622 1177 641 re
1188 624 1198 647 ,·
1219 617 1246 642 et
1277 614 1316 643 sic
1347 616 1446 652 accipit
1478 616 1638 645 Bernardus
1659 618 1694 646 ad
1719 618 1910 654 Eugenium&
1938 619 1991 646 «Si

1146 665 1259 690 sanctus
1290 670 1331 696 es,
1364 663 1642 700 comprehendisti».
1664 665 1721 692 Alio
1745 665 1827 693 modo
1849 666 1921 694 idem
1952 669 1993 694 est

1144 709 1219 745 quod
1242 709 1321 737 clare
1344 709 1439 737 videre
1460 713 1487 738 et
1507 709 1631 747 perfecte
1655 720 1776 745 amare,
1799 712 1871 740 sicut
1884 712 1919 740 ad
1936 712 1994 740 Phi-

1145 755 1284 792 lippenses
1307 756 1404 785 tertio:
1438 757 1472 785 Si
1491 765 1547 795 qao
1568 758 1652 786 modo
1674 758 1933 795 eomprehendam,
1962 758 1993 786 in

1145 811 1200 840 quo
1222 806 1247 830 et
1268 802 1493 839 comprehensus
1514 813 1590 832 simii.
1606 805 1699 833 Tertio
1714 806 1797 834 modo
1812 805 1993 843 eomprehen-

1145 849 1212 877 dere
1232 853 1273 878 est
1295 850 1367 878 idem
1391 851 1465 887 quod
1483 851 1620 879 terminos
1635 852 1680 880 rei
1693 852 1829 880 claudere
1841 863 1850 885 ,·
1864 853 1902 881 sic
1918 853 1992 881 Deus

1144 900 1185 925 est
1206 897 1504 933 incomprehensibilis.
1527 898 1594 926 Cum
1618 907 1684 934 ergo
1706 899 1824 931 dicitur,
1840 900 1914 936 quod
1930 900 1993 928 San-

1145 944 1179 972 cti
1203 947 1268 973 sunt
1289 944 1542 981 comprehensores
1564 945 1590 973 in
1612 947 1717 983 patria,
1732 950 1759 975 et
1774 947 1848 983 quod
1864 947 1992 976 Christus

1145 990 1196 1018 fuit
1227 990 1471 1027 eompreliencor;
1502 992 1669 1027 dicendum,
1691 993 1765 1030 quod
1789 994 1881 1022 medio
1911 994 1992 1022 modo

1144 1038 1295 1074 accipitur,
1317 1042 1344 1067 et
1365 1038 1404 1067 sic
1427 1039 1510 1067 habet
1533 1039 1697 1073 veritatem;
1719 1048 1783 1068 nam
1806 1040 1934 1069 Christus
1956 1041 1993 1068 vi-

1145 1085 1191 1113 det
1214 1085 1259 1113 Dei
1284 1086 1499 1114 immensitatem
1528 1094 1577 1115 nec
1600 1090 1674 1115 tenet
1699 1087 1751 1115 hoc
1773 1087 1843 1121 side,
1865 1087 1914 1116 sed
1936 1095 1993 1116 cer-

1145 1132 1251 1160 tissima
1272 1133 1439 1169 cognitione,
1456 1133 1508 1162 hoc
1523 1133 1592 1167 est⁶‚
1608 1134 1684 1161 novit
1703 1134 1791 1162 Deum
1814 1134 1991 1163 immensum.

1144 1196 1181 1199 —
1199 1180 1227 1207 Et
1242 1179 1270 1207 si
1291 1183 1322 1207 tu
1344 1188 1486 1217 quaeret-5,
1502 1183 1599 1208 utrum
1613 1180 1751 1217 positive,
1770 1181 1811 1209 vel
1823 1181 1971 1218 privative
1982 1192 1991 1214 ;
2004 1188 2091 1214 Quaestio
2104 1188 2130 1216 iq-

1144 1226 1310 1261 dicendum,
1341 1227 1415 1264 quod
1445 1227 1566 1264 quodam
1600 1228 1683 1256 modo
1710 1228 1847 1264 positive,
1869 1228 1991 1265 quodam
2005 1211 2130 1253 fflfnmm

1144 1274 1226 1302 modo
1247 1274 1412 1310 privative:
1431 1274 1567 1311 positive,
1590 1278 1725 1311 quantum
1750 1283 1778 1303 se
1800 1275 1927 1303 extendit
1951 1283 1993 1303 ca-

1145 1321 1248 1357 pacitas
1270 1329 1337 1349 suae
1359 1321 1575 1357 intelligentiae3
1599 1322 1746 1358 privative
1778 1322 1917 1359 deinceps.
1944 1322 1993 1350 Ad-

1145 1367 1264 1395 miratur
1285 1368 1358 1396 enim
1382 1368 1456 1396 illam
1480 1376 1619 1397 summam
1642 1369 1861 1406 profunditatem
1879 1369 1991 1397 immen-

1144 1414 1231 1443 sitatis
1253 1415 1379 1448 divinae‚
1402 1415 1473 1443 sicut
1495 1415 1562 1443 dicit
1577 1415 1753 1452 Propheta⁷:
1780 1415 1927 1444 Mirabilis
1947 1414 1992 1453 fa-

1143 1465 1190 1489 eta
1212 1465 1252 1489 est
1272 1462 1395 1490 seientia
1418 1465 1469 1490 lita
1491 1471 1525 1490 eac
1547 1471 1608 1496 me,
1630 1461 1799 1500 confortata
1821 1467 1878 1497 esc,
1894 1467 1918 1491 et
1933 1471 1990 1491 non

1140 1512 1241 1545 potero
1263 1509 1304 1537 ad
1324 1518 1396 1537 eam.
1421 1510 1450 1537 Et
1472 1509 1510 1538 sic
1533 1513 1607 1546 patet
1629 1513 1727 1538 totum.
1833 1502 1835 1507 ’

979 1601 1241 1636 SOHOLION.

280 1708 282 1710 ,
298 1688 311 1709 l.
332 1688 362 1710 De
380 1688 461 1716 triplici
479 1694 548 1710 sensu
565 1688 630 1710 vorbi
649 1687 846 1717 comprehendere
863 1688 917 1710 vide
935 1688 1001 1710 solut.
1020 1688 1049 1710 ad
1061 1688 1083 1717 7,

234 1726 274 1749 ubi
292 1727 385 1755 dieitur,
404 1727 466 1755 quod
485 1726 681 1756 comprehendere
698 1728 719 1749 in
739 1728 802 1749 tertio
815 1733 883 1749 sensu
896 1727 957 1749 idem
976 1727 1084 1756 estquod

238 1767 370 1788 «terminos
388 1767 419 1788 rei
437 1766 544 1788 claudere
556 1773 577 1793 »ς
597 1767 640 1788 hoc
658 1772 702 1788 non
720 1767 852 1793 intelligitur
877 1766 1004 1788 secundum
1026 1766 1085 1795 fines

233 1805 284 1833 rei,
303 1811 356 1827 cum
375 1805 436 1827 Deus
453 1812 494 1827 nec
512 1806 567 1827 tales
579 1805 635 1827 fines
648 1806 730 1828 haheat
742 1812 783 1828 nec
795 1805 829 1828 sic
841 1805 870 1827 ab
882 1806 932 1833 ipso
945 1812 987 1828 suo
1006 1806 1085 1828 (livino
1094 1815 1104 1830 q

234 1845 346 1867 intellectu
368 1845 588 1873 comprehendatur,
607 1845 647 1866 scd
666 1845 796 1872 intelligitur
815 1845 843 1867 de
862 1848 936 1866 mente
954 1851 1003 1867 rem
1021 1845 1085 1867 intel-

234 1884 317 1911 ligente
336 1884 464 1906 seeundum
483 1886 551 1906 totam
570 1885 694 1911 rationem,
713 1890 757 1912 qua
776 1887 809 1906 est
827 1884 980 1912 intelligibilis.
1000 1885 1022 1906 ln
1041 1885 1084 1906 hoc

234 1930 301 1945 sensu
321 1926 398 1946 contra
425 1924 580 1946 Eunomianos
606 1923 650 1945 fide
668 1927 768 1951 constat,
788 1924 851 1952 quod
869 1924 930 1946 Deus
947 1927 980 1946 cst
998 1923 1083 1947 incom-

233 1962 395 1992 prehensibilis
418 1967 523 1991 respectu
550 1963 671 1985 cuiuslibet
690 1966 807 1985 creaturae
826 1963 875 1991 (cfr.
893 1962 961 1985 Conc.
980 1963 1082 1986 Laterun.

235 2002 271 2024 lv.
290 2009 308 2025 c.
332 2003 354 2030 Ι,
371 2005 393 2025 et
411 2003 512 2025 Vatican.
530 2002 557 2025 de
574 2001 631 2025 Fide
648 2009 666 2024 C.
689 2002 724 2031 l.>.
743 2003 810 2030 Nom,
834 2006 858 2024 ut
875 2003 929 2025 dicit
946 2003 1052 2025 Ricliard.
1071 2009 1083 2024 a

235 2041 292 2063 Med.
312 2041 357 2067 (hie
374 2048 394 2063 a.
416 2042 432 2063 1.
451 2048 472 2070 q.
492 2041 538 2070 4.),
561 2050 570 2061 «
583 2044 695 2070 quantum
721 2047 758 2063 res
784 2041 852 2063 habet
871 2041 900 2063 de
918 2042 1019 2068 emitote,
1039 2045 1083 2063 tan-

235 2083 283 2102 tum
301 2080 369 2102 habet
386 2081 414 2102 de
432 2081 625 2109 intclligibilitatffi
638 2081 679 2102 sed
693 2080 794 2103 Verbum
808 2084 926 2103 aeternum
939 2084 973 2103 est
984 2080 1084 2102 infinitae

235 2120 347 2142 entitatis:
365 2126 422 2147 ergo
439 2122 472 2141 cst
490 2120 589 2142 infinitae
614 2120 813 2148 intelligibilitatis;
840 2120 901 2142 unde
921 2123 1032 2148 quantum
1050 2123 1084 2142 est

234 2165 261 2181 ex
279 2162 343 2187 parte
360 2165 400 2181 sua
411 2177 416 2187 ‚
434 2159 574 2187 intelligibile
591 2162 625 2181 est
641 2163 692 2181 actu
712 2159 804 2189 infinito
830 2159 941 2182 intensive
958 2160 994 2181 vel
1013 2160 1034 2181 in
1052 2160 1083 2181 vi-

235 2204 298 2226 gore.
317 2199 396 2220 Anima
415 2202 491 2220 autem
510 2198 604 2225 Christi,
622 2205 675 2220 cum
693 2199 721 2220 sit
738 2202 854 2225 creature,
869 2205 912 2220 non
930 2201 1004 2226 potest
1022 2199 1082 2221 intel-

1143 1688 1213 1716 ligere
1241 1688 1326 1716 aliquid
1353 1688 1492 1716 intelligibile
1518 1688 1668 1710 intellectione
1691 1688 1784 1718 infinita
1800 1688 1944 1711 intensive».
1962 1701 1992 1704 —-

1142 1727 1202 1749 Licet
1220 1727 1333 1755 quaedam
1353 1727 1423 1749 verba
1442 1728 1476 1749 Ss.
1495 1727 1585 1749 Pau-um
1605 1727 1654 1754 (cfr.
1673 1728 1709 1749 liic
1721 1734 1769 1755 arg.
1788 1728 1809 1749 3.
1827 1727 1856 1749 ad
1874 1728 1965 1756 oppos.)
1978 1734 1990 1749 a

1142 1767 1259 1788 communi
1285 1767 1363 1794 regula
1390 1768 1494 1794 excipere
1517 1767 1625 1789 videntur
1642 1768 1742 1789 animam
1760 1767 1853 1795 Christi,
1871 1770 1893 1789 et
1910 1773 1989 1789 revera

1142 1806 1185 1828 hoc
1203 1806 1286 1828 sai-iant
1302 1806 1371 1834 aliqui
1390 1807 1457 1834 pauci
1476 1807 1588 1834 [lieologi;
1607 1810 1681 1828 tamen
1704 1807 1821 1828 conclusio
1841 1807 1940 1828 auctoris
1957 1809 1991 1828 est

1142 1845 1329 1867 communissima
1348 1848 1369 1867 ct
1387 1848 1454 1867 certa.
1474 1845 1582 1872 Opposita
1601 1845 1702 1867 doctrina
1716 1845 1837 1867 cuiusdam
1855 1845 1989 1872 archiepisc.

1142 1885 1261 1912 Augustini
1280 1891 1291 1906 a
1311 1885 1381 1906 Roma
1400 1884 1522 1912 reprobata
1540 1888 1574 1907 cst
1591 1891 1602 1906 a
1621 1884 1705 1907 Concu.
1724 1885 1860 1913 Basileensi,
1879 1891 1935 1906 sess.
1952 1885 1989 1906 22.

1141 1935 1171 1939 —
1190 1923 1246 1945 Tota
1259 1924 1412 1945 conclusionis
1423 1923 1542 1951 explicatio
1555 1924 1632 1945 nititur
1644 1924 1761 1945 communi
1774 1923 1916 1945 distinctione
1932 1923 1990 1945 intur

1142 1968 1281 1991 coquoscere
1293 1964 1368 1985 totum
1385 1966 1406 1984 et
1423 1968 1564 1991 coy'noscere
1581 1962 1700 1990 totaliter,
1720 1963 1769 1984 sive
1787 1968 1928 1992 cognoscere
1939 1961 1990 1992 infi-

1140 2001 1218 2024 nitum
1235 2004 1257 2023 ct
1273 2007 1414 2031 coynoscere
1430 2001 1534 2031 infinite;
1547 2008 1605 2030 quae
1618 2002 1705 2029 optime
1720 2001 1749 2023 ab
1767 2004 1859 2023 auctore
1877 2001 1924 2029 <hic
1935 2005 1957 2024 et
1976 2002 1988 2023 l.

1141 2041 1202 2063 Sent.
1220 2041 1242 2063 d.
1261 2041 1282 2063 3.
1301 2047 1322 2069 p.
1342 2041 1355 2063 Ι.
1374 2047 1396 2069 q.
1418 2042 1435 2062 l.
1454 2041 1483 2063 ad
1509 2042 1526 2063 l,
1549 2044 1571 2063 et
1589 2041 1619 2069 3.)
1643 2041 1793 2068 explanantur
1815 2043 1837 2063 et
1854 2040 1988 2069 probantur.

1204 2080 1226 2102 11.
1245 2081 1305 2102 Alex.
1324 2080 1384 2108 Hah,
1403 2081 1424 2102 S.
1443 2087 1465 2108 p.
1484 2080 1514 2102 tlt.
1538 2087 1560 2109 q.
1584 2081 1620 2102 13.
1644 2087 1674 2103 m.
1695 2080 1716 2102 7.
1734 2092 1766 2096 —-
1783 2081 1854 2108 Scot.,
1873 2081 1909 2102 hic
1926 2087 1948 2109 q.
1967 2081 1988 2102 2.

1141 2127 1162 2142 u.
1181 2120 1201 2142 6,
1219 2126 1284 2148 seqq.
1301 2132 1333 2136 —
1350 2120 1371 2141 S.
1390 2120 1485 2147 Thom.⁷
1504 2121 1540 2142 hic
1557 2126 1577 2142 a.
1596 2121 1616 2141 2.
1634 2120 1775 2148 quaestiunc.
1792 2120 1797 2141 l
1813 2127 1818 2147 ;
1836 2120 1858 2141 S.
1872 2120 1902 2141 tlt.
1916 2125 1937 2148 q.
1952 2119 1987 2141 40.

1140 2166 1159 2181 u.
1183 2160 1199 2181 1.
1217 2171 1248 2175 -
1266 2160 1357 2187 Dionys.
1380 2158 1467 2186 earm,
1491 2160 1527 2181 hic
1545 2166 1566 2188 q.
1586 2160 1607 2181 2.
1624 2172 1654 2175 —
1671 2159 1695 2181 B.
1712 2159 1810 2187 Albert.,
1829 2160 1865 2181 hic
1881 2165 1900 2181 a.
1922 2159 1940 2180 l,
1957 2170 1989 2174 --

1141 2199 1197 2220 Pctr.
1216 2205 1227 2220 a
1246 2199 1311 2226 Ter„
1331 2199 1366 2220 hic
1383 2205 1403 2220 a.
1422 2199 1443 2220 2.
1461 2199 1603 2226 quaestione.
1622 2199 1642 2220 2.

996 2277 1159 2314 QUAESTIO
1182 2277 1221 2305 ΙΙΙ.

348 2366 451 2404 Πιφζιιφη
474 2365 578 2393 anima
602 2364 713 2393 Christi
734 2365 764 2392 in
786 2364 981 2402 cognoscendo
1004 2365 1096 2392 Deam
1117 2364 1224 2401 defipat
1245 2367 1395 2400 aspectam
1417 2364 1448 2391 in
1470 2364 1568 2401 ipsum
1590 2364 1686 2392 lumen
1707 2368 1878 2398 aeternum,

878 2424 919 2444 an
940 2416 972 2443 iii
992 2415 1108 2453 aliquid
1128 2414 1212 2452 infra
1235 2415 1341 2452 ipsum.

314 2504 406 2533 Tertio
427 2504 589 2541 quaeritur,
604 2507 700 2532 utrum
717 2504 809 2532 anima
824 2503 925 2532 Christi
942 2503 968 2531 in
984 2511 1081 2539 cogno-

235 2551 337 2580 scendo
358 2551 446 2580 Deum
469 2551 571 2588 defigat
592 2554 735 2588 aspectum
759 2551 785 2579 in
808 2551 900 2588 ipsum
923 2550 1017 2579 lumen
1040 2557 1082 2578 ae-

234 2602 362 2633 ternum,
383 2606 417 2626 an
442 2599 468 2626 in
490 2598 595 2635 aliquid
618 2598 690 2626 infra
711 2598 813 2635 ipsum.
837 2598 867 2626 Et
885 2598 960 2634 quod
977 2605 1031 2625 non
1047 2597 1084 2625 vi-

234 2641 298 2674 deat
313 2645 404 2682 ipsum
428 2646 530 2673 fontem
554 2645 684 2679 luminis,
706 2645 826 2673 videtur.

1984 2410 1998 2424 q!

1220 2504 1243 2531 t.
1266 2502 1373 2530 Primae
1388 2502 1422 2530 ad
1439 2502 1614 2531 Timotheum
1628 2506 1708 2531 sexto
1718 2503 1739 2530 ¹³:
1756 2503 1861 2531 Lucem
1873 2501 1987 2531 habitat
1998 2507 2113 2549 Adtfx?1?⁰⁵³'
2157 2539 2158 2547 ἵ

1139 2548 1377 2582 inaccessibilem,
1393 2557 1482 2586 quam
1497 2549 1596 2577 ‘titilius
1612 2548 1764 2577 hominum
1779 2549 1861 2583 vidit,
1873 2549 1924 2578 sed
1934 2558 1984 2578 nee
2074 2547 2077 2550 ’

1140 2597 1237 2625 videre
1257 2600 1361 2634 potest.-
1381 2605 1447 2633 ergo
1463 2596 1603 2631 Christus.
1620 2597 1774 2626 secundum
1794 2597 1869 2634 quod
1889 2597 1985 2631 homo,

1142 2651 1285 2680 nunquam
1310 2643 1396 2671 Deum
1420 2643 1447 2671 in
1468 2652 1519 2672 sua
1542 2643 1602 2672 luce
1621 2644 1688 2672 vidit
1702 2652 1752 2672 nec
1774 2644 1870 2672 videre
1884 2647 1983 2680 potest.

297 2740 304 2754 ¹
323 2739 378 2762 Cod.
398 2740 414 2761 U
432 2739 495 2762 addit
512 2739 579 2762 illud.
606 2740 628 2761 lu
652 2739 696 2761 fine
717 2740 783 2762 solut.
807 2746 848 2767 pro
866 2740 956 2769 oportet
978 2739 1044 2761 codd.
1063 2741 1080 2760 Α

234 2779 251 2801 Κ
271 2778 341 2801 debet.

296 2818 305 2832 ²
322 2818 394 2841 Codd.
413 2820 429 2840 Α
440 2818 457 2840 G
468 2818 498 2840 tlt
509 2819 528 2840 K
539 2818 554 2840 L
565 2824 590 2840 aa
609 2817 790 2846 comprehendit.

295 2857 304 2872 ³
322 2857 394 2880 Codd.
407 2858 424 2879 G
437 2858 442 2879 l
453 2858 468 2879 L
479 2858 497 2879 T
509 2858 527 2878 V
537 2864 563 2879 aa
576 2856 695 2886 coynoseit
706 2856 776 2886 quod,
791 2856 853 2880 ssent
864 2863 998 2886 nunqnam.
1011 2857 1080 2878 Paulo

233 2897 339 2924 superius
357 2899 408 2924 post
425 2895 472 2919 Sed
487 2895 557 2918 aliter
574 2896 641 2918 codd.
660 2896 736 2918 141th
753 2896 856 2918 subdunt
867 2897 953 2918 tamen.

296 2934 304 2949 ⁴
322 2936 450 2963 Respicitur
462 2935 525 2958 Cant.
538 2936 559 2963 2,
572 2936 592 2957 3.
605 2939 627 2957 et
639 2936 660 2963 3,
674 2935 694 2957 4.
707 2935 751 2958 Ct'r.
765 2936 800 2957 lV.
813 2936 873 2958 Scnt.
886 2936 907 2957 d.
922 2935 958 2957 49.
969 2942 990 2963 p.
1001 2936 1015 2957 1.
1026 2942 1047 2964 q.
1058 2936 1079 2957 6.

296 2975 305 2989 ⁵
322 2975 375 2996 Sive
393 2975 421 2997 de
438 2975 555 2997 Consider.
571 2975 597 2997 V.
616 2981 634 2997 c.
649 2974 683 2996 it.
702 2981 723 2997 n.
742 2975 778 2997 30.
792 2987 822 2990 —
834 2976 886 3003 Seq.
900 2976 963 2997 locus
981 2976 1079 3002 Scriptu-

232 3021 272 3037 rae
289 3017 323 3036 cst
341 3014 394 3035 Phil.
413 3014 438 3042 3,
458 3015 493 3036 l‘2.
512 3027 541 3029 ——
561 3014 629 3036 Paulo
647 3015 754 3041 superius
777 3017 828 3042 post
850 3020 898 3037 uno
920 3013 990 3037 modo
1011 3014 1078 3036 codd.

1139 2738 1275 2760 FGNbe
1297 2743 1404 2765 repetunt
1426 2738 1524 2767 dicitur,
1549 2741 1572 2761 et
1593 2738 1692 2761 subinde
1715 2745 1756 2766 pro
1774 2737 1873 2761 caritate
1895 2738 1946 2760 cod.
1966 2738 1981 2759 li

1137 2777 1227 2799 exhibet
1244 2777 1345 2800 cantati.

1200 2817 1209 2831 ⁶
1228 2818 1269 2839 Pro
1287 2817 1330 2841 hoc
1347 2819 1391 2846 est,
1415 2818 1451 2840 eui
1469 2818 1558 2840 lectioni
1579 2818 1704 2839 assentiunt
1721 2817 1789 2838 codd.
1801 2817 1819 2838 A
1830 2816 1872 2838 HZ
1883 2816 1929 2843 bb,
1947 2816 1983 2837 alii

1138 2857 1205 2879 codd.
1223 2856 1266 2880 hoc
1283 2857 1358 2885 enim,
1379 2857 1445 2879 codd.
1465 2857 1483 2878 K
1494 2857 1511 2878 Μ
1523 2856 1541 2878 Ο
1559 2856 1603 2879 liae
1621 2856 1694 2884 enim,
1714 2856 1766 2878 edd.
1785 2855 1822 2879 liic
1844 2855 1913 2878 enim.
1933 2855 1983 2876 Pro-

1137 2897 1197 2918 xime
1215 2900 1266 2924 post
1284 2903 1325 2924 pro
1342 2896 1484 2919 immensum
1502 2896 1570 2918 codd.
1587 2896 1605 2917 G
1617 2896 1622 2917 l
1635 2895 1651 2917 L
1664 2895 1679 2917 N
1693 2895 1711 2916 Τ
1725 2895 1740 2917 U
1753 2895 1769 2916 Z
1781 2901 1807 2916 aa
1825 2894 1950 2917 intensum.

1199 2934 1209 2949 ⁷
1227 2935 1307 2957 Psatm.
1328 2935 1381 2962 138,
1400 2936 1421 2957 6.

1199 2973 1209 2988 ⁸
1228 2975 1291 2997 Vers.
1313 2975 1347 2996 16.
1365 2987 1395 2990 —
1413 2975 1481 2996 Paulo
1493 2975 1600 3002 superius
1618 2980 1660 3001 pro
1677 2972 1743 3002 infra
1755 2973 1834 3002 ipsum
1851 2972 1904 2995 edd.
1921 2971 1982 2995 citra

1136 3020 1221 3044 ipsum.
