2166 3366
22 1391 62 1433 aqu
66 1391 140 1439 0ρέεεί-

23 1438 144 1480 ῗζῗῑῡὲπῑῡ·
153 1439 284 1469 mandato
305 1439 339 1468 de
367 1439 513 1468 dilectione
534 1439 656 1475 proximi
685 1441 741 1467 tota
772 1439 828 1467 Lex
850 1440 940 1474 potest
961 1437 998 1465 in-

739 171 819 199 DlST.
842 170 965 199 xxxvtt.
988 170 1060 198 ΛΒΤ.
1082 169 1111 198 ll.
1134 169 1269 206 QUAEST.
1293 168 1310 196 Ι.

150 252 218 287 suit,
239 251 320 289 quia,
342 258 406 280 cum
428 250 560 279 mandata
583 249 721 287 Decaloyz'
741 252 833 278 essent
855 249 888 277 de
911 249 993 277 dicta-

151 300 225 328 mine
247 298 315 335 legis
337 301 469 332 naturae,
492 297 600 326 modica
622 296 783 334 indigebant
804 296 992 332 expositione,

150 345 225 374 unde
248 344 388 381 simplices
409 345 502 373 statim
522 347 674 381 potuerunt
696 343 743 372 illa
764 351 872 380 capere.
896 342 993 371 Caeri-

149 392 293 421 monialz'a
321 400 387 421 vero
408 395 435 421 et
456 391 613 420 iudicialz'a
641 391 800 427 indigebant
829 390 925 419 maiori
956 390 993 418 in-

1840 168 1892 196 821

1051 247 1221 281 structione;
1243 247 1318 276 unde
1345 246 1457 275 illorum
1486 245 1605 282 cognitio
1634 245 1816 283 principalius
1840 254 1899 283 spe-

1050 295 1143 323 ctabat
1169 294 1203 323 ad
1234 294 1340 323 iudices
1367 296 1394 322 et
1416 293 1592 327 sacerdotes;
1614 292 1676 322 ideo
1699 301 1752 321 non
1774 293 1813 321 sic
1842 293 1898 321 fue-

1051 346 1117 371 runt
1148 342 1212 371 data
1241 341 1343 379 populo
1376 341 1550 372 immediate,
1580 340 1628 369 sed
1658 340 1799 369 mediante
1821 340 1899 377 legis-

1050 390 1137 418 latore
1150 390 1165 417 ¹.

871 488 1105 522 ARTICULUS
1132 489 1168 521 ll.

559 585 600 613 De
620 585 771 614 mandatis
794 584 931 621 Decaloyt'
950 583 1048 621 quoad
1068 582 1282 611 distinctionem
1304 585 1328 609 et
1350 581 1490 610 ordinem.

227 684 434 722 Consequenter
463 684 609 722 quaeritur
637 684 672 713 de
701 683 839 712 mandatis
867 682 993 719 Decalogi

149 735 285 769 quantum
306 732 341 760 ad
364 731 490 760 ordinem
512 734 538 760 et
560 731 773 760 distinctionem.
797 730 827 758 Et
847 729 920 759 circa
942 729 995 758 hoc

150 779 204 807 tria
225 781 341 816 possunt
363 779 468 816 quaeri.

228 826 320 854 Primo
351 826 497 862 quaeritur
519 825 553 854 de
575 825 699 862 ipsorum
722 824 918 853 mandatorum
948 831 996 852 nu-

150 880 227 901 mero
248 875 275 901 et
297 871 477 906 sufficientia,
499 875 596 900 utrum
618 871 672 900 sint
693 871 798 900 decem.

1131 680 1258 709 Secundo
1286 680 1432 717 quaeritur
1461 680 1495 709 de
1523 680 1619 709 ordine
1649 681 1774 717 ipsorum
1796 680 1831 709 ad
1861 680 1898 708 in-

1052 729 1149 757 vicem.

1132 774 1224 803 Tertio
1245 782 1312 802 vero
1334 774 1479 811 quaeritur
1500 774 1534 803 de
1564 782 1682 803 numero
1703 778 1729 803 et
1750 774 1847 803 ordine
1871 775 1897 802 in

1053 825 1259 858 comparatione
1280 820 1315 849 ad
1337 820 1497 849 tabularum
1520 820 1732 849 distinctionem.

923 968 1085 1005 QUAESTIO
1107 968 1124 996 l.

353 1058 455 1087 Utrum
479 1058 623 1086 mandata
645 1057 783 1095 Decalogyz'
803 1056 923 1085 debeam
944 1064 1003 1084 esse
1025 1059 1140 1084 tantiam
1162 1055 1274 1088 decem,
1296 1063 1337 1083 cm
1354 1054 1464 1092 plura,
1486 1062 1526 1083 om
1546 1053 1701 1091 pauciora.

229 1156 308 1186 Circa
323 1157 445 1194 primum
458 1156 497 1186 sic
509 1156 672 1193 proceditur
687 1159 714 1185 et
728 1155 883 1193 quaeritur,
901 1159 996 1183 utrum

151 1204 282 1233 mandata
313 1203 439 1241 Decalogi
469 1203 589 1232 debeant
609 1211 670 1232 esse
691 1206 799 1232 tantum
821 1203 933 1237 decem,
961 1209 996 1230 an

152 1251 250 1288 plura,
271 1259 305 1280 an
328 1251 468 1288 pauciora.
492 1251 522 1279 Et
537 1250 611 1288 quod
627 1250 746 1279 debeant
761 1257 821 1278 esse
832 1249 996 1287 pauciora,

152 1298 278 1328 videtur:
782 1290 786 1297 ’

233 1348 256 1374 1.
283 1346 352 1383 Quia
381 1345 416 1374 ad
444 1346 582 1374 Romanos
610 1345 718 1374 decimo
746 1344 847 1373 tertio‘·⁷
875 1343 995 1373 dicitur:

155 1393 213 1429 Qui
239 1392 335 1431 diliyic
358 1392 531 1430 proximum
562 1392 660 1429 Legem
692 1391 820 1428 implevit
835 1401 843 1419 .·
875 1399 942 1427 ergo
970 1390 995 1418 in

152 1487 246 1516 cludi:
271 1486 382 1515 videtur
403 1494 484 1523 ergo.
507 1485 580 1523 quod
602 1485 732 1514 mandata
747 1493 800 1513 non
817 1484 934 1513 debeant
950 1491 998 1511 nu-

153 1544 231 1565 mero
252 1535 367 1564 denario
395 1534 591 1572 multiplicari,
614 1542 677 1562 cum
701 1533 727 1562 in
750 1533 930 1570 paucioribus
959 1540 999 1561 sa-

153 1582 187 1611 tis
209 1581 412 1611 contineantur.

232 1630 258 1658 2.
285 1629 370 1662 ltem‚
399 1637 484 1666 super
513 1628 582 1657 illud
611 1627 646 1656 ad
674 1628 811 1655 Romanos
838 1625 997 1663 septimo⁸t

155 1675 425 1713 Concupiscentiam
456 1674 639 1708 nescieba.m;
669 1674 782 1703 Glossa:
818 1673 926 1701 «Bona
958 1675 999 1701 est

153 1723 226 1757 Lex,
248 1730 339 1760 quae.
362 1722 429 1751 dum
452 1721 703 1759 concupiscentiam
734 1721 878 1758 prohibet,
907 1720 1000 1748 omnia

154 1769 227 1798 mala
249 1769 379 1806 prohibet
393 1779 420 1797 »z
437 1768 458 1797 si
474 1776 540 1805 ergo
556 1768 582 1796 in
598 1767 784 1805 prohibitione
806 1767 1000 1804 concupiscen-

158 1817 212 1846 tiae
241 1819 333 1846 cetera
360 1815 433 1844 mala
459 1815 658 1853 prohibentur,
687 1814 815 1849 videtur,
834 1812 916 1851 ‘quod
946 1813 1000 1842 alia

153 1863 285 1892 mandata
305 1862 491 1900 superfluunt.
659 1859 661 1862 “

235 1910 260 1939 3.
276 1910 359 1944 item,
380 1910 551 1947 quicumque
566 1911 661 1946 peccat
676 1908 846 1942 mortaliter,
862 1915 891 1936 se
907 1907 998 1944 ipsum

154 1956 294 1986 occidit⁴:
323 1964 390 1994 ergo
419 1964 483 1985 cum
513 1955 540 1984 in
568 1956 705 1985 occisione
726 1955 916 1992 'prohibeatur
945 1961 999 1982 non

156 2007 263 2032 tantum
286 2003 467 2032 homicidium
490 2003 651 2040 corporale,
672 2003 720 2031 sed
743 2003 825 2031 etiam
842 2001 999 2039 spirituale,

155 2059 209 2079 non
230 2053 337 2079 tantum
359 2050 467 2087 operis,
494 2049 546 2090 vsed
575 2050 657 2079 etiam
684 2049 850 2083 voluntatis;
872 2049 999 2083 videtur,

155 2098 229 2135 quod
253 2097 279 2126 in
303 2097 349 2126 illa
371 2097 555 2134 prohibitione
588 2097 788 2134 prohibeantur
820 2095 913 2124 omnia
942 2103 1000 2132 pec-

156 2149 233 2174 cata:
255 2152 321 2181 ergo
342 2144 520 2182 superfluunt
541 2144 634 2172 onmia
655 2143 708 2172 alia
730 2143 868 2172 mandata.

235 2193 260 2221 [ι.
284 2193 365 2226 item,
387 2192 544 2220 differentia
565 2192 643 2228 Legis
664 2194 691 2220 et
706 2190 844 2228 Evangelii
860 2194 910 2223 est,
925 2190 999 2228 quod

158 2240 211 2268 Lex
235 2238 381 2276 prohibeat
404 2245 535 2272 manum,
564 2245 617 2266 non
646 2238 791 2272 animum3
821 2237 999 2274 Evangelium

157 2289 249 2314 autem
273 2293 326 2313 non
348 2285 438 2314 solum
467 2293 596 2319 manum,
619 2285 666 2313 sed
688 2285 770 2313 etiam
793 2284 918 2312 animum
941 2291 1002 2320 pro-

158 2331 271 2360 liibet⁵t
294 2339 360 2367 ergo
384 2331 507 2360 videtur.
524 2331 596 2368 quod
615 2331 791 2359 solummodo
813 2330 923 2358 deberet
942 2337 1002 2366 pro-

159 2378 247 2407 hiberi
263 2381 342 2406 actus
357 2378 489 2411 exterior.
505 2381 531 2406 et
547 2386 609 2412 non,
621 2377 695 2414 quod
710 2379 847 2414 spectaret
858 2376 892 2404 ad
908 2379 1000 2405 actum

160 2424 319 2453 interiorem
334 2415 346 2452 ε’
362 2432 428 2461 ergo
454 2423 603 2461 superfluit
625 2423 787 2452 mandatum
810 2423 844 2451 de
866 2430 919 2450 non
942 2429 1002 2451 con-

159 2471 335 2508 cupiscendo.
358 2471 391 2499 Si
411 2475 441 2498 m
463 2463 562 2504 (lic-cis,
591 2469 666 2507 quod
690 2469 854 2507 prohibetur
876 2468 1003 2505 conrupi-

159 2519 277 2550 scentia.
300 2527 371 2556 quac
393 2517 571 2555 progreditur
595 2517 619 2545 in
642 2525 731 2554 opus;
753 2520 856 2545 contra
873 2516 923 2544 hoc
945 2519 1000 2544 cst:

159 2566 224 2604 quia
246 2566 292 2594 illa
321 2573 374 2594 non
403 2564 584 2599 distinguitur
613 2572 629 2591 a
658 2567 770 2600 peccato
797 2563 906 2600 operis:
936 2571 1002 2599 ergo

222 2659 229 2674 ¹
250 2659 306 2682 Vide
324 2659 425 2681 scholion
443 2658 471 2679 nd
491 2658 665 2686 praem-dentem
684 2662 770 2686 (maest.

222 2699 230 2713 ²¹
249 2699 313 2721 Vei-s.
327 2701 347 2720 κ.
360 2710 391 2715 -
404 2698 424 2719 ln
444 2699 486 2719 line
499 2704 547 2724 arg.
567 2704 608 2724 pro
622 2696 679 2719 salis
696 2696 862 2720 contineamur
879 2697 946 2718 codd.
966 2696 1001 2719 rin

160 2737 235 2767 muqis
253 2737 328 2759 (codd.
348 2737 365 2758 M
377 2736 395 2757 0
414 2736 510 2763 maior),
531 2735 592 2764 quod
611 2736 668 2757 roi-10
686 2739 719 2758 cst
738 2736 787 2757 loco
805 2735 929 2763 proverbii.

222 2776 232 2791 ³
250 2777 312 2798 Vei-s.
332 2777 352 2798 7.
366 2788 395 2791 —-
414 2776 445 2797 De
469 2775 560 2799 (nossa,
586 2780 645 2802 quae
666 2778 699 2796 ost
721 2773 856 2801 ortuum-ia,
877 2774 930 2796 vide
948 2778 1002 2796 tom.

163 2816 184 2837 il.
203 2821 255 2843 pag.
274 2815 331 2841 5528,
350 2819 401 2837 nota
422 2814 440 2836 ⁴.
459 2817 479 2835 1¹1
498 2819 550 2841 pag,
568 2813 620 2840 721,
639 2816 689 2835 nota
708 2814 728 2835 2.

224 2854 232 2868 ⁴
250 2855 303 2882 Sap.
325 2855 347 2881 l,
369 2855 407 2876 ll:
426 2854 456 2875 OS
473 2857 562 2879 autom,
580 2852 642 2881 quod
661 2853 779 2879 incutitur,
796 2852 877 2874 occidit
895 2853 1002 2874 animani.

161 2895 265 2920 August..
284 2892 344 2914 th.
367 2897 444 2914 cunii-a
464 2892 582 2918 Faustum,
601 2897 619 2913 c.
638 2891 679 2912 253:
706 2891 762 2919 Quin
784 2892 844 2913 enim
863 2897 907 2913 non
925 2891 1004 2913 intelli-

162 2931 245 2957 gebant
270 2932 419 2953 homicidium
446 2932 486 2953 nisi
514 2931 694 2958 pert-inpunitum
712 2931 815 2957 corporis
833 2931 938 2957 humani,
963 2936 1003 2957 prr

162 2977 231 2999 quum
250 2971 294 2993 vitu
314 2972 453 2999 privaretur,
476 2971 563 2998 niu-ruit
583 2970 706 2996 Dominus,
725 2975 816 2991 omnem
836 2970 938 2998 iniquum
958 2975 1003 2991 mo-

1054 1157 1234 1191 praeceptum
1269 1153 1304 1182 de
1336 1153 1522 1190 prohibitione
1553 1152 1629 1181 illius
1661 1147 1898 1189 concupiscentiae

1054 1209 1108 1229 non
1138 1201 1220 1230 debet
1248 1200 1444 1229 connumerari
1474 1203 1622 1237 praecepto
1650 1199 1685 1228 de
1713 1198 1898 1236 prohibitione

1053 1248 1146 1285 operis
1166 1248 1322 1276 exterioris.

1133 1295 1189 1324 Sed
1216 1298 1335 1323 contra:
1363 1294 1436 1332 quod
1460 1294 1580 1323 debeant
1607 1301 1668 1322 esse
1693 1293 1785 1330 plura
1813 1301 1897 1330 quam

1054 1343 1166 1377 decem,
1190 1342 1309 1371 videtur.

1135 1391 1159 1418 5.
1181 1390 1266 1426 Magis
1287 1397 1386 1418 sumus
1407 1389 1547 1418 debitores
1571 1388 1625 1417 Deo
1646 1395 1730 1426 quam
1753 1388 1898 1425 proximo:

1055 1445 1121 1474 ergo
1153 1435 1235 1474 plura
1267 1436 1401 1465 deberent
1432 1443 1493 1465 esse
1523 1435 1653 1464 mandata
1681 1435 1838 1463 ordinantia
1866 1435 1900 1463 ad

1055 1484 1143 1512 Deum
1173 1487 1257 1521 quam
1290 1482 1447 1511 ordinantia
1469 1483 1502 1511 ad
1532 1482 1713 1519 proximum:
1742 1490 1809 1518 ergo
1837 1490 1900 1510 cum

1057 1531 1187 1559 mandata
1208 1530 1366 1559 ordinantia
1387 1529 1422 1558 ad
1444 1529 1606 1567 proximum
1637 1529 1691 1558 sint
1719 1532 1840 1566 septem,
1866 1529 1902 1557 vi-

1056 1577 1152 1611 detur,
1174 1577 1248 1615 quod
1264 1577 1396 1606 mandata
1410 1576 1568 1605 ordinantia
1582 1576 1617 1604 ad
1634 1576 1721 1605 Deum
1738 1575 1792 1604 sint
1806 1575 1900 1612 plura.

1056 1624 1100 1654 vel
1122 1624 1219 1653 saltem
1241 1624 1364 1653 totidem.
1449 1618 1450 1621 ’

1137 1673 1163 1700 6.
1186 1672 1268 1705 item,
1294 1674 1401 1699 tantum
1431 1670 1589 1707 obligamur
1616 1669 1649 1698 ad
1672 1669 1900 1698 benefaciendum

1057 1719 1201 1756 proximo,
1217 1721 1352 1755 quantum
1378 1716 1544 1754 obligamur,
1560 1720 1591 1745 ut
1606 1724 1658 1745 non
1675 1716 1747 1745 male
1769 1716 1902 1745 faciamus

1057 1765 1080 1795 ei
1095 1765 1119 1793 ⁶:
1142 1773 1206 1794 cum
1228 1762 1295 1802 ergo
1316 1772 1367 1793 sex
1396 1764 1450 1793 sint
1471 1763 1618 1798 mandata,
1647 1763 1801 1792 secundum
1831 1770 1901 1799 quae

1059 1812 1250 1850 prohibemur,
1261 1820 1296 1840 ne
1307 1811 1482 1840 offendamus
1497 1811 1672 1848 proximum;
1688 1810 1812 1844 videtur,
1827 1809 1901 1847 quod

1058 1859 1155 1888 saltem
1178 1866 1228 1887 sex
1250 1858 1384 1887 deberent
1405 1865 1481 1891 esse,
1504 1857 1658 1886 secundum
1678 1858 1750 1894 quae
1769 1856 1903 1893 obligare-

1059 1914 1123 1934 mur
1145 1909 1171 1934 et
1193 1905 1390 1934 ordinaremur
1415 1905 1449 1933 ad
1472 1904 1721 1937 benefaciendum;
1743 1907 1770 1932 et
1791 1903 1812 1932 si
1836 1903 1902 1937 hoc,

1057 1952 1150 1981 onmia
1172 1952 1303 1981 mandata
1324 1954 1416 1980 essent
1438 1951 1534 1980 saltem
1556 1951 1725 1988 quindecim.

1137 2001 1163 2028 7.
1186 2000 1268 2034 item,
1291 2003 1396 2036 septem
1420 2002 1484 2027 sunt
1506 1998 1634 2035 capitalia
1656 2000 1768 2035 peccata
1790 1997 1827 2025 ita
1849 2003 1904 2024 ma-

1058 2055 1126 2084 gna,
1149 2050 1284 2084 quantum
1308 2050 1349 2075 est
1371 2046 1405 2075 de
1433 2049 1535 2075 natura
1563 2053 1629 2079 sna,
1657 2045 1729 2074 sicut
1758 2048 1902 2082 peccatum

1058 2094 1191 2123 avaritiae
1213 2097 1240 2122 et
1261 2093 1435 2122 luxuriae⁷1
1457 2101 1524 2129 ergo
1552 2093 1623 2122 sicut
1651 2091 1770 2129 speciale
1793 2091 1903 2119 manda-

1058 2144 1117 2169 tum
1140 2144 1196 2173 est,
1218 2140 1244 2168 in
1267 2148 1322 2177 quo
1342 2139 1509 2177 prohibetur
1530 2138 1662 2171 avaritia,
1677 2141 1704 2167 et
1724 2138 1750 2166 in
1771 2145 1827 2174 quo
1844 2145 1903 2174 pro-

1059 2187 1171 2216 hibetur
1187 2187 1316 2221 luxuria3
1339 2187 1372 2215 ita
1395 2186 1514 2223 speciale
1531 2185 1691 2214 mandatum
1708 2184 1821 2213 deberet
1840 2191 1900 2212 esse

1058 2235 1093 2263 ad
1108 2235 1162 2263 alia
1184 2235 1250 2263 vitia
1264 2233 1451 2271 prohibenda,
1467 2233 1504 2261 ita
1522 2232 1596 2269 quod
1612 2231 1723 2268 aliquod
1740 2234 1812 2259 esset
1827 2238 1901 2267 prae-

1059 2286 1186 2318 ceptum,
1210 2282 1235 2309 in
1264 2289 1319 2317 quo
1344 2280 1500 2317 specialiter
1529 2278 1726 2316 prohiberetur
1755 2277 1902 2314 superbia.

1059 2328 1185 2365 aliquod,
1208 2327 1234 2355 in
1250 2335 1305 2364 quo
1322 2327 1436 2359 invidia,
1458 2330 1485 2355 et
1507 2326 1545 2354 sic
1560 2326 1594 2354 de
1616 2325 1684 2353 aliis.
1705 2324 1738 2353 Si
1752 2328 1783 2352 cu
1805 2324 1902 2357 clz'eas,

1059 2375 1134 2412 quod
1156 2374 1288 2411 implicite
1309 2373 1494 2411 prohibentur
1517 2372 1543 2401 in
1565 2371 1751 2410 prohibitione
1777 2371 1904 2408 concupi—

1060 2421 1195 2455 scentiae3
1217 2420 1354 2449 obiicitur
1376 2423 1472 2448 contra
1494 2419 1560 2454 hoc,
1587 2418 1663 2456 quod
1691 2422 1747 2447 tres
1768 2421 1834 2446 sunt
1862 2426 1903 2446 ra-

1060 2468 1135 2497 diccs
1158 2471 1349 2504 peccatorum,
1379 2466 1533 2495 secundum
1563 2465 1637 2503 quod
1666 2465 1768 2493 dicitur
1796 2464 1903 2501 primae

1061 2514 1168 2543 loannis
1190 2515 1312 2543 secundo
1329 2515 1356 2542 ⁸:
1382 2513 1622 2551 (Joiicupt‘.s·eemict
1643 2512 1813 2545 catilin-mn,
1841 2520 1904 2540 con-

1060 2561 1240 2599 cupiscentia
1261 2561 1364 2590 carnis
1386 2565 1410 2590 et
1431 2560 1570 2598 superbia
1591 2560 1683 2588 Uicae:
1706 2560 1726 2588 si
1756 2568 1822 2596 ergo
1843 2566 1904 2587 con-

1052 2661 1107 2690 ⁸tum
1126 2656 1155 2679 ud
1174 2656 1303 2678 nocendum
1330 2656 1391 2678 fratri
1418 2656 1438 2677 iu
1461 2654 1577 2677 homicidii
1599 2660 1683 2682 genere
1705 2653 1817 2681 (tritutari.
1840 2652 1903 2675 Unde

1060 2699 1082 2718 et
1094 2696 1187 2718 loannes
1200 2696 1223 2719 (1.
1237 2697 1257 2722 ³,
1273 2696 1316 2723 153.)
1330 2695 1395 2717 dii-ii:
1415 2694 1461 2722 (wi
1472 2693 1520 2716 mli!
1529 2693 1631 2723 (rull-em
1643 2699 1712 2715 sunm
1726 2691 1842 2715 [cornicilia
1860 2693 1900 2713 esl.

1059 2735 1104 2756 (liv.
1123 2735 1157 2757 hic
1176 2735 1204 2756 lit.
1224 2735 1334 2762 Magistri,
1352 2741 1370 2756 c.
1389 2734 1409 2755 3.

1122 2774 1132 2789 ⁵
1148 2774 1192 2796 Cir.
1212 2774 1285 2796 Matth.
1304 2774 1325 2800 53,
1345 2774 1380 2796 21.
1399 2779 1461 2802 ,si-qq.
1482 2785 1510 2788 —
1529 2772 1638 2799 superius
1657 2778 1698 2799 pro
1713 2770 1836 2800 prohibent
1853 2770 1903 2792 rod.

1061 2813 1091 2835 bb
1107 2812 1251 2842 prohibebat,
1271 2813 1323 2834 edd.
1342 2818 1394 2833 rum
1413 2811 1518 2839 pluribus
1536 2810 1601 2832 rothi.
1620 2810 1730 2839 prohihet.

1122 2852 1131 2867 Β
1149 2852 1206 2874 Vide
1225 2852 1298 2874 Manilii.
1317 2852 1337 2878 35,
1358 2851 1392 2873 Η.

1123 2892 1132 2906 7
1149 2892 1194 2913 (Ἰν.
1214 2891 1235 2912 ll.
1253 2892 1313 2912 Seni.
1331 2890 1352 2912 d.
1375 2890 1408 2912 ¹02.

1122 2931 1132 2944 ⁸
1150 2930 1213 2951 x'nrs.
1236 2930 1268 2951 tii.

1426 2889 1481 2911 dub.
1501 2890 1521 2911 53.

1923 1295 1977 1319 Quod
1992 1295 2029 1314 sint

1911 1320 1971 1342 plura.
