2166 3366
33 1066 100 1091 Opinio
114 1066 129 1084 1.

7 1581 125 1606 merobalur.

32 2052 100 2076 Opinio
112 2052 130 2070 -2.

724 187 806 215 DlST.
829 187 868 215 lll.
892 187 918 215 Ρ.
940 187 957 215 l.
980 187 1052 215 ΛΒΤ.
1075 187 1103 215 Π.
1125 187 1262 223 QUAEST.
1286 187 1314 214 ll.

147 266 212 294 tiam
235 266 347 302 lugere,
368 272 401 293 ne
417 264 632 301 perturbaretur
647 264 737 292 oranti
759 264 918 298 silentium,
940 268 990 293 aut

146 312 290 349 virginalis
310 311 421 340 castitas
449 314 603 340 tentaretur
615 321 641 338 n:
671 318 738 347 ergo
764 311 891 344 videtur,
913 311 988 348 quod

146 359 289 388 occasione
309 362 421 395 accepta
441 358 477 386 ab
497 358 669 391 extrinsecO,
690 358 807 386 excitari
831 362 939 395 poterat
961 359 987 386 in

146 413 179 434 ea
208 405 431 442 concupiscentia
463 413 566 442 prava:
599 412 666 441 ergo
697 413 751 433 non
790 405 842 433 fuit
876 405 989 433 omnino

146 453 309 482 exstinctus.

224 500 251 528 [ι.
268 500 331 527 ltem
342 522 348 533 ,
363 499 384 527 si
401 499 513 527 omnino
528 499 625 527 fuisset
639 499 666 526 in
681 507 713 527 ea
728 499 883 527 exstinctus
903 499 989 527 fomes

146 546 399 583 concupiscentiae,
422 546 506 582 igitur
521 546 644 574 secunda
658 546 838 574 sanctificatio
854 554 906 574 non
927 546 991 574 t'uis-

146 597 187 622 set
201 596 369 630 opportuna:
386 593 407 621 si
424 592 508 629 igitur
523 596 680 629 opportuna
694 593 761 626 suit,
778 593 897 627 videtur,
914 593 988 629 quod

146 640 251 677 aliquid
274 639 439 667 remanserit
461 639 487 666 in
509 647 541 667 ea
562 639 664 667 fomitis
685 639 932 675 concupiscentiae.

460 725 672 745 CONCLUSIO.

145 796 180 824 In
209 795 310 833 prima
340 795 571 832 .s‘aizctificcttc'0}ze
602 794 700 823 beatae
739 795 867 832 Virqiuis
898 794 989 832 fomes

197 842 257 880 fuit
277 842 453 879 eon-sopitus,
476 842 505 870 in
526 842 655 870 secanda
676 851 743 870 vcro
764 843 932 870 caus-tinctus.

223 921 396 949 Ruspoxnnoz
420 920 586 954 Dicendum,
609 920 683 957 quod
716 921 789 949 circa
817 921 886 949 lianc
908 929 990 957 ‹plae-

144 968 259 996 stionem
282 971 324 996 est
345 967 448 1004 triplex
471 967 572 995 modus
594 967 713 996 dicendi.

222 1014 340 1051 Quidam
371 1014 444 1043 enim
478 1014 570 1042 dicere
603 1013 766 1048 voluerunt,
792 1014 866 1051 quod
890 1022 939 1042 nec
962 1014 988 1042 in

144 1062 235 1099 prima
247 1070 295 1090 nec
309 1063 335 1090 in
350 1061 473 1090 secunda
487 1061 702 1089 sanctificatione
716 1061 875 1089 eoestinccus
887 1064 946 1089 erat
963 1062 988 1089 in

144 1116 176 1137 ea
202 1108 289 1137 fomes
311 1107 569 1144 concupiscentiae,
591 1107 639 1135 sed
662 1107 753 1136 solum
769 1108 935 1144 consopitas
951 1116 989 1136 se-

143 1155 267 1184 cundum
289 1155 353 1192 plus
374 1158 401 1183 et
432 1155 539 1182 minus:
562 1155 628 1191 quia
654 1155 740 1182 fomes
769 1162 881 1182 causam
905 1154 989 1183 babet

144 1201 171 1230 iu
193 1209 291 1236 carne3
313 1201 388 1230 unde
402 1209 456 1229 non
472 1201 606 1229 directam
630 1201 713 1229 babet
731 1201 932 1238 oppositionem
954 1201 989 1229 ad

143 1249 260 1285 gratiam
282 1248 437 1276 secundum
453 1248 614 1281 essentiam,
630 1248 679 1276 sed
694 1248 850 1276 secundum
878 1248 989 1276 inclina-

143 1295 259 1323 tionem:
283 1295 344 1323 ideo
366 1295 388 1323 si
410 1295 499 1331 gratia.
521 1303 620 1331 magna
649 1299 705 1329 est,
728 1295 815 1323 fomes
838 1296 930 1323 miuus
953 1295 990 1323 in-

143 1341 239 1376 clinat,
261 1342 390 1379 quamvis
405 1350 454 1378 per
468 1342 586 1378 gratiam
610 1342 683 1370 illam
708 1350 761 1370 non
777 1342 904 1370 deleatur
930 1342 991 1370 eius

142 1388 261 1417 essentia
275 1389 291 1416 ¹.
314 1389 450 1425 Quoniam
466 1389 550 1425 igitur
566 1389 592 1416 in
609 1389 720 1425 Virgine
737 1397 837 1425 magna
858 1388 910 1417 fuit
930 1397 990 1424 gra·

143 1436 180 1464 tia
202 1436 228 1464 in
246 1435 349 1473 prima
370 1435 586 1463 sanctificatione
617 1439 644 1464 et
677 1435 757 1464 valde
780 1443 880 1472 magna
901 1436 928 1463 in
949 1444 989 1463 se-

144 1483 260 1515 cundem
289 1482 353 1511 hinc
374 1485 434 1516 est,
466 1482 540 1519 quod
564 1482 589 1510 in
618 1483 721 1519 prima
742 1482 793 1510 fuit
815 1483 989 1520 consopitus=

144 1533 171 1558 et
191 1530 219 1557 in
240 1529 369 1557 secanda
391 1529 479 1565 magis
500 1529 675 1565 consopitus,
697 1530 826 1566 quamvis
855 1538 908 1557 non
930 1538 990 1557 om-

143 1576 209 1604 nino
228 1576 312 1604 suerit
333 1575 488 1604 exstinctus
517 1576 559 1604 vel
581 1580 741 1604 evacuatus.
764 1593 802 1596 —
823 1576 875 1604 Sed
891 1576 899 1588 ²
925 1584 991 1612 quo—

144 1624 219 1651 niarn
241 1631 306 1651 caro
327 1623 426 1651 Christi
460 1626 552 1651 sumta
577 1626 619 1651 est
640 1623 674 1651 de
695 1630 778 1651 carne
800 1623 940 1659 Virginis,
964 1622 989 1650 in

143 1669 253 1698 Christo
273 1670 357 1698 etiam
380 1669 456 1697 nulla
478 1669 529 1697 fuit
543 1668 767 1705 concupiscentia
788 1669 907 1703 fomitis3
923 1676 987 1697 cum

143 1725 208 1746 caro
228 1716 329 1745 Christi
359 1716 458 1745 debeat
490 1716 565 1745 carni
599 1716 720 1752 Virginis
752 1716 901 1744 assimilari
929 1720 990 1753 post

143 1764 263 1801 Virginis
284 1763 539 1795 sanctificationem,
561 1763 633 1792 sicut
654 1771 720 1791 caro
741 1763 861 1792 aliorum
884 1764 991 1792 assimi-

145 1811 219 1839 latur
240 1811 316 1839 carni
338 1810 458 1839 aliorum
481 1814 645 1847 parentium
660 1810 788 1843 videtur,
810 1810 884 1847 quod
907 1810 990 1847 Spiri-

145 1862 190 1886 tus
212 1861 324 1886 sanctus
351 1857 474 1886 secundo
496 1865 581 1894 super
613 1865 673 1885 eam
700 1857 851 1885 adveniens
873 1865 989 1893 prorsus

144 1904 312 1933 exstinxerit
333 1904 465 1932 fomitem.
493 1904 522 1932 Et
551 1904 587 1932 ita
608 1903 751 1940 praedicta
765 1903 857 1940 opinio
878 1912 931 1932 non
954 1904 991 1932 vi-

144 1952 227 1981 detur
242 1952 345 1980 babere
367 1951 600 1988 probabilitatem.

223 1999 367 2027 Secundus
379 1998 480 2027 modus
495 1998 602 2026 dicendi
620 2001 669 2031 est,
684 1998 759 2034 quod
776 2001 831 2026 tam
849 1998 873 2026 in
887 1998 989 2035 prima

145 2054 228 2083 quam
252 2046 277 2074 in
299 2045 428 2073 secanda
449 2045 663 2074 sanctificatione
679 2045 762 2073 suerit
784 2046 809 2073 in
833 2053 864 2073 ea
886 2045 990 2073 exsan-

145 2098 208 2121 σίας
229 2093 330 2126 fomes,
353 2093 401 2121 sed
423 2092 503 2121 aliter
534 2095 561 2120 et
585 2092 674 2120 aliter.
695 2092 723 2120 ln
743 2092 845 2128 prima
867 2100 989 2130 namque

143 2140 298 2168 exstinctus
333 2139 406 2173 suit,
438 2139 464 2167 in
496 2142 633 2176 quantum
665 2139 777 2175 respicit
808 2147 989 2175 persouam;

143 2186 171 2214 in
201 2186 350 2219 secunda,
387 2186 412 2214 in
449 2189 586 2223 quantum
622 2186 735 2223 respicit
770 2190 923 2215 uallarem.
960 2187 987 2215 ln

140 2233 242 2269 prima
265 2234 348 2270 igitur
370 2233 584 2261 sanctificatione
606 2233 741 2261 mundata
762 2233 813 2261 fuit
827 2233 845 2269 ³,
868 2236 899 2261 ut
921 2242 988 2262 nun-

143 2288 227 2316 quam
249 2284 390 2316 peccaret;
414 2280 440 2308 in
468 2279 597 2307 secunda
621 2287 685 2307 vero
708 2280 842 2308 mundata
864 2280 930 2314 fuit,
957 2284 988 2308 ut

143 2334 257 2363 germen
280 2327 340 2363 piae
361 2326 447 2363 prolis
467 2326 605 2354 emitteret
626 2327 685 2354 sine
706 2329 833 2362 peccato,
867 2334 920 2354 non
946 2334 986 2354 so-

144 2372 202 2401 lum
224 2373 353 2405 actuaH‘,
369 2373 416 2401 sed
432 2373 514 2401 etiam
537 2372 645 2401 veniali.
663 2373 690 2400 ln
710 2373 811 2409 prium
830 2373 914 2401 etiam
929 2381 988 2401 san-

144 2419 307 2448 ctificatione
339 2420 494 2447 exstinctus
522 2420 574 2448 suit
596 2420 698 2453 fomes,
721 2420 746 2447 in
770 2423 905 2456 quantum
928 2419 989 2447 red-

144 2467 184 2495 dit
202 2475 332 2503 pronum
353 2467 393 2494 ad
423 2466 553 2499 mamm:
576 2466 601 2494 in
629 2466 776 2499 secunda,
801 2466 826 2493 in
850 2470 986 2502 quantum

1857 190 1892 217 75

1047 264 1192 303 difficilem
1213 265 1254 293 ad
1275 264 1389 293 bonum.
1410 281 1449 285 -—
1471 264 1522 293 Sed
1545 264 1616 293 illud
1648 265 1761 294 difficile
1789 270 1830 294 est
1856 266 1894 294 in·
1910 273 1950 292 Non
1968 275 2034 298 proba-

1048 311 1188 349 telligere,
1210 313 1276 349 quia
1298 312 1350 340 hoc
1372 312 1447 348 ipso,
1469 312 1543 349 quod
1563 313 1654 349 proni
1673 321 1773 341 sumus
1787 313 1821 341 ad
1838 321 1893 342 ma·
1943 300 1978 316 ω’

1048 359 1122 393 lum,
1149 358 1280 396 difficiles
1301 367 1400 387 sumus
1421 359 1455 387 ad
1489 359 1602 387 bonum.
1634 360 1779 396 Quomodo
1807 360 1892 396 igitur

1047 407 1186 443 exstingui
1210 409 1299 444 potest
1320 409 1456 443 quantum
1478 406 1514 434 ad
1536 407 1701 443 pronitatem
1718 407 1752 435 ad
1776 407 1891 441 malum,

1049 453 1107 490 ipso
1140 456 1299 482 remanente
1332 457 1467 490 quantum
1499 453 1532 481 ad
1567 453 1757 482 difficultatem
1789 455 1824 483 ad
1848 455 1893 483 bo-

1048 502 1134 527 num?
1156 516 1194 519 »-
1226 500 1359 533 Rursus,
1381 500 1501 537 qualiter
1534 504 1623 536 potest
1654 500 1782 537 intelligi,
1815 501 1889 538 quod
1905 508 2013 527 Ahar-2210.

1048 546 1134 574 fomes
1156 547 1242 583 possit
1263 547 1419 584 exstingui,
1443 547 1469 575 in
1496 551 1632 584 quantum
1663 548 1775 585 respicit
1794 557 1892 585 perso-

1048 601 1136 625 nam:
1157 596 1184 621 et
1216 602 1268 621 non
1301 594 1335 622 sit
1366 594 1537 628 exstinctus,
1561 595 1587 622 in
1619 599 1754 632 quantum
1778 596 1891 632 respicit

1046 643 1206 673 naturam,
1229 648 1292 668 cum
1326 641 1362 668 ibi
1394 641 1428 669 sit
1460 649 1534 669 unus
1565 642 1668 675 fomes,
1691 642 1728 670 sic
1745 643 1755 657 ⁵
1777 643 1892 671 diversi-

1049 687 1129 714 mode
1150 692 1344 724 comparatus,
1366 691 1392 716 et
1413 688 1560 717 exstinctio
1582 689 1655 717 dicat
1677 689 1765 726 ipsius
1788 690 1890 718 fomitis

1047 733 1286 762 eradicationem?
1308 734 1364 762 Non
1388 735 1499 763 videtur
1533 743 1734 772 usquequaque
1767 736 1893 772 intelligi—

1047 780 1116 814 bile,
1138 781 1277 817 quomodo
1299 781 1386 810 fomes
1407 781 1602 818 exstinguatur
1624 782 1650 810 in
1684 782 1774 819 prima
1795 783 1893 811 sancti-

1047 827 1188 861 ficatione,
1210 832 1236 856 et
1260 832 1350 856 tamen
1379 828 1560 857 nihilominus
1589 832 1733 857 remaneat
1762 833 1890 866 respectu

1047 874 1133 911 prolis
1154 875 1359 911 propagandae.
1381 875 1406 903 Si
1429 876 1502 903 enim
1524 876 1724 912 exstinguitur,
1748 884 1814 913 ergo
1836 884 1890 904 non

1048 925 1140 949 manet
1161 921 1254 958 aliquo
1276 922 1372 954 modo,
1395 923 1445 950 nisi
1469 922 1538 951 sorte
1559 923 1622 959 quis
1644 923 1760 960 accipiat
1786 923 1891 951 caestiu-

1047 968 1166 996 elz'oncm
1190 968 1266 1004 largo
1289 968 1371 996 modo
1402 977 1452 1005 pro
1483 968 1621 997 ablatione
1650 969 1834 998 inclinationis
1856 970 1890 998 ad

1048 1015 1152 1043 malum
1176 1018 1303 1051 respectu
1333 1023 1484 1052 personae,
1517 1015 1543 1043 in
1576 1024 1631 1052 qua
1653 1019 1702 1044 est.
1727 1017 1756 1044 Et
1778 1017 1815 1044 ita
1836 1017 1891 1045 for·
1906 1021 2018 1039 Notandum-

1047 1062 1127 1090 tassis
1150 1061 1312 1098 intelligitur
1335 1062 1475 1098 praedicta
1498 1062 1610 1099 positio,
1632 1071 1717 1099 quam
1740 1064 1806 1092 satis
1829 1073 1890 1101 pro-

1047 1108 1167 1136 babilem
1189 1112 1215 1136 et
1237 1109 1428 1137 rationabilem
1451 1109 1542 1137 credo.

1126 1155 1235 1183 Tertius
1256 1159 1349 1183 autem
1365 1158 1406 1184 est
1422 1156 1521 1184 modus
1536 1156 1655 1191 dicendi,
1672 1157 1799 1185 videlicet
1815 1157 1890 1194 quod
1904 1162 2000 1196 <fluvio-1³-
2015 1165 2033 1180 ει

1048 1202 1074 1230 in
1094 1203 1195 1239 prima
1217 1202 1432 1231 sanctificatione
1453 1203 1505 1231 suit
1526 1203 1613 1232 fomes
1636 1204 1662 1231 in
1695 1204 1807 1240 Virgine
1829 1213 1891 1232 con-
1905 1186 2006 1204 mmmm

1046 1249 1174 1286 sopitum
1196 1249 1221 1277 in
1243 1249 1373 1277 seczmcla
1387 1250 1546 1277 ers-[iactas
1568 1253 1594 1278 et
1609 1250 1774 1279 eradicatus.
1797 1251 1893 1280 Fomes

1047 1296 1120 1325 enim
1144 1296 1285 1324 radicatur
1309 1296 1334 1324 in
1357 1305 1446 1324 carne
1461 1300 1488 1325 et
1505 1297 1629 1325 ascendit
1651 1305 1740 1334 usque
1761 1298 1796 1326 ad
1818 1306 1894 1326 meu-

1048 1347 1110 1371 tem.
1134 1344 1160 1371 ln
1187 1343 1289 1380 prima
1321 1344 1537 1372 sanctificatione
1559 1344 1700 1381 Virginis‘·
1721 1345 1820 1373 collata
1852 1349 1893 1374 est

1048 1394 1123 1419 tanta
1144 1391 1233 1427 gratia.
1265 1390 1455 1427 perfectionis,
1488 1391 1563 1428 quod
1589 1391 1762 1420 redundaret
1783 1392 1809 1420 in
1832 1393 1892 1421 eius

1047 1437 1254 1466 sensualitatem
1278 1437 1304 1465 in
1321 1441 1395 1466 tanta
1417 1438 1620 1471 redundantia,
1636 1442 1666 1467 ut
1683 1439 1804 1467 fomitem
1824 1440 1893 1468 adeo

1047 1485 1228 1522 reprimeret,
1251 1485 1325 1521 quod
1348 1484 1457 1512 nullum
1490 1484 1619 1522 effectum
1651 1486 1686 1514 ad
1720 1486 1891 1515 incitandum

1046 1532 1196 1568 aliquando
1219 1532 1340 1560 liaberet.
1357 1532 1385 1559 In
1407 1532 1536 1560 secunda
1555 1535 1648 1560 autem
1675 1533 1892 1562 sanctificatione

1046 1579 1122 1606 —in
1145 1587 1200 1615 qua
1222 1578 1342 1615 Spiritus
1364 1582 1475 1607 sanctus
1497 1587 1551 1606 non
1575 1582 1680 1607 tantum
1704 1580 1847 1608 descendit.
1866 1581 1891 1609 in

1046 1629 1184 1658 mentem,
1208 1625 1256 1653 sed
1278 1625 1360 1653 etiam
1384 1625 1410 1652 in
1432 1634 1568 1658 ccci-uem,
1595 1629 1622 1653 et
1650 1626 1684 1654 de
1717 1634 1799 1655 carne
1832 1635 1893 1664 ope-

1047 1675 1125 1700 ratus
1147 1675 1203 1704 est,
1225 1672 1259 1699 de
1290 1680 1323 1699 ea
1354 1671 1518 1700 mirabiliter
1551 1680 1662 1700 carnem
1692 1673 1750 1701 sine
1784 1674 1893 1701 macula

1047 1718 1208 1746 fabricando
1230 1735 1269 1738 —
1290 1718 1402 1755 reliquit
1428 1718 1514 1754 ipsius
1536 1727 1647 1747 carnem
1674 1719 1894 1755 immaculatam,

1046 1765 1229 1801 exstirpando
1250 1773 1285 1793 ex
1302 1773 1334 1793 ea
1349 1768 1376 1793 et
1391 1765 1514 1793 fomitem
1530 1769 1556 1793 et
1571 1774 1681 1794 omnem
1701 1767 1894 1803 concupiscen-

1047 1813 1121 1840 tiam.
1146 1812 1175 1840 Et
1197 1812 1249 1839 lioc
1271 1815 1368 1840 sonant
1391 1812 1476 1839 verba
1499 1812 1645 1846 Bernardi,
1662 1813 1780 1849 Magistri
1804 1817 1831 1841 et
1846 1813 1894 1841 Da-

1048 1858 1183 1891 iiiasceni,
1206 1859 1278 1886 sicut
1294 1861 1368 1895 patet
1384 1858 1408 1886 in
1426 1859 1639 1887 auctoritatibus
1661 1860 1687 1887 in
1709 1861 1893 1896 opponendo³

1047 1906 1156 1934 habitis.
1180 1923 1217 1925 μ
1240 1906 1315 1934 Unde
1339 1906 1459 1934 rationes
1476 1906 1640 1942 probantes,
1657 1907 1730 1943 quod
1755 1908 1780 1935 in
1803 1908 1894 1944 prima.

1046 1953 1262 1981 sanctificatione
1293 1961 1347 1980 non
1379 1953 1431 1981 t'uit
1460 1953 1546 1981 fomes
1577 1954 1689 1981 omnino
1718 1954 1892 1985 exstinctus.

1046 1999 1239 2027 concedendae
1261 2003 1334 2028 sunt.

1128 2048 1150 2074 l.
1174 2047 1211 2075 Ad
1235 2047 1304 2074 illud
1326 2047 1400 2083 quod
1423 2047 1568 2077 obiicitur.
1590 2047 1665 2084 quod
1692 2047 1775 2083 Virgo
1807 2048 1889 2075 illaria
1906 2048 2023 2094 {gfflfflugp-

1045 2093 1097 2121 suit
1119 2093 1207 2129 gratia
1223 2093 1303 2130 plena
1320 2093 1344 2121 in
1368 2093 1458 2130 prima
1474 2094 1704 2127 sanctificati0ue3
1726 2094 1892 2128 dicendum,
2011 2086 2015 2090 ’

1045 2140 1119 2177 quod
1135 2139 1215 2168 aliter
1231 2140 1282 2168 fuit
1295 2139 1381 2176 plena
1404 2140 1429 2167 in
1449 2140 1551 2176 prtum
1565 2140 1795 2173 sanctificatume‚
1812 2141 1892 2169 aliter
1907 2142 1992 2183 §35:227
2008 2142 2035 2159 di·

1045 2187 1071 2214 in
1093 2186 1230 2214 secanda.
1254 2187 1280 2214 ln
1301 2186 1402 2223 prium
1426 2187 1476 2214 l'uit
1509 2187 1605 2224 plena,
1638 2188 1793 2215 secundum
1816 2189 1889 2224 quod

1045 2233 1212 2269 expediebat
1243 2233 1276 2261 ad
1308 2233 1463 2265 meritum,-
1494 2234 1519 2262 in
1551 2235 1704 2267 summula,
1734 2235 1889 2262 secundum

1045 2281 1119 2317 quod
1142 2280 1309 2316 expediebat
1337 2280 1371 2307 ad
1402 2280 1622 2316 eoueipt'eudimz
1647 2280 1755 2308 Filium
1780 2281 1837 2308 Dei.
1863 2281 1892 2308 Et

1045 2327 1106 2355 ideo
1126 2327 1227 2363 prima
1249 2327 1428 2355 sanctificatio
1451 2327 1616 2363 respiciebat
1631 2328 1772 2363 Virginem
1796 2336 1891 2356 secun-

1044 2373 1111 2401 dum
1133 2373 1271 2404 animam:
1293 2374 1416 2402 secunda
1437 2377 1529 2402 autem
1553 2374 1718 2410 respiciebat
1748 2375 1888 2411 Virginem

1045 2423 1146 2451 totam,
1169 2420 1323 2448 secundum
1347 2420 1420 2457 quod
1443 2421 1509 2448 dicit
1531 2421 1674 2457 Magister:
1694 2422 1830 2450 «Mariam
1854 2425 1893 2450 to-

1046 2470 1101 2493 tam
1124 2466 1243 2502 Spiritus
1264 2470 1377 2494 sanctus
1400 2467 1607 2503 praeveniens»
1624 2472 1675 2495 etc.

208 2623 213 2637 ¹
232 2623 277 2645 Csr.
295 2624 318 2645 ΙΙ.
336 2624 396 2645 sent.
415 2623 436 2645 (1.
456 2624 492 2644 32.
510 2630 529 2645 a.
552 2624 568 2644 l.
587 2630 609 2651 η.
637 2624 653 2644 l.
672 2630 719 2651 seq.
738 2627 758 2645 vl
777 2623 832 2645 dub.
851 2624 871 2645 2³..
889 2635 920 2639 —-
934 2623 990 2645 Sul)-

145 2662 197 2684 indc
214 2666 265 2690 post
282 2662 306 2684 in
328 2662 421 2691 l'irgsim·
439 2662 506 2684 codd.
524 2663 539 2683 Α
551 2662 566 2683 Ε
583 2662 692 2684 adiiciunt
712 2661 803 2689 Mariti,
822 2667 843 2684 vt
865 2662 916 2684 ‹lcin
939 2667 990 2690 post

145 2701 169 2723 in
184 2701 263 2730 prima
279 2700 324 2730 siti!
342 2701 392 2723 cod.
411 2701 430 2723 Χ
449 2702 541 2728 suppli-t
557 2700 631 2729 sninrs
648 2700 691 2723 Ιιίιτ.

206 2740 215 2754 ²
232 2740 287 2763 Cod.
306 2741 323 2762 lx
342 2740 406 2762 addit
422 2742 505 2763 cunti-a
524 2739 584 2762 iuml
601 2740 704 2767 uidetur,
724 2743 746 2761 ct
763 2740 813 2762 rod.
832 2741 847 2761 Z
866 2740 925 2762 illud
943 2746 989 2762 nou.

146 2780 243 2803 ridetur.
269 2781 317 2803 Mox
343 2787 385 2808 pro
410 2780 435 2802 in
460 2779 552 2802 Christo
573 2779 643 2801 ethim.
661 2779 728 2801 codd.
748 2781 764 2800 (i
777 2780 792 2801 l<
805 2780 857 2801 Zaa
869 2780 899 2801 bb
922 2781 943 2801 vl
965 2779 988 2802 iu

145 2819 244 2842 Christo.
263 2819 348 2841 Deinde
374 2826 415 2846 pro
441 2825 495 2841 sitm.
521 2824 590 2845 ultro,
613 2818 680 2840 codd.
704 2819 721 2839 Ιί
733 2819 748 2839 Z
765 2825 822 2847 1¹1·er
841 2824 896 2841 cum
913 2824 970 2841 crire
982 2837 987 2846 >

145 2859 196 2880 cod.
214 2859 229 2880 N
248 2859 269 2881 el
286 2864 350 2881 calm.

207 2897 218 2911 ³
233 2898 289 2919 (lod.
309 2898 324 2919 U
341 2897 460 2925 subiungit
475 2903 590 2926 persona,
610 2897 660 2918 cml.
681 2897 697 2918 Y
717 2903 837 2924 perperam
855 2897 906 2918 mliii
916 2898 931 2918 it
951 2903 989 2919 'm-

147 2937 209 2958 turn.
228 2937 276 2958 Mox
295 2943 336 2964 pro
353 2936 468 2959 mundam
486 2936 538 2957 edd.
557 2935 711 2965 sanctificam.
726 2948 753 2950 —
766 2936 839 2957 x'i-rlia
859 2936 941 2957 (Ιι-ἰιιαΙι·
966 2937 991 2958 ιιι

146 2982 242 3005 (sermm
259 2979 301 2998 eto.
319 2980 392 2998 sumta
411 2976 518 2998 vids-amr
535 2982 560 2997 vx
579 2977 687 3002 August„
707 2975 720 2997 1.
738 2975 766 2997 di·
785 2976 870 2997 lau-cal,
884 2977 955 2998 mvi-ii.
968 2979 987 2997 ct

1047 2624 1135 2645 remiss.
1148 2628 1191 2646 etc.
1203 2631 1222 2646 ι’.
1236 2625 1272 2645 22³.
1286 2630 1307 2646 n.
1320 2624 1362 2651 57,
1376 2624 1414 2646 ulii
1427 2625 1523 2652 legitur:
1537 2625 1587 2646 Sola
1602 2629 1678 2647 nostro
1696 2626 1784 2647 vulin-ri
1803 2626 1892 2648 nii-‹liri-

1048 2670 1099 2685 nam
1119 2670 1198 2690 parvi-1·
1217 2665 1300 2691 poluit,
1322 2671 1382 2692 quai*
1405 2671 1447 2685 mm
1466 2671 1492 2685 rx
1512 2665 1597 2691 pcccati
1617 2665 1710 2686 vulnere
1728 2672 1822 2690 germen
1842 2667 1891 2693 pia(¹

1048 2703 1117 2730 prolis
1134 2703 1215 2724 oniisil.
1233 2702 1279 2724 Cl'r.
1297 2702 1351 2724 ibid.
1372 2703 1394 2724 ll.
1412 2710 1430 2724 ‹·.
1450 2703 1487 2724 24.
1506 2710 1527 2725 n.
1546 2704 1582 2725 38.

1111 2741 1118 2755 ⁴
1137 2742 1164 2763 lta
1184 2742 1251 2764 codd.
1269 2746 1290 2764 ct
1308 2742 1360 2764 edd.
1379 2743 1493 2770 lotz-llige:
1511 2742 1619 2765 mor-mle.

1109 2780 1119 2795 ⁵
1137 2781 1157 2802 ln
1175 2781 1242 2803 codd.
1260 2782 1277 2802 (ἰ
1296 2781 1323 2808 (Κ
1343 2788 1354 2802 a
1373 2781 1472 2803 secunda
1487 2785 1564 2807 manu)
1579 2782 1594 2803 Ν
1607 2782 1625 2804 X
1637 2782 1693 2804 ΖΜ)
1711 2783 1773 2805 ‹lei-st
1792 2782 1832 2805 sir.
1851 2783 1892 2804 Ali-

1047 2823 1132 2847 quanto
1151 2820 1244 2841 inferius
1262 2826 1303 2847 pro
1320 2820 1490 2849 propasmmlrw
1507 2821 1557 2842 rod.
1576 2822 1590 2841 S
1607 2823 1760 2850 propriatim&

1109 2859 1118 2873 *ἶ
1136 2859 1190 2881 Ιζιίιί.
1213 2859 1304 2888 ΙἿνῃιῖηἱ
1325 2863 1344 2880 et
1370 2866 1420 2881 mox
1445 2866 1497 2881 cuni
1525 2860 1629 2887 pluribus
1655 2861 1722 2883 codd.
1740 2860 1892 2883 seuswrlilalr

1048 2905 1089 2925 prii
1107 2898 1290 2920 scusinilt'lulcm.
1310 2899 1363 2919 Dein
1384 2905 1425 2925 pro
1446 2898 1478 2920 ml
1494 2898 1639 2921 incilautlnm
1659 2899 1726 2921 vmld.
1746 2900 1763 2922 'l'
1776 2900 1791 2921 [ἶ
1810 2900 1841 2922 nd
1858 2899 1891 2922 ³⁴11-

1047 2937 1216 2965 wiltunensium,
1237 2937 1303 2959 codd.
1318 2938 1334 2959 lx'
1350 2937 1399 2963 (Za
1414 2939 1486 2965 prima
1506 2942 1584 2967 manu)
1605 2938 1635 2960 lili
1655 2938 1689 2961 rel
1706 2938 1890 2961 iiicilrrimwlmu.

1110 2976 1118 2990 7
1139 2976 1159 2997 ld
1178 2979 1210 2997 est
1229 2977 1249 2998 in
1269 2977 1428 2999 fundamentis.
