2166 3366
701 386 894 465 INDEX
942 380 1387 477 QUAESTIONUM

471 552 955 604 COMMENTARH
989 550 1032 598 S.
1066 545 1623 596 BONAVENTURAE

588 688 642 731 IN
671 684 887 730 TERTIUM
913 682 1100 726 LIBRUM
1130 678 1508 723 SENTENTIARUM

825 810 971 870 PETRI
1011 805 1270 868 LOMBARDI.

173 1134 271 1157 Litterae
287 1133 322 1155 Ss.
339 1131 430 1154 Domini
448 1130 518 1153 nostri
536 1129 610 1157 Papae
627 1127 709 1149 Leonis
727 1125 782 1148 Xlll.
801 1142 806 1147 .
841 1142 845 1146 .
881 1141 885 1146 .
919 1128 973 1152 ρηῃ,
1008 1122 1022 1144 Ι.

175 1181 339 1209 Prolegomena
357 1178 387 1201 ad
404 1177 435 1199 lll.
454 1176 539 1199 librum
556 1174 726 1197 Sententiarum
767 1190 772 1194 .
807 1189 812 1193 .
847 1188 852 1193 .
887 1188 891 1192 .
947 1178 956 1189 υ
990 1168 1022 1191 lll.

173 1228 188 1257 S
209 1228 227 1250 l.
245 1225 428 1250 Commentarius
445 1224 482 1246 hic
500 1223 578 1251 magni
595 1227 688 1249 semper
704 1220 837 1242 aestimatus
862 1220 897 1240 est
946 1225 955 1236 n
992 1216 1022 1238 il).

175 1274 189 1304 S
206 1275 228 1297 2.
245 1274 358 1302 Antiquus
370 1271 437 1294 index
455 1271 570 1297 locorum,
583 1270 605 1291 in
618 1267 703 1297 quibus
715 1266 851 1289 dissentiunt
863 1265 897 1287 Ss.
948 1272 958 1284 n
988 1264 1024 1285 lV.

208 1320 311 1343 Thomas
327 1321 350 1341 et
371 1318 532 1340 Bonaventura
557 1316 579 1337 in
601 1313 776 1338 Commentariis
801 1312 830 1334 ad
857 1314 898 1334 ter-

209 1367 266 1390 tium
283 1365 369 1389 librum
386 1364 554 1387 Sententiarum
572 1376 813 1384 .......
822 1384 825 1386 ,
847 1376 853 1381 .
887 1376 892 1381 .
948 1366 958 1377 1,
995 1357 1025 1379 ib.

1079 1121 1093 1149 ξς
1110 1121 1131 1143 3.
1150 1120 1182 1142 De
1199 1120 1308 1142 relatione
1326 1119 1394 1141 liuius
1417 1117 1581 1141 Commentarii
1598 1116 1628 1139 ad
1652 1117 1804 1145 Supplemen-

1113 1170 1161 1190 tum
1178 1167 1288 1189 Summae
1305 1165 1425 1188 Alexandri
1438 1165 1541 1187 llalensis
1553 1164 1631 1194 quoad
1643 1166 1764 1186 tractatum
1778 1163 1806 1186 de

1114 1214 1237 1238 virtutibus
1263 1229 1783 1236 ..............
1816 1217 1870 1241 paq.
1898 1211 1933 1234 lV.

1081 1263 1095 1291 (5
1113 1262 1134 1284 tl.
1152 1262 1184 1284 De
1202 1260 1311 1284 methodo
1328 1261 1350 1282 in
1372 1259 1519 1282 emendando
1545 1262 1567 1282 et
1590 1258 1724 1281 illustrando
1747 1261 1807 1281 textu

1113 1309 1182 1331 huius
1198 1308 1250 1330 libri
1267 1307 1397 1336 observata,
1415 1313 1468 1329 cum
1487 1306 1562 1329 indice
1579 1305 1686 1329 codicum
1715 1323 1720 1327 .
1755 1323 1760 1328 .
1794 1322 1800 1327 .
1858 1313 1867 1324 ¹·
1906 1305 1933 1328 V.

1083 1356 1171 1379 Tabula
1189 1355 1323 1378 collatorum
1341 1354 1449 1377 codicum
1478 1370 1800 1376 .........
1857 1361 1866 1372 n
1905 1352 1935 1375 X.

759 1474 871 1509 LIBER
896 1472 1046 1508 TERTIUS
1072 1471 1348 1507 SENTENTIARUM.

337 1586 394 1623 DE
421 1581 756 1622 INGARNATIONE
782 1579 919 1618 VERBI
943 1578 1000 1616 ΕΤ
1025 1576 1206 1615 HUMANI
1232 1575 1424 1613 GENERIS
1449 1574 1773 1613 REPARATIONE.

180 1708 327 1732 Prooemium
345 1707 367 1729 S.
386 1707 560 1729 Bonaventurae

180 1755 284 1785 Capitula
301 1754 360 1777 tertii
377 1753 429 1776 libri
446 1753 614 1775 Sententiarum
632 1751 689 1773 Petri
708 1749 840 1772 Lombardi.
875 1765 880 1770 .
914 1765 919 1770 .
954 1756 963 1768 n
1016 1747 1029 1768 3

505 1843 666 1868 DtSTtNCTto
684 1844 699 1866 l.

182 1942 268 1965 Textus
285 1941 385 1969 Magistri
403 1952 919 1963 ..............
953 1943 964 1955 ι)
1017 1934 1030 1956 6

181 1990 268 2012 Divisio
285 1991 358 2011 textus
360 2000 919 2011 ...............
954 1991 963 2003 1>
1016 1982 1031 2004 7

265 2036 387 2058 AnrtctJLus
404 2035 419 2057 l.
438 2034 469 2057 De
485 2032 651 2057 incarnatione
668 2032 785 2062 quantum
802 2030 835 2054 ad
850 2029 946 2054 unionis

511 2079 697 2110 possibilitatem.

183 2132 279 2160 QuAEsT.
312 2130 326 2152 l.
344 2129 425 2152 Utrum
442 2128 521 2151 divina
534 2130 613 2150 natura
626 2126 726 2155 potuerit
737 2126 797 2148 uniri
815 2131 868 2148 cum
881 2126 921 2147 hu·

372 2181 440 2198 mana
458 2178 538 2197 natura
559 2189 920 2197 ..........
956 2180 965 2191 n
1018 2171 1031 2192 8

302 2224 326 2246 ll.
343 2223 424 2246 Utrum
445 2228 491 2245 una
516 2227 614 2250 persona
637 2221 709 2249 possit
726 2220 785 2243 uniri
803 2220 918 2242 humanae

373 2272 468 2293 naturae
485 2270 534 2292 sine
550 2269 620 2291 altera
638 2285 920 2291 ........
955 2276 964 2287 ιι
1005 2267 1032 2289 12

296 2317 330 2340 lll.
347 2317 428 2339 Utrum
445 2322 543 2345 persona
561 2321 605 2338 una
623 2315 696 2343 possit
712 2314 781 2337 simul
798 2314 857 2336 uniri
869 2319 923 2336 cum

374 2364 428 2391 alia,
440 2362 580 2386 assumendo
591 2367 661 2384 unam
674 2364 695 2384 et
711 2360 808 2383 eandem
827 2366 923 2382 numero

376 2412 481 2433 naturam
485 2423 924 2431 ............
959 2413 970 2427 n
1008 2405 1034 2427 14

297 2458 332 2481 lV.
350 2458 431 2481 Utrum
449 2455 565 2486 quaelibet
590 2456 658 2478 trium
682 2460 834 2483 personarum
853 2454 925 2481 possit

376 2503 488 2526 incarnari
506 2508 547 2530 per
565 2507 589 2523 se
606 2502 679 2529 ipsam
683 2517 924 2523 .......
959 2507 969 2519 »
1010 2499 1034 2520 16

302 2552 424 2573 Anthutus
441 2549 464 2571 ll.
484 2548 515 2571 De
532 2547 696 2571 incantatione
716 2546 784 2569 Verbi
800 2547 918 2576 quantum

498 2596 530 2619 ad
546 2594 726 2625 conqmilate‘m.

189 2646 283 2675 Quin->ST¹
318 2645 332 2668 l.
350 2644 430 2667 Utrum
448 2644 470 2666 in
488 2649 558 2671 opere
584 2642 745 2664 incarnationis
767 2644 873 2663 servetur
890 2640 927 2663 de·

377 2692 423 2714 bita
441 2690 590 2719 congruentia
608 2696 634 2712 ex
653 2692 716 2717 parte
735 2689 773 2711 Dei
803 2706 808 2711 .
843 2706 847 2710 .
882 2706 886 2710 .
922 2705 926 2710 .
962 2697 971 2708 υ
1012 2689 1037 2710 19

308 2740 332 2762 ll.
350 2740 413 2768 Quae
431 2739 498 2761 suerit
515 2737 676 2759 iuml-nationis
694 2736 751 2758 ratio
769 2736 893 2764 praecipua
922 2753 926 2757 .
961 2743 970 2755 n
1008 2736 1032 2757 ‘2¹

300 2787 331 2809 lll.
349 2788 413 2815 Quae
429 2786 498 2808 trium
511 2790 662 2812 personarum
675 2783 742 2805 fucrit
754 2783 782 2805 arl
795 2783 928 2805 incarnatio-

380 2839 432 2855 nem
451 2832 525 2860 magis
542 2831 622 2853 idonea
647 2839 971 2852 .........
1010 2830 1037 2852 28

302 2880 337 2902 lv,
355 2880 406 2908 Quo
419 2882 522 2906 tempore
540 2878 606 2900 luerit
631 2878 705 2905 magis
730 2882 875 2904 congruum,
895 2876 929 2898 Fi-

381 2926 436 2947 lium
455 2925 493 2947 Dei
512 2924 623 2947 incarnari
647 2942 651 2946 .
686 2941 690 2946 .
727 2941 730 2945 .
767 2940 771 2945 .
806 2940 810 2945 .
845 2940 850 2945 .
886 2941 889 2945 .
925 2941 928 2945 .
964 2932 973 2942 n
1010 2923 1034 2944 31

192 2974 265 2997 Dubia
283 2974 335 2996 t-tv.
352 2974 410 2996 circa
430 2974 525 2996 litteram
545 2972 652 2999 Magistri.
685 2988 690 2993 .
726 2988 731 2993 .
765 2988 770 2992 .
805 2987 810 2992 .
845 2987 849 2992 .
885 2987 888 2992 .
925 2987 929 2992 .
964 2979 973 2989 υ
1010 2970 1038 2991 :353

319 3024 343 3047 S.
362 3024 450 3047 [Ιοηαυ.
469 3035 499 3039 -
516 3023 582 3045 'l'0m.
602 3022 634 3044 lll.

1444 1697 1604 1720 DlSTlNCTlO
1623 1697 1646 1720 ll.

1088 1794 1174 1816 Textus
1191 1794 1290 1822 Magistri
1309 1810 1788 1815 .............
1821 1799 1875 1823 paq.
1910 1792 1939 1814 35

1088 1841 1175 1863 Divisio
1192 1843 1266 1863 textus
1268 1857 1828 1863 ...............
1862 1849 1872 1860 n
1910 1840 1939 1862 36

1203 1887 1325 1909 Amemus
1342 1886 1356 1909 l.
1376 1886 1408 1909 De
1424 1887 1514 1909 natura
1531 1887 1640 1909 assumta
1657 1886 1775 1916 quantum
1792 1885 1824 1909 ad

1365 1933 1461 1957 unionis
1479 1933 1660 1963 conqruitatem.

1089 1983 1183 2011 Qumzsr.
1217 1982 1232 2004 l.
1250 1982 1330 2005 Utrum
1348 1982 1422 2004 maior
1439 1982 1467 2004 sit
1483 1982 1616 2010 congruitas
1633 1981 1662 2004 ad
1681 1982 1789 2004 unionem
1807 1982 1829 2004 in

1278 2029 1381 2052 rationali
1399 2031 1502 2052 ereatura
1520 2035 1591 2058 quam
1608 2029 1630 2050 in
1649 2031 1695 2051 toto
1713 2029 1829 2051 universo.
1864 2037 1874 2049 1>
1911 2029 1940 2052 37

1208 2077 1230 2099 ll.
1250 2076 1329 2099 Utrum
1348 2077 1421 2098 maior
1438 2076 1466 2098 sit
1483 2077 1616 2104 congruitas
1633 2075 1662 2098 ad
1679 2076 1789 2098 unionem
1807 2076 1829 2098 in

1279 2125 1379 2146 humana
1401 2126 1482 2145 natura
1508 2128 1580 2151 quam
1605 2123 1626 2144 in
1653 2122 1753 2151 Angelo,
1772 2129 1799 2145 an
1819 2129 1831 2145 e

1278 2176 1391 2192 converso
1425 2186 1826 2191 ...........
1860 2177 1870 2189 n
1908 2169 1937 2191 39

1200 2217 1233 2239 lll.
1250 2217 1331 2239 Utrum
1349 2217 1422 2239 maior
1439 2216 1467 2239 sit
1484 2216 1616 2244 congruitas
1632 2215 1662 2238 ad
1682 2216 1791 2238 unionem
1809 2216 1831 2237 in

1279 2266 1323 2286 tota
1341 2264 1417 2291 specie
1434 2269 1505 2292 <litam
1523 2264 1545 2285 ln
1563 2269 1609 2285 uno
1627 2262 1748 2285 individuo
1785 2279 1789 2284 .
1825 2280 1829 2284 .
1864 2273 1874 2282 »
1912 2262 1941 2284 42

1186 2311 1308 2333 An'rtcums
1325 2310 1348 2332 ll.
1366 2310 1398 2333 De
1415 2311 1505 2333 natm-a
1522 2311 1631 2333 assumta
1648 2309 1728 2339 quoad
1744 2315 1848 2333 suarum

1370 2357 1477 2386 parumn
1494 2356 1659 2386 intem-itatem.

1092 2405 1187 2433 Qutsssr.
1223 2405 1236 2426 l.
1254 2404 1335 2427 Utrum
1352 2403 1456 2427 Christus
1473 2404 1607 2426 assumserit
1624 2409 1704 2426 veram
1722 2409 1815 2426 carnem
1826 2421 1831 2426 .
1867 2412 1876 2423 n
1917 2403 1942 2426 ll-

1211 2451 1233 2473 ll.
1244 2451 1324 2474 Utrum
1334 2451 1437 2473 Christus
1446 2450 1689 2472 assumseritanimam
1700 2450 1839 2472 rationalem.
1867 2459 1876 2470 n
1915 2450 1942 2472 46

1204 2498 1235 2521 lll.
1254 2498 1334 2520 Utrum
1351 2497 1454 2520 Christus
1472 2497 1576 2520 habuerit
1594 2503 1647 2519 cum
1665 2497 1714 2519 aliis
1736 2497 1833 2519 homini-

1283 2545 1327 2567 bus
1343 2550 1491 2566 communem
1509 2545 1610 2572 speciem
1629 2561 1832 2566 ......
1867 2552 1877 2564 n
1916 2544 1943 2566 *ts

1251 2593 1373 2615 Att'rtcuws
1389 2592 1421 2614 Ill.
1440 2592 1472 2614 Da
1483 2592 1573 2615 natura
1586 2593 1693 2615 assumta
1708 2591 1788 2621 quoad

1388 2638 1460 2661 medii
1475 2638 1644 2661 necessitatem.

1095 2686 1189 2715 Qutmsr.
1225 2686 1238 2708 l.
1257 2686 1337 2708 Utrum
1349 2691 1435 2713 corpus
1447 2686 1536 2706 unitum
1549 2685 1616 2707 suerit
1630 2684 1706 2707 Verbo
1719 2684 1834 2707 mediante

1284 2733 1364 2761 spiritu
1383 2733 1485 2754 humano
1502 2733 1551 2753 sive
1568 2732 1643 2753 :mima
1670 2748 1834 2754 .....
1869 2740 1878 2751 n
1918 2731 1945 2753 4⁴.)

1216 2780 1238 2802 ll.
1257 2780 1337 2802 Utrum
1355 2780 1430 2801 anima
1443 2778 1524 2801 Clu-isti
1538 2781 1637 2801 assumta
1651 2778 1718 2800 luerit
1731 2784 1742 2800 a
1756 2777 1834 2800 Verbo

1285 2827 1399 2849 mediante
1416 2826 1493 2855 aliquo
1511 2825 1588 2848 habitu
1608 2826 1714 2853 gratuito.
1750 2843 1754 2848 .
1789 2843 1794 2848 .
1829 2843 1833 2848 .
1869 2835 1878 2846 ιι
1916 2826 1945 2847 552

1208 2874 1238 2896 lll.
1259 2874 1337 2896 Utrum
1357 2873 1460 2895 Verbum
1479 2873 1567 2895 unitum
1585 2873 1613 2894 sit
1636 2873 1750 2894 humanae
1774 2876 1835 2896 natu·

1287 2927 1325 2943 ran
1343 2919 1456 2942 mediante
1474 2920 1558 2948 Spiritu
1577 2922 1654 2942 sancto
1673 2938 1676 2942 .
1712 2937 1716 2941 .
1752 2937 1756 2942 .
1792 2938 1796 2942 .
1830 2937 1835 2942 .
1872 2928 1882 2941 υ
1917 2920 1947 2942 lil-

1099 2968 1172 2991 Dubia
1191 2968 1243 2990 Ην.
1262 2968 1321 2990 ‹ii-cn
1340 2967 1436 2990 litteram
1455 2967 1554 2994 Magistri
