2166 3366
20 712 31 726 ο
45 706 129 729 wngrut-
142 704 160 731 p

35 731 52 748 te
65 730 129 748 horum

18 753 126 772 defectuum.

15 961 131 984 Augustinus.

15 1862 96 1881 Dubium
113 1864 129 1882 l.

21 2038 31 2052 ο
39 2034 130 2055 uenerati-

29 2059 66 2076 me
81 2057 132 2076 dese-

26 2083 95 2099 omum.

886 208 1072 237 DISTlNCTlO
1094 209 1148 237 XV.

816 331 986 367 DISTIN
989 332 1104 368 OTIO
1131 333 1216 368 XV.

517 438 578 464 Cae.
597 438 614 464 1.

200 525 237 551 De
256 523 374 551 hominis
393 523 550 558 defectibus,
569 532 634 559 quos
653 519 780 551 assumsit
800 524 930 551 Christus.

214 610 280 637 Illud
299 617 407 644 quoque
421 610 687 644 praetermittendum
708 617 758 636 non
782 613 833 641 est,
853 610 926 645 quod
940 611 986 637 Dei

142 653 225 679 Filius
250 656 371 679 naturam
396 653 512 679 hominis
540 653 645 686 accepit
671 652 842 686 passibilem,
870 653 986 679 animam

162 695 309 727 assibilem,
328 702 436 722 carnem
461 695 614 729 passibilem
641 699 667 722 et
690 695 837 722 mortalem.
863 696 897 722 Ut
916 696 986 722 enim

143 739 303 773 probaretur
317 745 408 765 verum
425 746 521 773 corpus
541 738 653 770 babere,
667 739 785 773 suscepit
799 738 919 765 deiectus
932 746 988 765 cor-

142 782 229 816 poris,
250 782 357 813 famem,
371 782 441 808 sitim
456 785 479 808 et
496 781 664 812 huiusmodi;
678 785 703 808 et
717 785 745 808 ut
760 789 849 808 veram
864 781 986 808 animam

142 824 302 859 probaretur
322 824 435 855 babere,
461 825 580 858 suscepit
599 824 719 851 desectus
745 824 862 854 animae,
885 823 988 850 scilicet

143 867 289 899 tristitiam,
309 868 443 900 timorem,
464 867 584 894 dolorem
604 870 629 894 et
649 867 811 893 huiusmodi.
831 866 922 893 Omnis
941 873 988 892 au-

143 913 194 937 tem
208 917 302 937 sensus
316 911 420 937 animae
434 913 481 937 est.
495 910 552 936 Non
566 910 636 936 enim
650 917 712 936 earo
733 909 824 941 sentit,
838 909 883 935 sed
899 909 986 935 anima

142 956 218 979 utens
236 960 350 987 corpore
364 953 445 979 veluti
460 953 643 979 instrumento.
657 952 732 978 Unde
753 952 928 985 Augustinus,
945 958 987 983 su-

143 1002 190 1030 per
209 995 331 1022 Genesim
354 996 378 1021 in
399 995 467 1022 libro
487 995 680 1022 duodecimo¹:
705 1006 716 1017 «
729 994 786 1021 Non
813 1002 912 1028 corpus
931 1001 986 1020 sen-

143 1038 183 1069 tit,
202 1038 249 1064 sed
270 1038 358 1065 anima
377 1045 425 1072 per
444 1046 557 1072 corpus,
577 1045 630 1072 quo
651 1038 722 1064 velut
740 1038 831 1064 nuntio
852 1037 936 1063 utitur
952 1036 986 1063 ad

141 1081 353 1107 confirmandum
369 1081 393 1107 in
416 1088 445 1107 se
466 1081 522 1115 ipsa
539 1080 612 1115 quod
625 1081 792 1107 extrinsecus
811 1080 948 1106 nuntiatur
964 1090 985 1104 υ.

141 1123 216 1151 Sicut
235 1131 297 1157 ergo
317 1124 404 1150 anima
431 1123 502 1158 quod
522 1124 586 1150 soris
609 1126 649 1150 est
669 1130 716 1157 per
735 1130 834 1157 corpus
859 1125 985 1156 tanquam

142 1167 346 1193 instrumentum
372 1166 444 1193 videt
467 1166 507 1193 vel
533 1166 624 1198 audit;
648 1166 683 1193 ita
708 1167 787 1192 etiam
814 1173 862 1200 per
887 1173 986 1199 corpus

141 1209 273 1243 quaedam
293 1209 372 1235 sentit
392 1209 473 1241 mala,
493 1216 562 1243 quae
578 1209 635 1235 sine
658 1215 772 1243 corpore
791 1216 843 1234 non
863 1208 986 1239 sentiret,

142 1254 170 1278 ut
189 1252 284 1278 samem
304 1255 329 1278 et
348 1252 418 1278 sitim
443 1255 468 1278 et
488 1251 659 1284 buiusmodi;
687 1251 757 1278 unde
783 1258 833 1278 non
854 1251 986 1277 immerito

142 1294 261 1321 desectus
286 1295 408 1328 corporis
434 1294 568 1320 dicuntur.
588 1293 723 1325 Quaedam
743 1297 832 1320 autem
862 1301 913 1320 non
939 1300 988 1328 per

141 1344 254 1371 corpus,
275 1337 355 1363 immo
375 1337 453 1363 etiam
474 1337 529 1363 sine
549 1344 663 1371 corpore
685 1336 781 1369 sentit,
802 1339 829 1363 ut
850 1339 889 1362 est
909 1336 987 1362 timor

142 1382 167 1405 et
180 1379 341 1406 huiusmodi.
362 1380 445 1406 Sentit
460 1380 540 1413 igitur
554 1379 642 1406 anima
655 1378 776 1412 dolores,
795 1378 841 1405 scd
856 1378 986 1413 quosdam

141 1430 190 1457 per
209 1423 412 1449 instrumentum
427 1423 560 1457 eorporiS‚
580 1422 712 1457 quosdam
732 1429 795 1448 vero
816 1429 876 1448 non.
897 1421 988 1448 Susce-

142 1467 181 1500 pit
200 1470 287 1493 autem
308 1466 428 1493 Christus
448 1466 515 1492 sicut
537 1473 626 1492 veram
653 1469 775 1492 naturam
796 1465 925 1497 bominis,
952 1466 987 1491 ita

143 1512 168 1536 et
187 1516 264 1536 veros
290 1509 409 1536 desectus
429 1509 557 1539 bominis,
583 1508 629 1535 sed
654 1516 704 1535 non
732 1515 830 1535 omnes.
856 1508 987 1534 Assumsit

142 1552 212 1579 enim
238 1552 357 1579 detectus
383 1560 504 1587 poenae,
529 1552 576 1578 sed
608 1559 658 1578 non
686 1551 798 1586 culpae,
825 1558 873 1577 nec
900 1555 986 1577 tamen

142 1602 234 1621 omnes
253 1595 373 1621 deiectus
393 1602 509 1629 poenae,
532 1595 579 1621 sed
598 1602 644 1621 eos
663 1601 769 1625 omnes,
793 1601 861 1628 quos
887 1594 987 1620 bomini

142 1645 203 1664 eum
224 1645 360 1665 assumere
379 1638 540 1672 expediebat
565 1641 591 1664 et
609 1645 673 1664 suae
696 1637 816 1670 dignitati
838 1644 888 1663 non
914 1637 989 1663 dero-

141 1681 227 1715 gabat.
248 1680 322 1707 Sicut
341 1681 410 1707 enim
431 1684 541 1715 propter
563 1681 697 1707 bominem
718 1680 798 1707 bomo
822 1681 906 1706 t'actus
934 1683 987 1712 est,

144 1723 179 1749 ita
204 1726 314 1758 propter
339 1731 399 1750 eum
424 1723 539 1750 hominis
568 1723 688 1750 desectus
711 1723 837 1757 suscepit.
864 1723 988 1756 Suscepit

143 1767 212 1793 enim
233 1766 265 1793 de
284 1770 389 1798 nostro,
410 1770 437 1793 ut
457 1766 490 1793 de
510 1774 558 1793 suo
583 1766 659 1793 nobis
679 1766 808 1793 tribueret
827 1766 871 1792 et²
893 1769 921 1792 ut
944 1773 988 1792 no-

143 1812 227 1836 strum
251 1809 363 1835 tolleret.
390 1809 513 1844 Suscepit
532 1809 601 1836 enim
625 1812 743 1836 nostram
764 1812 934 1841 vetustatem,
959 1811 988 1835 ut

143 1859 218 1879 suam
234 1852 310 1878 nobis
324 1852 473 1878 infunderet
487 1851 639 1878 novitatem.
659 1845 811 1886 «Sz'mplam
825 1852 931 1885 accepit
945 1851 988 1878 ille

144 1897 316 1927 vetustatem,
337 1894 362 1920 id
382 1897 422 1921 est
440 1901 557 1929 poenae,
575 1897 604 1921 ut
624 1898 740 1920 nostram
760 1893 874 1929 cttcplum
895 1901 988 1920 consu—

143 1941 227 1964 meret
240 1949 250 1960 »ι
264 1960 270 1971 ,
291 1937 315 1964 id
336 1941 376 1964 est
394 1944 496 1972 poenae
516 1941 541 1964 et
561 1937 664 1971 culpae..

213 1980 304 2007 Tradit
323 1981 469 2008 auctoritas
479 1980 496 2012 ³,
511 1981 582 2015 quod
601 1981 728 2007 Dominus
748 1984 836 2007 noster
857 1981 882 2006 in
901 1987 929 2007 se
947 1988 989 2007 su-

143 2023 228 2057 scepit
239 2023 326 2050 omnia
338 2023 498 2050 infirmitatis
510 2027 617 2050 nostrae
630 2027 738 2058 praeter
751 2026 904 2057 peccatum;
915 2023 987 2057 quod

144 2066 194 2092 nisi
214 2066 363 2100 accipiatur
382 2066 415 2092 de
435 2066 486 2092 illis
506 2069 622 2097 tantum,
643 2073 712 2100 quae
732 2073 791 2092 eum
813 2072 918 2092 sumere
939 2073 987 2100 pro

143 2109 220 2136 nobis
240 2109 358 2143 oportuit
384 2116 432 2136 nec
452 2109 591 2142 dedecuit,
618 2109 711 2135 salsum
738 2116 795 2136 esse
821 2109 986 2143 probabitur.

143 2151 201 2178 Non
215 2152 284 2178 enim
304 2152 429 2178 assumsit
451 2152 626 2185 ignorantiam
641 2152 771 2186 aliquam,
785 2159 845 2179 cum
866 2152 898 2178 sit
919 2152 989 2186 igno-

144 2195 229 2222 rantia
249 2195 392 2229 quaedam,
412 2202 481 2229 quae
501 2195 619 2221 deiectus
639 2199 677 2222 est
698 2202 747 2221 nec
773 2198 913 2229 peccatum
934 2198 987 2227 est,

144 2237 246 2264 scilicet
267 2238 412 2271 ignorantia
433 2237 594 2264 invincibilis
608 2238 625 2263 ⁴.
646 2237 712 2264 Nam
738 2237 871 2264 vincibilis
896 2245 989 2271 pecca-

145 2284 200 2307 tum
221 2284 273 2312 est,
293 2281 313 2307 si
329 2284 415 2307 tamen
435 2281 468 2307 de
482 2281 523 2307 his
537 2284 588 2312 est,
608 2288 677 2315 quae
693 2281 768 2307 nobis
787 2281 896 2315 expedit
909 2281 987 2308 scire.

145 2323 210 2350 Sunt
230 2324 299 2350 enim
319 2323 464 2358 quaedam,
484 2331 597 2358 quorum
618 2323 728 2350 scientia
749 2332 799 2350 non
829 2324 919 2357 affert,
945 2324 987 2351 vel

146 2366 291 2400 ignorantia
313 2373 363 2392 non
384 2366 494 2401 impedit
514 2366 639 2399 salutem3
655 2369 680 2392 et
700 2366 765 2393 forte
785 2367 875 2393 talium
898 2374 986 2394 rerum

146 2408 291 2443 ignorantia
306 2408 424 2435 desectus
439 2416 489 2435 non
505 2412 551 2434 est.
562 2408 669 2435 Constat
681 2411 784 2440 antem,
799 2409 824 2435 in
838 2409 915 2435 nobis
929 2417 987 2436 esse

145 2451 318 2485 ignorantiam
339 2454 419 2485 atque
432 2451 615 2478 difficultatem
637 2451 741 2477 volendi
758 2451 798 2478 vel
817 2451 929 2478 faciendi
945 2452 988 2478 bo-

208 2604 215 2618 ¹
234 2604 288 2632 Cap.
307 2604 343 2627 24.
367 2610 387 2626 n.
405 2604 442 2627 51.
459 2603 545 2627 —Cir.
563 2605 642 2633 Hugo,
660 2605 723 2627 Sum.
747 2606 807 2628 Sent.
829 2609 854 2628 tr.
873 2606 887 2628 1.
905 2612 924 2628 c.
946 2606 987 2634 17,

145 2651 171 2666 ex
189 2650 235 2673 qno
253 2644 358 2671 Magister
375 2644 410 2665 bic
428 2643 496 2665 multa
514 2645 632 2671 excerpsit.
645 2655 675 2660 —
687 2644 743 2666 lutra
762 2648 813 2672 post
830 2650 916 2674 corpus
936 2646 988 2667 tan-

145 2688 217 2712 quam
234 2682 297 2709 edd.‚
315 2682 415 2709 exceptis
436 2682 458 2708 l,
476 2682 500 2709 8,
518 2681 605 2704 addunt
618 2688 669 2711 prr.

208 2721 217 2735 ²
235 2720 304 2748 Edu„
322 2721 422 2748 exceptis
438 2721 456 2748 t,
470 2721 494 2748 8,
507 2721 612 2743 omittunt
624 2722 655 2748 el,
677 2727 718 2743 nec
730 2727 773 2743 non
787 2724 838 2749 post
850 2721 940 2745 tolleret
951 2722 988 2744 ad-

147 2760 203 2781 dunt
221 2758 348 2788 desectum,
362 2765 431 2787 quam
445 2765 526 2781 vocem
543 2759 596 2781 edd.
616 2760 624 2781 l
635 2778 640 2787 ‚
654 2760 700 2782 &et
712 2766 792 2782 omnes
804 2760 894 2783 codices
911 2761 988 2788 primi-

147 2803 182 2821 tus
194 2799 319 2821 omiserunt
336 2798 367 2825 (in
386 2798 453 2820 codd.
466 2798 482 2819 Α
493 2797 509 2820 C
520 2798 537 2819 D
549 2798 649 2820 secunda
664 2804 745 2821 manus
757 2799 844 2821 addidit
856 2798 987 2828 desectum).

146 2838 190 2860 Sed
209 2838 323 2866 primitiva
342 2837 406 2859 lectio
420 2837 485 2859 nobis
502 2838 549 2858 visa
563 2840 596 2859 est
609 2838 683 2864 inagis
695 2838 800 2864 genuina.
810 2849 841 2854 —-
851 2838 882 2860 De
893 2844 988 2867 sequen-

147 2876 206 2899 tibus
218 2876 257 2898 cfr.
271 2877 373 2904 August..
387 2875 422 2897 lV.
436 2876 463 2897 de
476 2875 537 2898 Trin.
548 2882 566 2898 c.
577 2876 598 2898 3.
612 2882 632 2898 n.
645 2875 666 2897 5.
679 2876 705 2903 6;
718 2876 790 2898 Serm.
805 2876 833 2898 dc
845 2876 924 2903 Symb.
937 2883 956 2899 c.
967 2876 987 2899 5.

207 2914 217 2929 ³
235 2914 302 2936 llebr.
322 2914 347 2942 Ιι,
370 2914 410 2936 15:
437 2914 483 2936 Non
507 2915 566 2936 enim
585 2914 697 2936 babemus
715 2914 858 2942 pontificem,
881 2915 920 2943 qui
944 2920 987 2936 non

148 2954 219 2981 possit
231 2954 329 2981 compati
347 2952 523 2983 infirmitatibus
541 2954 634 2981 nostris,
648 2956 756 2975 tentatum
769 2956 844 2975 autem
856 2959 896 2981 per
908 2953 988 2976 omnia

148 2999 189 3019 pro
206 2992 352 3015 similitudine
369 2991 456 3022 absque
470 2994 572 3021 peccato.
592 2993 632 3014 ttie
657 2992 720 3014 locus
744 2993 874 3019 Scripturae
896 2992 917 3013 ln
940 2992 989 3014 aliis

1046 447 1123 471 num,
1141 448 1210 475 quae
1230 441 1262 467 ad
1284 442 1419 468 miseriam
1439 446 1555 469 nostram
1577 443 1717 477 pertinent.
1742 443 1816 470 Unde
1841 443 1891 470 Au-
1901 452 2023 474 Augustinus.

1045 483 1166 515 gustinus
1186 484 1211 510 in
1233 484 1300 510 libro
1321 485 1398 511 tertio
1418 485 1451 512 de
1470 485 1566 512 Libero
1586 485 1739 512 Arbitrio⁵z
1764 497 1775 509 «ι
1790 486 1891 520 Appro-

1045 526 1123 557 bare,
1144 527 1243 560 inquit,
1264 527 1328 553 falsa
1348 535 1397 562 pro
1419 529 1505 559 veris,
1527 532 1554 555 ut
1573 532 1641 555 erret
1663 529 1773 560 invitus,
1787 532 1813 555 et
1827 529 1891 555 resi-

1044 571 1128 595 stente
1156 572 1236 603 atque
1265 572 1406 604 torquente
1434 570 1527 597 dolore
1555 571 1671 597 carnalis
1697 571 1812 603 vinculi,
1837 578 1889 597 non

1043 618 1123 645 posse
1142 619 1156 638 a
1176 611 1327 638 libidinosis
1347 613 1474 646 operibus
1495 617 1645 647 temperare
1665 621 1716 639 non
1736 617 1776 640 est
1795 617 1890 641 natura

1044 653 1156 680 instituti
1177 654 1306 686 bominis,
1326 655 1373 681 sed
1393 663 1478 689 poena
1499 655 1653 682 damnati».
1678 667 1689 679 ιι
1708 657 1747 682 Ex
1772 664 1826 691 qua
1845 657 1891 682 mi-

1044 696 1113 722 seria
1134 697 1308 730 peccantibus
1328 697 1472 724 iustissime
1494 697 1592 724 inflicta
1612 698 1708 725 liberat
1727 699 1773 725 Dei
1787 699 1890 733 gratia,

1045 739 1108 773 quia
1128 743 1231 774 sponte*-
1251 740 1330 766 homo
1359 740 1444 766 libero
1464 740 1576 767 arbitrio
1594 741 1692 767 cadere
1712 742 1811 775 potuit,
1838 750 1890 769 non

1044 781 1124 808 etiam
1144 789 1262 815 surgere.
1291 782 1331 808 Ad
1350 790 1431 816 quam
1452 783 1587 809 miseriam
1606 784 1721 818 pertinet
1742 784 1889 817 ignorantia

1044 827 1070 850 et
1089 824 1246 856 difficultas,
1266 832 1346 859 quam
1367 825 1467 859 patitur
1496 827 1582 852 omnis
1609 826 1690 853 bomo
1717 827 1750 853 ab
1779 827 1890 854 exordio

1044 867 1190 894 nativitatis
1216 875 1296 900 suae,
1316 875 1365 894 nec
1385 868 1418 894 ab
1439 869 1488 895 isto
1509 869 1577 896 malo
1598 869 1740 903 quisquam
1762 870 1810 896 nisi
1831 877 1891 903 gra-

1045 910 1080 936 tia
1100 910 1145 936 Dei
1166 910 1296 937 liberatur
1309 922 1332 936 ».
1353 925 1388 930 -
1407 911 1477 938 Ecce
1500 911 1638 938 evidenter
1657 911 1722 938 dicit
1741 912 1785 938 bic
1804 912 1890 946 Augu-

1043 952 1144 984 stinus,
1164 953 1354 986 ignorantiam,
1374 961 1428 988 qua
1447 954 1508 989 quis
1536 955 1635 981 invitus
1663 955 1728 982 falsa
1749 963 1797 989 pro
1818 955 1890 981 veris

1044 995 1191 1029 approbat,
1212 999 1236 1022 et
1256 996 1456 1028 difficultatem,
1476 1004 1528 1031 qua
1548 1005 1600 1024 non
1629 1001 1716 1032 potest
1744 1005 1772 1024 se
1794 1001 1891 1032 tempe-

1044 1045 1104 1065 rare
1123 1046 1137 1065 a
1159 1039 1243 1071 malo,
1263 1039 1294 1066 ad
1310 1040 1444 1067 miseriam
1460 1043 1576 1067 nostram
1591 1041 1724 1075 pertinere
1738 1044 1762 1067 et
1776 1048 1890 1075 poenam

1044 1089 1101 1108 esse
1130 1082 1251 1108 bominis.
1280 1083 1351 1109 Haec
1377 1086 1465 1110 autem
1485 1083 1606 1110 Christus
1625 1092 1677 1110 non
1706 1084 1807 1111 babuit.
1832 1084 1890 1111 Non

1044 1124 1124 1158 igitur
1144 1125 1249 1159 accepit
1268 1133 1360 1152 omnes
1380 1126 1499 1153 desectus
1518 1130 1624 1153 nostrae
1638 1127 1798 1154 infirmitatis
1817 1135 1891 1162 prae-

1044 1170 1084 1193 ter
1103 1171 1253 1202 peccatum,

1115 1210 1167 1237 Sed
1188 1211 1253 1237 t'orte
1273 1211 1369 1245 aliquis
1389 1212 1474 1244 dicct,
1496 1212 1539 1239 illa
1559 1220 1618 1239 esse
1631 1217 1780 1247 peccatum.
1794 1228 1829 1233 -—
1842 1213 1889 1240 Cui
1903 1220 2032 1247 otiecuosoi-

1044 1253 1135 1279 obviat
1154 1253 1226 1287 quod
1250 1254 1414 1287 Augustinus
1434 1255 1540 1281 tradere
1561 1255 1680 1288 videtur,
1701 1256 1768 1283 baec
1787 1256 1890 1283 scilicet
1903 1246 1959 1262 ‘'¹²¹¹“

1044 1295 1127 1322 Deum
1149 1295 1348 1330 inculpabiliter
1376 1300 1436 1323 ante
1460 1300 1601 1331 peecatum
1623 1298 1647 1324 in
1668 1298 1778 1325 exordio
1798 1298 1890 1325 condi-

1045 1339 1124 1365 tionis
1144 1339 1244 1365 homini
1273 1339 1392 1373 potuisse
1417 1340 1522 1372 indere,
1542 1344 1569 1367 ut
1589 1344 1676 1367 essent
1696 1342 1719 1367 ei
1740 1342 1888 1374 naturalia,

1045 1381 1079 1407 ita
1101 1382 1125 1408 in
1147 1381 1215 1408 libro
1235 1382 1484 1409 Retractationum⁰
1510 1383 1648 1418 inquiens:
1667 1396 1677 1407 «
1691 1385 1840 1417 Ignorantia
1864 1389 2021 1415 etAugusunus.

1045 1424 1188 1451 difficultas
1208 1425 1286 1451 etiam
1307 1425 1327 1451 si
1349 1429 1436 1452 essent
1450 1425 1564 1453 bominis
1579 1427 1724 1460 primordia
1746 1428 1889 1461 naturalia,

1045 1474 1094 1493 nec
1113 1467 1151 1493 sic
1171 1467 1321 1502 culpandus
1341 1469 1426 1499 Deus,
1445 1468 1491 1495 sed
1512 1469 1662 1496 laudandus
1682 1474 1751 1497 esset
1765 1482 1788 1497 ιι.
1802 1471 1853 1497 Sed
1867 1472 1889 1498 si

1044 1509 1111 1536 haec
1132 1510 1210 1536 bomo
1230 1511 1256 1536 in
1271 1510 1418 1544 primordio
1433 1512 1588 1538 naturaliter
1604 1512 1755 1546 habuisset,
1769 1514 1890 1548 nunquid

1045 1556 1133 1578 essent
1153 1553 1178 1579 in
1199 1560 1229 1579 eo
1249 1553 1368 1580 desectus
1392 1557 1417 1579 et
1439 1555 1561 1588 poenae?
1575 1554 1601 1581 Si
1616 1555 1735 1582 defectus
1749 1556 1789 1582 vel
1805 1564 1890 1590 poena

1045 1595 1067 1621 ei
1089 1595 1170 1622 indita
1193 1596 1284 1622 suisset
1304 1600 1364 1623 ante
1384 1600 1540 1630 peccatum,
1561 1598 1657 1624 iniuste
1676 1605 1736 1624 cum
1751 1606 1782 1625 eo
1796 1600 1837 1632 agi
1852 1600 1891 1626 vi-

1045 1637 1168 1669 deretur,
1187 1639 1208 1664 si
1229 1642 1289 1665 ante
1317 1639 1423 1673 culpam
1452 1640 1562 1666 sentiret
1581 1648 1703 1674 poenam.
1722 1656 1757 1661 —
1776 1641 1814 1668 Ob
1838 1642 1891 1669 boc

1045 1688 1109 1707 sane
1129 1681 1258 1713 dicimus,
1284 1682 1327 1708 illa
1358 1690 1409 1708 non
1429 1683 1509 1709 fuisse
1528 1683 1648 1710 desectus
1667 1684 1708 1710 vel
1728 1692 1842 1718 poenas,
1867 1685 1889 1712 si

1045 1724 1202 1750 naturaliter
1221 1724 1321 1750 homini
1338 1725 1491 1756 infuissent,
1504 1726 1573 1752 sicut
1587 1733 1638 1752 non
1652 1726 1700 1753 suit
1714 1727 1814 1753 bomini
1829 1731 1890 1755 ante

1044 1770 1185 1801 peccatum
1206 1767 1322 1793 nondum
1342 1768 1454 1801 gratiam
1476 1767 1572 1802 adepto
1592 1768 1711 1795 desectus
1730 1770 1786 1796 sive
1804 1778 1890 1804 poena

1045 1817 1099 1835 non
1119 1817 1195 1844 posse
1213 1810 1348 1844 proficere.
1364 1810 1414 1836 Sed
1431 1814 1573 1845 postquam
1587 1812 1699 1844 gratiam
1714 1813 1829 1847 recepit,
1842 1821 1890 1848 per

1045 1860 1124 1887 quam
1146 1852 1278 1887 proficere
1298 1854 1385 1887 potuit
1404 1856 1430 1879 et
1449 1853 1483 1880 ad
1504 1857 1608 1888 tempus
1637 1855 1716 1881 etiam
1729 1855 1737 1868 ⁷
1761 1856 1889 1889 proiecit,

1045 1902 1159 1929 eamque
1178 1895 1257 1929 culpa
1278 1902 1325 1922 sua
1345 1898 1405 1929 post
1418 1896 1520 1927 amisit,
1534 1896 1667 1931 simulque
1682 1897 1838 1931 proficiendi
1853 1898 1890 1925 sa-

1045 1937 1170 1964 cultatem
1191 1938 1325 1972 perdidit;
1346 1938 1465 1965 defectus
1479 1939 1528 1965 suit
1547 1939 1569 1966 ei
1591 1942 1616 1966 et
1635 1947 1720 1974 poena
1740 1948 1795 1967 non
1812 1950 1889 1976 posse

1042 1981 1188 2015 proficere,
1217 1981 1320 2007 scilicet
1348 1981 1447 2008 malum
1475 1982 1611 2009 declinare
1631 1986 1655 2009 et
1676 1983 1774 2010 bonum
1794 1984 1888 2011 facere.

1044 2024 1141 2050 Omnes
1161 2024 1241 2057 igitur
1260 2024 1378 2051 defectus
1399 2028 1502 2051 nostros
1519 2027 1638 2060 suscepit
1651 2026 1770 2053 Christus
1784 2030 1891 2061 praeter

1045 2069 1201 2100 peccatum,
1229 2074 1296 2101 quos
1315 2066 1341 2092 ei
1358 2066 1530 2094 conveniebat
1548 2068 1686 2102 suscipere
1705 2072 1730 2095 et
1749 2068 1826 2095 nobis
1847 2077 1891 2096 cx—

1041 2108 1172 2144 pectebat.
1185 2109 1251 2136 Sunt
1270 2110 1338 2136 enim
1359 2109 1436 2144 plura
1456 2110 1653 2143 aegritudinum
1674 2118 1771 2144 genera
1791 2115 1816 2138 et
1833 2120 1890 2139 cor-

1045 2152 1118 2186 poris
1132 2152 1204 2184 vitia,
1215 2160 1229 2178 a
1241 2152 1339 2186 quibus
1352 2153 1459 2178 omnino
1474 2153 1599 2179 immunis
1613 2153 1720 2180 exstitit.
1735 2153 1805 2185 Quos
1819 2154 1889 2180 enim
1902 2157 1983 2176 Dubium
1998 2158 2016 2177 τὶ

1045 2194 1163 2221 deiectus
1182 2194 1287 2226 babuit,
1302 2195 1343 2221 vel
1358 2194 1390 2221 ad
1412 2195 1588 2222 ostensionem
1612 2203 1690 2222 verae
1703 2196 1888 2228 humanitatis,

1045 2241 1074 2264 ut
1093 2238 1214 2264 timorem
1235 2241 1260 2264 et
1281 2238 1428 2270 tristitiam,
1449 2238 1490 2265 vel
1520 2238 1553 2265 ad
1581 2238 1761 2273 impletionem
1782 2240 1888 2274 operis,

1045 2280 1078 2308 ad
1098 2280 1169 2314 qnod
1192 2284 1313 2313 venerat,
1334 2284 1362 2307 ut
1375 2280 1578 2315 passibilitatem
1593 2285 1618 2308 et
1632 2281 1834 2314 mortalitatem,
1848 2282 1889 2309 vel

1045 2324 1078 2351 ab
1102 2323 1309 2350 immortalitatis
1336 2324 1523 2358 desperatione
1545 2331 1620 2358 spem
1647 2328 1763 2351 nostram
1790 2325 1890 2358 erigen-

1045 2367 1120 2399 dam,
1142 2370 1169 2393 nt
1191 2370 1316 2399 mortem,
1336 2367 1571 2401 suscepit—Hos
1590 2370 1679 2394 autem
1699 2367 1818 2394 deiectus
1836 2376 1887 2394 non
1900 2371 1928 2390 De
1940 2372 2019 2390 causali-

1045 2410 1206 2436 conditionis
1225 2417 1289 2436 suae
1309 2410 1481 2443 necessitate,
1501 2409 1547 2436 sed
1562 2410 1740 2436 miserationis
1754 2410 1889 2437 voluntate
1902 2396 2018 2436 ffe‘ff..⁹⁰“¹¹¹‘

1044 2452 1171 2486 suscepit.
1191 2451 1275 2478 Veros
1295 2452 1402 2485 quidem
1424 2452 1517 2478 habuit
1537 2452 1670 2483 defectus,
1694 2453 1761 2479 sicut
1781 2456 1807 2479 et
1826 2461 1888 2484 nos,

1044 2606 1097 2628 edd.
1116 2612 1159 2628 non
1177 2607 1270 2633 citatur,
1295 2605 1336 2627 sed
1362 2612 1404 2633 pro
1426 2612 1454 2628 eo
1471 2605 1562 2628 diversa
1581 2606 1706 2628 testimonia
1729 2606 1762 2628 Ss.
1782 2606 1872 2628 Pau-um
1884 2624 1889 2634 ‚

1046 2645 1179 2673 praesertim
1193 2644 1226 2670 (ut
1238 2645 1259 2666 in
1273 2644 1378 2673 lingone)
1391 2644 1472 2667 Leonis
1484 2645 1553 2672 Epist.
1566 2643 1603 2666 24.
1617 2644 1680 2670 (alias
1696 2644 1739 2671 10.)
1757 2651 1776 2667 c.
1789 2644 1814 2673 3;
1826 2649 1848 2668 et
1859 2645 1888 2667 ad

1045 2684 1172 2711 marginem
1185 2683 1294 2706 babetur:
1309 2682 1415 2711 Qualiter
1426 2682 1589 2713 accipiendum
1600 2682 1630 2705 sit
1641 2682 1705 2711 quod
1715 2682 1749 2706 ait
1758 2683 1802 2706 Leo
1814 2683 1888 2713 Papa,

1108 2721 1116 2736 ⁴
1133 2722 1177 2744 cfr.
1197 2722 1219 2744 ll.
1238 2722 1298 2744 Seni.
1316 2721 1339 2744 d.
1357 2722 1425 2744 xxii.
1443 2727 1462 2743 (τ.
1481 2721 1501 2743 55.

1107 2760 1116 2775 ⁵
1133 2760 1187 2787 Cap.
1209 2760 1242 2781 18.
1262 2766 1282 2782 n.
1301 2759 1345 2787 δίη
1363 2760 1402 2782 etr.
1421 2760 1435 2782 l.
1454 2760 1549 2782 neti-act.
1567 2766 1586 2782 c.
1605 2761 1625 2782 9.
1644 2766 1665 2782 n.
1683 2759 1708 2788 5,
1726 2763 1748 2783 et
1764 2760 1793 2782 dc
1806 2760 1887 2783 Natura

1045 2801 1066 2821 et
1083 2799 1154 2826 gratia
1173 2805 1192 2821 c.
1210 2798 1247 2820 67.
1266 2804 1287 2820 n.
1306 2799 1341 2820 81.
1359 2810 1391 2814 -
1407 2799 1459 2827 ¹S'eq.
1478 2799 1541 2820 locus
1557 2801 1591 2820 cst
1609 2799 1623 2820 l.
1642 2799 1738 2821 ltetract.
1757 2805 1776 2821 c.
1794 2800 1815 2821 9.
1829 2805 1850 2821 n.
1863 2799 1887 2827 6,

1045 2840 1066 2860 et
1083 2837 1112 2859 (le
1130 2837 1193 2859 Dono
1211 2843 1300 2865 persev.
1319 2844 1337 2859 c.
1360 2837 1394 2859 ll.
1411 2843 1432 2859 n.
1450 2837 1487 2859 27.

1106 2875 1116 2890 ⁶
1134 2875 1193 2898 Libr.
1212 2877 1225 2898 l.
1243 2882 1262 2898 c.
1281 2877 1301 2898 ἱ).
1321 2882 1340 2898 n.
1359 2877 1384 2903 6,
1402 2879 1423 2898 et
1441 2876 1468 2898 dc
1486 2876 1550 2898 Dono
1568 2882 1658 2904 persev.
1676 2882 1694 2898 c.
1715 2877 1749 2898 11.
1769 2883 1789 2899 n.
1808 2877 1844 2899 27.
1863 2890 1888 2893 —

1046 2915 1114 2936 t‘autn
1131 2915 1237 2942 superius
1255 2918 1306 2942 post
1322 2913 1415 2937 videtur
1430 2914 1482 2936 edd.
1495 2921 1536 2942 pro
1553 2914 1610 2938 haec
1627 2915 1710 2938 babent
1726 2914 1788 2943 hoc,-
1805 2916 1888 2938 deinde

1046 2959 1087 2981 pro
1105 2952 1185 2975 indm-1.-
1202 2953 1254 2975 edd.
1277 2953 1299 2980 1,
1318 2953 1330 2973 8
1348 2952 1449 2976 tradere.

1107 2991 1116 3005 ⁷
1134 2991 1204 3019 itud,
1223 2992 1322 3019 exceptis
1342 2992 1364 3019 1,
1383 2992 1407 3019 8,
1425 2993 1531 3015 omittunt
1547 2991 1625 3015 eliani.
