2166 3366
127 837 155 855 Ad
169 837 242 861 opposi-

259 192 315 219 5022

336 268 362 297 3.
379 268 460 302 ltem,
476 267 594 304 cognitio
610 266 779 295 intellectiva
794 266 1033 303 superadveniens
1050 274 1103 295 non

258 316 328 344 tollit
350 315 533 352 cognitionem
564 314 742 348 sensitivam,
772 313 835 342 licet
856 321 912 342 una
934 313 1046 342 illarum
1069 313 1104 342 sit

257 363 366 400 dignior
388 365 415 391 et
437 362 584 399 perfectior
607 364 633 389 et
659 361 779 389 nobilior
806 361 931 389 altera¹:
955 369 1021 398 ergo
1045 361 1102 398 pari

257 410 362 438 ratione
385 410 496 438 videtur
518 409 552 437 de
574 408 629 437 fide
650 412 677 437 et
698 408 825 443 scientia,
847 409 923 445 quod
945 408 1029 437 simul
1046 416 1104 445 pos-

257 460 322 485 sunt
343 456 440 485 haberi
463 456 497 484 de
519 456 616 484 eodem
639 458 666 483 et
688 455 761 483 circa
783 455 866 483 idem.

334 504 361 531 li.
385 503 463 537 Hem,
484 502 681 539 «experientia
696 505 738 530 est
752 502 920 538 principium
937 502 1067 531 scientiae
1077 513 1104 536 »3

255 550 303 579 sed
326 550 360 578 de
382 558 438 578 uno
460 552 486 578 et
507 549 604 577 eodem
638 551 728 585 potest
760 548 855 577 haberi
878 548 948 578 fides
970 552 996 578 et
1022 557 1105 586 expe-

257 597 369 626 rientia:
392 605 458 633 ergo
481 597 515 624 sle
537 604 593 624 uno
615 599 642 624 et
664 596 760 624 eodem
784 599 875 632 potest
906 596 1003 624 haberi
1034 596 1104 625 fides

255 648 282 673 et
304 644 425 673 scientia.
448 643 544 672 Maior
566 643 702 680 probatur
725 651 775 680 per
797 643 1032 680 Philosoptium‘2;
1054 643 1104 671 mi-

255 701 311 720 noi·
333 691 469 728 probatur
491 691 516 719 in
540 691 621 719 beata
653 690 765 727 Virgine
787 690 881 725 Maria,
903 698 975 727 quae
1001 690 1056 719 fide
1077 694 1104 719 et

256 738 429 775 experientia
450 738 592 774 cognovit,
609 745 638 766 se
653 737 811 774 concepisse
827 737 861 765 de
876 737 981 774 Spiritu
1000 741 1103 766 sancto.

334 786 386 813 SED
407 793 530 813 comm:
556 786 579 812 ’1.
603 784 678 812 Sicut
700 784 800 812 caritas
822 784 910 821 diligit
932 784 1020 812 Deum
1044 793 1105 820 pro-

257 836 317 870 pter
339 841 367 861 se
389 836 416 861 et
447 840 532 869 super
564 831 671 865 omnia⁷
694 831 733 860 sic
764 831 834 860 fides
855 832 970 860 assentit
996 832 1104 868 primae

256 880 369 909 Veritati
393 882 508 916 propter
529 887 558 907 se
580 882 607 907 et
640 886 726 915 snper
747 878 856 912 omnia;
878 878 927 907 sed
950 878 1015 915 quia
1037 878 1105 907 cari-

256 930 297 956 tas
319 926 408 964 diligit
428 927 516 955 Deum
541 933 626 962 super
648 925 741 953 omnia
762 928 789 953 et
804 928 919 962 propter
940 933 984 959 se,
1005 925 1105 962 impos-

256 974 336 1004 sibile
350 977 406 1009 est⁷
423 974 497 1011 quod
514 973 573 1010 ipsa
590 973 776 1009 compatiatur
791 980 886 1001 secum
910 972 1103 1007 dilectionem⁷

256 1030 311 1059 qua
332 1021 395 1058 quis
416 1021 506 1057 diligit
528 1020 616 1049 Deum
640 1023 755 1057 propter
771 1022 883 1048 terrena
897 1019 1102 1056 principaliter:

256 1076 323 1105 ergo
343 1068 403 1105 pari
421 1068 526 1096 ratione
550 1066 720 1103 impossibile
734 1067 802 1100 erit,
818 1066 893 1103 quod
915 1066 985 1095 fides
1008 1074 1103 1095 secum

257 1115 442 1152 compatiatur
464 1114 664 1151 cognitionem,
687 1121 759 1150 quae
791 1113 983 1150 principaliter
1004 1113 1105 1142 adhae-

259 1165 301 1191 ret
320 1161 522 1190 ratiocinationi
555 1160 715 1197 acquisitae.
751 1160 803 1188 Sed
836 1160 899 1188 talis
922 1163 963 1188 est
985 1160 1104 1197 cognitio

257 1209 401 1238 scientiae:
423 1216 489 1245 ergo
523 1207 693 1244 impossibile
724 1210 781 1240 est,
818 1206 900 1234 fidem
933 1207 1007 1235 circa
1031 1206 1103 1235 idem

257 1264 317 1286 esse
339 1264 402 1285 cum
425 1255 540 1284 scientia
562 1254 645 1283 simul
668 1257 694 1282 vt
716 1254 801 1282 semel
814 1254 831 1281 ³.

335 1305 360 1331 2.
385 1303 466 1335 ltem,
488 1301 558 1330 visio
580 1301 685 1338 patriae
713 1301 784 1329 tollit
808 1301 889 1329 fidem
912 1304 1027 1338 propter
1049 1309 1105 1329 cer-

259 1350 403 1379 titudinem
436 1352 463 1377 et
493 1348 661 1377 evidentiam
685 1348 710 1375 in
745 1347 950 1384 cognoscendo:
974 1348 996 1376 si
1018 1347 1104 1385 igitur

256 1397 329 1434 quod
353 1396 530 1433 cognoscitur
552 1403 601 1432 per
624 1395 767 1423 scientiam
790 1397 832 1423 est
853 1398 963 1423 certum
979 1398 1005 1423 et
1027 1402 1105 1431 aper-

256 1448 332 1479 tum,
356 1444 480 1476 videtur,
501 1443 575 1480 quod
599 1441 770 1479 impossibile
792 1442 838 1475 sit⁷
861 1441 965 1478 aliquid
989 1449 1050 1470 esse
1073 1442 1105 1470 si-
1128 1436 1131 1438 ’

258 1490 315 1519 mul
337 1490 436 1519 scitum
459 1492 486 1517 et
507 1489 655 1518 creditum.

335 1537 361 1566 3.
384 1537 466 1570 Item,
489 1536 600 1564 animus
622 1539 715 1564 noster
736 1535 814 1564 nullo
837 1535 919 1564 modo
942 1539 1031 1572 potest
1053 1535 1106 1564 dis-

256 1585 359 1614 sentire
380 1585 415 1613 at]
447 1592 479 1613 eo
511 1583 586 1620 quod
620 1583 696 1611 novit
717 1583 816 1611 habitu
838 1583 968 1612 scientiae
990 1600 1028 1603 -
1050 1591 1103 1611 non

256 1632 329 1661 enim
351 1634 441 1669 potest
464 1639 516 1659 non
539 1631 668 1663 credere,
691 1630 763 1667 quod
794 1629 951 1666 triangulus
982 1638 1036 1658 non
1059 1630 1105 1658 lia-

257 1680 319 1708 beat
351 1682 407 1707 tres
438 1678 555 1715 angulos
588 1677 719 1714 aequales
748 1677 860 1705 duobus
891 1677 986 1710 rectis,
1010 1677 1030 1705 si
1055 1677 1105 1705 scit

257 1726 324 1755 illud
348 1726 541 1755 demonstrare
554 1725 561 1739 '¹
582 1741 621 1744 —
642 1724 690 1753 sed
713 1732 785 1761 quae
802 1724 855 1752 fide
881 1724 1036 1752 creduntur
1061 1732 1106 1751 vo-

258 1774 377 1802 luntarie
406 1773 580 1802 creduntur.
603 1775 630 1800 et
653 1771 725 1800 sicut
756 1774 872 1807 possunt
905 1771 997 1804 credi,
1021 1771 1057 1799 ita
1078 1774 1105 1799 et

258 1823 374 1857 possunt
396 1819 532 1848 discredi:
555 1826 621 1855 ergo
645 1818 772 1850 videtur,
804 1818 877 1854 quod
902 1817 998 1845 notitia
1020 1817 1105 1846 scien-

258 1867 311 1895 tiae
333 1875 387 1895 non
411 1866 496 1903 possit
518 1865 602 1893 simul
617 1869 691 1893 stare
707 1865 780 1892 circa
796 1864 868 1893 idem
885 1872 948 1893 cum
966 1864 1025 1900 ipsa
1041 1863 1104 1892 fide.

335 1913 362 1941 lt.
386 1913 468 1945 Item,
490 1919 562 1948 quae
584 1910 699 1939 scientia
728 1913 934 1947 cognoscuntur
954 1910 1105 1938 subiacent

257 1960 372 1993 rationi;
394 1960 442 1988 sed
465 1966 536 1995 quae
559 1958 612 1986 lide
637 1958 792 1986 creduntur
821 1961 885 1986 sunt
909 1965 1004 1994 supra
1027 1957 1106 1985 ratio-

257 2014 330 2037 nem.
346 2006 476 2043 quoniam
493 2006 562 2034 fides
581 2008 622 2033 est
647 2004 814 2033 illuminatio
836 2004 970 2032 rationem
993 2004 1105 2032 elevans

257 2062 343 2090 supra
364 2053 425 2082 se⁵t
448 2061 514 2089 ergo
536 2053 558 2081 si
578 2052 651 2081 idem
668 2060 721 2080 non
738 2055 902 2088 potestesse
918 2050 1003 2088 infra
1026 2051 1106 2079 ratio-

258 2108 320 2129 nem
343 2103 370 2129 et.
389 2108 484 2136 supra
507 2099 655 2133 rationem,
682 2106 734 2126 non
763 2098 888 2132 videtur,
915 2098 990 2134 quod
1019 2097 1106 2134 possit

258 2147 341 2176 simul
364 2147 490 2184 cognosci
514 2154 564 2183 per
586 2146 729 2174 scientiam
752 2148 778 2174 et
800 2145 893 2174 fidem.

324 2402 330 2416 ¹
347 2403 445 2430 Ariston,
464 2402 495 2423 lll.
514 2402 541 2423 di·
560 2402 652 2429 Anima⁷
675 2404 725 2423 text.
744 2401 780 2423 30.
799 2402 831 2428 (c.
850 2401 894 2429 7.):
918 2401 1039 2429 Nunquam
1057 2401 1106 2422 siue

260 2442 418 2469 phantasmate
436 2441 539 2468 intelligit
556 2441 639 2462 anima.
659 2441 683 2462 lit
700 2440 755 2462 ibid.
774 2443 825 2462 text.
844 2440 880 2462 39.
895 2440 922 2466 (c.
942 2440 986 2468 8.):
1004 2439 1047 2467 Qui
1061 2445 1105 2461 non

259 2481 326 2503 sentit
342 2480 441 2509 aliquid.
461 2480 513 2501 uitiit
533 2481 611 2508 utique
629 2479 731 2501 addiscet
749 2485 790 2501 nec
807 2480 922 2507 intelliget.
941 2479 966 2500 Et
983 2485 1035 2501 cum
1054 2485 1106 2506 spe-

259 2520 357 2546 coletur,
376 2525 468 2541 nect-sse
486 2522 530 2545 est,
549 2519 615 2541 simul
635 2519 768 2545 phantasma
787 2518 879 2546 aliquod
901 2518 1014 2545 speculari
1032 2521 1073 2539 etc.

321 2558 330 2572 ‘2
349 2559 406 2580 victe.
424 2564 492 2585 supra
512 2558 533 2579 d⁴
556 2557 589 2579 lli.
607 2564 626 2579 a.
646 2558 666 2579 33.
685 2564 705 2585 q.
725 2558 747 2578 2.
765 2563 812 2584 arg.
832 2558 852 2579 3.
872 2557 900 2579 ad
918 2563 999 2584 oppos.

321 2597 331 2611 ⁸
348 2597 427 2619 Guliel.
446 2597 574 2623 ,tnttsstod.‚
593 2597 614 2618 S.
633 2602 654 2623 p.
673 2597 702 2617 lll.
723 2600 748 2618 tr.
767 2597 787 2617 3.
805 2602 824 2618 e.
847 2597 863 2617 l.
882 2602 904 2624 q.
923 2595 942 2617 4.
962 2597 1005 2617 lioc
1022 2595 1105 2623 signifi-

260 2641 335 2659 catum
358 2643 407 2658 esse
431 2637 479 2658 vult
502 2637 543 2658 illis
561 2635 639 2657 verbis
656 2636 863 2662 Samaritanorum,
888 2635 946 2656 ioan.
965 2634 989 2662 4,
1015 2634 1055 2656 42:
1076 2634 1106 2656 Et

259 2675 356 2698 mulieri
372 2674 490 2698 dicelmut:
508 2674 563 2704 quio
582 2674 631 2696 iam
654 2680 701 2696 non
718 2675 815 2703 propter
832 2675 899 2696 luam
922 2672 1039 2702 loquelam
1057 2678 1106 2695 cre—

259 2714 356 2742 clt'm.us,·
374 2714 417 2743 ipsi
439 2713 498 2736 enim
523 2713 659 2736 audirimus
681 2714 701 2735 et
725 2712 831 2735 victimas.
853 2721 863 2731 ιι
881 2711 1050 2739 Saittai-iluna,
1076 2712 1106 2732 iu-

260 2754 320 2781 quit,
343 2753 454 2781 significat
478 2753 588 2774 rationem
614 2752 754 2778 naturalem,
778 2750 929 2774 &naamani
944 2748 1105 2779 [significant]

260 2793 377 2814 venientes
395 2792 423 2814 ad
441 2792 510 2814 fidem
529 2793 629 2819 noxia-u
649 2791 757 2819 quoniam
775 2791 893 2812 venientes
911 2789 939 2811 ad
957 2789 1025 2810 [idem
1045 2789 1106 2810 noi-i-

261 2834 293 2853 ter
311 2831 387 2853 dicunt
407 2832 486 2852 rationi
505 2831 614 2853 naturali:
639 2832 682 2851 iam
702 2836 746 2851 non
765 2832 859 2857 propter
878 2832 897 2850 te
915 2828 1042 2854 credimus,
1066 2827 1106 2849 sed

261 2871 312 2898 quia
327 2871 368 2897 ipsi
382 2870 482 2891 xislimus
500 2876 541 2897 per
559 2870 627 2891 tidem
641 2878 661 2891 n.
675 2870 715 2890 tste
734 2870 796 2890 locus
808 2869 888 2896 Sci-ipt.
906 2868 1027 2895 respicitur
1039 2867 1105 2889 etiam

262 2909 317 2929 int'ra
337 2910 357 2929 in
376 2909 441 2930 solut.

325 2947 332 2961 ⁴
351 2947 394 2969 Ct'r.
413 2949 510 2974 Aristot.y
529 2948 542 2969 l.
562 2948 644 2969 Foster.
664 2953 681 2969 c.
704 2947 721 2968 t.

262 2985 343 3007 notitia
362 2986 470 3008 scientim*
487 2986 538 3007 edd.
557 2986 653 3008 scientia
671 2986 773 3007 notitiae.

740 2953 803 2975 seqq.
823 2959 852 2962 —
866 2947 933 2968 Paulo
951 2942 1044 2967 in‘t‘erius
1066 2951 1107 2972 pro

934 188 1185 217 SENTENTIARUM
1207 188 1266 217 LIB.
1289 188 1328 216 111.

1480 274 1691 295 CONCLUSIO.

1162 361 1290 390 Scientia
1312 364 1432 398 apertae
1453 359 1717 397 comprehensionis
1744 370 1801 389 non
1828 362 2007 399 compatitur

1240 416 1336 436 secam
1359 407 1463 444 ficlem;
1483 407 1534 435 sed
1553 407 1693 439 scientia,
1716 416 1790 445 qaae
1811 412 1851 436 est
1865 417 1884 436 a
1905 417 2010 437 maom-

1241 454 1376 482 (lztctione
1396 454 1652 487 ratiocinationis,
1672 454 1763 482 sinnii
1776 458 1835 483 slat
1849 464 1916 483 cam
1937 455 2008 492 sicle,

1241 501 1283 529 ita
1306 504 1337 529 at
1358 500 1430 537 sides*
1449 501 1489 528 sit
1506 500 1673 537 principale
1693 504 1719 529 et
1745 501 1868 530 scicntia
1896 502 2009 530 subse-r-

1240 556 1328 575 mens.

1243 642 1418 669 RuspoNnno:
1442 641 1478 669 Ad
1502 641 1710 677 praedictorum
1734 642 1942 679 intelligent-iam
1966 646 2010 672 est

1162 688 1325 722 notandum,
1341 687 1415 725 quod
1432 688 1539 724 duplex
1551 692 1592 717 est
1607 689 1725 725 cognitio
1738 689 1757 723 ⁶,
1770 689 1874 718 scilicet
1889 694 2008 727 apertae
2020 695 2094 722 Daiilex
2107 701 2137 715 co-

1162 734 1427 772 comprehensionis
1448 738 1474 763 et
1500 735 1728 764 manuductione
1759 736 2007 765 ratiocinationis.
2021 722 2086 742 gnam.

1162 798 1200 802 -—
1221 782 1245 809 Si
1270 782 1419 819 loquamur
1441 781 1475 810 sle
1498 781 1613 810 scientia
1635 786 1754 819 apertae
1783 782 2010 819 comprehensio-

1162 829 1223 862 nis,
1246 837 1301 866 quo
1323 829 1406 857 modo
1427 829 1604 865 cognoscitur
1626 829 1701 857 Deus
1722 829 1749 857 in
1771 830 1877 866 patria3
1894 830 1932 859 sic
1954 838 2008 858 non
2022 836 2120 855 Conclusio
2131 837 2148 855 1-

1163 876 1331 913 compatitur
1353 883 1448 905 secum
1471 876 1571 910 fidem,
1594 879 1625 904 ut
1646 876 1729 905 simul
1752 876 1826 905 idem
1852 877 1887 906 sit
1908 877 2009 906 scitum

1163 927 1188 951 et
1211 923 1363 957 creditum,
1388 931 1438 960 pro
1460 931 1492 951 eo
1514 923 1589 960 quod
1611 923 1673 952 talis
1696 924 1815 960 cognitio
1846 924 2010 962 simpliciter

1162 969 1289 998 excludit
1309 970 1452 1006 aenigma;
1475 973 1502 998 et
1532 970 1585 998 hoc
1614 970 1714 999 melius
1742 971 1888 1008 apparebit
1910 971 1981 1000 infra
1991 973 2009 1006 ⁷,

1162 1024 1226 1044 cuin
1249 1020 1348 1053 agetur
1369 1017 1404 1045 (le
1425 1017 1607 1045 evacuatione
1632 1017 1786 1052 virtutum,
1808 1026 1896 1055 quare
1917 1018 2012 1047 videli-

1163 1066 1205 1091 cet
1226 1066 1253 1091 et
1275 1063 1394 1100 qualiter
1416 1063 1481 1092 fidei
1503 1067 1583 1092 actus
1604 1072 1654 1100 per
1676 1064 1810 1093 visionem
1840 1065 2010 1094 excludatur

1162 1114 1189 1139 et
1210 1114 1371 1139 evacuetur.
1396 1111 1425 1139 Et
1447 1111 1481 1139 de
1503 1111 1555 1139 hac
1576 1111 1690 1139 scientia
1706 1111 1871 1140 Sanctorum
1893 1112 2010 1141 auctori:

1162 1161 1232 1186 tates
1254 1158 1361 1192 dicunt,
1378 1161 1405 1186 et
1420 1158 1576 1186 communis
1598 1158 1690 1195 opinio
1706 1159 1905 1196 magistrorum
1928 1162 2010 1193 tenet⁷

1162 1205 1215 1233 hoc
1236 1212 1296 1233 esse
1318 1213 1434 1239 verum,
1456 1205 1529 1242 quod
1553 1205 1626 1234 idem
1656 1214 1710 1233 non
1733 1209 1822 1242 potest
1844 1213 1905 1235 esse
1927 1206 2011 1235 simul

1163 1251 1263 1279 scitum
1285 1254 1312 1279 et
1333 1251 1479 1279 creditum.

1241 1298 1266 1325 Si
1289 1301 1381 1326 autem
1414 1298 1564 1335 loquamur
1596 1299 1630 1327 de
1656 1299 1789 1333 scientia,
1821 1307 1893 1336 quae
1922 1303 1963 1329 est
1993 1308 2010 1328 a

1163 1345 1411 1373 mimziclactione⁸
1432 1345 1685 1379 ratiocinationi&
1718 1346 1756 1375 sic
1779 1346 1931 1375 voluerunt
1952 1347 2010 1384 qui·
2022 1351 2091 1376 Opinio
2104 1351 2122 1370 ¹-

1164 1392 1227 1420 dam
1251 1393 1355 1427 (licere.
1391 1392 1485 1421 adhuc
1516 1400 1577 1421 esse
1608 1400 1724 1427 verum,
1746 1394 1821 1430 quod
1844 1402 1896 1421 non
1920 1397 2011 1431 potest

1163 1440 1247 1468 simul
1263 1443 1337 1468 stare
1352 1448 1416 1468 cum
1433 1440 1496 1474 tide,
1512 1440 1577 1477 quia
1591 1448 1642 1476 per
1658 1440 1740 1468 talem
1761 1440 1903 1469 scientiam
1920 1448 2012 1469 assen-

1163 1487 1196 1515 tit
1212 1486 1369 1515 intellectus
1391 1486 1443 1523 ipsi
1466 1487 1504 1515 rei
1527 1487 1652 1523 cognitae
1670 1490 1790 1523 propter
1812 1487 1908 1523 ipsam
1923 1487 2012 1515 ratio-

1162 1542 1227 1561 nem
1241 1533 1464 1570 principaliter,
1479 1533 1594 1562 assentit
1609 1533 1692 1561 etiam
1707 1533 1882 1567 necessario,
1896 1534 2011 1563 assentit

1163 1580 1245 1609 etiam
1268 1580 1340 1608 sicut
1361 1580 1416 1614 rei,
1431 1588 1503 1617 quae
1524 1583 1566 1609 est
1581 1578 1665 1617 infra
1680 1588 1722 1615 seg
1738 1580 1819 1609 cuius
1837 1581 2010 1609 contrarium

1164 1627 1305 1664 reperitur
1338 1627 1364 1655 in
1397 1627 1467 1661 fide,
1500 1635 1571 1664 quae
1603 1627 1718 1656 assentit
1743 1627 1861 1664 primae
1890 1628 2012 1656 Veritati

1160 1678 1280 1711 propter
1301 1682 1331 1702 se
1352 1678 1379 1703 et
1399 1674 1581 1707 ‘colicitat-ie,
1607 1674 1742 1702 elevando
1765 1675 1898 1703 rationem
1921 1683 2010 1712 sapei·

1163 1730 1200 1749 se.
1224 1722 1254 1749 Et
1269 1721 1331 1749 islco
1347 1722 1494 1755 dixerunt,
1517 1720 1649 1749 habitum
1671 1721 1735 1749 fidei
1757 1725 1784 1750 et
1799 1721 1929 1750 scientiae
1951 1730 2010 1750 mu-

1164 1772 1213 1796 tuo
1235 1776 1295 1796 sese
1317 1768 1484 1802 excludere,
1517 1768 1672 1796 secundum
1693 1768 1776 1805 quod
1806 1769 1908 1797 caritas
1930 1768 2009 1797 illum

1163 1823 1287 1843 amorem
1320 1814 1461 1849 excludit,
1492 1823 1548 1851 quo
1574 1815 1636 1852 quis
1668 1818 1742 1843 amat
1774 1815 1861 1844 Deum
1897 1819 2010 1853 propter

1164 1861 1327 1899 temporalia
1351 1861 1548 1898 principaliter.

1243 1909 1365 1936 Aliorum
1389 1916 1456 1937 vero
1476 1908 1575 1945 positio
1596 1912 1653 1942 est,
1686 1909 1761 1946 quod
1787 1909 1822 1937 de
1844 1917 1900 1937 uno
1921 1913 1948 1938 et
1969 1918 2012 1938 eo·
2023 1913 2092 1937 Opinio
2104 1913 2122 1931 2-

1164 1955 1227 1983 dem
1250 1955 1333 1984 simul
1356 1959 1445 1992 potest
1467 1955 1563 1983 haberi
1587 1956 1700 1984 scientia
1716 1956 1943 1984 manuductione
1963 1965 2012 1984 ra·
2124 1951 2129 1954 ’

1165 2003 1364 2031 tiocinationis
1395 2010 1457 2031 cum
1491 2002 1589 2031 habitu
1622 2002 1699 2037 fidei,
1732 2003 1812 2032 iuxta
1843 2004 1918 2040 quod
1945 2003 2011 2032 dicit

1164 2050 1335 2086 Augustinus
1363 2049 1470 2078 decimo
1498 2050 1619 2087 quarto⁹
1640 2050 1674 2079 de
1696 2051 1716 2078 T
1719 2051 1845 2085 rinitate‚
1867 2058 2010 2087 exponens

1164 2096 1235 2125 illud
1257 2096 1392 2133 Apostoli:
1415 2096 1478 2125 Alii
1498 2097 1589 2125 datar
1606 2106 1661 2134 per
1683 2097 1828 2134 Spiritum
1849 2106 1945 2126 sermo
1965 2106 2011 2126 sa-

1160 2144 1306 2181 pientiae,
1327 2143 1382 2172 aliz'
1401 2152 1497 2172 sermo
1518 2144 1672 2172 scientiae.-
1700 2144 1792 2173 «Huic
1814 2145 1943 2173 scientiae
1965 2145 2009 2173 tri-

1226 2399 1235 2413 ⁵
1256 2399 1312 2421 Vide.
1329 2405 1398 2426 supra
1417 2405 1469 2426 pag.
1489 2398 1541 2425 501,
1560 2401 1611 2420 nota
1630 2398 1651 2420 ὃ.

1225 2438 1235 2453 6
1254 2439 1302 2460 Vnt.
1321 2438 1384 2460 addit
1400 2436 1527 2460 scientialis
1549 2436 1575 2459 [le
1592 2437 1651 2465 Deo,
1672 2441 1693 2459 et
1717 2437 1799 2459 deinde
1817 2443 1870 2459 cum
1889 2437 1942 2459 edd.
1963 2437 1981 2465 l,
1995 2438 2007 2459 2

1163 2477 1198 2500 his
1215 2477 1331 2499 substituit
1347 2482 1361 2498 α
1377 2477 1445 2505 parte
1463 2482 1505 2504 pro
1522 2477 1625 2504 apertae.

1226 2516 1234 2529 ⁷
1253 2516 1305 2537 Dist.
1318 2516 1354 2537 3¹.
1373 2522 1392 2537 a.
1405 2516 1426 2537 2.
1444 2522 1466 2543 q.
1484 2516 1500 2542 l,
1513 2515 1552 2537 ubi
1571 2516 1614 2537 hoc
1626 2521 1652 2536 ex
1665 2515 1798 2537 auctoritate
1810 2515 1943 2542 Augustini,
1956 2515 2008 2536 Gre-

1163 2556 1219 2583 gorii
1238 2555 1355 2583 probatur.

1225 2593 1235 2608 S
1252 2593 1306 2616 Cod.
1323 2594 1354 2615 bb
1372 2593 1397 2621 (a
1421 2594 1521 2615 secunda
1546 2594 1630 2622 manu)
1651 2599 1695 2622 per
1714 2592 1922 2615 manuductionem
1931 2601 1940 2620 ‚·
1960 2592 2008 2613 reli-

1163 2633 1201 2662 qui
1215 2633 1281 2654 codd.
1301 2632 1484 2655 manuductione
1502 2636 1600 2660 tantum,
1618 2633 1709 2654 omissis
1726 2631 1804 2654 verbis
1816 2630 2007 2659 praecedentibus

1163 2677 1224 2701 quae.
1241 2672 1275 2693 est
1291 2677 1312 2693 a.

1225 2711 1235 2725 ⁹
1253 2710 1307 2738 Cap.
1330 2711 1346 2732 l.
1360 2717 1380 2732 n.
1399 2711 1425 2737 3,
1443 2710 1494 2737 ubi,
1513 2710 1640 2732 secund-tm
1659 2709 1758 2732 verbum
1771 2710 1893 2737 allegatum
1907 2709 2006 2736 Apostoli

1164 2750 1191 2773 (Ι,
1210 2749 1260 2771 (lor.
1283 2750 1319 2777 12,
1338 2750 1368 2776 Β.)
1388 2749 1530 2777 distinguens
1547 2748 1688 2778 sapientiam
1706 2748 1733 2776 (i.
1747 2755 1766 2770 e.
1780 2754 1857 2770 rerum
1875 2748 2006 2770 divinarum

1163 2789 1296 2816 scientiam)
1314 2795 1325 2810 a
1343 2788 1440 2811 scientia
1458 2789 1518 2815 (scil.
1537 2794 1613 2810 rerum
1632 2789 1806 2815 humanarum),
1821 2787 1898 2813 docet,
1919 2786 2008 2815 eripien-

1164 2828 1209 2850 Ilrtc
1228 2834 1270 2849 non
1289 2834 1339 2849 esse
1362 2827 1509 2850 tribuendum
1533 2827 1646 2855 quidquid
1663 2827 1715 2849 sciri
1736 2826 1765 2848 ab
1783 2827 1873 2847 homine
1892 2827 1963 2853 possit
1985 2827 2006 2848 in

1164 2867 1234 2889 rebus
1252 2867 1373 2893 humanis,
1396 2875 1404 2886 ιι
1417 2866 1457 2888 scd
1475 2866 1529 2888 illud
1554 2865 1723 2891 tantummodo,
1745 2870 1791 2892 quo
1810 2864 1866 2886 tides
1888 2865 2008 2887 saluberri-

1165 2912 1225 2928 ma...
1244 2912 1287 2934 qna
1301 2907 1391 2927 scientia
1406 2912 1449 2927 non
1469 2905 1552 2932 pollent
1565 2905 1642 2926 fidi-los
1660 2904 1763 2931 plurimi,
1781 2902 1888 2931 qtmmcis
1904 2903 2009 2932 polleant

1165 2945 1215 2973 ipsa
1232 2945 1277 2975 sidu
1293 2944 1424 2973 plurimum
1440 2944 1552 2965 ».--l‘ro
1570 2948 1615 2972 quo
1631 2941 1689 2972 fides
1710 2942 1774 2963 multi
1792 2941 1858 2963 codd.
1877 2945 1898 2964 et
1914 2942 1967 2965 edd,
1990 2944 2006 2971 1,

1165 2985 1178 3006 2
1197 2990 1318 3011 perperam
1336 2983 1399 3012 quoti
1414 2982 1465 3012 fille.
