2166 3366
242 196 298 224 822

242 273 413 310 cupiscentia
434 272 525 301 carnis
540 275 566 300 et
587 272 733 299 oculorum
754 270 920 307 prohibetur
941 270 1085 306 explicite,

242 321 361 354 videtur,
377 320 451 356 quod
467 323 494 347 et
506 318 638 355 superbia
653 318 724 346 vitae
737 317 851 346 deberet
866 317 969 345 habere
984 316 1087 353 specia-

243 368 294 396 lem
316 366 540 404 prohihitionem.

320 414 345 441 8.
368 413 452 446 ltem,
482 412 553 441 sicut.
581 411 712 447 contingit
741 410 937 447 concupiscere
966 418 1086 438 uxorem

241 461 372 493 alienam,
395 463 421 488 et
442 458 693 495 concupiscentiam
716 457 905 486 consummari
935 457 961 484 in
987 464 1085 493 opere;

242 508 281 536 sic
303 507 385 535 eliam
407 509 449 535 est
470 506 595 543 reperire
623 505 697 534 circa
725 504 907 533 homicidium
930 507 957 532 et
985 504 1085 532 falsum

243 555 429 583 testimonium
453 557 479 581 et
500 553 573 593 circa
595 552 648 580 alia
675 552 819 580 mandata:
842 559 909 588 ergo
931 551 1002 579 sicut
1030 551 1087 579 duo

241 601 352 629 diversa
367 604 431 629 sunt
447 602 593 637 praecepta
614 599 649 627 de
664 599 887 635 concupiscentia
907 598 1006 626 uxoris
1025 597 1087 626 alie-

242 656 293 676 nae
315 651 342 676 et
363 648 401 676 rei
425 647 531 676 alienae
553 647 579 674 in
601 654 685 683 opere
705 649 732 674 et
753 646 915 679 voluntate3
937 645 974 673 sic
1007 645 1087 673 debe—

243 697 304 723 rent
325 694 378 722 alia
401 697 547 731 praecepta
562 693 716 730 duplicari3
739 693 812 730 quod
833 693 854 721 si
878 700 976 721 verum
1000 695 1088 725 esset,

242 746 308 770 tunc
329 744 421 770 essent
442 741 524 778 plura
546 748 629 777 quam
653 740 757 769 decem.

322 788 368 817 Est
389 788 473 825 igitur
495 787 635 824 quaestio,
657 795 744 824 quare
772 787 868 815 decem
897 786 951 815 sint
979 790 1005 814 et
1035 793 1087 813 non

133 842 227 866 Quaestio.
243 835 325 872 plura
346 843 395 863 nec
417 834 557 872 pauciora.

559 935 769 956 CONCLUSIO.

373 1021 576 1051 Convenienter
597 1021 752 1058 assiynata
772 1024 841 1048 sunt
866 1020 960 1048 decem

497 1072 654 1106 praecepta
684 1068 828 1105 Deealoyz'.

324 1164 498 1192 Ruspounao:
521 1163 558 1191 Ad
582 1163 790 1200 praedictorum
813 1162 1022 1198 intelligentiam
1048 1164 1090 1190 est

244 1210 411 1244 notandum,
426 1210 500 1246 quod
520 1209 685 1238 sufficientia
699 1212 726 1237 et
740 1216 877 1236 numerus
893 1208 1089 1236 mandatorum

245 1258 366 1287 sumitur
388 1257 542 1286 secundum
566 1256 700 1284 rationem
722 1255 828 1283 ordinis
854 1255 941 1292 ipsius
969 1255 1090 1283 iustitiae

115 1310 230 1329 Notandum.
242 1305 389 1343 yeneralz's
402 1305 420 1338 ¹,
442 1304 522 1333 cuius
543 1307 584 1332 est
607 1303 747 1331 hominem
769 1302 804 1330 ad
827 1302 915 1330 Deum
937 1305 964 1330 et
979 1302 1013 1330 ad
1030 1309 1091 1338 pro-

244 1352 353 1380 ximum
376 1351 521 1385 ordinare;
544 1350 617 1379 unde
643 1349 780 1387 quaedam
805 1352 869 1377 sunt
896 1348 1027 1377 mandata
1048 1356 1090 1376 or-

244 1398 367 1428 dinantia
383 1398 523 1426 hominem
536 1397 570 1425 ad
583 1397 687 1430 Deum,
700 1396 838 1433 quaedam
855 1404 921 1424 vero
933 1395 1090 1424 ordinantia

102 1452 232 1493 qgstyneieu-
245 1445 280 1474 ad
302 1445 473 1482 proximum.
489 1461 528 1464 —
542 1444 590 1472 Illa
605 1452 683 1478 vero7
705 1450 776 1480 quae
794 1442 925 1471 ordinant
947 1442 1089 1471 hominem

114 1480 140 1540 {f
150 1480 233 1540 ιῗτῖἷιῗῗῖ
245 1492 280 1521 ad
302 1492 407 1526 Deum,
429 1492 561 1521 dicuntur
583 1498 643 1519 esse
665 1493 812 1527 praecepta
834 1489 941 1527 primae
963 1489 1090 1523 tabulae3

114 1527 232 1587 ιιῑξῑῖἓιῖιθο”
244 1542 272 1568 et
294 1539 345 1568 ista
365 1542 431 1567 sunt
452 1539 505 1566 tria
530 1541 557 1567 et
582 1546 636 1566 non
666 1538 749 1574 plura
780 1545 829 1565 nec
858 1537 999 1573 pauciora.
1021 1536 1092 1573 Quo-

114 1574 143 1587 m⁰
159 1574 196 1587 um*
245 1594 309 1615 rum
331 1594 467 1615 numerus
489 1589 516 1614 et
537 1585 703 1614 sufficientia
732 1584 803 1613 sumi
824 1586 913 1621 potest
935 1583 1090 1620 tripliciter,

245 1633 374 1662 videlicet
394 1641 431 1662 ex
453 1636 531 1670 parte
553 1632 654 1661 obiecti
674 1635 701 1660 et
722 1640 757 1660 ex
775 1635 852 1668 parte
870 1630 993 1659 subiecti
1012 1634 1039 1659 et
1054 1638 1089 1659 ex

245 1684 323 1717 parte
345 1683 429 1709 aetas
449 1679 546 1708 meclz'z'.
724 1701 726 1704 .

325 1727 364 1755 Ex
386 1730 464 1764 parte
486 1726 587 1755 obiecti
607 1726 659 1755 sic:
679 1733 742 1753 nam
758 1733 822 1753 cum
844 1725 871 1752 in
886 1724 943 1753 Deo
964 1724 1019 1753 sint
1033 1727 1092 1753 tres

135 1780 200 1799 Modus
211 1780 231 1822 ιι,
242 1782 386 1811 personae
406 1777 434 1802 et
455 1774 507 1802 tria
522 1773 719 1811 appropriata
741 1776 768 1801 et
790 1772 893 1809 triplex
910 1780 1003 1809 penas
1025 1780 1092 1800 ean-

114 1809 155 1846 {3313
173 1806 308 1855 ῑὲἶῗῑὲῖεασ,
330 1821 486 1850 secundum
508 1821 581 1858 quod
598 1824 778 1857 comparatur
799 1820 834 1848 ad
856 1822 1031 1853 ereaturam3
1048 1819 1093 1847 tri-

115 1855 164 1870 nem.
245 1869 310 1906 plex
326 1873 368 1897 est
382 1872 576 1905 praeceptum.
593 1867 747 1896 secundum
770 1867 843 1904 quod
860 1870 990 1895 creatura
1012 1866 1092 1894 ratio·

245 1915 316 1944 nalis
336 1915 459 1944 ordinari
484 1914 565 1943 habet
593 1914 627 1942 ad
657 1914 754 1941 Deum.
784 1913 850 1941 Nam
873 1912 1028 1941 secundum
1051 1920 1092 1940 ra-

245 1963 347 1991 tionem
384 1961 569 1993 maieslali'S,
606 1968 677 1997 quae
712 1959 911 1996 appropriatur
946 1958 1036 1986 Patri
1065 1961 1092 1986 et

245 2009 373 2038 convenit
401 2009 473 2039 Deo,
502 2007 656 2036 secundum
684 2006 757 2044 quod
790 2010 832 2035 est
853 2014 937 2034 causa
969 2004 1092 2043 efficiens

245 2059 404 2088 creaturae,
426 2055 572 2083 ordinatur
588 2062 636 2091 per
658 2054 727 2082 illud
743 2056 938 2090 praeceptum:
962 2051 1027 2080 Non
1044 2051 1092 2080 lia—

246 2102 321 2131 bebis
344 2102 410 2130 deos
431 2102 548 2130 alieno-s.
562 2118 598 2122 —
611 2101 769 2130 Secundum
787 2100 921 2128 rationem
943 2099 1091 2132 veritati-3,

246 2157 317 2187 quae
338 2149 536 2186 appropriatur
556 2148 630 2177 Filio
651 2151 678 2177 et
699 2147 827 2177 convenit
848 2147 917 2181 Deo,
936 2146 1091 2175 secundum

246 2197 321 2234 quod
343 2200 385 2225 est
406 2204 490 2225 causa
511 2195 649 2233 formalis
670 2194 846 2231 exemplaris
868 2196 1027 2227 creaturae,
1050 2201 1093 2221 or-

246 2245 360 2273 dinatur
382 2252 431 2281 pei·
455 2243 539 2272 illud:
563 2242 627 2271 Non
649 2250 781 2271 assumes
802 2249 905 2269 nomen
930 2240 981 2268 Dei
1002 2240 1046 2268 tui
1060 2239 1088 2268 εἴη

245 2300 366 2320 vanam.
381 2308 419 2311 —
434 2290 592 2320 Secundum
616 2290 750 2318 rationem
774 2288 927 2321 bonitatis,
953 2295 1025 2324 quae
1046 2296 1091 2324 ap-

246 2339 408 2375 propriatur
430 2337 558 2374 Spiritui
577 2340 678 2365 saneto
700 2340 726 2364 et
747 2335 874 2364 convenit
896 2335 964 2369 Deo,
994 2342 1089 2363 secun-

246 2378 314 2414 dum
337 2385 409 2422 quod
439 2388 479 2413 est
509 2392 592 2413 causa
613 2383 727 2420 finalis,
756 2383 903 2411 ordinatur
931 2389 980 2418 per
1002 2381 1090 2409 illud:

247 2432 405 2465 illenzento,
434 2435 465 2459 ut
494 2431 568 2459 diem
591 2429 712 2459 Sabbact'
736 2428 922 2466 sanctifices‚·
951 2429 988 2456 ita
1017 2427 1090 2464 quod

247 2488 297 2517 per
318 2480 364 2508 illa
387 2479 437 2507 iria
461 2478 630 2507 sufficienter
652 2477 734 2505 liomo
755 2476 901 2505 ordinetur
929 2475 964 2504 ad
987 2475 1091 2508 Deum,

913 192 1165 220 SENTENTIARUM
1187 192 1247 220 LlB.
1268 192 1309 220 Ill.

1143 273 1174 298 ut
1194 269 1344 298 subiaceat
1365 277 1492 298 summae
1513 268 1662 303 Maiestati,
1684 269 1785 297 credat
1799 277 1925 298 summae
1940 270 1988 298 Ve-

1144 316 1216 344 ritati
1239 320 1266 344 et
1287 316 1448 345 adhaereat
1469 324 1595 345 summae
1619 316 1743 344 Bonitati.
1767 316 1797 344 Et
1825 317 1892 345 haec
1914 316 1988 345 suffi-

1144 363 1243 392 cientia
1264 367 1356 392 sumta
1377 367 1419 392 est
1440 371 1474 392 ex
1498 366 1576 400 parte
1597 362 1698 391 obiecti
1709 362 1727 390 ².

1223 410 1349 439 Secundo
1364 410 1447 438 modo
1462 410 1584 438 sumitur
1598 408 1764 438 sufficientia
1779 417 1815 438 ex
1830 412 1909 446 parte
1923 409 1987 437 sab·
1999 413 2131 448 ltemnmodus

1144 456 1211 484 ἱερεῖ
1230 457 1405 491 ordinabilis,
1425 457 1498 494 quod
1521 457 1633 493 quidem
1657 459 1698 485 est
1719 456 1811 484 anima
1832 456 1987 491 rationalis,
2048 448 2065 454 ..

1144 504 1171 532 in
1194 512 1249 541 qua
1270 508 1311 532 θεῖ
1333 504 1435 541 triplex
1456 504 1498 532 vis
1521 504 1632 538 motiva,
1654 503 1809 532 secundum
1832 511 1914 540 quam
1942 503 1990 531 ha-

1144 551 1190 579 het
1211 551 1237 579 in
1261 551 1348 579 Deum
1370 551 1509 585 ordinari,
1532 551 1660 579 videlicet
1681 550 1855 583 rationalis,
1889 558 1990 578 coneu-

1143 597 1285 634 pz'sez'bi'lz's
1306 600 1332 626 et
1360 597 1521 625 irascibilis
1534 597 1552 624 ³.
1583 597 1741 625 Mandatum
1772 597 1806 625 de
1827 596 1989 625 adoratione

1144 644 1256 681 respicit
1279 644 1367 681 ipsam
1389 644 1584 677 iraseibilem;
1612 644 1776 672 mandatum
1806 651 1873 671 vero
1895 651 1991 672 secun-

1145 691 1212 719 dum
1245 691 1358 727 respicit
1393 691 1480 727 ipsam
1512 690 1688 718 rationalem
1700 701 1710 723 ;
1742 690 1789 719 sed
1826 690 1989 718 mandatum

1145 737 1258 765 tertium
1280 738 1315 765 de
1337 737 1552 766 sanctificatione
1575 737 1687 774 respicit
1710 737 1797 774 ipsam
1814 736 1990 773 concupisci-

1146 784 1244 817 bilem,
1261 784 1332 812 sicut
1353 784 1470 812 intuenti
1486 784 1552 812 satis
1573 787 1696 820 apparet.
1721 784 1750 812 Et
1765 784 1833 812 haec
1855 782 1991 812 sussicien-

1145 832 1182 860 tia
1203 835 1296 860 sumta
1318 835 1359 860 θεῖ
1380 839 1416 859 ex
1439 833 1516 867 parte
1537 830 1665 858 subiecti.
2164 860 2165 863 ¹

1224 878 1315 906 Tertio
1338 886 1404 906 vero
1426 878 1508 906 modo
1530 877 1651 906 sumitur
1674 877 1839 906 sufficientia
1853 885 1886 905 ex
1911 880 1990 914 parte
2002 881 2136 924 120m3modus
2164 866 2166 898 ἕ

1146 929 1230 953 aetas
1261 925 1356 953 medii.
1389 925 1503 961 Triplex
1535 924 1607 953 enim
1635 927 1676 952 θεῖ
1707 927 1801 957 actus,
1836 923 1991 952 secundum
2064 919 2068 924 ’
2164 924 2166 933 ⁴

1146 981 1229 1010 quem
1251 973 1335 1001 habet
1351 973 1433 1000 homo
1456 972 1481 1000 in
1504 971 1592 1000 Deum
1609 971 1748 1005 ordinari,
1770 970 1899 999 videlicet
1913 973 1991 999 actus

1146 1020 1257 1053 cordi-s,
1279 1020 1341 1047 oris
1365 1024 1392 1048 et
1414 1019 1509 1055 operis
1522 1019 1539 1046 ⁴.
1567 1018 1652 1047 Penes
1673 1022 1764 1046 actum
1791 1017 1886 1054 operis
1908 1020 1992 1046 atten-

1147 1067 1223 1095 ditur
1238 1067 1400 1095 mandatum
1417 1066 1594 1094 adorationis.
1611 1065 1695 1094 Penes
1717 1067 1809 1093 actum
1832 1064 1893 1092 oris
1908 1067 1992 1092 atten-

1147 1114 1222 1142 ditur
1255 1114 1409 1142 secundum
1443 1113 1621 1147 mandatum,
1644 1121 1699 1149 quo
1731 1111 1896 1148 prohibetur
1923 1110 1992 1139 falsa

1147 1161 1282 1189 invocatio
1308 1161 1427 1189 nominis
1459 1160 1553 1188 divini.
1576 1159 1734 1188 Secundum
1768 1162 1860 1187 actum
1894 1158 1992 1186 cordis

1147 1208 1300 1237 attenditur
1333 1208 1446 1236 tertium
1476 1207 1653 1241 mandatum,
1676 1206 1701 1234 in
1734 1214 1790 1243 quo
1821 1205 1992 1243 praecipitur

1147 1254 1327 1282 sanctificatio
1349 1254 1458 1282 mentis.
1474 1270 1512 1274 —-
1528 1253 1558 1281 Et
1579 1253 1617 1282 sic
1639 1256 1713 1289 patet
1734 1252 1900 1281 sufficientia
1918 1259 1993 1279 man-

1148 1300 1278 1328 datorum
1300 1300 1490 1328 ordinantium
1513 1300 1654 1328 hominem
1677 1299 1712 1328 ad
1735 1299 1838 1332 Deum,
1860 1298 1992 1335 quoniam

1147 1351 1212 1376 sunt
1233 1347 1286 1375 tria
1307 1351 1414 1375 tantum
1437 1351 1464 1376 et
1484 1355 1538 1375 nou
1560 1346 1643 1383 plura
1664 1354 1713 1374 nec
1735 1346 1875 1383 pauciora.

1226 1393 1395 1423 Sufficientia
1416 1397 1509 1422 autem
1533 1393 1728 1421 mandatorum
1750 1392 1888 1421 secundae
1916 1391 1993 1420 tabu·
2028 1397 2074 1416 item
2087 1397 2110 1424 cie
2123 1397 2138 1415 τ

1148 1441 1190 1469 lae
1212 1441 1291 1469 iuxta
1321 1441 1395 1469 hunc
1424 1440 1537 1469 modum
1562 1439 1706 1477 tripliciter
1727 1442 1817 1476 potest
1838 1421 2137 1476 assignari‚ffi‘>³31⁰a⁹e¹’.²¹⁵²“

1148 1487 1276 1516 videlicet
1312 1496 1347 1516 ex
1382 1491 1461 1524 parte
1496 1487 1598 1516 obiecti
1631 1490 1657 1516 et
1690 1486 1812 1515 subiecti
1845 1489 1871 1515 et
1910 1489 1994 1514 aetas

1147 1535 1244 1563 medii.

1229 1582 1267 1609 Ex
1290 1585 1368 1618 parte
1383 1589 1503 1618 namque
1519 1580 1708 1609 conditionum
1730 1580 1818 1617 ipsius
1840 1579 1941 1608 obiecti
1955 1579 1993 1608 sic
2006 1589 2071 1608 Modus
2085 1589 2103 1607 1.

1148 1631 1238 1665 potest
1259 1629 1341 1657 sumi.
1371 1628 1399 1656 ln
1421 1628 1551 1665 proximo
1579 1628 1666 1662 enim,
1688 1627 1723 1656 ad
1752 1635 1834 1663 quem
1864 1626 1994 1655 ordinant

1149 1675 1279 1703 mandata
1301 1675 1439 1704 secundae
1468 1675 1597 1708 tabulae,
1626 1674 1731 1703 relucet
1754 1674 1908 1710 proprietas
1938 1673 1994 1701 Pa-

1150 1722 1204 1750 tris
1225 1725 1252 1751 et
1274 1721 1345 1750 Filii
1364 1725 1391 1750 et
1413 1721 1543 1758 Spiritus
1564 1721 1668 1750 saneti.
1688 1721 1845 1750 Secundum
1869 1720 1944 1757 quod
1965 1719 1994 1748 in

1150 1768 1279 1806 proximo
1302 1768 1406 1797 relucet
1428 1769 1583 1805 proprietas
1605 1768 1729 1801 Patris,
1751 1767 1789 1796 sic
1811 1767 1947 1795 debemus
1968 1767 1992 1795 ei

1149 1815 1285 1844 honorem
1307 1820 1333 1844 et
1360 1816 1574 1848 reoerentfflnm
1603 1819 1629 1843 et
1651 1822 1735 1851 penes
1766 1814 1818 1842 hoc
1839 1814 1993 1842 attenditur

1149 1862 1218 1890 illud
1251 1862 1432 1890 mandatum:
1465 1862 1587 1889 Honora
1615 1865 1732 1898 patrem
1761 1864 1844 1889 taum
1876 1864 1943 1894 etc.;
1966 1860 1993 1888 in

1148 1909 1252 1945 quibus
1283 1908 1388 1937 relucet
1419 1908 1575 1945 proprietas
1605 1908 1708 1936 summi
1741 1907 1844 1936 Patris
1876 1908 1902 1936 in
1926 1907 1993 1942 hoc,

1149 1956 1222 1992 quod
1246 1956 1349 1984 liabent
1372 1955 1505 1983 rationem
1525 1954 1671 1991 principii
1680 1955 1698 1982 ⁵.
1713 1971 1751 1975 ——
1766 1954 1924 1983 Secundum
1947 1962 1995 1982 au-

1149 2006 1204 2031 tem
1227 2003 1300 2039 quod
1331 2002 1357 2030 in
1387 2002 1516 2038 proximo
1539 2001 1645 2030 relucet
1667 2001 1822 2038 proprietas
1843 2001 1931 2035 Filii,
1953 2001 1992 2030 sic

1149 2050 1284 2078 debemus
1306 2050 1329 2078 ei
1352 2049 1520 2082 veritatem;
1542 2052 1568 2077 et
1590 2049 1629 2077 sic
1649 2052 1691 2077 est
1719 2048 1788 2077 illud
1812 2048 1992 2077 mandatum:

1149 2096 1215 2125 Non
1231 2096 1356 2134 loqueris
1378 2099 1481 2124 contra
1494 2095 1667 2132 proximam
1689 2098 1773 2123 tuum
1787 2093 1900 2131 falsam
1923 2093 1995 2122 testi—

1148 2143 1289 2171 moniam.
1305 2160 1343 2163 —
1358 2143 1517 2171 Secundum
1532 2146 1625 2171 autem
1641 2142 1715 2179 quod
1732 2142 1838 2170 relucet
1861 2141 1887 2169 in
1904 2141 1995 2178 proxi-

1149 2199 1195 2219 mo
1217 2190 1372 2227 proprietas
1394 2189 1524 2226 Spiritus
1545 2189 1660 2223 saneti,
1684 2189 1722 2218 sic
1751 2184 1885 2217 debemus
1907 2188 1930 2217 ei
1954 2188 1997 2216 cli-

1150 2237 1295 2266 tectionem
1330 2241 1356 2265 et
1388 2236 1567 2265 innocentiae
1595 2235 1765 2272 paritatem.
1799 2235 1829 2263 Et
1861 2235 1992 2272 quoniam

1149 2292 1300 2322 possumus
1331 2292 1430 2313 nocere
1462 2283 1591 2320 proximo
1624 2283 1682 2311 sive
1713 2281 1893 2310 damnificare
1929 2289 1994 2310 eum

1150 2331 1352 2368 multipliciter:
1370 2331 1396 2358 in
1410 2338 1537 2367 persona
1549 2329 1676 2366 propria
1698 2333 1725 2357 et
1740 2329 1767 2357 in
1779 2337 1908 2365 persona
1930 2337 1994 2357 eon-

1150 2378 1250 2406 ianeca
1279 2382 1304 2406 et
1334 2378 1360 2405 in
1389 2376 1475 2405 rebus
1505 2376 1590 2409 suis,
1619 2379 1646 2405 et
1673 2376 1725 2404 hoc
1754 2375 1921 2412 dupliciter:
1951 2375 1994 2403 vel

1149 2430 1213 2454 actu
1246 2424 1394 2457 interiori,
1427 2424 1469 2452 vel
1501 2423 1641 2451 exteriori
1651 2434 1660 2456 ;
1692 2423 1754 2452 ideo
1785 2426 1850 2451 sunt
1875 2422 1994 2451 ulterius

1150 2473 1272 2510 quinque
1295 2472 1432 2500 iliandata.
1455 2471 1555 2499 Contra
1577 2474 1775 2499 nocumentum
1805 2470 1894 2503 enim,
1919 2469 1993 2506 quod

311 2602 317 2616 ¹
335 2602 380 2625 cfr.
397 2607 467 2629 supra
485 2601 506 2623 d.
525 2601 561 2622 33.
580 2599 634 2622 dub.
657 2600 673 2621 1.
691 2612 720 2614 -
737 2599 856 2627 Aliquanto
878 2598 972 2620 interius
989 2603 1031 2625 pro
1048 2596 1093 2619 Illa

248 2647 301 2664 cero
319 2641 371 2664 edd.
389 2640 434 2663 Illa
451 2639 519 2663 enim.

310 2680 319 2693 ‘²
336 2679 380 2702 Csr.
398 2680 502 2707 August.7
515 2679 583 2706 Epist.
597 2678 632 2700 55.
647 2678 715 2702 (alias
732 2677 821 2704 119.)c.
844 2677 876 2698 ll.
891 2682 911 2698 n.
925 2676 1002 2703 20311.
1016 2675 1058 2703 Qq.
1071 2676 1092 2697 in

249 2719 393 2741 Pentateuch.
409 2725 430 2746 q.
448 2718 486 2739 71.
510 2723 530 2739 n.
549 2717 575 2743 2;
593 2717 665 2738 Sei-m.
688 2717 708 2737 8.
732 2722 750 2738 c.
773 2716 791 2737 1.
812 2721 833 2737 n.
852 2716 872 2737 2.
897 2721 956 2743 seq.;
981 2715 1053 2736 Serm.
1072 2715 1092 2736 9.

248 2758 316 2784 (alias
334 2758 371 2779 96.
395 2757 423 2779 de
441 2757 566 2784 Tempore>
583 2762 602 2778 c.
627 2756 648 2777 3.
672 2762 692 2777 n.
712 2756 732 2777 3.
756 2758 777 2777 et
799 2761 817 2777 c.
841 2754 862 2776 ὃ.
887 2760 907 2776 n.
930 2755 951 2775 6.
975 2756 996 2775 el
1019 2754 1091 2775 Serni.

248 2797 284 2818 33.
308 2797 372 2824 (alias
397 2796 429 2817 ts.
450 2795 479 2817 de
502 2795 613 2822 Diversis)
637 2801 655 2816 c.
679 2795 698 2816 3.
723 2800 743 2816 n.
767 2794 793 2821 :3;
816 2792 1047 2819 lsidor.,Commen1.
1071 2793 1091 2813 iii

248 2835 317 2857 Exod.
336 2842 354 2857 c.
373 2836 409 2857 29.

310 2873 319 2888 ³
338 2874 395 2896 Vide
412 2880 482 2901 supra
495 2880 547 2901 pag.
561 2873 616 2900 579,
635 2876 686 2895 nota
705 2873 724 2893 ἕ).
737 2884 768 2888 —-
780 2872 848 2893 Paulo
866 2871 974 2898 superius
992 2876 1034 2897 pro
1045 2868 1092 2898 suf-

249 2912 349 2940 ficientia
375 2913 466 2940 plurimi
489 2912 556 2934 codd.
580 2912 641 2934 ratio
664 2915 685 2933 et
707 2917 767 2940 quae
784 2910 877 2940 quidem
898 2916 940 2937 pro
957 2908 1020 2938 quod
1042 2908 1092 2938 qui-

250 2949 307 2972 dem.
331 2951 450 2978 Aliquanto
473 2951 566 2973 inferius
589 2956 631 2978 pro
653 2949 711 2972 salis·
735 2950 833 2978 apparet
855 2948 905 2970 cod.
932 2948 948 2969 Z
970 2947 1092 2975 manifeste

250 2989 355 3016 apparel.

1214 2594 1223 2609 ⁴
1240 2596 1342 2622 ¹august¹¹
1361 2594 1460 2615 Euat-rat.
1479 2593 1500 2614 in
1519 2593 1552 2614 Ps.
1575 2591 1622 2614 149.
1642 2598 1662 2614 n.
1685 2592 1705 2613 l:
1724 2591 1854 2613 Laudemus
1871 2590 1994 2612 Dominum

1150 2637 1172 2656 et
1189 2635 1210 2655 in
1233 2640 1290 2655 voco
1308 2637 1329 2655 et
1352 2633 1373 2654 in
1393 2632 1503 2653 intellectu
1528 2634 1549 2653 ct
1566 2632 1587 2652 in
1611 2637 1680 2658 opere
1700 2630 1768 2652 bono.
1786 2629 1830 2652 Csr.
1855 2630 1953 2651 Enarrat.
1973 2630 1993 2650 in

1151 2673 1184 2694 Ps.
1207 2672 1254 2694 128.
1278 2678 1297 2694 n.
1317 2673 1337 2693 -Ξ,
1359 2684 1388 2686 -
1407 2671 1474 2693 Paulo
1496 2671 1603 2698 superius
1621 2676 1663 2697 pro
1685 2675 1716 2692 ea)
1734 2672 1804 2698 parte
1827 2669 1904 2696 plures
1926 2668 1993 2689 codd.

1149 2717 1163 2733 a
1180 2712 1254 2740 parte.

1212 2750 1221 2764 ⁵
1239 2750 1305 2777 lingo
1322 2749 1351 2771 de
1372 2749 1393 2770 S.
1418 2749 1481 2776 Viri.y
1505 2749 1518 2770 l.
1536 2748 1563 2770 de
1584 2748 1683 2770 Sacram.
1702 2753 1724 2774 p.
1743 2747 1788 2768 Xll.
1806 2753 1824 2768 c.
1842 2747 1870 2768 5:
1894 2746 1995 2767 Primum

1150 2792 1297 2818 praeceptum
1311 2789 1398 2816 primae
1411 2788 1500 2810 tabulae
1512 2788 1541 2810 ad
1555 2788 1626 2809 Deum
1639 2787 1725 2809 Patrem
1739 2786 1846 2813 pertinet,
1859 2785 1917 2807 sicut
1932 2791 1994 2812 prae-

1149 2833 1241 2856 ceptum
1254 2829 1354 2856 primum
1365 2827 1479 2849 secundae
1497 2826 1587 2848 tabulae
1603 2826 1631 2848 ad
1650 2826 1764 2847 hominem
1779 2827 1876 2850 mtrem,
1891 2826 1914 2844 nt
1926 2824 1995 2845 utrin-

1149 2875 1193 2897 que
1215 2868 1337 2895 paternitas
1350 2867 1453 2894 principii
1474 2866 1606 2888 auctoritate
1619 2866 1747 2886 nonoretur.
1767 2862 1810 2884 Csr.
1831 2862 1916 2884 ibidem
1935 2868 1953 2884 θ.
1971 2863 1993 2884 7.

1149 2909 1252 2935 August..
1271 2908 1343 2929 Serm.
1362 2907 1382 2928 9.
1401 2906 1464 2933 (alias
1482 2906 1518 2927 96,
1531 2905 1559 2926 de
1572 2903 1695 2930 Tempore)
1713 2908 1731 2923 c.
1745 2902 1765 2923 6.
1787 2907 1807 2923 n.
1826 2901 1839 2922 7
1851 2906 1855 2923 2
1868 2901 1902 2923 Ad
1916 2907 1994 2928 paren-

1150 2950 1183 2969 ῖθε
1201 2947 1261 2968 onim
1279 2952 1334 2968 suos
1351 2947 1421 2967 homo
1438 2946 1511 2972 aperit
1528 2944 1618 2970 oculos,
1635 2943 1725 2964 ethaeo
1742 2941 1787 2962 vita
1801 2940 1829 2962 al]
1845 2947 1927 2963 eorum
1940 2941 1995 2962 ami-

1149 2986 1198 3008 citia
1216 2986 1286 3007 sumit
1303 2985 1423 3006 exordium
1441 2987 1484 3005 etc.
