2166 3366
110 1581 182 1605 Duplex
192 1587 242 1600 com-

111 1605 182 1629 paratio
190 1605 240 1623 fidei.

104 1777 207 1795 ‘Conclusio
219 1778 235 1796 1.

106 2151 206 2169 Conclusio
218 2151 236 2169 2.

251 185 284 192 ”⁰
930 179 1181 207 SENTENTIARUM
1204 178 1263 207 LlB.
1286 178 1326 206 lll.

250 184 306 212 onO

249 270 316 298 ergo
338 261 462 294 videtur,
483 259 559 296 quod
575 259 645 287 fides
660 259 772 286 Patrum
795 257 1023 294 praecedentium
1052 256 1098 285 ad-

251 311 363 337 ventum
379 307 480 335 Christi
503 306 624 334 babebat
648 308 753 334 tantam
778 304 987 338 certitudinem,
1012 311 1098 340 quan-

249 358 304 384 tam
329 354 412 383 habet
433 353 503 382 fides
525 360 622 381 eorum
645 352 692 389 qui
715 354 781 380 sunt
801 351 952 380 subsecuti.

329 400 355 429 3.
376 400 458 434 Item,
481 406 570 436 aeque
591 401 667 427 certa
688 401 730 427 est
752 397 811 434 ipsa
832 397 902 426 fides
918 397 952 425 de
974 404 1006 425 eo
1021 396 1096 433 quod

249 447 403 484 cognoscit,
432 447 504 476 sicut
535 450 562 475 et
593 445 755 483 proplietia3
787 444 835 473 sed
863 444 1035 481 «prophetia
1056 446 1098 472 est

250 495 343 523 divina
366 494 522 531 inspiratio,
545 501 641 521 rerum
664 495 794 521 eventum
822 491 956 520 immobili
980 490 1097 519 veritate

250 542 472 575 denuntians¹›>‚
494 548 565 578 quae
587 540 656 568 adeo
678 543 719 569 est
740 543 815 568 certa
838 539 873 568 de
892 539 1003 572 futuro,
1026 537 1098 566 sicut

249 592 276 617 et
291 588 325 617 de
347 588 498 625 praeterito
517 604 555 608 —-
570 587 644 615 unde
666 590 693 615 et
707 587 802 615 sutura
816 586 978 622 frequenter
993 592 1098 613 annun-

250 636 299 664 tiat
320 643 370 672 per
392 635 507 663 modum
539 634 680 671 praeteriti
702 650 740 654 —
761 641 827 670 ergo
849 633 907 669 pari
931 632 1037 661 ratione
1059 631 1096 659 vi-

250 683 349 717 detur,
371 682 444 719 quod
468 685 494 710 et
516 681 585 710 fides
608 681 634 709 in
656 681 784 709 Patribus
800 679 1032 717 praecedentibus
1053 678 1099 707 ad-

249 732 363 758 ventum
386 729 487 757 Christi
509 736 598 765 aeque
619 731 695 757 certa
726 728 825 761 suerit,
847 727 919 755 sicut
940 730 967 754 et
989 726 1015 754 in
1038 734 1099 755 con-

250 776 440 814 sequentibus.

329 824 355 851 li.
378 823 460 857 item,
483 823 554 851 sicut
574 822 601 850 in
619 822 673 850 fide
688 825 783 850 nostra
798 821 894 849 nullus
916 820 989 849 cadit
1004 828 1097 854 error,

249 871 328 900 nulla
349 870 501 904 dubitatio,
523 870 562 898 sic
590 877 640 898 nec
671 870 695 897 in
717 869 773 897 fide
802 868 1029 905 praecedentium
1053 867 1099 895 Pa-

251 921 342 947 trum:
367 918 387 946 si
411 925 478 954 ergo
505 916 745 945 «albiusdicitur
773 915 851 953 quod
877 918 920 944 est
947 915 1028 952 nigro
1050 914 1097 942 im-

249 964 418 1002 permixtius
431 964 440 979 2
453 976 479 998 »‚
501 967 529 992 et
543 963 652 992 certitas
668 963 744 1000 quod
762 965 900 991 remotum
916 964 958 990 est
971 961 1007 989 ab
1022 960 1096 989 omni

251 1012 438 1046 dubitatione3
461 1014 487 1039 et
502 1018 590 1048 aeque
618 1013 678 1039 erat
699 1013 806 1038 remota
827 1008 897 1037 fides
918 1008 1098 1045 antiquorum

250 1059 361 1087 Patrum
384 1059 419 1087 ab
441 1066 537 1087 errore
569 1061 596 1086 et
627 1057 815 1089 (limitatione,
845 1056 917 1085 sicut
938 1059 965 1085 et
986 1058 1097 1085 nostra:

250 1114 317 1143 ergo
337 1105 492 1143 aequaliter
523 1108 583 1134 erat
611 1109 701 1134 certa:
735 1112 801 1141 ergo
833 1103 902 1132 fides
934 1112 989 1131 non
1011 1103 1099 1132 crevit

250 1156 385 1190 quantum
408 1153 441 1181 ad
464 1152 670 1181 certitudinem.

565 1252 778 1274 CONCLUSIO.

255 1340 337 1369 Fidei
359 1340 502 1369 certitudo
525 1340 555 1367 in
577 1339 797 1376 comparatione
818 1339 859 1366 ad
884 1338 1037 1366 Veritatem
1059 1337 1099 1366 di—

331 1391 453 1415 ctantem
476 1395 534 1414 non
557 1386 663 1420 creuit,
687 1386 749 1414 lieet
772 1386 801 1413 in
824 1385 1045 1422 comparatione
1060 1385 1100 1413 (td

330 1435 426 1472 ipsum
449 1434 607 1462 credentem
632 1442 760 1461 creseere
779 1433 879 1470 possit.

330 1529 505 1557 Ruspounno:
525 1528 694 1562 Dicendum,
709 1527 782 1565 quod
800 1527 835 1556 de
850 1527 1017 1556 certitudine
1034 1527 1096 1556 fidei

250 1579 291 1605 est
313 1575 386 1612 loqui
410 1575 559 1612 dupliciter
581 1575 736 1604 secundum
753 1574 893 1611 duplicem
916 1574 1099 1611 comparatio-

250 1631 322 1651 nem.
346 1623 429 1651 [labet
450 1623 522 1650 enlm
547 1622 616 1650 fides
638 1621 793 1658 comparari
816 1621 850 1649 ad
873 1621 961 1658 ipsam
992 1620 1098 1649 Verita-

250 1673 303 1698 tem
326 1669 496 1702 dictantem,
531 1669 614 1697 babet
647 1668 729 1697 etiam
762 1668 919 1704 comparari
947 1668 982 1696 ad
1004 1668 1095 1705 ipsum

249 1716 421 1745 intellectum
436 1716 645 1744 [ts-sentientem..
662 1715 686 1743 si
712 1716 859 1752 loquamur
880 1715 915 1743 de
930 1715 1097 1743 certitudine

249 1763 313 1792 fidei
336 1772 384 1800 per
413 1763 649 1800 comparationem
672 1763 706 1791 ad
746 1762 900 1790 Veritatem
922 1762 1096 1795 dictantem,

250 1811 287 1839 sic
303 1811 363 1839 eius
379 1811 517 1840 certitudo
539 1818 587 1839 nec
610 1810 693 1838 habet
717 1809 802 1837 minui
819 1817 868 1837 nec
890 1809 1003 1845 augeri,
1019 1809 1096 1846 quia.

250 1866 313 1886 cum
336 1858 393 1895 ipsa
426 1857 533 1886 Veritas
561 1857 654 1885 divina
683 1856 838 1885 certissima
859 1856 894 1884 sit
915 1859 943 1884 et
963 1856 1019 1884 salli
1043 1864 1095 1884 non

251 1904 352 1941 possit:
374 1908 510 1941 quantum
533 1907 574 1932 est
595 1911 631 1932 ex
654 1907 733 1940 parte
754 1902 881 1931 rationis
897 1902 1046 1935 dictantis,
1069 1902 1095 1930 in

251 1951 307 1979 fide
321 1958 511 1987 quacumque,
528 1958 583 1987 qua
598 1950 712 1978 assentit
727 1949 837 1977 divinae
853 1949 966 1977 Veritati
983 1952 1097 1986 propter

250 2005 279 2026 se
294 2001 321 2026 et
341 2005 427 2034 super
447 1997 555 2030 omnia,
571 2000 660 2025 status
675 2001 714 2024 est
737 1996 928 2030 certitudinis,
948 2004 997 2025 nec
1013 1996 1097 2025 habet

250 2052 287 2073 ex
309 2044 355 2072 illa
376 2047 454 2081 parte
486 2043 556 2072 fides
589 2043 724 2080 proficere
758 2043 784 2071 in
816 2043 998 2077 certitudine,
1025 2044 1096 2072 sicut

249 2091 399 2120 ostendunt
420 2090 541 2119 rationes
556 2090 590 2118 :id
607 2090 757 2118 secundam
774 2093 881 2126 partem
898 2089 1035 2118 inductae.
1058 2107 1096 2111 —-

250 2138 276 2166 Si
297 2142 390 2167 autem
413 2138 562 2174 loquamur
594 2138 628 2165 fle
657 2137 823 2165 certitudine
845 2137 908 2165 fidei
923 2137 931 2150 ³
955 2145 1003 2174 per
1025 2146 1096 2166 com-

248 2185 421 2222 parationem
437 2185 471 2213 ad
488 2185 583 2221 ipsimi
607 2184 779 2217 credentem,
803 2184 842 2213 sic
857 2185 968 2213 concedi
991 2188 1095 2221 potest,

249 2232 323 2269 quod
346 2232 415 2260 fides
437 2232 535 2260 crescit
567 2235 702 2268 quantum
735 2231 769 2259 ad
800 2231 1011 2265 certitudinem,
1035 2235 1094 2259 tum

248 2282 363 2315 propter
394 2278 551 2306 clariorem
583 2278 775 2315 coyizitionem
805 2282 863 2306 tum
890 2281 1004 2315 propter
1035 2287 1095 2306 mci-

249 2326 340 2354 iorenz
361 2326 545 2354 devotionem.
569 2325 616 2353 llla
637 2325 710 2354 euim
735 2325 803 2353 fides
825 2325 925 2353 certior
947 2329 1001 2359 est,
1023 2333 1095 2362 quae

248 2373 373 2410 apertius
388 2373 534 2410 coeno-scit
548 2376 574 2401 et
589 2373 717 2401 devotius
733 2372 898 2410 acquiescit.
914 2373 943 2400 Et
957 2376 1092 2409 quantum

1153 256 1187 284 ad
1211 256 1279 285 baec
1300 256 1356 285 duo
1372 256 1441 285 fides
1456 256 1612 285 secundum
1628 255 1817 284 diversitatem
1841 259 1998 293 temporum

1153 303 1268 337 crescit⁷
1291 304 1446 332 secuudum
1469 303 1544 340 quod
1567 303 1634 332 dicit
1649 303 1780 340 magister
1796 303 1872 340 llugo
1893 303 1928 331 de
1943 311 2002 331 san-

1154 354 1197 379 cto
1218 351 1328 379 Victore
1351 351 1376 379 in
1400 351 1471 380 libro
1492 351 1527 379 de
1548 350 1765 379 Sacramentis⁴:
1794 350 1886 384 «Duo,
1903 350 2000 387 inquit,
2017 355 2138 398 ⁰⁰3⁰&ssss

1154 400 1234 431 sunt,
1257 398 1411 426 secundum
1435 405 1507 435 quae
1528 397 1598 426 fides
1620 405 1746 426 crescere
1767 397 1885 431 dicitur,
1907 397 2001 434 coynt-
2026 384 2075 421 fiem-
2108 393 2118 403 ‘⁷

1155 444 1193 472 tio
1214 447 1241 473 et
1262 443 1390 482 affectu-5.
1414 445 1573 474 Secundum
1596 444 1787 482 cognitionem
1803 444 1872 473 fides
1887 444 1998 478 crescit,

1154 492 1267 529 quando
1288 492 1418 520 eruditur
1440 492 1475 520 ad
1498 492 1656 524 scientiam;
1687 492 1842 520 secundum
1864 490 2001 529 affectum

1154 547 1230 571 vero,
1253 539 1365 576 quando
1387 539 1421 567 ad
1444 539 1619 568 devotionem
1641 539 1781 568 excitatur
1802 541 1829 567 et
1851 538 2000 567 roboratur

1154 586 1187 614 ad
1212 585 1433 614 constantiam».
1457 586 1487 614 Et
1507 589 1628 623 utroque
1655 586 1737 614 modo
1762 586 1850 614 crevit
1871 585 1942 614 fides
1963 593 2004 614 se-

1155 632 1278 661 cundum
1301 633 1490 661 diversitatem
1509 636 1675 669 temporum.
1698 633 1776 669 Quod
1793 632 1866 661 enim
1883 632 2003 661 creverit

1155 683 1291 717 quantum
1314 680 1350 708 ad
1371 680 1565 713 devotionem,
1588 680 1654 709 satis
1675 680 1827 709 ostendunt
1848 679 2000 716 Martyrum

1155 727 1313 764 passiones3
1336 727 1410 764 quod
1433 731 1568 764 quantum
1591 727 1625 755 ad
1647 727 1811 760 seientiam,
1827 727 1893 755 satis
1914 730 2002 755 osten-

1155 774 1226 802 dunt
1247 774 1399 803 Doctorum
1421 774 1601 803 eruditiones.
1622 790 1660 794 —
1690 774 1765 803 Unde
1787 774 1864 810 Hugo
1880 773 1889 786 ⁵
1912 774 1997 808 dicit,
2011 777 2084 799 Figura-

1155 821 1229 858 quod
1263 821 1333 850 illud
1365 822 1505 858 signatum
1538 821 1590 850 fuit
1622 821 1648 849 in
1675 821 1862 850 Numerorum
1894 821 2002 850 decimo

1155 869 1237 897 tertio
1258 868 1292 897 de
1322 868 1417 903 botro,
1446 868 1493 905 qui
1520 868 1685 905 portabatur
1714 868 1739 896 in
1770 872 1861 902 vecte,
1890 868 1925 897 de
1947 876 2002 905 quo

1155 915 1193 944 ait
1215 916 1268 944 sic:
1296 927 1309 941 «
1322 916 1422 944 Botrus
1443 915 1580 952 siquidem
1598 916 1625 944 in
1640 918 1718 944 vecte
1734 915 1861 944 Christus
1876 915 1902 943 in
1918 923 2002 944 cruce

1155 966 1212 997 est,
1234 962 1314 991 cuius
1338 962 1500 999 mysterium
1522 962 1550 990 in
1566 965 1739 991 sacramento
1759 962 1815 991 duo
1831 962 1926 999 populi
1942 970 2003 999 por-

1156 1013 1223 1038 tant.
1255 1010 1305 1046 Qui
1336 1013 1561 1046 praecesserunt
1589 1012 1789 1046 portaverunt,
1819 1009 1867 1038 sed
1889 1017 1943 1037 non
1967 1009 2004 1037 vi—

1156 1057 1274 1091 derunt3
1289 1057 1354 1094 quia
1369 1057 1567 1093 praecedentes
1582 1056 1733 1085 adventum
1754 1056 1814 1085 eius
1828 1059 2003 1085 sacramenta

1156 1104 1292 1141 passionis
1324 1104 1411 1141 ipsius
1443 1107 1642 1141 portaverunt,
1675 1103 1722 1132 sed
1756 1111 1809 1131 non
1832 1111 1929 1131 omnes
1951 1111 2000 1140 per

1155 1151 1339 1188 cognitionem
1373 1151 1527 1188 intelligere
1560 1151 1718 1179 valuerunt.
1751 1150 1879 1179 Secundi
1906 1153 1999 1178 autem

1155 1202 1267 1236 portant
1285 1202 1312 1227 et
1334 1198 1443 1232 vident,
1465 1198 1530 1235 quia
1552 1198 1648 1227 fideles
1670 1201 1731 1235 post
1753 1198 1904 1226 adventum
1927 1197 2004 1226 Chri-

1155 1245 1188 1273 sti
1211 1248 1417 1273 sacramentum
1441 1245 1576 1282 passionis
1598 1245 1658 1273 eius
1674 1252 1723 1281 per
1736 1244 1822 1273 ⁴fidem
1846 1244 2003 1281 suscipiunt

1156 1296 1183 1321 et
1208 1300 1257 1329 per
1290 1292 1440 1320 revelatam
1474 1293 1658 1328 cognitionem
1691 1292 1745 1320 iam
1778 1295 1874 1328 aperte
1905 1299 2002 1328 cogno-

1156 1342 1275 1368 scunt».
1298 1339 1341 1367 Sic
1361 1339 1445 1375 igitur
1461 1341 1549 1375 patet‚
1565 1339 1640 1375 quod
1662 1338 1712 1367 etsi
1738 1338 1877 1367 certitudo
1899 1338 1962 1367 fidei
1986 1347 2002 1367 a

1156 1390 1234 1422 parte
1262 1386 1399 1414 Veritatis
1421 1386 1559 1414 dictantis
1591 1394 1645 1414 non
1676 1386 1759 1414 habet
1781 1386 2001 1419 incrementum,

1156 1434 1239 1462 habet
1261 1437 1352 1462 tamen
1376 1433 1511 1470 proficere
1532 1441 1567 1461 ex
1590 1436 1668 1469 parte
1691 1432 1785 1469 ipsius
1807 1432 1957 1460 credentis.

1237 1481 1265 1508 ΙΞῖ
1287 1480 1441 1509 secundum
1466 1480 1517 1508 boc
1543 1483 1618 1517 patet
1646 1479 1789 1516 responsio
1810 1479 1845 1508 ad
1868 1479 2004 1516 quaestio-

1154 1536 1216 1557 nem
1241 1528 1419 1565 propositam.
1443 1527 1518 1555 Patet
1539 1527 1621 1555 etiam
1644 1527 1787 1564 responsio
1816 1527 1849 1555 ad
1880 1527 2001 1556 obiecta:
2018 1530 2107 1553 *darga-

1154 1575 1220 1612 quia
1242 1575 1363 1603 rationes
1384 1575 1419 1603 ad
1442 1574 1560 1611 primam
1584 1577 1693 1611 partem
1722 1574 1879 1611 procedunt
1907 1582 2004 1603 secun-

1155 1622 1222 1650 dum
1245 1630 1330 1650 unam
1354 1621 1443 1655 viam,
1465 1624 1491 1649 et
1514 1621 1635 1649 rationes
1656 1620 1691 1649 ad
1714 1620 1868 1649 secundam
1890 1623 1998 1657 partem

1155 1669 1310 1706 procedunt
1332 1676 1381 1705 per
1403 1668 1501 1702 aliam,
1531 1669 1602 1697 sicut
1634 1668 1812 1696 manifestum
1834 1671 1876 1696 est
1897 1671 2002 1704 pertra-

1155 1716 1247 1745 ctanti.

1234 1763 1308 1791 Patet
1329 1763 1411 1791 etiam
1441 1761 1608 1799 generaliter
1636 1769 1673 1790 ex
1696 1761 1859 1798 praedictis,
1881 1761 1945 1798 quis
1966 1762 2001 1790 sit
2014 1767 2138 1808 goronarsiugu

1155 1809 1254 1837 modus
1276 1809 1436 1846 proficiendi
1461 1809 1486 1836 iu
1510 1809 1569 1845 ipsa
1590 1808 1653 1837 fide.
1685 1808 1814 1836 ProficitG
1833 1808 1907 1837 enim
1929 1808 1999 1837 fides
2012 1795 2140 1837 ῆιῗείῐῖἷῗνῗῗοῑιῖ
2165 1817 2166 1823 ¹

1154 1856 1276 1893 quodam
1311 1856 1393 1884 modo
1424 1855 1567 1883 extensive
1599 1859 1735 1892 quantum
1758 1855 1793 1883 ad
1815 1855 2000 1884 articulorum

1153 1903 1380 1940 explicationein;
1403 1902 1512 1939 proficit
1540 1903 1623 1931 etiam
1646 1902 1784 1931 intensive
1805 1906 1942 1940 quantum
1964 1903 2000 1932 ad

1153 1950 1299 1978 clariorem
1323 1950 1571 1983 illuminationem3
1595 1949 1702 1986 proficit
1731 1950 1813 1978 etiam
1836 1949 2000 1978 radicatioe

1152 2000 1288 2034 quantum
1312 1997 1346 2025 ad
1368 1996 1544 2025 certitudinis
1565 2000 1592 2024 et
1613 1996 1768 2025 devotionis
1786 1996 2000 2031 adhaesionem

1152 2048 1179 2072 et
1202 2045 1251 2072 lioc
1274 2044 1335 2072 dice
1358 2043 1532 2080 respiciendo
1563 2044 1598 2072 ad
1621 2047 1724 2072 statum
1750 2052 1939 2072 communem.
1962 2060 2001 2064 —-

1155 2092 1184 2119 Et
1206 2099 1255 2128 per
1277 2091 1448 2119 consimilem
1472 2091 1586 2119 modum
1604 2090 1739 2128 proficere
1755 2091 1839 2119 habet
1854 2091 1881 2118 iu
1902 2091 1998 2119 eodem

1153 2138 1266 2167 homine
1286 2142 1312 2167 et
1333 2139 1415 2167 etiam
1440 2138 1465 2165 in
1497 2138 1622 2166 diversis
1650 2137 1832 2170 hominibus,
1861 2138 1908 2175 qui
1932 2142 1997 2166 sunt

1152 2186 1205 2215 sub
1236 2186 1333 2214 eadem
1367 2186 1452 2222 Lege,
1484 2193 1544 2214 sese
1576 2185 1712 2222 gradatim
1736 2186 1938 2214 excedentibus
1960 2193 2000 2214 se-

1152 2233 1275 2261 cundum
1300 2232 1362 2260 fidei
1386 2232 1550 2269 profectum.
1569 2232 1598 2260 Et
1620 2232 1671 2260 hoc
1686 2232 1817 2269 estquod
1834 2233 1899 2261 dicit
1921 2233 2136 2269 Hugocwnrmuur.

1152 2279 1186 2308 de
1208 2282 1302 2307 sancto
1334 2279 1481 2307 Victore⁷:
1515 2279 1698 2307 «Secundum
1731 2279 1902 2307 incrementa
1934 2279 1998 2308 fidei

1152 2326 1263 2354 diversa
1285 2334 1387 2362 genera
1409 2326 1554 2354 bominum
1578 2325 1767 2354 inveniuntur.
1790 2326 1907 2362 Quidam
1925 2326 1999 2354 enirn

1152 2373 1248 2401 fideles
1270 2376 1350 2405 sunt,
1372 2372 1417 2409 qui
1451 2372 1509 2400 sola
1537 2373 1640 2409 pietate
1668 2373 1784 2401 credere
1806 2373 1927 2409 eligunt,
1950 2373 1998 2401 sed

312 2591 318 2606 ¹
338 2592 365 2614 Ut
382 2591 533 2614 Cassiodorus
555 2593 597 2619 uit,
616 2592 643 2613 ilc
661 2598 708 2620 quo
731 2592 784 2613 vide
801 2598 871 2619 supra
891 2598 943 2620 pag.
967 2592 1024 2619 513,
1043 2594 1094 2613 nota

253 2632 270 2653 1.
287 2643 319 2647 -
335 2630 399 2653 Circa
417 2630 485 2652 finem
507 2637 555 2658 arg.
575 2637 617 2658 pru
639 2630 661 2652 in
680 2630 791 2653 Pan-ibus·
808 2631 860 2653 edd.
879 2630 903 2653 in
923 2630 1033 2659 pluribus
1051 2631 1096 2653 Pa-

249 2669 331 2693 tribus.

311 2709 320 2723 ⁴²
338 2710 436 2736 Aristot,
455 2709 485 2730 lll.
505 2708 584 2736 Topic.
603 2715 621 2730 c.
636 2708 655 2730 -1,
674 2708 702 2735 (c.
721 2708 759 2735 55‚),
774 2721 803 2723 —
816 2708 918 2730 subinde
936 2708 1009 2730 verbo
1021 2714 1095 2731 remo-

248 2749 299 2770 tum
318 2748 366 2770 Vnt.
386 2748 508 2775 praemittit
524 2747 608 2776 manis.

310 2786 320 2801 ³
337 2786 392 2808 Cod.
410 2787 425 2808 Z
443 2786 535 2809 divinae
550 2786 610 2816 fidei.

311 2825 319 2839 ⁴
337 2825 397 2847 Libr.
416 2826 429 2847 l.
454 2832 476 2853 p.
499 2826 526 2847 X.
549 2831 568 2847 c.
587 2825 612 2853 4,
631 2825 669 2847 ubi
688 2829 761 2848 textus
782 2826 863 2853 origin.
886 2829 938 2853 post
958 2826 979 2848 ei
996 2825 1095 2855 allectus

248 2864 323 2886 addit:
342 2864 364 2886 id
381 2868 415 2886 est
432 2865 556 2887 constantia
574 2865 610 2886 vel
629 2865 722 2887 firmitus
740 2865 855 2887 credendi.

312 2903 321 2917 ⁵
337 2903 397 2925 Libr.
416 2904 429 2926 1.
448 2904 476 2926 de
494 2904 595 2926 Sacram.
610 2911 631 2931 p.
650 2904 678 2926 X.
697 2910 716 2926 r.
729 2904 751 2931 7,
768 2905 808 2932 qui
826 2904 889 2926 locus
906 2905 927 2926 in
942 2907 999 2926 textu
1011 2904 1093 2931 origin.

248 2940 345 2962 liabetur
362 2942 405 2963 sic:
424 2942 527 2964 Botrus...
545 2946 685 2965 sacramenta
703 2944 815 2971 passionis
832 2944 881 2965 eius
901 2949 981 2965 omnes
999 2943 1093 2971 quidem

248 2985 289 3005 per
307 2979 374 3001 fidem
393 2983 554 3008 portaverunt,
572 2981 612 3003 sed
637 2988 680 3003 uon
699 2988 778 3003 omncs.
796 2988 837 3009 per
859 2982 1012 3009 cognitionem
1030 2982 1093 3010 quod

1153 2595 1303 2619 portaverunt
1320 2592 1445 2618 intelligere
1464 2595 1603 2614 meruerunt.
1626 2591 1752 2620 Sequi—ntes
1769 2595 1845 2613 autem
1869 2594 1891 2613 ct
1908 2594 1999 2619 portant

1152 2633 1174 2652 et
1191 2630 1279 2656 vident,
1298 2630 1349 2658 quin
1364 2629 1452 2656 fideles,
1471 2631 1510 2658 qui
1523 2633 1575 2658 post
1591 2630 1716 2652 adventum
1734 2630 1784 2652 eius
1801 2630 1822 2651 in
1836 2636 1903 2651 carne
1920 2629 1998 2651 subse-

1153 2673 1265 2697 quuntur,
1283 2674 1452 2691 sacramentum
1476 2670 1588 2697 passionis
1610 2670 1659 2691 eius
1682 2672 1703 2691 ct
1721 2675 1761 2696 per
1784 2668 1853 2690 fidem
1871 2669 1998 2695 suscipiunt

1152 2712 1174 2731 ct
1192 2715 1232 2736 per
1250 2708 1372 2730 revolutam
1386 2709 1430 2730 ium
1449 2709 1603 2736 cognitionem
1621 2711 1755 2736 agnoscunt.
1773 2707 1817 2730 Csr.
1832 2714 1901 2735 supra
1920 2707 1942 2728 (l.
1964 2707 1996 2728 13.

1152 2754 1172 2769 τι.
1191 2748 1211 2768 2.
1230 2754 1251 2775 q.
1271 2747 1291 2768 3.
1309 2747 1338 2769 ud
1356 2748 1376 2769 G.
1389 2759 1420 2763 —
1433 2748 1599 2769 Testimonium
1618 2747 1748 2774 Scripturae
1765 2750 1799 2769 ost
1811 2746 1877 2768 Num.
1900 2746 1936 2773 t3,
1960 2745 1996 2768 ³24.

1151 2798 1183 2802 —
1201 2786 1242 2808 Pro
1259 2785 1381 2815 siqnatum
1397 2785 1443 2815 sni!
1459 2786 1510 2808 cod.
1530 2786 1547 2807 ll
1565 2784 1697 2815 fiynrotzmn
1714 2784 1765 2813 fuit.

1214 2825 1223 2839 ⁶
1241 2825 1312 2848 Codd.
1331 2826 1377 2847 AR
1400 2826 1436 2847 liic
1453 2828 1475 2847 ct
1497 2826 1519 2847 in
1542 2831 1606 2853 seqq.
1628 2827 1755 2847 constanter
1777 2823 1886 2852 Profecit.
1910 2824 1996 2846 Deinde

1152 2871 1193 2892 pro
1211 2864 1328 2887 emensae
1346 2864 1397 2886 cod.
1415 2865 1430 2886 G
1450 2863 1584 2887 extensione
1601 2867 1623 2886 et
1638 2863 1741 2886 similiter
1757 2862 1887 2885 intensione
1905 2869 1946 2890 pro
1964 2862 1996 2885 in-

1151 2903 1249 2931 tensire,
1265 2905 1395 2932 paritet-quc
1408 2907 1459 2931 post
1476 2910 1548 2931 pauca
1561 2902 1628 2925 codd.
1647 2902 1678 2923 lZ
1696 2901 1730 2929 (H
1747 2908 1758 2923 a
1777 2902 1850 2929 primu
1864 2902 1946 2931 manu)
1959 2909 1996 2925 ra-

1151 2942 1265 2965 clii-attone
1283 2949 1325 2970 pro
1343 2942 1477 2965 radicata-e.

1213 2982 1222 2996 7
1240 2982 1299 3003 Libr.
1318 2982 1331 3003 1.
1351 2982 1379 3003 de
1396 2982 1496 3004 Sacram.
1515 2987 1537 3009 p.
1556 2980 1583 3002 X.
1602 2986 1620 3002 c.
1639 2979 1664 3002 4:
1683 2980 1814 3002 Secundum
1829 2981 1993 3003 incrementum
