2166 3366
156 295 216 329 lor;
237 295 285 323 sed
307 294 417 323 Christo
437 302 488 331 pro
510 294 605 323 dolore
620 294 756 332 passionis
777 298 804 323 et
824 295 996 331 expositione

3 332 6 387 ξ
156 341 227 369 vitae
248 349 315 369 suae
336 341 537 370 restituebatur
552 341 620 369 stola
642 340 746 378 gloriae
768 341 794 369 in
816 348 846 369 se
867 344 894 370 et
915 341 941 369 in
957 349 997 370 ce-

3 412 5 423 ,
156 388 221 416 teris
242 387 376 416 membris
397 387 473 416 suis:
495 395 562 423 ergo
582 390 634 415 etc.

0 443 5 461 >
234 435 259 462 6.
281 434 364 468 ltem,
397 434 448 462 boc
470 433 561 471 ipsum
585 433 741 462 ostenditur
763 442 799 462 ex
821 437 899 470 parte
919 434 996 471 spei,

154 481 220 517 quia
241 484 345 517 quanto
365 480 466 517 aliquis
493 480 596 509 certius
624 484 768 517 exspectat
789 480 996 514 liberationem,

155 531 230 556 tanto
252 528 344 555 minus
358 526 492 563 affligitur
513 527 540 555 in
562 527 689 563 passione
701 538 708 561 3
730 527 777 556 sed
800 528 927 556 Christus
941 536 998 557 cer-

155 574 279 602 tissimus
300 577 360 602 erat
380 574 414 602 de
437 573 599 602 liberatione
621 574 768 610 proxima:
790 582 856 611 ergo
872 574 996 609 videtur,

154 620 229 657 quod
250 620 362 648 afflictio
382 620 442 648 eius
463 623 523 648 erat
544 620 624 649 valde
647 620 763 650 modica.

467 721 678 743 CONCLUSIO.

160 807 250 835 Dolor
268 807 418 844 passionis
441 806 552 836 Clu-isti
572 807 647 836 inter
668 812 775 836 ceteros
796 808 908 836 dolore-s
928 806 989 845 fuit

337 854 546 883 acerbissima-s·
567 859 593 883 ct
613 854 812 883 acutissimus.

233 948 412 976 Respoxmzo:
444 948 614 983 Dicendum,
646 948 721 985 quod
754 948 834 976 dolor
861 948 997 984 passionis

34 1002 139 1021 conclusio.
153 993 253 1023 Christi
276 995 348 1023 inter
368 998 475 1023 ceteros
496 994 607 1023 dolores
628 998 655 1023 et
675 994 818 1031 passiones
845 995 896 1022 suit
923 1002 997 1023 acer-

155 1040 286 1070 bissimus
307 1044 334 1069 et
355 1040 541 1070 acutissimus.
576 1042 607 1070 Et
632 1041 684 1069 hoc
706 1044 796 1078 patet,
817 1041 838 1069 si
862 1040 909 1069 illa
937 1049 998 1069 con-

153 1088 328 1122 siderentur,
349 1096 420 1125 quae
442 1087 546 1116 doloris
567 1088 723 1124 passionem
745 1087 917 1116 acerbiorem
937 1088 998 1116 red-

11 1142 55 1161 τω
71 1144 140 1165 augent
152 1135 231 1164 dunt.
252 1135 322 1163 llaec
342 1138 436 1163 autem
458 1138 523 1163 sunt
544 1134 609 1169 tria,
626 1134 753 1163 videlicet
774 1143 868 1163 causa
887 1134 998 1171 passio-

24 1165 111 1184 d⁰¹⁰‘²m'
152 1181 199 1210 nis
219 1185 246 1210 et
266 1181 371 1210 modus
388 1180 523 1218 patiendi
542 1183 569 1209 et
590 1180 716 1209 conditio
734 1181 883 1218 patientis.

0 1262 1 1268 ἵ
230 1229 257 1257 Si
272 1228 465 1257 consideretur
480 1236 591 1261 caasa,
606 1228 641 1256 ob
656 1236 740 1265 quam
755 1228 883 1256 Christus
899 1235 997 1264 passus

0 1277 74 1309 'musa
90 1283 139 1302 ‹iou›
152 1279 208 1309 est,
229 1275 282 1304 suit
303 1275 329 1303 in
351 1282 384 1303 eo
405 1274 510 1303 doloris
531 1274 643 1303 afflictio
664 1282 772 1312 magna.
792 1274 849 1303 Non
863 1274 936 1303 enim
953 1283 997 1311 pa-

59 1311 92 1324 m'
153 1322 272 1351 tiebatur
294 1330 344 1358 pro
366 1321 448 1358 culpa
470 1321 598 1358 propria,
620 1321 705 1350 imino
726 1330 777 1358 pro
805 1322 913 1356 aliena3
941 1330 995 1350 non

144 1376 204 1405 ,pro
225 1368 321 1396 amicis
336 1371 460 1402 tantum,
476 1368 524 1396 sed
540 1368 621 1397 etiam
636 1368 643 1381 ¹
660 1377 711 1405 pro
727 1368 857 1402 inimicis,
872 1372 898 1397 et
913 1369 994 1397 etiam

154 1424 204 1452 pro
225 1415 269 1444 his
291 1423 361 1452 quos
392 1415 504 1444 videbat
536 1415 666 1452 ingratos.
688 1432 727 1436 —
748 1415 774 1443 Si
797 1418 890 1444 autem
912 1416 997 1444 consi-

25 1470 94 1496 nia-ius,
109 1476 140 1494 pa·
154 1462 268 1491 deretur
289 1461 394 1490 modus
411 1461 561 1498 patiendi,
593 1461 644 1490 suit
676 1461 703 1490 in
725 1469 757 1490 eo
779 1462 870 1499 passio
892 1462 997 1491 doloris

37 1493 102 1512 ”mh
153 1508 295 1542 acerbior,
317 1511 375 1536 tum
399 1511 513 1544 propter
534 1508 758 1544 generalitatem,
779 1508 845 1545 quia
867 1508 893 1536 in
912 1508 998 1536 omni-

154 1555 206 1584 bus
229 1555 362 1584 membris
383 1554 574 1591 affligebatur,
596 1557 655 1583 tum
678 1555 760 1583 etiam
782 1558 896 1591 propter
915 1555 997 1583 conti-

154 1601 307 1635 nuitatem,
330 1601 395 1638 quia
422 1601 605 1637 suspendium
628 1602 688 1630 eius
710 1601 943 1636 continuabatur,
971 1605 997 1630 et

154 1648 224 1677 clavi
249 1648 319 1676 adeo
340 1647 500 1684 affligebant
521 1648 704 1684 pendentem,
726 1648 798 1677 sicut
818 1648 996 1682 afflixerunt,

154 1695 266 1732 quando
287 1702 387 1723 manus
408 1694 469 1723 eius
490 1698 516 1723 et
539 1694 623 1731 pedes
637 1694 882 1729 confodiebantur,
898 1695 924 1722 in
940 1695 998 1732 qui-

155 1741 206 1770 bus
227 1741 352 1770 maxima
372 1744 432 1769 erat
452 1740 564 1769 afflictio
585 1741 819 1778 propter'nervos
840 1745 867 1769 et
888 1749 997 1770 muscu-

155 1788 195 1817 los
207 1787 216 1801 ²
238 1788 341 1816 ibidem
363 1791 577 1821 concurrentes,
593 1788 619 1816 in
635 1787 738 1825 quibus
759 1788 910 1825 praecipue
925 1788 998 1824 viget

155 1842 261 1863 sensus.
285 1850 323 1855 —
344 1834 370 1862 Si
392 1837 484 1863 autem
506 1834 701 1863 consideretur
722 1834 842 1871 qualitas
863 1834 921 1863 sive
935 1842 998 1862 eoa-

16 1889 102 1916 &qanto
111 1896 142 1914 pa·
155 1881 226 1909 dicio
244 1881 400 1918 patieritis,
423 1880 547 1909 maxima
568 1884 627 1909 erat
649 1880 761 1910 afflictio
782 1884 896 1918 propter
911 1881 998 1909 maxi-

0 1948 1 1963 ,
40 1915 108 1932 ΜΨ*
156 1935 228 1956 mam
250 1926 452 1964 complexionis
472 1927 667 1964 aequalitatem
699 1930 726 1956 et
757 1931 871 1964 propter
899 1935 998 1956 sensus

0 1972 1 1977 ’
155 1974 339 2003 vivacitatem.
361 1974 437 2002 Unde
458 1974 521 2010 quia
544 1974 640 2002 nullus
659 1974 746 2011 potuit
772 1974 796 2003 ei
811 1974 926 2011 aequari
947 1982 997 2003 nec

769 217 852 245 DlST.
874 217 938 246 XVl.
960 218 1033 246 ART.
1054 218 1072 246 Ι.
1095 218 1230 254 ΟΗΑΕΞΤ.
1252 218 1291 246 [ll.

1839 220 1894 249 349

1053 295 1079 323 in
1102 295 1268 332 aequalitate
1299 297 1500 333 complexionis
1528 305 1578 325 nec
1607 297 1633 325 in
1665 297 1811 326 vivacitate
1837 306 1896 326 sen-

1054 350 1117 376 sus,
1140 342 1219 370 dolor
1240 342 1315 371 illius
1336 343 1461 371 omnium
1478 343 1607 372 dolorum
1623 344 1674 372 fuit
1688 344 1867 372 acutissimus
1878 344 1895 372 ³.

1134 389 1163 417 Et
1185 389 1246 418 ideo
1267 390 1403 423 rationes,
1425 398 1496 427 quae
1511 390 1563 418 hoc
1580 390 1745 424 ostendunt,
1767 391 1897 419 conceda-

1054 443 1131 469 mus;
1155 439 1181 464 et
1196 436 1219 464 ei
1236 436 1353 472 gratias,
1369 440 1486 473 quantas
1505 444 1655 474 possumus
1669 440 1695 465 et
1711 445 1796 474 supra
1811 446 1895 474 quam
1909 442 1964 461 Nota.

1054 490 1219 519 possumus,
1241 482 1411 516 referamus,
1433 483 1455 511 si
1477 491 1533 520 quo
1554 483 1636 511 modo
1657 483 1776 512 donetur
1798 484 1895 518 nobis,

1054 533 1085 557 ut
1106 533 1161 557 tam
1184 530 1306 565 graviter
1338 529 1451 566 patienti
1476 530 1687 566 compatiamur.
1710 546 1748 550 —
1770 531 1896 559 Rationes

1055 583 1136 608 vero,
1158 583 1229 611 quae
1250 575 1419 603 obiiciuntur
1441 576 1475 604 ad
1498 576 1685 610 contrarium,
1713 585 1784 613 quae
1809 581 1897 605 osten-

1055 621 1124 650 dunt
1147 622 1344 658 mitigationem
1367 622 1471 651 doloris
1493 622 1609 657 Christi,
1632 631 1684 651 non
1700 623 1813 652 obviant
1827 624 1897 652 veri-

1056 668 1118 702 tati,
1141 668 1161 696 si
1186 672 1259 697 recte
1282 668 1479 705 intelligantur.
1503 669 1640 706 Contingit
1660 670 1732 698 enim
1748 678 1809 699 esse
1823 679 1897 699 acer·
1911 679 2025 699 Notandum.

1055 715 1167 743 bitatem
1190 715 1217 743 in
1239 715 1334 743 dolore
1356 718 1493 755 quantum
1514 716 1549 744 ad
1571 716 1642 750 duo,
1664 716 1793 745 videlicet
1813 726 1897 754 quan-

1055 765 1114 789 tum
1136 761 1171 789 ad
1192 761 1401 798 eoepcrz'entz‘am
1422 770 1524 789 sensus
1544 766 1571 790 et
1592 766 1727 799 quantuni
1759 764 1794 791 ad
1816 772 1898 800 repa-

1052 808 1241 844 ynationem⁴
1262 807 1397 836 rationis.
1424 808 1496 836 Licet
1517 811 1610 836 autem
1632 809 1659 836 in
1685 808 1794 837 Christo
1814 810 1898 838 fuerit

1056 854 1179 882 maxima
1201 854 1305 883 doloris
1325 854 1438 883 afflictio
1465 858 1602 891 quantum
1633 855 1668 883 ad
1697 856 1898 892 experientiam

1054 909 1172 935 sensus;
1201 901 1271 929 ratio
1292 904 1384 930 tamen
1407 901 1507 930 Christi
1531 902 1654 931 modicos
1676 902 1823 939 reputabat
1844 911 1899 931 om-

1054 955 1103 976 nes
1118 947 1180 976 illos
1195 947 1351 982 cruciatuS,
1369 948 1419 976 hoc
1441 951 1533 976 tamen
1556 956 1609 976 non
1632 948 1775 977 auferebat
1795 950 1899 978 acerbi-

1056 998 1148 1028 tatem,
1171 994 1218 1023 sed
1241 994 1355 1023 rationis
1376 994 1595 1023 subversionem.

1134 1042 1160 1069 ⁹2,
1184 1041 1209 1069 3.
1232 1042 1258 1069 )’.
1281 1042 1306 1069 6.
1329 1041 1359 1069 Εῑ
1381 1049 1430 1078 per
1452 1041 1503 1070 hoc
1527 1045 1601 1078 patet
1623 1042 1765 1079 responsio
1779 1042 1813 1071 ad
1837 1043 1898 1071 illas
1911 1052 1981 1078 sonno
1995 1057 2028 1075 05,-

1054 1090 1175 1124 quatuor
1198 1087 1333 1122 rationes,
1349 1095 1421 1124 quae
1436 1092 1588 1117 sumuntur
1603 1096 1639 1117 ex
1655 1091 1733 1125 parte
1748 1089 1899 1117 voluntatis
1910 1077 2019 1099 ⁹⁰⁵¹²⁰mm

1055 1134 1254 1168 desiderantis,
1275 1142 1311 1162 ex
1333 1138 1412 1171 parte
1434 1135 1556 1163 caritatis
1578 1135 1747 1170 adiuvantis,
1767 1143 1803 1164 ex
1819 1139 1897 1172 parte

1055 1181 1317 1218 recompensationis
1338 1185 1365 1210 et
1386 1189 1421 1210 ex
1444 1185 1523 1218 parte
1544 1182 1766 1219 exspectatIOnis.

1135 1229 1159 1256 1.
1183 1228 1219 1257 Ad
1242 1228 1311 1257 illud
1333 1229 1407 1265 quod
1424 1229 1554 1257 obiicitur
1568 1236 1604 1257 ex
1620 1232 1698 1266 parte
1714 1229 1823 1265 generis
1837 1237 1898 1266 poe-

1055 1283 1121 1309 nae,
1144 1275 1309 1309 dicendum,
1331 1275 1404 1312 quod
1434 1275 1504 1303 ratio
1526 1275 1572 1303 illa
1594 1275 1718 1312 procedit
1738 1283 1773 1304 ex
1796 1275 1899 1304 insuffi-

1053 1322 1144 1350 cienti.
1160 1321 1299 1350 Acerbitas
1313 1322 1385 1350 enim
1403 1330 1506 1358 poenae
1522 1330 1575 1350 non
1591 1325 1698 1350 tantum
1714 1326 1847 1359 pensatur
1862 1330 1898 1351 ex
1912 1330 2026 1349 Notandum.

1053 1372 1131 1405 parte
1143 1368 1258 1405 agentis,
1270 1372 1405 1405 quantum
1417 1376 1453 1397 ex
1466 1371 1544 1405 parte
1559 1369 1695 1405 patientis.
1710 1380 1722 1394 «
1732 1370 1813 1398 Actus
1824 1369 1898 1398 enim

1054 1415 1208 1443 activorum
1224 1419 1265 1443 est
1282 1415 1307 1443 in
1323 1415 1444 1451 patiente
1459 1415 1609 1452 disposito5
1620 1426 1648 1449 »3
1659 1419 1686 1444 et
1700 1416 1765 1452 quia
1780 1416 1901 1452 qualitas

1054 1461 1081 1489 in
1104 1461 1213 1489 Christo
1234 1461 1474 1498 reddebatipsum
1490 1462 1526 1490 ad
1548 1462 1681 1490 maiorem
1701 1462 1824 1491 dolorem
1848 1463 1901 1491 dis-

1055 1508 1189 1545 positum,
1221 1508 1283 1536 ideo
1312 1508 1381 1536 bene
1408 1508 1544 1543 concedO,
1569 1509 1643 1545 quod
1669 1509 1765 1537 clavus
1793 1509 1902 1538 ferreus

1056 1555 1143 1584 multo
1159 1554 1223 1592 plus
1237 1554 1337 1583 afflixit
1352 1554 1509 1589 Christum,
1525 1563 1608 1592 quam
1626 1555 1695 1591 ignis
1710 1555 1898 1584 Laurentium.

1133 1602 1160 1630 [ι.
1182 1602 1220 1630 Ad
1243 1601 1313 1630 illud
1335 1601 1408 1638 quod
1431 1601 1576 1636 obiicitur,
1595 1601 1670 1638 quod
1690 1602 1768 1630 dolor
1791 1602 1816 1630 in
1839 1610 1900 1630 con-

1056 1648 1120 1677 trito
1141 1648 1252 1677 excedit
1273 1648 1397 1677 dolorem
1420 1649 1446 1677 in
1462 1649 1573 1677 Christo
1588 1652 1702 1686 propter
1717 1650 1898 1686 quantitatem

1057 1694 1118 1723 boni
1141 1695 1235 1734 amissi
1248 1707 1254 1729 3
1285 1695 1450 1729 dicendum,
1473 1696 1548 1732 quod
1570 1695 1771 1732 dainnifi'catz'o
1792 1704 1842 1733 per
1870 1703 1899 1725 se
1915 1702 2028 1722 Notandum.

1054 1749 1109 1769 non
1131 1741 1213 1770 infert
1235 1742 1375 1776 dolorem,
1404 1742 1452 1771 sed
1481 1750 1584 1770 sensus
1605 1742 1856 1779 clamnz‘sz'ccttt'om’s
1869 1742 1878 1755 ⁶
1890 1753 1900 1776 ‚-

1054 1788 1184 1825 quamvis
1204 1792 1298 1817 autem
1320 1792 1447 1825 peccator
1469 1789 1560 1817 maius
1581 1789 1684 1817 bonum
1699 1790 1819 1823 amittat,
1834 1789 1900 1826 quia

1056 1838 1149 1863 tamen
1170 1843 1223 1863 non
1250 1835 1337 1872 magis
1359 1835 1456 1869 sentit,
1479 1835 1528 1864 sed
1551 1836 1657 1870 minus,
1681 1843 1734 1864 non
1756 1836 1899 1872 sequitur,

1055 1881 1130 1918 quod
1153 1881 1240 1918 magis
1261 1881 1367 1915 doleat,
1383 1885 1414 1910 ut
1430 1882 1594 1918 plurimum.
1610 1882 1696 1910 Valde
1710 1882 1783 1910 enim
1799 1890 1899 1919 parum

1056 1928 1203 1965 affligitur,
1218 1928 1346 1965 quamvis
1361 1936 1490 1965 magnam
1507 1928 1617 1957 dolendi
1641 1928 1740 1957 habeat
1765 1929 1900 1957 rationein

1054 1977 1081 2003 et
1102 1982 1214 2003 causam
1229 1975 1246 2002 ⁷.

912 2084 1074 2120 QUAESTIO
1096 2084 1135 2112 111.

612 2181 715 2210 Utrum
739 2181 874 2210 Chri-slus
895 2182 1069 2210 assumserit
1090 2182 1285 2211 necessitatem
1304 2183 1445 2220 patiendi.

235 2280 327 2309 Tertio
348 2280 509 2317 quaeritur,
541 2284 638 2309 utrum
659 2280 786 2309 Christus
808 2281 999 2309 necessitatem

155 2327 319 2356 assumserit
339 2327 469 2364 patiendi.
494 2327 523 2355 Et
543 2327 617 2364 quod
640 2327 693 2361 sic,
715 2327 835 2356 videtur.

237 2374 260 2401 1.
282 2373 321 2402 Ad
343 2373 480 2402 Hebraeos
502 2373 611 2401 nono⁸z
640 2373 889 2409 Quemadmodum
911 2377 1001 2401 statu-

18 2424 219 2448 rundamema.tum
240 2424 281 2448 est
301 2419 467 2448 hominibus
488 2420 573 2448 semet
592 2420 686 2454 mori,
699 2424 764 2457 post
780 2419 831 2448 lzoc
846 2424 944 2448 autem
959 2420 1001 2448 iu-

158 2465 284 2499 dicium,
307 2466 350 2494 sic
371 2470 396 2494 cc
419 2465 554 2494 Christus
568 2465 654 2494 semel
675 2465 789 2494 oblata-5
810 2469 850 2493 est
861 2476 870 2499 ;
892 2465 999 2494 Glossa:

162 2512 287 2541 «Eadem
320 2513 481 2541 necessitate
502 2516 529 2541 et
550 2512 610 2541 iure
632 2516 748 2541 naturae
763 2523 789 2540 »:
816 2520 882 2548 ergo
907 2520 1002 2540 secun-

157 2559 225 2587 dum
248 2559 299 2587 hoc
322 2561 450 2587 mortuus
471 2562 513 2587 est
527 2558 654 2587 Christus
669 2559 823 2587 secundum
839 2561 941 2587 statum
958 2566 1002 2586 na-

1057 2284 1156 2315 turae;
1179 2281 1227 2310 sed
1249 2281 1296 2318 qui
1319 2281 1356 2310 sic
1379 2281 1514 2315 moritur,
1530 2281 1666 2310 moriendi
1682 2281 1765 2310 habet
1786 2282 1902 2310 necessi-

1058 2330 1159 2356 tatem:
1182 2335 1248 2364 ergo
1268 2331 1318 2356 etc.
1750 2355 1753 2357 ,

1136 2375 1162 2402 2.
1185 2374 1267 2408 ltem,
1288 2374 1457 2410 Augustinus
1479 2374 1513 2401 ad
1536 2373 1712 2401 lulianum⁹:
1741 2384 1753 2398 α
1768 2374 1794 2401 Si
1817 2374 1899 2402 talem

1058 2427 1186 2453 carnem,
1208 2420 1318 2456 qualem
1342 2420 1438 2448 habuit
1460 2420 1544 2447 Adam
1569 2420 1594 2447 in
1626 2420 1716 2456 primo
1744 2423 1832 2454 statu,
1861 2428 1901 2448 as-

1058 2465 1158 2493 sumsit
1179 2465 1320 2499 Christus,
1353 2474 1405 2494 non
1432 2465 1522 2494 solum
1545 2474 1609 2494 caro
1630 2466 1731 2494 Christi
1754 2474 1807 2494 non
1829 2469 1901 2495 esset

1058 2519 1122 2540 caro
1144 2512 1263 2548 peccati,
1284 2512 1333 2540 sed
1356 2519 1404 2540 nec
1426 2512 1523 2540 similis
1545 2512 1620 2540 carni
1637 2513 1738 2548 peccati
1755 2522 1781 2540 »z
1798 2512 1819 2541 si
1835 2520 1900 2549 ergo

1058 2557 1185 2586 Christus
1206 2558 1257 2586 suit
1279 2558 1376 2587 similis
1394 2558 1469 2587 carni
1486 2559 1604 2595 peccati,
1620 2562 1740 2593 constat,
1756 2559 1830 2596 quod
1846 2567 1900 2587 non

222 2690 228 2705 ¹
247 2690 302 2712 Cod.
321 2691 337 2712 tl
355 2690 427 2713 inuno
445 2691 522 2713 elisan.

221 2729 230 2743 ²
247 2728 302 2752 Cod.
321 2730 336 2751 Z
353 2729 474 2752 articulos.

221 2767 231 2782 ³
247 2768 302 2790 Cod.
321 2768 337 2789 l<
358 2768 430 2790 xcrbo
447 2767 598 2791 acutissimus
615 2768 737 2796 praemittit
754 2767 919 2791 acerbissimis
936 2769 963 2790 et.

222 2806 230 2820 ⁴
247 2806 303 2828 Cod.
322 2807 340 2828 T
359 2806 552 2836 repqumtiam,
572 2797 639 2829 crida.
657 2809 673 2828 Α
685 2807 700 2828 11
712 2807 728 2828 Κ
740 2806 757 2828 Υ
776 2806 821 2830 (bb
838 2813 849 2828 a
868 2807 940 2834 prima
954 2813 1001 2828 ina-

161 2846 205 2873 nu)
222 2845 400 2874 reputationem.
420 2846 487 2867 Panlo
510 2846 602 2867 insci-ins
625 2848 675 2867 ante
696 2846 773 2867 lamen
792 2851 839 2867 nnn
860 2852 912 2867 cum
934 2845 1001 2867 codd.

160 2883 244 2905 ΔΖΜ)
262 2884 400 2905 inseruimus
419 2883 472 2910 hm),
493 2887 514 2906 et
536 2883 617 2906 deinde
635 2890 677 2911 pro
697 2883 849 2906 desiderantis
870 2890 913 2905 non
935 2884 1001 2911 pauci

161 2922 228 2944 codd.
241 2922 380 2944 substituunt
398 2922 534 2952 deficientis,
554 2923 603 2944 cod.
621 2923 637 2944 Ζ
654 2921 831 2944 considet-[mete.

222 2959 232 2974 ⁵
249 2962 346 2989 Aristoc,
364 2962 387 2984 ll.
399 2962 427 2983 de
445 2963 537 2989 Animay
559 2965 609 2984 text.
628 2961 663 2983 24.
677 2962 705 2983 (c.
724 2962 762 2986 2.).
779 2961 824 2983 Csr.
839 2964 892 2984 toni.
912 2962 934 2983 ll.
949 2968 1000 2989 pag.

161 2999 217 3026 361,
235 3003 285 3021 notu
304 3000 324 3022 3.
336 3011 368 3016 -
380 3000 448 3022 Paulo
465 3000 558 3022 inferius
575 3006 615 3027 pro
631 2999 716 3029 afflatu]
733 3000 783 3022 cod.
802 3001 817 3021 A
836 2999 954 3029 (1ffl1'oeert'l.

1118 2690 1127 2704 ⁶
1146 2691 1208 2713 Sicut
1225 2691 1350 2718 generatim
1368 2691 1433 2713 dolor
1451 2697 1494 2713 non
1513 2694 1546 2713 est
1563 2691 1611 2719 ipsa
1631 2692 1717 2719 passio,
1735 2691 1775 2713 sed
1788 2692 1901 2719 passionis

1057 2736 1145 2752 sensus.
1163 2729 1206 2752 cfr.
1225 2733 1279 2752 tom.
1297 2730 1320 2752 11.
1340 2736 1392 2757 pag.
1411 2729 1466 2757 482,
1485 2733 1536 2751 nota
1554 2730 1575 2752 3.

1121 2768 1129 2782 7
1147 2768 1205 2790 Vidn
1222 2768 1322 2790 scholion
1340 2768 1368 2790 ad
1387 2768 1561 2795 praecedentem
1579 2772 1666 2796 quaest.

1120 2806 1129 2821 Β
1148 2808 1210 2829 Vcrs.
1229 2807 1265 2829 27.
1283 2814 1331 2836 seq.
1342 2819 1374 2824 —
1385 2808 1462 2829 ulossa
1481 2810 1505 2829 ut
1522 2807 1680 2830 interlinearis
1698 2807 1794 2830 nabetur
1805 2811 1825 2830 el
1839 2809 1900 2836 npnd

1059 2846 1115 2868 l'ctr.
1135 2845 1255 2868 Lombard.
1273 2850 1295 2868 et
1312 2846 1373 2874 apud
1392 2846 1514 2874 Lyrnnnm.
1531 2845 1574 2868 crr.
1593 2847 1628 2867 liic
1654 2847 1684 2868 lit.
1708 2847 1819 2875 Magistri,
1837 2854 1856 2869 r.
1875 2848 1899 2875 3,

1059 2884 1096 2905 nbi
1109 2884 1176 2906 ctiam
1189 2884 1266 2905 (ilnssa
1279 2883 1402 2906 ordinaria
1416 2883 1519 2906 habetur.
1530 2896 1560 2900 —-
1573 2884 1614 2906 l‘ro
1631 2884 1683 2907 iure
1695 2886 1796 2908 naturae
1809 2886 1900 2913 plurimi

1058 2922 1124 2945 codd.
1143 2922 1262 2945 incrimine
1279 2924 1386 2945 nomme.
1406 2923 1453 2944 Mox
1471 2929 1513 2950 pro
1536 2923 1624 2945 statum
1642 2923 1761 2945 mallemus
1778 2925 1900 2946 statutum.

1119 2961 1129 2975 ⁹
1146 2962 1198 2983 Sive
1211 2962 1376 2988 contralnlian.
1396 2961 1517 2989 Pelagium,
1530 2962 1556 2984 V.
1575 2968 1593 2984 c.
1611 2961 1643 2984 Ιΰ.
1662 2968 1683 2984 n.
1701 2961 1737 2984 54.
1751 2962 1796 2984 (liv.
1809 2962 1844 2984 tv.
1858 2962 1901 2991 (lp.

1058 2999 1146 3027 imperf.
1164 3003 1240 3022 conti-n
1259 2999 1334 3022 inlian.
1352 2999 1388 3022 79.
1406 3003 1427 3022 ct
1446 3000 1481 3023 ΥΙ.
1499 3008 1518 3023 (5.
1536 3000 1572 3022 33.
