2166 3366
10 1108 114 1128 nistincuo.

867 182 1053 211 DlSTlNCTlO
1076 183 1140 211 xlv.

129 263 168 291 sic
190 262 277 299 gratia
299 262 333 290 de
356 262 480 290 subiecto
497 261 523 289 in
541 260 696 289 subiectum
711 261 727 288 ¹.
743 261 773 289 Et
795 268 845 297 per
864 261 916 289 hoc
932 269 976 297 pa-

130 313 168 337 tet
189 312 286 337 totum.

486 400 553 428 Due.
576 400 616 428 [V.

207 495 273 523 Item
296 494 441 532 quaeritur
462 493 496 522 de
519 493 570 521 hoc.
591 493 665 530 quod
688 493 772 521 dicit:
795 493 872 521 Sane
883 496 975 530 potest

130 541 204 575 «lici,
226 541 323 578 ipsum
337 540 498 568 secundum
521 538 664 568 hominem
686 548 705 568 a
727 540 907 576 conceptione
929 548 974 567 ac-

129 588 236 625 cepisse
254 587 373 624 yratiae
392 586 616 624 plenituclt'nem;
636 586 767 623 quoniam
790 594 875 623 super
903 586 972 614 illud

130 636 218 663 Lucae
240 633 377 671 quarto²z
399 633 491 661 Hodie
513 633 629 670 impleta
651 637 691 661 est
712 633 888 670 Scriptura,
907 632 974 661 dicit

129 681 241 710 Glossa:
269 680 364 708 «Prae
386 680 516 708 omnibus
537 680 643 708 Sanctis
659 684 760 709 unctus
781 684 823 709 est
844 680 973 708 unctione

129 727 283 765 spirituali,
303 726 416 764 quando
437 726 580 755 descendit
599 734 684 763 super
699 734 762 755 eum
779 727 899 763 Spiritus
914 734 974 754 san-

129 778 191 803 ctus
212 774 239 802 in
260 774 352 810 specie
383 773 529 802 columbae
545 784 577 807 »ς
600 773 647 802 sed
682 773 733 802 hoc
762 773 829 807 fuit,
861 773 973 810 quando

129 822 182 850 iam
205 825 265 850 erat
287 821 399 857 triginta
419 828 574 848 annorum:
606 828 672 856 ergo
695 828 746 848 non
769 820 804 848 al)
827 820 885 856 ipsa
913 827 974 847 con-

129 868 262 905 ceptione.
276 885 316 888 —
331 867 412 901 item,
435 868 455 895 si
478 867 513 895 ab
535 867 594 903 ipsa
608 867 785 904 conceptione
806 867 903 895 habuit
920 866 974 903 ple-

129 915 300 949 nitudinem,
316 915 420 943 frustra
436 922 502 950 ergo
518 914 660 943 descendit
676 922 760 950 super
774 922 837 942 eum
855 913 973 950 Spiritus

129 965 256 995 sanctus,
278 961 345 990 dum
369 961 526 998 baptizatur
547 970 563 989 a
585 961 698 995 Ioanne,
720 961 791 989 sicut
806 960 909 988 dicitur
924 960 974 988 Lu-

128 1016 176 1037 cae
198 1008 279 1037 tertio
300 1012 326 1037 et
347 1007 475 1036 Matthaei
499 1008 580 1036 tertio
593 1007 611 1035 Β.

208 1055 387 1083 ΒΕεΡοΝηΕοε
411 1054 576 1087 Dicendum,
608 1053 681 1090 quod
705 1056 745 1082 est
767 1053 840 1090 loqui
864 1052 898 1081 de
919 1052 974 1089 ple-

129 1102 255 1130 nitudine
283 1101 437 1130 secundum
461 1100 663 1129 eact'stentz'am⁴
689 1104 715 1128 et
744 1099 898 1128 secundum
925 1108 972 1136 ap-

128 1148 294 1185 parentiam
318 1152 345 1176 et
366 1147 520 1176 secundum
546 1147 785 1175 redundantiam.
807 1146 873 1175 Dico
891 1155 973 1183 ergo,

130 1195 204 1233 quod
228 1196 253 1223 in
276 1195 385 1223 Christo
416 1194 451 1222 ab
476 1193 588 1222 instanti
611 1193 797 1230 conceptionis
817 1193 868 1222 suit
891 1193 975 1230 pleni-

130 1242 198 1271 tudo
229 1241 383 1270 secundum
416 1241 616 1274 existentiam,
648 1241 713 1278 quia
744 1248 853 1269 omnem
877 1240 975 1268 habuit

130 1289 235 1324 gratiae
256 1288 460 1325 perfectionem.
484 1304 522 1308 —
542 1287 700 1316 Secundum
717 1291 810 1316 autem
832 1295 975 1324 apparen-

131 1336 203 1364 tiam
224 1335 275 1364 fuit
296 1335 321 1363 in
345 1335 478 1364 descensu
511 1335 672 1368 columbae,
705 1335 751 1363 ubi
784 1335 973 1363 testimonium

132 1382 229 1411 habuit
250 1382 284 1411 de
306 1382 450 1419 supernis,
472 1381 545 1419 qnod
569 1381 627 1418 ipse
657 1384 730 1409 esset
758 1381 917 1417 unigenitus
939 1381 976 1409 Fi-

134 1429 187 1457 lius
209 1428 276 1463 Dei‘;
299 1432 325 1457 et
348 1432 413 1457 tunc
444 1429 589 1465 apparuit,
611 1427 685 1465 quod
707 1427 781 1456 omni
804 1427 893 1464 gratia
921 1427 976 1464 ple-

132 1484 185 1505 nus
205 1475 272 1509 fuit,
304 1483 367 1504 cum
394 1475 514 1512 Spiritus
535 1478 648 1503 sanctus
670 1475 695 1503 in
718 1474 863 1503 columbae
885 1475 975 1512 specie

133 1530 218 1559 super
239 1530 302 1550 eum
326 1521 471 1559 requievit.
495 1521 570 1550 Unde
593 1522 618 1549 in
641 1521 813 1558 temporibus
832 1521 975 1550 retroactis

134 1577 182 1606 per
203 1577 288 1606 opera
309 1568 450 1597 exteriora
471 1568 624 1605 apparebat
651 1567 810 1604 proficere,
839 1568 887 1596 sed
911 1572 975 1597 tunc

133 1615 263 1652 apparuit
293 1615 367 1643 omni
400 1615 471 1643 bono
499 1614 624 1651 repletus
645 1623 704 1643 esse
716 1614 735 1642 ⁵.
756 1631 792 1635 —
815 1615 973 1644 Secundum

128 1662 362 1690 redundantiam
384 1662 436 1690 suit
456 1669 491 1690 ex
524 1665 590 1689 tunc
621 1665 647 1690 et
678 1661 824 1698 deinceps,
846 1662 911 1698 quia
939 1670 975 1690 ex

133 1713 198 1738 tunc
219 1709 328 1745 aliquos
349 1707 530 1737 sanctificavit
551 1711 578 1736 et
599 1707 685 1736 verba
717 1708 789 1736 vitae
816 1708 977 1737 dissemina-

134 1756 172 1784 vit
198 1759 226 1784 et
257 1759 367 1784 nostrae
388 1755 565 1792 postmodum
598 1755 780 1792 reparationis
812 1755 975 1791 mysterium

133 1802 344 1831 consummavit.
366 1818 404 1822 —
427 1802 456 1830 Et
477 1802 516 1830 sic
538 1805 628 1838 patet,
655 1802 729 1839 quod
763 1810 815 1830 non
847 1805 889 1830 est
916 1810 978 1830 con-

134 1849 284 1883 troversia,
315 1849 445 1886 quoniam
469 1849 516 1877 illa
537 1849 633 1877 Glossa
654 1848 818 1886 intelligitur
840 1853 975 1886 quantum

1819 184 1875 212 993

1032 261 1066 289 ad
1088 261 1336 294 redundantiam,
1369 261 1413 289 vel
1440 260 1671 298 apparentiam;
1691 269 1745 289 ηοη
1768 261 1807 289 sic
1837 261 1876 289 lit—

1033 311 1091 336 tera
1113 316 1253 345 praesens.

1394 402 1461 430 DUB.
1483 402 1513 430 V.

1110 495 1176 523 Item
1198 495 1344 532 quaeritur
1363 496 1397 524 de
1414 495 1460 523 illa
1475 496 1654 532 responsione
1669 496 1805 532 Magistri,
1821 504 1876 532 qua

1032 541 1165 577 explanat
1196 541 1282 569 verba
1304 541 1458 576 Ambrosii,
1480 542 1579 570 ultimo
1610 542 1731 579 capitulo
1763 542 1875 570 dicens:

1033 582 1210 624 Pioficiebat
1230 586 1379 616 humanus
1399 596 1501 616 seusus
1517 588 1547 616 iu
1562 597 1592 616 co
1613 588 1774 617 secuudum
1789 592 1877 616 osten-

1031 634 1141 662 sionem
1162 638 1187 662 et
1215 634 1345 662 aliorum
1376 634 1527 662 hominum
1558 635 1730 671 opinionem.
1760 636 1877 664 Videtur

1031 681 1104 709 enim
1136 680 1336 709 insufficienter
1367 681 1475 715 dicere,
1497 681 1571 718 quod
1594 681 1630 710 ita
1653 682 1739 718 possit
1760 682 1812 711 dici
1842 682 1876 711 de

1031 735 1113 756 sensu
1135 727 1199 762 Dei,
1225 727 1298 764 quod
1321 727 1484 764 proficiebat
1505 728 1659 756 secundum
1682 729 1875 757 ostensionem.

1030 791 1068 794 —
1090 774 1171 808 Item,
1194 782 1247 802 non
1270 774 1382 802 videtur
1404 774 1455 802 ista
1476 775 1614 811 expositio
1632 774 1761 803 sufficere
1782 775 1815 803 ad
1840 775 1877 803 in-

1031 821 1171 849 tellectum
1204 820 1355 854 Ambrosii,
1378 821 1443 858 quia
1475 821 1637 849 Ambrosius
1668 821 1728 850 vult
1756 821 1876 858 probare

1031 867 1102 896 duas
1123 871 1238 895 naturas
1260 870 1286 895 et
1308 867 1379 896 duos
1410 875 1510 897 sensus
1542 867 1568 895 in
1601 868 1725 902 Christo,
1746 876 1796 905 per
1825 868 1877 897 hoc

1030 913 1104 950 quod
1137 913 1264 941 Christus
1291 913 1471 950 proficiebat.
1494 914 1520 942 Si
1542 922 1608 951 ergo
1634 914 1736 943 veritas
1758 917 1876 943 naturae

1031 968 1084 988 non
1107 960 1242 997 probatur
1263 960 1312 988 nisi
1330 969 1379 997 per
1396 961 1539 989 veritatem
1563 961 1703 998 profectus
1716 961 1742 996 ⁰,
1764 961 1876 990 omnino

1031 1007 1143 1035 videtur
1164 1007 1235 1036 velle
1258 1007 1412 1044 intelligere
1441 1007 1618 1042 Ambrosius,
1646 1008 1721 1045 quod
1750 1008 1877 1037 Christus

1031 1054 1179 1091 profecerit
1201 1054 1290 1082 veraci
1315 1054 1448 1091 profectu.

1110 1101 1289 1129 nesposnssoz
1312 1101 1482 1135 Dicendum,
1504 1101 1579 1138 quod
1601 1101 1706 1138 absque
1725 1101 1811 1130 dubio
1826 1102 1877 1130 Ma-

1031 1147 1116 1183 gister
1138 1147 1281 1175 veritatem
1305 1147 1390 1181 dicit;
1412 1148 1460 1176 sed
1482 1147 1587 1185 aliquid
1605 1148 1668 1185 plus
1683 1148 1770 1176 voluit
1785 1148 1877 1177 dicere

1031 1193 1209 1227 Ambrosius,
1230 1202 1284 1222 non
1308 1198 1398 1223 tamen
1421 1198 1528 1223 tantum
1552 1195 1639 1223 voluit
1660 1195 1768 1229 dicere,
1793 1203 1878 1232 quan-

1031 1243 1090 1269 tum
1124 1241 1210 1269 verba
1241 1249 1340 1269 sonare
1366 1241 1511 1269 videntur.
1544 1242 1662 1270 Videtur
1681 1242 1754 1270 enim
1778 1242 1803 1270 in
1833 1242 1876 1270 liis

1033 1287 1125 1316 verbis
1146 1288 1280 1321 sensisse,
1302 1289 1377 1325 quod
1400 1288 1527 1317 Christus
1549 1289 1703 1317 secundum
1725 1290 1875 1318 humanam

1032 1337 1159 1362 naturam
1183 1334 1280 1363 habuit
1302 1335 1502 1371 ignorantiam,
1523 1344 1594 1373 quae
1616 1336 1736 1373 expulsa
1757 1336 1807 1364 fuit
1827 1344 1876 1373 per

1032 1381 1173 1409 scientiam
1196 1382 1369 1418 acquisitam.
1393 1382 1507 1419 Propter
1528 1383 1601 1420 quod
1625 1383 1785 1417 sciendum,
1800 1383 1875 1420 quod

1031 1437 1089 1456 ozon
1105 1428 1173 1456 ⁴vult
1206 1428 1274 1457 illud
1307 1429 1415 1463 dii-ere,
1437 1429 1484 1458 sed
1510 1429 1561 1458 hoc
1583 1429 1643 1458 vult
1664 1429 1772 1464 dicere,
1801 1430 1876 1467 quod

1032 1483 1131 1504 sensus
1152 1475 1279 1504 anterior
1301 1475 1449 1512 profecerit
1470 1476 1605 1505 veraciter
1627 1480 1763 1514 quantum
1785 1476 1819 1505 ad
1836 1485 1877 1505 co-

1032 1522 1182 1559 gnitionem
1203 1522 1400 1559 experientiae.
1424 1522 1498 1551 Unde
1520 1522 1541 1551 si
1557 1523 1644 1558 dicat,
1661 1523 1738 1552 illum
1756 1531 1876 1561 puerum

1032 1568 1200 1606 iynorasse,
1223 1576 1275 1596 ηοη
1305 1571 1346 1597 est
1377 1568 1453 1597 aliud
1475 1569 1567 1598 dicere
1588 1578 1672 1606 quam
1694 1569 1876 1607 inexpertum

1033 1624 1092 1644 esse
1103 1626 1113 1649 ;
1134 1619 1160 1644 et
1182 1623 1231 1652 per
1253 1616 1304 1645 hoc
1326 1615 1392 1644 satis
1411 1615 1547 1652 probatur
1562 1616 1664 1645 veritas
1679 1616 1818 1645 humanae
1833 1626 1877 1645 na-

1034 1665 1129 1696 turae,
1160 1662 1226 1699 quia
1248 1662 1309 1691 talis
1331 1662 1504 1699 experientia
1525 1664 1656 1700 competit
1675 1663 1700 1692 ei
1721 1664 1876 1693 secundum

1034 1712 1162 1738 naturam
1192 1713 1354 1738 assumtam.
1378 1709 1429 1738 Sed
1452 1710 1521 1739 haec
1542 1710 1642 1738 melius
1663 1714 1746 1739 erunt
1767 1711 1878 1739 manife-

1035 1756 1147 1789 standa,
1169 1763 1233 1784 cum
1255 1759 1354 1792 agetur
1376 1756 1410 1784 de
1430 1756 1531 1784 Christi
1563 1756 1692 1790 scientia,
1717 1757 1792 1793 quod
1820 1757 1877 1794 qui-

1035 1802 1098 1831 dem
1121 1802 1168 1831 fiet
1189 1803 1215 1831 in
1238 1803 1413 1832 distinctione
1435 1803 1565 1840 proxima
1578 1803 1597 1831 ⁷.

794 1957 964 1993 DISTIN
967 1957 1082 1994 OTIO
1109 1958 1214 1993 XIV.

507 2077 567 2104 Car.
587 2077 604 2103 1.

135 2164 165 2192 Si
181 2163 275 2191 anima
296 2163 399 2191 Christi
417 2163 510 2190 Ιιαύιιίί
529 2163 691 2198 sapientiam
710 2172 802 2199 parem
827 2172 887 2190 cum
907 2164 977 2194 Deo,

333 2210 356 2233 et
374 2206 400 2233 si
418 2206 511 2233 omnia
529 2206 594 2237 scic,
614 2214 681 2242 quae
701 2207 778 2233 Deus.

206 2293 253 2319 Hic
273 2293 365 2327 quaeri
386 2300 453 2327 opus
473 2295 526 2323 est,
545 2299 606 2318 cum
626 2292 712 2318 anima
739 2292 835 2319 Christi
856 2296 925 2319 esset
938 2300 980 2319 sa-

136 2336 211 2370 piens
233 2335 363 2369 sapientia
392 2335 521 2368 gratuita,
551 2338 639 2361 utrum
670 2334 792 2361 habuerit
821 2335 978 2369 sapientiam

135 2378 272 2412 aequalem
294 2378 347 2404 Deo
366 2378 422 2404 sive
444 2378 562 2404 omnium
584 2385 672 2404 rerum
696 2378 834 2404 scientiam
856 2378 980 2405 habuerit

137 2421 177 2447 vel
197 2421 309 2452 habeat,
329 2421 354 2447 id
376 2424 427 2452 cst,
448 2424 536 2447 utrum
557 2421 644 2447 onmia
660 2420 824 2454 scia1,quae
839 2421 909 2447 Deus
921 2421 978 2447 scit.

1033 2092 1070 2097 —
1087 2076 1251 2108 Quibusdam
1272 2077 1373 2112 placet,
1393 2077 1464 2112 quod
1488 2085 1536 2104 nec
1555 2085 1647 2112 parem
1667 2085 1727 2105 cum
1753 2079 1806 2105 Deo
1835 2078 1879 2105 lia-

1036 2121 1096 2147 beat
1115 2121 1252 2147 seientiam
1272 2128 1321 2147 nec
1340 2121 1427 2147 omnia
1457 2121 1536 2153 sciat,
1565 2128 1634 2155 quae
1662 2121 1745 2153 Deus,
1766 2121 1828 2156 quia
1853 2121 1878 2148 in

1036 2163 1107 2190 nullo
1127 2167 1249 2190 creatura
1270 2167 1401 2198 aequatur
1420 2163 1546 2190 Creatori.
1561 2164 1624 2190 Cum
1640 2164 1720 2198 igitur
1733 2164 1819 2191 anima
1835 2164 1879 2191 illa

1035 2210 1157 2233 creatura
1177 2207 1222 2237 sit,
1244 2207 1267 2233 in
1283 2207 1354 2233 nullo
1368 2210 1499 2241 aequatur
1518 2206 1649 2239 Creatori,
1663 2214 1725 2241 ergo
1739 2214 1787 2233 nec
1802 2207 1827 2233 in
1841 2214 1880 2234 sa-

1035 2250 1144 2284 pientia.
1163 2249 1221 2276 Nou
1242 2257 1304 2283 ergo
1325 2250 1404 2276 habet
1425 2250 1564 2284 aequalem
1579 2257 1639 2276 cum
1654 2250 1707 2276 Deo
1721 2250 1878 2284 sapientiam

1036 2300 1084 2319 nec
1098 2293 1148 2319 scit
1161 2293 1262 2323 omnia,
1276 2300 1345 2327 quae
1358 2293 1435 2319 Dens.
1451 2293 1514 2319 Item
1524 2313 1530 2324 ,
1544 2293 1565 2318 si
1580 2293 1667 2318 anima
1683 2292 1725 2318 illa
1740 2292 1880 2326 aequalem

1037 2336 1117 2362 habet
1135 2343 1197 2362 eum
1217 2336 1271 2362 Deo
1291 2336 1464 2370 sapientiam,
1486 2343 1536 2362 non
1564 2343 1627 2368 ergo
1655 2335 1725 2361 Deus
1754 2335 1778 2361 in
1808 2335 1878 2361 omni

1037 2378 1106 2404 bono
1128 2378 1254 2404 maiorem
1276 2378 1356 2404 habet
1375 2377 1561 2404 sufficientiam
1582 2384 1662 2412 quam
1676 2377 1734 2404 eius
1747 2380 1878 2404 creatura.

1892 1154 2009 1173 Notandum.

1891 2088 1959 2112 opinio
1972 2089 1988 2107 t.

1892 2127 1974 2146 Dubium
1990 2127 2007 2146 t.

1035 2435 1071 2440 -
1082 2421 1213 2447 inducunt
1233 2421 1312 2447 etiam
1327 2420 1499 2447 auctoritates
1513 2421 1546 2447 ad
1562 2420 1631 2447 idem
1645 2420 1820 2454 probandum.
1835 2420 1876 2446 Ait
1886 2422 2020 2441 Λῠεῑοτίῑῆῑεε-

201 2585 207 2599 ¹
227 2586 283 2614 Quia
302 2586 372 2613 gratia
396 2589 430 2607 est
452 2585 558 2607 accidens
576 2585 609 2610 (ΙΙ.
627 2586 686 2607 Sem.
706 2585 726 2607 d.
743 2586 779 2607 26.
797 2592 818 2614 q,
837 2585 858 2607 3.
876 2586 941 2614 seq),
959 2589 980 2608 et

138 2626 225 2648 nullum
244 2625 349 2647 accidens
375 2625 468 2646 transiri:
495 2628 568 2652 potest
586 2624 614 2645 de
639 2624 741 2646 subiecto
758 2625 779 2646 in
797 2624 938 2652 subiectum,
957 2627 981 2646 ut

139 2665 216 2687 Boetn.
234 2664 313 2691 docnt,
332 2663 360 2685 de
377 2669 424 2692 quo
449 2663 535 2685 videsis
559 2667 614 2685 tom.
640 2663 654 2684 Ι.
681 2669 733 2691 pag.
752 2662 809 2689 462,
828 2665 878 2684 nota
898 2663 932 2685 11.
951 2676 980 2679 —-

140 2703 171 2725 De
188 2704 231 2725 hoc
249 2702 303 2724 dub.
322 2702 360 2724 cfr.
380 2702 402 2723 P..
421 2701 512 2728 Anu—ri„
531 2702 566 2723 hic
584 2708 603 2723 a.
629 2701 655 2728 5;
673 2702 694 2723 S.
712 2701 802 2728 Thom..
821 2702 857 2723 hic
873 2702 931 2723 circa
950 2702 979 2723 lit.

139 2741 188 2769 (ubi
206 2744 238 2762 est
265 2741 319 2762 liner
336 2741 456 2762 ,si-utvnun:
478 2739 564 2768 «Quod
590 2740 688 2762 sumitur
704 2739 734 2761 ibi
752 2739 875 2762 similitudo
893 2739 977 2768 active,

140 2781 161 2802 in
179 2783 289 2808 quantum
308 2779 354 2800 scil.
373 2778 476 2800 Christus
497 2778 539 2800 sibi
557 2778 613 2800 alius
638 2779 747 2800 assimilat
765 2779 786 2800 in
804 2780 899 2806 gratia...
918 2779 979 2807 quod

139 2819 174 2840 atii
193 2817 227 2847 [v.
246 2824 279 2845 gr.
299 2816 375 2846 Petro]
394 2823 437 2839 non
455 2818 561 2839 com-vnit
573 2818 602 2845 ης
621 2817 678 2838 t‘etr.
696 2822 707 2838 a
726 2817 786 2844 Tar.y
805 2818 840 2839 ilic
857 2818 915 2840 circa
934 2817 964 2840 lit.

201 2856 211 2871 ²
229 2857 293 2879 Vei-s.
311 2857 347 2878 21.
365 2868 396 2872 —
412 2856 490 2878 Gtossn
509 2859 582 2877 sumtu
600 2858 634 2877 cst
651 2862 676 2878 ex
696 2856 768 2883 Beda,
786 2857 808 2878 in
826 2857 886 2878 hunc
903 2857 944 2879 loc.

203 2895 212 2911 ³
229 2896 282 2918 Luc.
301 2896 326 2922 3,
345 2896 381 2917 ⁴21.
399 2902 458 2923 serp:
477 2895 551 2917 ataui».
569 2895 591 2921 3,
613 2895 644 2916 16.
663 2900 710 2922 seq.

203 2934 212 2949 ⁴
230 2935 271 2956 Pro
288 2933 437 2957 existentiam
455 2933 507 2955 edd.
527 2934 562 2955 hic
579 2936 600 2955 ct
618 2934 686 2961 paulo
699 2934 792 2955 interius
809 2940 930 2961 perperam
943 2940 981 2957 ea·-

140 2972 278 2996 callentium.

1100 2585 1109 2600 ⁵
1126 2586 1179 2608 Nota
1198 2587 1234 2608 hic
1251 2586 1313 2614 quod
1332 2586 1390 2614 [lug.
1414 2592 1425 2607 a
1443 2586 1465 2608 S.
1489 2586 1554 2613 Vict„
1575 2586 1617 2614 Qq.
1640 2586 1661 2607 in
1687 2586 1755 2613 Epist.
1778 2585 1806 2608 ad
1825 2586 1878 2607 Phil.

1037 2630 1058 2653 q.
1079 2625 1099 2652 9,
1125 2624 1183 2646 bene
1200 2625 1241 2647 ait:
1260 2625 1325 2647 Tunc
1343 2631 1379 2647 res
1396 2625 1479 2647 dicitur
1504 2625 1564 2653 fleri,
1583 2624 1675 2653 quando
1692 2625 1816 2647 innotescit.
1834 2624 1878 2646 Csr.

1037 2664 1104 2685 ettam
1122 2669 1191 2691 supra
1211 2670 1263 2691 pag.
1282 2664 1323 2691 62,
1342 2667 1393 2686 nota
1410 2663 1432 2685 7.
1450 2666 1471 2686 et
1488 2663 1510 2685 d.
1537 2663 1558 2685 3.
1575 2669 1597 2691 p.
1616 2663 1638 2685 ll.
1655 2669 1674 2685 a.
1693 2663 1713 2685 3.
1731 2670 1753 2691 q.
1771 2663 1792 2685 2.
1811 2663 1839 2685 ad
1859 2663 1878 2685 1.

1037 2714 1068 2719 -
1086 2702 1134 2724 Mox
1153 2705 1204 2730 post
1220 2702 1326 2732 deinceps
1338 2703 1388 2725 cod.
1403 2703 1417 2724 F
1429 2702 1506 2724 adiicit
1523 2701 1622 2730 exstitit,
1642 2704 1663 2724 et
1674 2701 1772 2724 subinde
1785 2708 1826 2729 pro
1838 2701 1879 2724 uli-

1037 2747 1096 2770 quos
1113 2741 1164 2763 cod.
1183 2741 1199 2763 K
1219 2741 1333 2763 substituit
1350 2740 1417 2764 ulios.
1435 2741 1487 2763 rost
1504 2747 1576 2769 panca
1600 2746 1642 2768 pro
1664 2739 1804 2770 mysterium
1825 2739 1878 2762 edd.

1037 2786 1090 2801 cum
1109 2786 1152 2801 ηηη
1172 2780 1250 2807 paucis
1267 2780 1333 2802 codd.
1353 2786 1473 2807 perperam
1491 2778 1596 2801 vxhihnnt
1612 2778 1777 2801 ministerium.

1101 2818 1111 2832 ⁶
1128 2818 1183 2839 Cod.
1202 2818 1218 2840 K
1237 2817 1400 2847 profectionis,
1418 2817 1470 2840 edd.
1489 2817 1643 2847 perfectionis.

1100 2856 1109 2870 ⁷
1127 2857 1170 2878 :li-t.
1190 2857 1210 2878 3.
1229 2863 1250 2885 q.
1269 2857 1289 2878 2.
1309 2869 1338 2872 —
1362 2856 1417 2879 Cod.
1436 2856 1467 2878 bb
1493 2856 1555 2879 addit
1579 2856 1649 2879 dante
1672 2855 1777 2879 Domino.
1800 2868 1830 2872 —
1848 2856 1878 2878 De

1038 2896 1103 2918 solut.
1122 2896 1190 2917 huius
1208 2896 1271 2918 dubii
1289 2895 1341 2918 vide
1367 2896 1434 2917 etiam
1462 2896 1484 2917 tt.
1506 2895 1597 2924 Athen-t„
1616 2896 1651 2918 hic
1668 2902 1688 2917 a.
1709 2896 1742 2917 lo.
1760 2901 1838 2924 seqq.;
1856 2895 1878 2917 S.

1039 2934 1120 2956 Titum.
1139 2938 1160 2956 et
1178 2935 1233 2957 Deir.
1252 2941 1263 2956 a
1282 2934 1343 2962 'l'ar.,
1361 2935 1397 2956 liic
1414 2935 1472 2957 circa
1491 2935 1520 2957 lit.
