2166 3366
139 766 169 784 Ad
183 766 257 790 opposi-

176 792 220 808 tum.

130 2457 266 2476 Fundamenta.

268 212 324 241 334

941 210 1194 239 SENTENTtARUM
1216 210 1276 238 LlB.
1298 209 1338 237 lll.

1031 316 1194 372 QUAEsTto
1216 335 1255 363 ιιι.

622 423 727 451 Utrum
748 422 876 460 defectas
898 422 928 451 iot
952 421 1066 451 Christo
1087 420 1201 459 fuerim
1220 430 1239 450 a
1260 425 1391 455 natura,
1413 430 1452 449 aiz
1474 430 1494 449 a
1517 421 1669 449 voluntate.

348 524 440 552 Tertio
461 523 607 560 quaeritur
629 522 663 551 de
686 521 847 550 huiusmodi
863 521 1017 550 defectibus
1032 528 1117 557 quan-

269 574 329 599 tum
345 570 379 599 ad
396 570 601 604 causalitatem,
623 572 650 598 et
664 572 705 598 est
727 568 868 606 quaestio,
884 572 982 597 utrum
998 568 1024 596 in
1041 567 1117 596 Chri-

269 620 311 646 sto
332 616 436 645 fuerint
457 624 473 644 a
495 619 610 650 natura,
633 624 667 643 an
689 623 705 643 a
737 615 889 643 voluntate.
913 615 943 643 Et
964 614 1039 651 quod
1062 622 1116 642 non

269 671 284 692 a
308 663 464 697 voluntate,
486 663 535 691 sed
556 671 573 691 a
595 666 710 695 natura,
735 661 854 690 videtur.

350 710 374 737 1.
396 709 552 746 Sapientiae
573 709 665 745 primo
677 708 696 736 ¹:
721 708 799 736 Deus
817 711 940 735 mortem
955 715 1014 735 ozon
1029 706 1118 742 feeit;

270 757 291 785 si
318 764 372 784 non
394 755 457 784 fecit
480 758 611 788 mortem,
626 763 693 791 ergo
708 755 767 791 pari
784 754 891 782 ratione
906 761 956 782 nec
978 753 1130 782 defectum.

270 803 428 831 ordinatum
451 803 487 831 ad
509 805 642 831 mortem:
665 809 732 838 ergo
753 801 775 830 si
797 801 824 829 iu
847 800 956 829 Christo
981 800 1033 829 fuit
1055 800 1118 829 talis

270 850 407 884 defectus,
430 850 554 882 videtur,
576 849 650 886 quod
673 857 728 877 non
749 848 834 877 fuerit
855 855 891 876 ex
914 847 1057 876 voluntate
1078 855 1118 875 as-

270 897 421 931 sumentis,
444 897 491 925 sed
514 904 549 925 ex
573 896 682 924 defectu
704 898 821 924 naturae
842 898 992 923 assumtae.

350 945 375 972 2.
398 944 477 978 Item,
493 943 618 972 defectus
633 951 687 971 non
703 942 788 971 habet
809 949 921 970 causam
938 940 1117 979 efficientem,

270 991 318 1020 sed
340 989 554 1028 deficientem&
576 989 624 1018 sed
648 989 777 1017 voluntas
808 988 976 1017 assumentis
997 996 1051 1016 non
1074 996 1120 1025 po-

270 1037 346 1066 nitur
367 1045 452 1066 causa
483 1036 617 1073 deficiens
648 1035 780 1064 alicuius:
814 1042 880 1071 ergo
902 1034 971 1063 tales
993 1034 1118 1063 defectus

270 1092 324 1112 non
346 1087 497 1121 potuerunt
519 1091 580 1112 esse
601 1091 617 1111 a
640 1082 782 1110 voluntate
803 1081 987 1115 assumentis;
1014 1085 1041 1110 et
1062 1081 1118 1110 fue-

270 1134 336 1160 runt
356 1139 393 1160 ex
416 1131 558 1159 voluntate
579 1130 762 1163 assumentis,
786 1129 879 1157 velex
902 1128 1058 1157 conditione
1074 1136 1118 1156 na-

270 1182 350 1206 turae
371 1182 526 1206 assumtae:
550 1185 616 1213 ergo
638 1180 689 1205 etc.

349 1225 374 1253 3.
397 1225 477 1259 Item,
498 1224 573 1261 quod
603 1224 673 1252 inest
694 1223 775 1252 alicui
805 1231 821 1251 a
842 1231 893 1251 sua
922 1222 1042 1251 naturali
1064 1222 1117 1250 ori-

269 1273 331 1309 gine
354 1272 424 1300 inest
445 1271 469 1300 ei
486 1279 535 1307 per
556 1274 684 1299 naturam
698 1270 721 1304 ὃ;
743 1270 791 1298 sed
809 1269 968 1298 huiusmodi
992 1269 1117 1298 defectus

270 1320 364 1348 insunt
385 1319 494 1347 Christo
522 1326 538 1346 a
559 1326 611 1346 sua
636 1317 727 1354 prima
747 1317 871 1353 origine:
902 1324 968 1353 ergo
995 1316 1116 1350 videtur,

268 1367 343 1404 quod
366 1366 449 1395 insint
469 1366 493 1394 ei
515 1373 531 1393 a
553 1368 662 1393 natura.

347 1413 374 1442 [ι.
396 1413 476 1446 Item,
492 1412 562 1440 illud
579 1412 604 1440 in
624 1419 680 1448 quo
696 1411 788 1447 proles
802 1410 974 1439 assimilatur
994 1410 1116 1447 parenti,

268 1463 310 1489 est
331 1459 459 1488 naturale
481 1458 565 1496 proli,
588 1466 638 1495 pro
659 1466 691 1486 eo
706 1457 781 1494 quod
809 1461 938 1485 «natura
952 1460 994 1485 est
1015 1457 1057 1485 vis
1080 1457 1117 1484 in-

269 1507 320 1536 sita
342 1507 446 1540 rebus,
467 1514 503 1534 ex
529 1505 668 1533 similibus
689 1504 791 1533 similia
818 1512 997 1541 procreans»
1015 1504 1038 1537 ⁴3
1067 1504 1116 1532 sed

268 1554 396 1583 Christus
425 1553 451 1581 in
480 1552 589 1581 defectu
619 1551 809 1588 passibilitatis
837 1551 1009 1579 assimilatur
1037 1550 1114 1578 Matri

269 1609 348 1635 suae,
370 1609 387 1628 a
411 1608 466 1637 qua
493 1599 580 1628 traxit
603 1598 757 1635 originem:
787 1605 853 1634 ergo
883 1597 1012 1631 videtur,
1040 1597 1116 1634 quod

269 1647 430 1676 huiusmodi
453 1646 577 1675 defectus
593 1649 620 1674 et
641 1645 822 1682 poenalitates
843 1645 898 1673 sint
918 1645 943 1672 ei
965 1644 1117 1673 naturales.

350 1695 374 1722 5.
397 1694 477 1727 ltem,
499 1701 548 1730 per
578 1696 707 1721 naturam
737 1693 815 1729 prius
844 1692 895 1720 fuit
916 1691 984 1720 illud
1015 1699 1118 1728 corpus

269 1742 435 1775 formatum,
457 1748 540 1777 quam
564 1744 637 1769 esset
664 1740 813 1774 unitum⁵;
840 1739 888 1768 sed
916 1747 1020 1776 corpus
1048 1738 1118 1768 illud

270 1789 376 1822 statim,
399 1790 429 1816 ut
451 1788 500 1816 fuit
524 1787 688 1820 formatum,
710 1786 762 1815 suit
773 1785 927 1823 passibile,
946 1786 990 1814 vel
1014 1786 1120 1822 impas-

269 1835 370 1868 sabia,-
391 1838 419 1863 et
440 1838 562 1868 constat,
583 1834 657 1870 quod
680 1841 733 1861 non
759 1832 952 1869 impassibile:
974 1841 1041 1869 ergo
1053 1841 1120 1869 pas-

269 1882 435 1910 sibilitatem
451 1881 530 1917 prius
545 1888 594 1916 per
613 1883 742 1908 naturam
759 1879 870 1913 habuit,
884 1887 968 1916 quam
990 1879 1120 1907 uniretur

270 1929 380 1957 animae
395 1928 512 1960 Christi,
528 1927 571 1955 vel
587 1927 638 1964 ipsi
655 1926 804 1955 divinitati:
828 1933 894 1962 ergo
909 1925 1029 1959 videtur,
1045 1925 1120 1962 quod

271 1975 334 2003 talis
356 1974 524 2011 passibilitas
547 1982 599 2002 non
622 1973 674 2001 fuit
695 1981 711 2001 a
732 1972 874 2001 voluntate
896 1972 1072 2001 assumentis.
1089 1972 1123 2001 Si

272 2026 303 2050 ta
324 2022 422 2055 dieas,
444 2021 518 2057 quod
542 2020 593 2048 hoc
614 2020 696 2048 suita
719 2019 861 2048 voluntate
876 2019 996 2056 Spiritus
1017 2019 1120 2053 sancti,

271 2069 319 2105 qui
340 2068 392 2097 fuit
414 2068 563 2096 fabricator
584 2070 611 2095 et
639 2066 826 2095 sanctificator
849 2066 924 2094 illius
953 2065 1100 2102 corporis⁴³
1113 2076 1120 2099 3

272 2115 419 2148 obiicitur,
435 2114 509 2152 quod
525 2114 615 2151 gratia
636 2113 756 2150 Spiritus
778 2113 863 2142 sancti
881 2113 965 2141 simul
988 2115 1041 2141 stat
1055 2120 1119 2141 cum

272 2161 453 2199 passibilitate
475 2164 501 2189 et
530 2168 626 2197 poena.
649 2161 675 2188 Si
704 2168 771 2196 ergo
793 2160 912 2196 Spiritus
943 2162 1056 2188 sanctus
1078 2167 1121 2187 su-

272 2208 437 2245 perveniens
463 2207 685 2244 compatiebatur
714 2214 808 2236 secum
832 2206 1062 2243 passibilitatem,
1085 2205 1122 2233 vi-

273 2256 371 2290 detur,
393 2255 467 2292 quod
490 2255 582 2291 potius
604 2254 742 2282 defectum
770 2253 959 2290 passibilitatis
984 2253 1122 2282 sustinue-

272 2303 323 2336 rit,
345 2310 429 2339 quam
452 2301 626 2330 causaverit:
651 2301 735 2337 igitur
757 2300 882 2328 desectus
904 2299 1067 2328 huiusmodi
1094 2299 1120 2327 in

273 2349 382 2377 Christo
403 2357 456 2376 non
480 2356 516 2377 ex
538 2348 693 2381 voluntate,
718 2347 766 2376 sed
788 2355 824 2376 ex
846 2350 947 2375 natura
968 2346 1090 2375 fuerunt.

352 2396 403 2424 SED
425 2404 549 2424 comm:
574 2396 595 2423 l.
618 2395 746 2431 Magister
761 2395 788 2422 in
812 2394 904 2422 littera
919 2394 944 2422 ⁷:
972 2405 985 2419 «
1002 2394 1041 2422 Ex
1063 2393 1122 2422 sola

272 2443 414 2471 voluntate
436 2443 622 2471 miserationis
637 2442 663 2470 in
680 2450 708 2471 se
727 2441 869 2470 transtulit
890 2449 985 2470 veram
1008 2440 1122 2468 infirmi-

273 2493 373 2524 tatem,
395 2489 467 2518 sicut
488 2489 594 2526 accepit
616 2496 710 2517 veram
733 2496 844 2517 carnem
861 2498 893 2515 »z
916 2495 983 2524 ergo
1004 2490 1054 2516 etc.

1253 521 1279 548 Ξ).
1301 520 1381 554 Item,
1396 528 1493 548 omnes
1507 519 1632 548 defectus
1647 522 1674 548 et
1692 520 1885 557 poenalitates,
1905 528 1978 557 quae
1993 520 2018 549 in

1174 566 1283 595 Christo
1305 566 1436 600 fuerunt,
1463 574 1513 603 per
1534 567 1734 595 assumtionem
1756 566 1842 595 fuisse
1869 567 2020 602 dicuntur3

1175 613 1223 642 sed
1245 621 1396 642 assumere
1416 617 1458 642 est
1485 616 1565 642 actus
1588 613 1757 647 voluntatis,
1779 621 1833 642 non
1858 617 1976 643 naturae
1991 614 2020 642 ⁸:

1174 667 1241 696 ergo
1263 658 1444 696 poenalitates
1465 659 1529 687 illae
1550 659 1665 688 fuerunt
1686 659 1712 687 in
1733 659 1843 688 Christo
1868 668 1921 688 non
1945 663 2022 689 natu-

1175 705 1284 740 raliter,
1306 706 1353 734 sed
1376 705 1542 734 voluntarie.

1255 752 1280 781 3.
1297 753 1377 787 Item,
1392 753 1512 790 qualitas
1526 753 1651 789 corporis
1667 753 1856 790 principaliter
1871 754 2023 783 attribuen-

1175 799 1210 827 da
1231 802 1273 828 est
1294 799 1431 836 principio
1452 799 1592 833 effectivo,
1619 799 1667 828 sed
1689 799 1809 836 Spiritus
1836 803 1949 829 sanctus
1970 800 2023 829 fuit

1175 846 1329 883 principale
1360 846 1527 883 principium
1556 846 1716 875 effectivum
1748 847 1873 883 corporis
1900 843 2022 876 Christi:

1175 901 1242 930 ergo
1263 893 1383 930 qualitas
1398 893 1588 930 passibilitatis
1604 893 1692 929 magis
1710 893 1793 922 debet
1813 894 1927 922 attribui
1942 894 2025 931 Spiri-

1175 940 1214 969 tui
1238 944 1332 969 sancto
1354 948 1437 977 quam
1469 943 1594 969 naturae.
1616 940 1669 969 Sed
1697 940 1817 977 Spiritus
1843 944 1956 969 sanctus
1982 944 2024 970 est

1175 994 1295 1024 operans
1317 995 1366 1023 per
1388 987 1574 1015 voluntatem:
1598 995 1664 1024 ergo
1679 987 1748 1016 tales
1769 987 1895 1016 defectus
1908 987 2025 1016 fuerunt

1176 1034 1202 1062 in
1225 1034 1335 1062 Christo
1356 1042 1372 1062 a
1394 1034 1545 1062 voluntate.

1254 1081 1280 1109 li.
1302 1081 1383 1115 item,
1405 1080 1558 1117 poenalitas
1580 1089 1633 1109 non
1660 1081 1787 1118 sequitur
1813 1081 1968 1110 secundum
1990 1081 2025 1110 le-

1175 1136 1236 1164 gem
1253 1135 1431 1156 communem
1452 1127 1503 1156 nisi
1530 1130 1659 1156 naturam
1676 1128 1797 1156 vitiatam
1814 1131 1841 1157 et
1861 1131 2023 1165 corruptam

1175 1182 1224 1211 per
1245 1174 1374 1211 culpam,
1396 1174 1443 1203 sed
1467 1179 1532 1203 caro
1553 1174 1654 1203 Christi
1672 1175 1805 1204 immunis
1826 1175 1878 1204 fuit
1898 1175 1934 1204 ab
1949 1176 2023 1204 omni

1174 1221 1304 1249 foeditate
1326 1220 1461 1257 culpae⁹:
1485 1228 1552 1258 ergo
1577 1221 1710 1250 immunis
1730 1222 1783 1250 fuit
1804 1222 1840 1250 ab
1859 1222 1936 1250 omni
1959 1222 2021 1251 dese

1174 1271 1221 1296 ctu
1244 1268 1448 1304 passibilitatis:
1473 1276 1539 1305 ergo
1564 1268 1585 1297 si
1610 1268 1735 1297 defectus
1760 1269 1951 1306 passibilitatis
1980 1269 2025 1298 ha-

1173 1314 1246 1349 buit,
1268 1314 1319 1343 hoc
1342 1323 1395 1343 non
1418 1314 1469 1343 fuit
1490 1323 1506 1343 a
1527 1318 1639 1349 natura,
1661 1315 1709 1344 sed
1732 1324 1748 1343 a
1770 1315 1919 1345 voluntate.

1254 1363 1278 1390 5.
1296 1361 1374 1395 item,
1390 1362 1463 1398 quod
1480 1365 1522 1390 est
1537 1362 1562 1389 in
1579 1362 1658 1391 nobis
1679 1370 1695 1390 a
1709 1366 1810 1391 natura
1825 1363 2019 1399 generantium

1173 1408 1275 1436 dicitur
1297 1416 1357 1437 esse
1372 1412 1563 1437 contractum:
1586 1416 1652 1445 ergo
1674 1409 1695 1437 si
1711 1409 1873 1438 huiusmodi
1895 1410 2020 1439 deiectus

1173 1458 1266 1483 essent
1281 1455 1307 1483 in
1329 1455 1439 1483 Christo
1453 1463 1469 1483 a
1490 1458 1591 1483 natura
1605 1456 1775 1492 generantis,
1797 1459 1890 1485 essent
1910 1464 1976 1493 ergo
1992 1456 2020 1484 in

1173 1502 1232 1539 ipso
1247 1502 1389 1531 contracti.
1405 1502 1431 1530 Si
1446 1510 1512 1539 ergo
1528 1502 1579 1531 hoc
1595 1511 1648 1531 non
1663 1503 1824 1532 conceditur
1835 1503 1862 1537 ¹t’,
1878 1503 2020 1532 Christum

1173 1549 1298 1578 desectus
1320 1549 1388 1578 tales
1411 1557 1427 1577 a
1453 1553 1553 1578 natura
1574 1550 1767 1583 contraxisse;
1796 1550 1922 1585 videtur,
1943 1550 2019 1588 quod

1176 1596 1237 1624 illos
1260 1604 1314 1624 non
1338 1596 1436 1624 babuit
1456 1604 1472 1624 a
1494 1600 1609 1630 natura,
1631 1596 1679 1625 sed
1700 1605 1717 1625 a
1740 1596 1890 1625 voluntate.

1498 1698 1711 1719 CONCLUSIO.

1177 1782 1327 1820 Defectus,
1343 1783 1396 1821 qui
1416 1782 1541 1820 ficerunt
1562 1784 1593 1811 in
1617 1783 1745 1818 Christo,
1766 1793 1824 1813 non
1845 1784 1969 1822 ficerunt
1991 1793 2026 1813 cx

1258 1830 1425 1858 necessitate
1456 1830 1620 1864 contracti,
1652 1831 1703 1859 secl
1733 1840 1767 1859 ex
1802 1831 1948 1860 voluntate
1983 1840 2028 1860 as-

1257 1877 1350 1906 sumti
1360 1900 1369 1911 ,
1384 1877 1531 1905 votzmtate
1545 1877 1648 1906 divina
1662 1878 1865 1914 praeveniente
1876 1901 1884 1911 ,
1906 1879 1956 1907 sed
1969 1887 2027 1907 non
2062 1904 2064 1912 s

1258 1923 1420 1960 infliqciztc,
1442 1928 1466 1952 et
1490 1924 1634 1953 colimtate
1655 1929 1756 1953 creata
1778 1925 1996 1954 concomitante.

1259 2018 1439 2046 Rssspmmssoz
1462 2017 1630 2051 Dicendum,
1662 2018 1753 2055 quod,
1776 2018 1847 2047 sicut
1868 2018 1934 2047 dicit
1949 2018 2028 2056 Magi-

1178 2068 1235 2093 ster
1257 2064 1283 2092 in
1311 2064 1441 2099 littera¹¹,

1178 2115 1240 2140 ctus
1262 2111 1288 2139 in
1311 2111 1393 2140 nobis
1415 2115 1441 2140 et
1462 2112 1489 2140 in
1514 2111 1629 2140 Christo
1637 2122 1647 2145 ,·
1670 2112 1696 2140 in
1710 2112 1793 2140 nobis
1814 2112 1888 2141 enim
1910 2115 1976 2141 sunt
1989 2120 2024 2141 ex

1179 2158 1341 2187 necessitate
1362 2159 1514 2192 contracti,
1536 2159 1583 2187 sed
1607 2159 1632 2187 iu
1655 2159 1765 2187 Christo
1786 2162 1852 2187 sunt
1873 2167 1909 2188 ex
1931 2159 2026 2188 volun-

1178 2208 1233 2233 tate
1254 2205 1379 2233 assumti.
1394 2205 1475 2233 —Et
1496 2206 1548 2234 hoc
1570 2209 1645 2242 patet
1659 2205 1706 2234 sic.
1722 2205 1775 2234 Nos
1789 2205 1863 2234 enim
1877 2206 1942 2234 istos
1956 2205 2027 2235 defe-

1178 2255 1239 2280 ctus
1260 2260 1276 2279 a
1299 2252 1462 2288 parentibus
1485 2253 1622 2281 trahimus
1643 2256 1758 2290 propter
1780 2252 1869 2289 legem
1894 2260 2027 2290 propaga-

1179 2299 1259 2327 tionis
1281 2302 1307 2327 et
1330 2299 1417 2336 legem
1440 2300 1692 2337 concupiscentiae,
1715 2308 1786 2337 quae
1802 2300 1901 2328 militat
1922 2300 1948 2328 in
1971 2299 2026 2328 illis

1179 2346 1359 2380 memhris¹23
1385 2354 1448 2374 nam
1482 2346 1619 2383 passibilis
1651 2350 1765 2383 generat
1793 2347 1969 2384 passibilem,
1998 2350 2026 2375 et

1180 2393 1285 2421 babens
1314 2393 1402 2430 legem
1432 2394 1671 2430 concupiscentiae
1698 2394 1725 2421 in
1749 2393 1883 2422 membris
1911 2397 2025 2430 generat

1178 2440 1267 2468 filiuni
1297 2440 1454 2469 subiectum
1483 2441 1740 2478 concupiscentiae,
1770 2448 1806 2469 ex
1834 2443 1913 2469 reatu
1943 2440 2023 2470 cuius

1179 2487 1417 2524 concupiscentiae
1438 2487 1533 2516 insunt
1561 2487 1632 2524 proli
1654 2495 1751 2516 omnes
1777 2487 1964 2525 poenalitates.
1996 2487 2026 2516 Et

337 2611 343 2625 1
363 2611 428 2633 Vers.
450 2611 482 2633 13.
807 2626 817 2634 J

335 2650 345 2664 ⁴²
362 2650 406 2672 Cir.
426 2650 447 2672 ll.
465 2650 526 2672 Seni.
552 2650 574 2672 (1.
601 2649 637 2671 34.
655 2656 674 2671 a.
697 2650 714 2671 1.
732 2656 754 2677 q.
773 2650 793 2671 2.
812 2648 866 2671 ibid.
885 2648 907 2670 d.
926 2648 963 2670 37.
981 2655 1000 2670 a.
1019 2649 1040 2670 2.
1058 2655 1080 2676 q.
1103 2649 1120 2670 1.

273 2689 327 2711 vide
344 2688 370 2711 cle
386 2688 487 2715 minori,
507 2689 528 2710 in
546 2695 590 2717 qua
611 2689 659 2710 Vm.
679 2694 720 2715 pro
733 2687 841 2717 deficiens
854 2686 971 2709 substituit
987 2685 1120 2717 deficientis.

273 2728 342 2750 Paulo
360 2728 453 2749 inferius
471 2728 520 2749 Vnt.
539 2729 596 2749 intci·
613 2728 633 2750 et
649 2726 750 2755 fuerunt
765 2727 829 2755 ponit
845 2727 930 2749 tamen.

335 2767 345 2781 ³
362 2767 421 2789 Vide
438 2773 507 2795 supra
525 2773 579 2794 pag.
601 2767 653 2795 108,
673 2770 724 2789 nota
743 2766 764 2788 3.

334 2805 343 2820 ⁴
361 2805 405 2828 Csr.
419 2812 487 2833 supra
501 2812 554 2833 pag.
571 2806 619 2833 188,
633 2809 683 2827 nota
702 2805 718 2827 Ι.
730 2817 759 2820 —
770 2805 818 2826 Mox
831 2810 873 2832 pro
886 2803 910 2826 ἱη
923 2803 1013 2833 defecta
1024 2804 1077 2826 edd.
1090 2809 1121 2826 eat

274 2844 369 2873 defectu.
388 2845 409 2866 ln
429 2844 472 2866 fine
490 2844 555 2866 solut.
570 2850 611 2872 pro
623 2843 671 2866 sint
683 2844 746 2865 multi
759 2843 826 2865 codd.
839 2843 907 2870 sunt,
922 2842 972 2865 cod.
985 2842 1001 2864 F
1012 2842 1120 2872 suerunt.

336 2883 346 2897 ⁵
362 2883 406 2905 Cir.
425 2889 494 2911 supra
513 2883 536 2905 d.
554 2883 575 2905 3.
594 2890 615 2910 p.
635 2883 657 2904 1Ι.
676 2889 695 2904 a.
714 2882 735 2905 3.
753 2889 775 2911 q.
794 2883 814 2904 2.
832 2882 861 2904 ad
880 2881 900 2903 4.

335 2921 345 2935 6
363 2921 394 2943 Dc
412 2928 458 2950 quo
476 2928 544 2949 supra
563 2922 593 2943 lit.
612 2922 722 2949 Magistri.
741 2921 762 2943 d.
781 2921 811 2944 lll.
829 2927 848 2943 c.
871 2921 887 2942 1.
906 2922 927 2943 in
946 2921 1001 2949 fine,
1019 2924 1041 2943 et
1059 2920 1081 2942 d.
1099 2920 1120 2942 4.

274 2967 294 2982 a.
316 2960 333 2981 1.
351 2967 373 2988 q.
396 2961 412 2981 1.
425 2972 456 2976 -
468 2960 570 2982 Subinde
588 2966 630 2988 pro
648 2959 764 2988 obiicitur,
784 2959 847 2989 quod
863 2960 931 2982 codd.
949 2961 964 2981 A
976 2959 1120 2982 GHlLUV

274 2999 332 3021 be
349 2998 468 3027 obiicitur,
493 2999 556 3028 quia.
575 2999 643 3021 Paulo
660 3000 754 3021 interius
779 3005 821 3027 pro
838 2998 1025 3028 compatiebatur
1041 3005 1120 3022 secum

1177 2608 1356 2638 passibilitatem
1380 2609 1433 2631 edd.
1451 2608 1638 2638 compatiebatur
1654 2615 1679 2632 se
1695 2615 1750 2632 cum
1766 2608 1921 2638 passibilitate
1937 2612 1959 2631 ct
1983 2615 2025 2637 pro

1179 2647 1313 2670 causaverit
1330 2648 1408 2676 (aliqui
1422 2647 1490 2670 codd.
1502 2647 1627 2677 creaverit)
1639 2654 1692 2670 cum
1709 2648 1795 2676 aliquot
1812 2647 1879 2669 codd.
1897 2647 2024 2670 curaverit.

1242 2686 1251 2700 ⁷
1269 2686 1309 2708 Hic
1326 2692 1344 2708 c.
1366 2687 1383 2708 1.

1241 2724 1251 2739 ⁸
1267 2724 1312 2747 Cir.
1330 2731 1399 2753 supi-a
1418 2725 1439 2747 d.
1458 2724 1478 2746 5.
1497 2731 1516 2747 a.
1539 2726 1555 2747 Ι.
1574 2732 1595 2754 q.
1618 2726 1635 2747 1.
1654 2726 1675 2747 in
1694 2731 1756 2752 corp.
1769 2724 1865 2747 —Coa
1884 2725 1901 2746 U
1920 2731 1962 2752 pro
1973 2730 2024 2754 poc-

1178 2763 1288 2786 nnlitales
1305 2770 1397 2792 scmper
1413 2763 1587 2793 passzbz'titates.

1240 2803 1250 2817 ⁹
1267 2803 1295 2825 Ut
1311 2806 1428 2825 ostensum
1445 2806 1480 2825 cst
1495 2809 1564 2831 supra
1583 2803 1605 2825 d.
1624 2804 1645 2825 3.
1663 2809 1685 2831 p.
1703 2803 1725 2824 ll.
1744 2809 1763 2825 a.
1783 2803 1803 2824 ⁴2.
1821 2809 1843 2831 q.
1866 2803 1883 2824 l.
1901 2809 1949 2831 seq.

1243 2842 1261 2856 ¹⁰
1278 2842 1336 2864 Vide
1354 2843 1390 2864 hic
1407 2848 1470 2870 corp.
1489 2845 1576 2871 quaest.

1242 2881 1259 2895 ¹¹
1278 2881 1318 2904 Hic
1334 2888 1352 2904 c.
1376 2882 1392 2903 l.

1241 2920 1261 2935 ¹²
1279 2921 1406 2948 Respicitur
1422 2921 1477 2943 illud
1495 2921 1536 2943 lac.
1555 2920 1577 2948 4,
1597 2921 1601 2942 1
1616 2926 1621 2942 ;
1640 2920 1703 2942 Unde
1721 2919 1778 2942 bella
1790 2922 1812 2942 et
1829 2920 1877 2942 lites
1895 2920 1916 2941 in
1935 2919 2021 2942 vobis?

1178 2960 1256 2982 Nonne
1274 2961 1343 2982 binc?
1362 2966 1389 2982 ex
1406 2960 1596 2988 concupiscentiis
1612 2960 1705 2986 vestris,
1724 2965 1783 2987 quae
1800 2959 1895 2981 militant
1912 2959 1933 2981 in
1950 2965 2020 2981 mem-

1179 2998 1226 3021 bris
1243 3000 1343 3021 vestris?
1361 2998 1406 3021 cfr.
1424 2999 1446 3020 ΙΙ.
1465 2999 1524 3020 Sent.
1543 2998 1565 3020 d.
1583 2998 1619 3020 32.
1637 3004 1657 3020 a.
1679 2998 1696 3020 1.
1715 3004 1737 3026 q.
1756 2998 1776 3020 2,

2040 2029 2138 2048 Conclusio
2150 2029 2158 2047 ί

1463 2073 1499 2093 ex
1514 2065 1568 2093 alia
1583 2068 1610 2094 et
1630 2065 1684 2093 alia
1705 2073 1789 2094 causa
1811 2069 1876 2094 sunt
1889 2065 1934 2094 isti
1957 2065 2028 2094 [lese-
2057 2086 2059 2093 i

2041 2217 2154 2240 Explicatur.
