2166 3366
7 1298 130 1322 Augustinus.

13 2452 94 2472 Dubium
110 2454 127 2472 2.

892 191 1079 219 DlSTlNCTlO
1101 192 1142 219 vt.

140 267 271 294 exstiterit
297 267 370 294 carni
393 267 561 302 hypostasis,
587 274 656 301 quae
682 267 727 293 Dci
755 267 834 293 Verbi
862 268 986 301 hyposta-

139 311 176 336 sis
204 310 348 345 composita
378 310 444 337 sacta
475 310 565 340 suerit,
595 317 664 344 quae
692 311 766 344 prius
793 309 910 344 simplat»
928 314 985 336 erat

140 353 220 379 Verbi
242 353 408 387 hypostasis,
433 351 578 387 composita
600 360 662 378 vero
683 359 716 378 ex
735 352 840 378 duabus
860 353 984 386 perfectis

140 397 256 428 naturis,
285 396 383 423 deitate
412 399 435 423 ct
467 396 642 427 humanitate;
669 399 695 421 et
714 395 780 421 ferat
801 395 857 429 ipsa
878 395 984 421 divinae

139 439 220 465 Verbi
236 439 279 465 Dei
296 439 430 465 filiationis
442 438 690 465 characteristicum
705 441 730 464 et
750 438 983 464 determinativum

140 481 254 513 idioma,
282 481 428 508 seeundum
453 481 524 515 quod
545 481 631 507 divisa
650 484 689 507 est
708 488 723 507 a
743 481 818 507 Patre
839 484 864 507 et
883 481 984 515 Spiritu

140 528 246 555 saneto,
266 528 291 550 et
310 524 398 550 carnis
418 524 637 550 characteristica
656 526 682 550 et
702 523 906 550 determinativa
921 523 985 550 idio-

140 570 226 597 mata,
246 567 393 593 secundum
413 574 482 600 quae
501 566 605 592 differat
625 574 638 592 a
659 567 741 593 Matre
761 569 786 592 et
805 566 915 599 reliquis
938 566 985 592 ho-

140 610 256 636 minibus
270 621 293 635 n.
314 610 395 636 Item:
420 621 429 632 n
445 609 528 635 Unam
550 609 714 643 hypostasim
735 609 793 635 Filii
814 609 860 635 Dei
880 609 986 635 confite-

140 660 201 680 mur
220 653 244 679 in
265 652 370 679 duabus
389 652 491 678 naturis
510 652 627 686 perfecte
645 659 673 678 se
694 652 869 684 habentibus,
889 655 914 678 et
933 652 986 678 dei-

139 695 200 722 tatis
219 699 244 722 et
264 695 445 725 humanitatis,
464 694 574 721 eandem
596 694 761 728 hypostasim
783 694 947 720 incarnatam
960 694 983 725 ι;

139 741 165 764 et
185 738 232 764 has
251 737 318 763 duas
338 740 447 763 naturas
466 737 595 763 custodiri
615 740 641 763 et
660 744 767 763 manere
795 737 819 763 in
847 737 905 770 ipso
925 740 984 770 post

139 780 263 806 unionem
276 800 282 811 ,
303 787 353 806 non
372 786 492 806 scorsum
523 782 548 806 et
567 779 714 806 secundum
741 783 831 813 partes
857 783 985 813 ponentes

139 823 286 855 singulam,
314 822 361 849 sed
390 823 478 849 unitas
507 822 619 848 invicem
649 823 673 848 in
700 829 780 849 unam
809 822 985 856 compositam

138 865 315 900 hypostasim.
335 864 544 892 Substantz'alem
574 865 644 891 enim
674 866 810 899 inquimus
842 865 967 891 unionem
979 887 985 897 ‚

138 908 241 934 scilicet
261 915 350 934 veram
370 911 396 934 et
415 915 466 933 non
495 908 642 934 secundum
664 907 845 941 phantasiam,
865 907 986 934 substan-

140 950 231 977 tialem.
250 954 356 983 autem,
377 958 427 976 non
448 950 553 977 duabus
572 951 674 977 naturis
695 950 895 984 perficientibus
920 951 986 977 alte-

137 1001 210 1026 ram,
230 993 332 1020 scilicet
360 1000 439 1020 unam
468 994 645 1027 compositam
674 997 810 1024 naturam,
831 993 877 1020 sed
897 994 985 1020 unitas

138 1036 252 1062 invicem
273 1036 299 1062 in
319 1043 398 1062 unam
419 1036 585 1070 hypostasim
604 1036 781 1070 compositam
801 1036 859 1062 Filii
880 1036 940 1068 Dei,
960 1039 986 1062 et

138 1086 247 1106 manere
272 1079 384 1105 eandem
413 1078 613 1105 substantialem
633 1079 808 1105 differentiam
828 1079 986 1105 determina-

140 1129 216 1148 mus:
236 1121 308 1155 quod
328 1121 445 1148 creabile
466 1121 561 1148 mansit
581 1121 714 1153 creabile,
742 1125 768 1148 et
787 1121 858 1155 quod
887 1122 987 1149 increa-

140 1164 193 1191 bile
220 1164 378 1196 increabile,
399 1167 425 1190 et
443 1164 555 1190 mortale
574 1164 700 1196 mortale,
720 1167 746 1190 et
766 1164 915 1191 immortale
941 1165 987 1191 im-

140 1207 266 1239 mortale,
286 1211 311 1234 et
330 1207 583 1241 circumscriptibile
611 1207 880 1241 circumscriptibile,
900 1211 925 1234 et
951 1208 986 1234 in-

140 1250 393 1284 circumscriptibile
422 1249 719 1284 iucircumscriptibile;
750 1253 775 1276 et
801 1250 852 1276 hoc
876 1250 984 1285 quidem

139 1293 251 1327 refulget
271 1293 406 1319 miraculis
419 1304 442 1318 u.
463 1293 500 1319 De
520 1293 571 1319 hoc
591 1293 669 1319 etiam
689 1293 852 1327 Augustinus
872 1294 897 1320 iu
917 1294 986 1321 libro

140 1335 174 1363 de
192 1335 336 1362 Trinitate²
356 1335 410 1361 ait:
430 1347 440 1358 a
454 1335 683 1372 Quemadmodum
697 1336 844 1362 secundnm
860 1336 985 1363 deitatem

140 1386 192 1405 una
212 1381 252 1405 est
271 1378 355 1404 Patris
375 1381 401 1404 et
420 1378 477 1404 Filii
498 1382 607 1409 natura,
628 1379 662 1405 ita
680 1378 759 1404 etiam
775 1378 847 1405 iuxta
867 1378 987 1405 humani-

139 1425 221 1448 tatem
240 1421 333 1448 eadem
354 1424 393 1447 est
411 1421 502 1447 Matris
521 1424 547 1447 et
563 1421 621 1447 Filii
637 1428 688 1447 una
703 1425 805 1447 natura.
820 1422 858 1448 Ex
872 1424 986 1456 utraque.

140 1467 228 1492 autem
248 1464 411 1495 substantia,
431 1467 455 1490 et
475 1463 622 1490 divinitatis
650 1467 675 1490 et
703 1464 893 1497 humanitatis,
918 1472 987 1491 uuus

140 1510 222 1542 atque
240 1507 310 1533 idem
331 1510 369 1533 est
388 1507 458 1533 Deus
469 1527 475 1537 ,
489 1507 534 1533 Dei
548 1510 573 1533 et
591 1507 705 1533 hominis
719 1507 814 1539 Filius,
830 1507 901 1534 lesus
915 1507 987 1534 Chri-

140 1553 212 1583 stus,
231 1553 260 1576 ut
280 1550 350 1576 Deus
370 1557 464 1580 verus,
484 1550 519 1576 ita
539 1550 618 1576 etiam
639 1549 718 1576 homo
739 1557 818 1576 verus
832 1561 855 1576 ».
875 1550 946 1576 Idem
961 1551 985 1577 in

140 1593 209 1620 libro
228 1593 334 1619 decimo
353 1593 429 1619 tertio
447 1592 480 1618 de
494 1593 620 1619 Trinitate
632 1592 657 1619 ³:
683 1603 694 1615 «
708 1593 752 1619 Sic
780 1593 834 1619 Deo
860 1594 985 1626 coniungi

140 1635 228 1670 potuit
247 1635 364 1662 hnmana
383 1638 493 1668 natura,
514 1638 542 1661 ut
562 1643 594 1661 ex
613 1635 718 1662 duabus
737 1636 892 1662 substantiis
912 1636 987 1662 lieret

141 1684 194 1705 una
213 1685 344 1712 persona;
364 1685 395 1704 ac
415 1685 463 1712 per
483 1678 533 1704 hoc
554 1678 606 1704 iam
626 1681 665 1704 est
685 1685 718 1705 ex
737 1679 839 1705 tribus:
854 1679 920 1710 Deo,
934 1679 987 1705 ani-

140 1728 183 1748 ma
197 1724 223 1747 et
236 1728 316 1747 carne
329 1721 450 1748 ».—-His
463 1720 576 1753 aliisque
597 1720 719 1755 pluribus
739 1721 944 1747 auctoritatibus
958 1729 987 1747 se

140 1764 263 1791 muniunt
282 1764 327 1798 qui
351 1763 455 1795 dicunt,
469 1771 610 1798 personam
624 1763 720 1790 Christi
733 1763 906 1798 compositam
920 1771 986 1796 esse,

141 1806 183 1833 vel
201 1806 300 1841 factam
325 1807 381 1832 sive
406 1809 572 1832 constantem
596 1813 629 1832 ex
657 1806 763 1832 duabus
789 1807 905 1838 naturis,
930 1807 986 1833 sive

140 1856 174 1876 ex
194 1849 278 1876 tribus
297 1848 459 1875 substantiis.
729 1843 730 1846 ’

500 1919 560 1946 Cap.
582 1920 624 1946 IV.

146 1989 235 2017 Tertia
254 1993 291 2016 est
308 1997 402 2016 eorum
420 1989 469 2025 qui
486 1997 542 2016 non
561 1989 650 2016 solum
667 1997 813 2024 personam
832 1997 865 2016 ex
878 1989 986 2017 naturis

211 2032 384 2067 composita-m
402 2036 517 2068 moyam,
536 2034 583 2059 sed
600 2032 680 2059 ettam
705 2032 823 2068 aliquem
849 2033 986 2060 hominem

210 2075 254 2102 vel
279 2074 402 2110 aliquam
429 2074 608 2102 substantiam
637 2074 678 2102 z'bt'
699 2083 731 2102 ea:
750 2075 844 2102 anima
863 2080 886 2102 et
905 2084 986 2103 carne

212 2117 385 2153 compositam
404 2117 576 2153 diffitentur,·
604 2122 627 2144 et
655 2117 693 2144 sz'c
722 2117 771 2145 illa
797 2118 868 2149 cluo,
888 2118 987 2145 scillcet

210 2160 333 2188 animam
345 2165 369 2187 et
388 2169 507 2191 carnem,
526 2160 607 2188 Verbo
621 2161 699 2187 unita
712 2160 806 2188 clz'czmt
816 2183 825 2192 ,
839 2165 868 2188 ul
884 2170 940 2188 mm
954 2171 986 2189 ea:

211 2203 268 2231 iltis
287 2203 381 2239 aliqua
399 2203 550 2231 substantia
568 2204 612 2230 vel
628 2212 745 2239 persona
765 2207 985 2240 cooizponeretur,

211 2246 257 2273 secl
276 2245 332 2273 z‘ttz's
350 2245 454 2273 duobus
467 2246 538 2273 vetut
560 2246 718 2273 indumento
739 2248 807 2274 Deus
826 2247 986 2279 vestiretur,

212 2293 240 2316 ut
257 2288 419 2316 mortalibus
439 2289 522 2316 oculis
542 2293 686 2324 appareret
695 2300 707 2321 ,-
727 2289 777 2324 qul
792 2290 927 2317 rationem
947 2290 986 2317 irt-

211 2331 378 2359 carnationis
396 2332 544 2359 secunaum
564 2331 686 2359 habitum
705 2333 848 2368 accipiunt.

211 2404 277 2431 Sunt
296 2405 375 2431 etiam
395 2405 454 2436 alii,
474 2405 519 2439 qni
541 2406 565 2432 in
585 2405 766 2433 incarnatione
787 2407 867 2434 Verbi
883 2415 933 2434 non
947 2415 987 2434 so-

141 2448 196 2474 lum
217 2455 356 2482 personam
376 2455 409 2475 ex
430 2449 531 2475 naturis
559 2448 732 2484 compositam
763 2453 872 2484 negant,
893 2458 984 2477 verum

142 2491 221 2517 etiam
241 2490 377 2517 hominem
397 2490 532 2526 aliquem,
551 2491 607 2518 sive
628 2492 706 2518 etiam
727 2492 849 2527 aliquam
863 2492 986 2520 substau-

143 2532 207 2559 tz'am
228 2533 263 2560 ibi
282 2541 315 2560 ex
336 2534 422 2560 anima
443 2537 468 2560 ct
487 2541 567 2560 carne
581 2535 756 2569 compositam
772 2535 811 2561 vel
827 2535 921 2562 sactum
937 2536 986 2562 ‹lis-

1832 194 1885 222 145

1043 268 1165 301 titenttn·;
1186 269 1231 295 sed
1252 269 1291 295 sic
1311 269 1355 295 illa
1375 269 1443 300 dno,
1463 269 1565 296 scilicet
1585 270 1699 296 animam
1720 273 1745 296 et
1765 278 1884 302 carnem,

1042 311 1122 336 Verbi
1144 319 1274 344 personae
1294 312 1335 337 vel
1356 315 1466 338 naturae
1487 313 1558 338 unita
1588 320 1645 338 esse
1672 313 1759 343 aiunt,
1780 316 1806 339 ut
1834 321 1885 339 non

1042 359 1074 378 ex
1094 353 1145 378 illis
1165 353 1284 383 (luobus,
1306 353 1346 380 vel
1366 361 1398 380 ex
1419 355 1460 380 his
1486 354 1571 381 tribus
1600 355 1689 389 aliqua
1717 355 1885 381 substantia⁴

1043 395 1082 421 vel
1104 402 1216 429 persona
1239 396 1312 422 tieret
1331 397 1387 424 sive
1401 401 1624 431 ootnponeretur;
1644 397 1689 423 sed
1711 398 1761 423 illis
1781 398 1887 424 duobus

1043 437 1114 463 velut
1135 437 1291 464 indumento
1311 439 1427 465 Verbum
1448 440 1494 465 Dei
1516 441 1671 472 vestiretur,
1686 444 1714 466 ut
1734 441 1886 467 mortalium

1042 480 1127 506 oenus
1146 485 1323 515 congruenter
1342 486 1492 516 appareret.
1521 483 1569 514 Qui
1598 483 1657 509 ideo
1679 484 1777 510 dicitur
1800 484 1887 518 sactus

1042 532 1121 550 verus
1140 523 1236 554 homo,
1256 525 1319 559 quia
1340 525 1477 552 veritatem
1498 527 1586 552 carnis
1605 530 1630 553 et
1649 527 1753 553 animae
1773 528 1886 562 accepit.

1042 565 1114 596 Quae
1143 566 1195 592 duo
1224 567 1303 593 etiam
1334 568 1358 593 in
1384 568 1592 601 singularitatem
1614 570 1654 595 vel
1676 570 1802 596 unitatem
1822 578 1886 597 suae

1042 615 1173 642 personae
1193 610 1329 643 accepisse
1343 610 1452 643 legitur,
1466 619 1517 637 non
1537 612 1599 645 quia
1621 611 1669 638 t'lla
1688 613 1758 643 cluo,
1780 613 1820 639 vel
1839 613 1888 639 alt'-

1042 659 1096 686 qua
1115 660 1157 677 res
1176 659 1209 678 ex
1230 653 1280 678 illis
1299 654 1447 686 composita
1467 654 1500 680 sit
1515 662 1566 681 una
1581 662 1694 688 persona
1708 663 1768 682 cnm
1784 656 1887 687 Verbo,

1043 694 1084 720 vel
1113 695 1147 720 sit
1176 695 1309 726 Verbum;
1330 696 1376 721 sed
1397 696 1476 729 quia,
1502 696 1552 723 illis
1572 697 1677 724 (luobus
1697 699 1887 725 accedentibus

1044 737 1145 768 Verbo,
1167 745 1216 763 non
1238 741 1277 763 est
1296 745 1471 772 personarum
1493 747 1619 766 numerus
1638 744 1746 771 auctus,
1768 745 1795 767 ut
1814 742 1888 768 tieret

1043 780 1208 813 quaternitas
1227 780 1252 806 in
1273 781 1418 811 Trinitatc;
1438 785 1464 807 et
1482 782 1545 815 quia
1566 783 1624 816 ipsa
1653 791 1766 816 persona
1788 784 1885 817 Verbi,

1043 830 1112 856 quae
1132 826 1188 849 erat
1208 823 1283 857 prius
1302 824 1359 849 sine
1379 824 1548 856 indumento,
1562 825 1725 852 assumtione
1740 826 1886 853 indumenti

1043 873 1094 891 non
1124 868 1162 892 est
1188 866 1273 892 divisa
1295 866 1334 892 vel
1356 870 1471 899 mutata,
1491 867 1537 893 scd
1557 875 1610 894 una
1630 868 1777 903 eademque
1797 870 1889 896 immu-

1043 911 1095 935 tata
1116 909 1269 942 permansit.
1290 908 1338 940 Qui
1358 910 1505 936 secuudum
1519 909 1641 937 habitum
1656 911 1738 937 Deum
1754 912 1887 939 hominem

1043 950 1141 977 sactum
1161 951 1253 977 dicunt
1264 951 1281 977 ⁵.
1301 952 1465 985 Accipiendo
1486 953 1555 978 enim
1576 953 1725 985 hominem,
1743 954 1831 980 dictus
1849 958 1889 981 est

1044 994 1113 1020 Deus
1131 994 1217 1028 sactus
1237 993 1339 1026 lzomo;
1368 998 1393 1021 et
1413 998 1522 1029 propter
1541 1000 1676 1029 acceptum
1696 996 1832 1023 hominem
1852 998 1889 1023 ‹li-

1043 1037 1113 1063 citur
1133 1037 1203 1063 Deus
1222 1036 1321 1063 veru-3⁸
1340 1045 1393 1063 csse
1413 1037 1490 1063 homo
1502 1048 1514 1069 ,·
1534 1041 1559 1064 et
1578 1042 1688 1072 propter
1711 1044 1888 1066 assumentem

1042 1080 1128 1106 Deum
1157 1079 1256 1106 dicitur
1279 1079 1357 1106 homo
1387 1088 1439 1106 esse
1468 1081 1546 1107 Deus.
1567 1081 1632 1107 Nam
1653 1082 1674 1107 si
1695 1082 1888 1114 essentialiter,

1044 1123 1165 1157 inquiunt
1187 1123 1238 1154 illi,
1257 1124 1327 1149 Deus
1347 1130 1405 1150 esse
1425 1124 1518 1155 homo,
1541 1124 1580 1150 vel
1601 1125 1679 1151 homo
1694 1132 1752 1151 esse
1772 1126 1841 1152 Deus
1855 1127 1889 1152 in-

1044 1165 1220 1197 telligeretur3
1241 1169 1316 1196 tunc,
1329 1166 1350 1192 si
1366 1167 1435 1192 Deus
1453 1167 1586 1193 hominem
1600 1168 1769 1194 assumsisset
1784 1168 1808 1194 in
1823 1176 1889 1195 sexu

1043 1209 1180 1240 muliebri,
1200 1212 1226 1235 et
1244 1209 1340 1235 mulier
1360 1209 1536 1236 essentialiter
1555 1211 1625 1237 Deus
1649 1215 1732 1243 esset,
1753 1214 1778 1237 et
1797 1219 1811 1237 e
1830 1220 1889 1238 con-

1044 1259 1138 1284 verso;
1158 1255 1184 1278 at
1203 1252 1290 1286 potuit
1304 1253 1374 1278 Deus
1388 1253 1545 1279 assumsisse
1559 1253 1693 1280 hominem
1709 1255 1733 1280 in
1753 1262 1819 1281 sexu
1835 1263 1889 1282 mu-

1043 1294 1137 1321 liebri:
1158 1295 1244 1329 potuit
1265 1295 1345 1328 igitur
1365 1295 1460 1321 mulier
1479 1303 1536 1322 esse
1558 1297 1640 1328 Deus,
1660 1300 1685 1323 et
1705 1305 1718 1323 e
1738 1305 1876 1326 converso.

1406 1365 1466 1392 Cae.
1486 1367 1516 1393 V.

1151 1434 1252 1462 Deinde
1271 1435 1440 1463 (tecclorltates
1460 1435 1580 1467 inducit,
1599 1437 1697 1472 qulbus
1716 1438 1780 1465 haec

1312 1478 1441 1505 sententia
1461 1479 1614 1506 roboratur.

1113 1551 1151 1578 Ne
1171 1555 1259 1578 autem
1288 1555 1314 1578 et
1342 1552 1382 1578 isti
1408 1552 1441 1578 de
1460 1552 1529 1579 suo⁷
1551 1553 1660 1580 intinere
1680 1554 1834 1588 videantur,
1856 1559 1889 1582 te-

1044 1595 1175 1621 stimoniis
1195 1595 1219 1621 in
1239 1595 1357 1621 medium
1377 1595 1515 1630 productis
1528 1597 1599 1630 quod
1614 1597 1706 1623 dicunt
1722 1598 1887 1625 confirmant.

1044 1638 1087 1663 Ait
1106 1638 1175 1663 cuim
1204 1638 1367 1671 Augustinus
1396 1638 1420 1664 iu
1450 1638 1517 1665 libro
1547 1639 1579 1665 (lc
1608 1640 1696 1666 Gratia
1721 1642 1781 1667 novi
1803 1642 2019 1668 Testa-Augustinus.

1045 1681 1124 1706 menti
1138 1680 1158 1706 ⁸:
1177 1692 1187 1703 α
1202 1680 1276 1707 Sicut
1289 1688 1338 1707 non
1353 1684 1466 1714 augetur
1485 1689 1613 1708 numerus
1627 1690 1810 1716 personarum,
1824 1692 1886 1711 cum

1044 1730 1106 1749 caro
1126 1722 1231 1749 accedit
1250 1724 1368 1754 animae,
1389 1727 1416 1750 ut
1435 1725 1470 1750 sit
1500 1732 1567 1750 unus
1597 1725 1690 1757 homo;
1711 1727 1749 1752 sic
1769 1735 1820 1753 non
1845 1735 1889 1754 au-

1043 1769 1120 1800 getur
1139 1773 1266 1792 numerus
1286 1773 1474 1800 personarum,
1494 1774 1555 1793 cum
1575 1767 1655 1793 homo
1669 1769 1773 1795 accedit
1787 1770 1887 1802 Verbo,

1044 1811 1071 1834 ut
1089 1808 1123 1834 sit
1143 1816 1211 1835 unus
1230 1808 1358 1835 Christus.
1380 1809 1488 1842 Legitur
1509 1810 1598 1844 itaque
1618 1810 1688 1837 Deus
1708 1811 1795 1841 homo,
1811 1815 1838 1838 ut
1853 1813 1888 1839 in-

1044 1851 1193 1884 telligamus
1221 1851 1301 1878 huius
1331 1859 1459 1885 personae
1483 1853 1709 1886 singularitatem,
1730 1862 1780 1880 non
1802 1859 1829 1881 ut
1848 1863 1889 1882 su-

1043 1894 1179 1928 spicemur
1200 1894 1225 1920 in
1245 1901 1352 1920 carnem
1373 1897 1501 1920 mutatam
1521 1895 1685 1922 divinitatem
1701 1908 1723 1922 ».
1737 1897 1808 1923 Idem
1822 1905 1888 1932 qno-

1043 1944 1096 1971 que
1117 1939 1233 1963 tractans
1255 1936 1317 1963 illud
1338 1937 1448 1963 verbum
1470 1937 1606 1971 Apostoli:
1635 1938 1736 1966 Habitu
1764 1939 1888 1967 iuventus

1043 1983 1080 2005 est
1099 1983 1128 2006 ut
1146 1978 1240 2010 homo,
1254 1980 1392 2006 manifeste
1407 1980 1537 2011 ostendit,
1551 1981 1635 2007 Deum
1649 1981 1703 2008 dici
1718 1982 1815 2009 t'actum
1830 1990 1888 2009 esse

1044 2022 1192 2053 hominem,
1222 2022 1262 2048 vel
1292 2030 1349 2048 esse
1369 2023 1503 2049 hominem
1529 2024 1676 2050 secundum
1698 2023 1837 2056 habitum,
1863 2026 1888 2052 in

1044 2065 1111 2091 libro
1142 2065 1279 2098 Octoginta
1313 2065 1392 2091 trium
1425 2066 1614 2097 Quaestionum
1636 2066 1645 2079 ⁹
1682 2067 1716 2094 ita
1750 2069 1888 2102 inquiens:

1048 2119 1059 2131 «ι
1072 2108 1160 2134 Multis
1180 2108 1266 2134 modis
1285 2107 1407 2134 habitum
1426 2108 1558 2135 dicimus:
1579 2109 1618 2135 vel
1640 2108 1762 2136 habitum
1781 2110 1887 2142 aut'ml,

1043 2151 1113 2177 sicut
1131 2151 1290 2184 disciplinae
1314 2151 1514 2184 perceptionem
1537 2159 1585 2178 usu
1606 2152 1757 2185 tirmatam;
1785 2154 1823 2179 vel
1845 2154 1889 2180 lta-

1044 2192 1130 2219 bt'tum
1158 2193 1296 2227 corporis,
1315 2193 1384 2219 sicut
1404 2193 1518 2219 dicimus
1538 2194 1619 2220 alium
1640 2194 1691 2221 alio
1714 2195 1887 2227 validiorem;

1044 2236 1084 2263 vel
1099 2235 1221 2263 habitum
1240 2244 1350 2266 eorum,
1371 2243 1439 2270 quae
1455 2237 1581 2263 membris
1596 2238 1833 2265 acconunodantur
1847 2247 1889 2265 ex-

1044 2280 1189 2309 trinsecus,
1210 2283 1238 2305 ut
1257 2286 1319 2305 cum
1348 2279 1463 2305 dicimus
1491 2280 1606 2314 aliquem
1632 2281 1768 2313 vestitum,
1788 2282 1889 2308 calcea·

1044 2325 1099 2348 tum
1125 2325 1150 2348 et
1169 2322 1330 2348 huiusmodi.
1352 2322 1378 2347 ln
1398 2322 1521 2348 omnibus
1549 2323 1692 2356 generibus
1718 2324 1886 2351 nianifcstum

1043 2368 1097 2396 est,
1118 2365 1142 2390 in
1163 2372 1193 2391 ea
1213 2372 1241 2390 re
1261 2364 1313 2390 dici
1334 2363 1472 2394 habitum,
1493 2372 1561 2399 quae
1581 2366 1680 2392 accidit
1699 2367 1794 2398 alicui,
1809 2368 1844 2394 ita
1859 2370 1887 2394 ut

1042 2415 1100 2434 eam
1121 2408 1206 2441 possit
1233 2407 1312 2433 etiam
1341 2415 1391 2433 non
1413 2407 1521 2434 habere.
1542 2408 1597 2434 Hoc
1616 2412 1704 2435 autem
1725 2417 1819 2436 nomen
1840 2410 1887 2437 (lu-

1042 2454 1115 2477 ctum
1136 2454 1175 2476 est
1194 2450 1227 2476 ab
1248 2450 1291 2476 illo
1312 2450 1405 2483 verbo,
1420 2450 1491 2484 quod
1506 2454 1545 2476 est
1564 2450 1667 2477 habere.
1689 2451 1803 2478 Habitus
1822 2460 1885 2486 ergo

1044 2493 1068 2519 in
1088 2500 1119 2519 ea
1138 2500 1167 2519 re
1186 2492 1299 2523 dicitur,
1319 2500 1388 2526 quae
1408 2493 1498 2525 nobis,
1520 2496 1548 2519 ut
1568 2493 1712 2525 habeatnr,
1733 2495 1831 2521 accidit
1845 2496 1885 2522 vel

1044 2536 1168 2562 accedit»
1186 2535 1213 2560 ¹⁰.

1903 2118 1983 2137 Dubium
1998 2118 2016 2137 3,

205 2662 211 2677 ¹
232 2664 288 2690 Vnt.¹
307 2667 329 2685 ct
346 2663 391 2686 sere
409 2665 476 2685 ctiam
495 2664 531 2686 cd.
544 2665 610 2692 6,1·ta
629 2665 698 2693 legit:
715 2665 865 2694 habentibus,
888 2666 985 2689 emutem

141 2700 286 2730 hypostasim
303 2701 394 2725 deitatis
416 2704 437 2725 el
459 2702 614 2726 humanitatis
635 2703 734 2727 etit-antes
760 2704 910 2728 incarnatum
928 2711 984 2727 esse.

142 2739 228 2762 Vocem
246 2741 348 2762 ultimam
366 2747 414 2763 esse
431 2741 559 2769 adiungunt
575 2743 642 2764 etiam
660 2742 712 2764 edtl.
731 2744 757 2770 23,
776 2742 801 2771 sn,
820 2743 845 2771 55,
864 2743 889 2770 7,
908 2745 929 2765 9.

204 2779 212 2793 '²
231 2779 306 2801 Potius
323 2780 395 2802 Sei-m.
414 2780 465 2802 238.
484 2780 515 2808 (in
533 2781 632 2808 append.
652 2788 672 2802 n.
691 2782 730 2808 3.).

203 2817 213 2832 ³
230 2817 284 2846 Cap.
307 2818 339 2840 17.
358 2825 378 2841 n.
398 2820 434 2840 22.

204 2856 213 2871 ⁴
232 2857 279 2879 Vat.
297 2860 318 2879 et
340 2858 463 2887 pleraeque
488 2858 540 2880 etltl.
560 2859 660 2883 mtlurtt,
679 2859 847 2885 refragantibus
872 2859 940 2881 multi.
964 2863 987 2881 t¹t

143 2895 195 2917 edd.
218 2897 239 2923 1,
257 2897 277 2918 Β.

204 2934 214 2949 ⁵
230 2934 274 2956 (Isr.
291 2936 399 2963 Grumum,
414 2936 426 2957 Ι.
440 2942 510 2963 super
528 2936 635 2958 liza-ulnul.
650 2937 713 2957 llum.
732 2937 751 2958 8.
766 2943 786 2958 u.
801 2936 836 2959 Ξῖ.
856 2937 899 2964 255,
918 2941 939 2959 et
958 2937 985 2959 tle

143 2978 207 3001 seqq.
226 2973 333 3001 August,
352 2975 380 2995 ⁸53
398 2976 440 3002 Qq.
459 2981 480 3002 (11
504 2975 536 2996 ΙΙ.

269 3023 292 3046 S.
311 3024 399 3047 Bonna.
418 3037 447 3040 -
466 3024 531 3046 Toni.
550 3025 582 3047 lll.

1012 2667 1015 2837 l

1013 2841 1015 2999 l

1105 2665 1114 2680 ⁵
1132 2666 1180 2687 Vat.
1200 2672 1251 2687 cum
1272 2666 1386 2694 plerisque
1404 2666 1456 2688 edd.
1475 2672 1534 2688 vere.

1104 2704 1113 2718 ⁷
1130 2704 1185 2726 Cod.
1205 2705 1220 2726 E
1237 2707 1258 2725 vt
1275 2704 1327 2726 etltl.
1347 2705 1370 2732 2,
1390 2705 1415 2731 53,
1436 2704 1459 2733 t,
1478 2705 1503 2731 5,
1522 2706 1548 2733 G,
1566 2706 1592 2734 7,
1612 2707 1624 2727 9
1642 2706 1730 2728 addunt
1746 2713 1823 2729 sensu.

1104 2743 1113 2758 ⁸
1131 2744 1198 2771 Epist.
1217 2744 1280 2769 (alias
1301 2744 1358 2770 120.)
1381 2743 1429 2765 lit).
1448 2750 1466 2765 c.
1486 2743 1506 2766 t.
1525 2751 1545 2766 n.
1568 2745 1601 2766 11.
1624 2745 1656 2767 12.

1104 2782 1113 2796 ὓ
1131 2783 1221 2810 Quaest,
1240 2782 1276 2804 73.
1295 2789 1316 2804 n.
1338 2783 1364 2808 l;
1390 2784 1534 2805 continuatur
1561 2784 1596 2805 tm:
1622 2784 1685 2806 loeus
1702 2785 1769 2807 etiam
1793 2786 1813 2807 in
1839 2792 1886 2814 seq.

1042 2827 1108 2848 ‹sap.;
1127 2821 1189 2842 locus
1207 2821 1337 2848 Scriptura-w
1354 2825 1387 2842 est.
1405 2822 1458 2843 Phil.
1477 2822 1502 2849 2,
1521 2822 1541 2843 7.

1108 2859 1126 2873 ¹⁰
1145 2860 1192 2882 Vnt.
1211 2866 1263 2881 etun
1281 2861 1384 2887 originali
1410 2862 1491 2882 ‹nniuit
1516 2861 1552 2884 twl
1568 2861 1672 2888 ttt'tft'tlt'l:
1699 2863 1749 2884 votl.
1768 2863 1783 2884 li
1802 2866 1886 2885 tantum

1042 2899 1143 2926 (tecetlil,
1162 2902 1184 2920 et
1201 2900 1256 2921 intra
1276 2900 1361 2927 pluries
1379 2900 1438 2922 i‹t··n1
1457 2901 1580 2923 diremtum
1599 2901 1627 2923 tle
1644 2901 1754 2923 uceticlunl
1772 2901 1807 2924 rel
1822 2908 1888 2925 mce-

1042 2937 1118 2964 rlunt,·
1137 2938 1219 2959 tlt-inde
1237 2944 1287 2961 anu·
1306 2940 1398 2961 mutual
1417 2939 1465 2961 Vat.
1483 2944 1505 2962 vt
1521 2940 1574 2962 edd.
1593 2941 1619 2967 (5,
1638 2941 1650 2959 tl
1669 2941 1777 2962 :ntiirtnnt
1794 2947 1844 2963 uox.

1737 3032 1760 3052 ln
