2166 3366
774 189 854 217 DlST.
877 189 918 217 Vl.
940 189 1011 217 ΛΒΤ.
1033 190 1063 217 11.
1084 190 1218 226 ΩΠΑΕΞΤ.
1241 190 1258 218 Ι.
1833 192 1886 219 157

145 306 228 329 librum
244 305 421 329 Sententiarum
444 306 546 334 magistri
567 314 577 326 α
594 305 704 327 izo-flandi
718 314 739 333 ιι,
758 306 779 327 in
797 312 843 334 quo
856 306 913 327 inter
931 306 987 328 alios
1043 307 1186 333 positionem,
1199 306 1366 328 accidentaliter
1378 312 1427 328 esse
1441 306 1517 328 Verbo
1532 307 1616 328 unitam
1631 309 1734 328 naturam
1752 307 1885 328 humanam.

144 352 233 368 errores
243 345 439 367 Abaelardieiiam
451 344 564 372 praedicta
578 344 704 372 propositio
716 344 987 366 refellitur.Gravissimis
1107 345 1129 366 ll.
1148 345 1208 366 Alex.
1227 345 1287 373 Hah,
1313 345 1334 366 S.
1354 351 1374 372 p.
1394 345 1425 367 lli.
1444 352 1465 373 q.
1484 346 1505 367 6.
1524 351 1553 367 m⁴
1572 345 1593 367 3.
1612 357 1639 360 —
1659 346 1730 372 δῦθι,
1748 346 1770 367 in
1788 347 1885 373 utroque

145 386 220 406 autem
239 384 380 411 argumentis
397 383 419 405 Ρ,
439 383 523 405 Denisse
540 382 675 410 persuadet,
694 383 762 404 istum
780 381 929 405 Rodlnndum
942 389 985 404 non
1043 383 1132 410 Scripto
1151 390 1172 411 q.
1191 383 1211 404 3.
1230 396 1259 399 —
1276 384 1298 405 S.
1317 383 1412 411 Thom.7
1431 384 1466 405 hic
1484 390 1504 412 q.
1524 384 1545 406 3.
1563 390 1582 405 a.
1601 384 1629 411 23
1648 384 1670 405 S.
1688 384 1720 405 111.
1739 390 1760 412 q.
1779 384 1800 406 2.
1818 390 1838 405 a.
1857 384 1886 411 6,·

145 268 176 290 nit
187 268 209 289 in
221 267 322 296 quodam
335 267 413 289 codice
425 267 509 289 saeculi
522 266 568 288 xli.
582 267 617 289 vel
635 266 688 288 Xlll.
707 267 827 295 hucusque
845 267 985 294 incognitum
1014 266 1017 438 D
1043 268 1119 290 minus
1136 267 1238 295 displicet
1256 267 1340 289 modus
1356 268 1477 296 loquendi,
1495 274 1541 296 quo
1558 268 1619 290 idem
1637 268 1731 295 explicat
1749 274 1815 290 suam
1833 274 1887 295 pro-

145 429 194 445 esse
212 423 280 444 alium
298 422 327 444 ab
345 422 472 444 Alexandro
490 422 521 443 111.
540 422 590 449 (cfr.
602 421 745 449 periodicum
759 422 842 444 Archiv
856 421 891 443 mr
903 422 950 444 Litt.
964 429 985 444 u.
1043 422 1065 444 S.
1084 428 1102 444 e.
1121 423 1184 444 Gent.
1202 422 1237 444 lv.
1255 428 1274 444 c.
1293 422 1329 444 37.
1348 422 1384 444 49.
1401 434 1432 438 —
1458 423 1481 444 Β.
1504 422 1600 451 Albert„
1619 423 1651 444 lll.
1669 423 1728 444 Sent.
1747 422 1769 444 d.
1787 422 1808 444 7.
1827 429 1847 444 a.
1865 423 1886 444 6.

145 461 375 488 Kirchengescuiclue
398 461 438 483 des
456 460 591 482 Mittelalters
607 460 656 482 Hesi
675 461 695 482 2.
716 461 736 482 3.
754 467 806 488 pag.
824 460 943 489 tat-461).
956 473 986 491 7-
1043 472 1072 476 ·—
1092 461 1147 483 l'eir.
1165 468 1177 483 a
1196 461 1260 488 Tar„
1280 462 1315 483 hic
1333 468 1354 489 q.
1373 461 1393 483 4.
1412 468 1431 483 a.
1450 463 1470 483 2.
1488 473 1519 478 -—
1536 462 1641 484 Richard.
1661 468 1673 483 a
1691 461 1761 489 Mod.y
1780 462 1815 483 liic
1832 468 1852 483 a.
1866 462 1886 483 3.

144 500 266 528 Quomodo
283 507 337 522 sane
354 500 526 528 intelligendum
544 501 583 527 sit,
601 499 665 528 quod
682 501 780 522 humana
800 503 879 521 natura
892 501 913 522 in
926 500 986 522 Chri·
1042 506 1064 527 q.
1082 500 1102 521 2.
1119 511 1151 515 —
1168 499 1241 527 AEgid.
1260 500 1298 527 R,
1325 501 1361 522 liic
1386 507 1408 529 q.
1427 499 1447 522 4.
1466 506 1485 522 a.
1504 500 1525 522 3.
1542 512 1574 516 —
1591 500 1705 527 Durund.,
1724 501 1759 522 liic
1776 507 1798 529 q.
1817 500 1837 522 4.
1855 512 1886 516 -

143 542 177 562 sto
190 538 264 568 verqil
275 538 299 561 ιή
312 538 433 567 accidens,
448 538 506 561 bene
518 539 644 566 explicatur
657 539 678 560 in
697 545 768 566 corp.y
780 542 802 560 et
814 539 853 561 cfr.
867 545 920 567 pag.
937 539 985 567 155,
1042 538 1134 565 Dionys.
1152 538 1240 566 Carth,
1259 539 1294 560 liic
1311 545 1332 567 q.
1352 540 1372 560 2.
1391 551 1420 554 —
1437 539 1495 567 Biel,
1514 540 1550 561 hic
1567 546 1589 568 q.
1608 540 1628 561 2.

144 580 195 600 nota
213 578 233 599 6.
255 577 376 599 Durandus
394 577 487 606 quidem
506 583 608 599 errorem
627 577 747 599 Abnelardi
765 577 885 606 reprobam
909 577 987 599 nihilo-

864 679 1098 712 ARTICULUS
1125 680 1162 712 11.

681 786 723 813 De
743 785 884 823 qualitate
904 788 930 813 et
949 784 1096 813 nobilitate
1119 784 1198 812 illuns
1219 784 1345 813 unionis.

223 895 428 932 Consequenter
457 895 602 933 quaeritur
629 895 663 924 de
699 894 831 932 qualitate
858 897 885 923 et
912 894 987 922 nobi·
1042 897 1102 922 tum
1125 894 1160 923 ad
1182 894 1342 923 terminum.

144 943 220 971 litate
251 942 327 971 illius
359 943 484 977 unionis,
516 950 551 970 ex
583 950 638 979 qua
669 941 811 978 consurgit
840 941 987 970 diversitas
1121 941 1247 969 Secundo
1275 949 1341 969 vero
1363 941 1509 978 quaeritur
1537 941 1571 970 de
1600 941 1660 978 ipsa
1685 944 1821 978 quantum
1850 940 1885 969 ad

146 989 262 1018 istarum
298 989 383 1017 trium
415 989 597 1025 opinionum,
629 988 701 1016 circa
732 996 816 1025 quam
851 995 988 1024 quaerun-
1044 987 1168 1016 modum.

146 1040 192 1064 tur
213 1036 274 1064 tria.
1123 1034 1215 1063 Tertio
1243 1042 1309 1063 vero
1338 1034 1482 1071 quaeritur
1511 1034 1545 1063 de
1573 1035 1671 1064 eadem
1694 1038 1830 1072 quantum
1852 1035 1888 1064 ad

224 1083 314 1111 Primo
328 1082 474 1119 quaeritur
490 1081 524 1110 de
540 1080 588 1109 illa
606 1080 766 1109 beatissima
779 1080 882 1109 unione
904 1089 988 1118 quan·
1044 1081 1172 1118 gradum.

918 1191 1080 1227 QUAESTIO
1102 1191 1119 1219 1.

423 1290 527 1318 Utrum
549 1289 620 1318 um‘o
642 1289 773 1318 duarum
794 1293 978 1318 naturarum
999 1289 1039 1318 sit
1060 1290 1217 1318 terminata
1239 1290 1280 1319 ud
1300 1290 1441 1319 unitatem
1460 1299 1610 1327 personae.

222 1401 300 1429 Circa
325 1400 449 1437 primum
472 1400 510 1428 sic
537 1400 697 1437 proceditur
725 1402 751 1428 et
779 1399 924 1437 quaeritur
952 1399 987 1428 de
1043 1408 1072 1429 se
1104 1400 1174 1429 illud
1200 1400 1244 1429 cui
1266 1401 1510 1437 praedominatur3
1532 1401 1579 1429 sed
1606 1401 1654 1429 Dei
1680 1401 1764 1429 Filius
1792 1402 1888 1430 unitus

144 1447 191 1476 illa
222 1447 324 1476 unione
346 1451 482 1484 quantum
515 1447 550 1475 ad
579 1446 741 1480 terminum3
773 1450 800 1475 et
825 1446 986 1483 quaeritur,
1043 1450 1085 1476 est
1106 1447 1244 1475 humanae
1273 1450 1405 1481 naturae,
1434 1447 1478 1475 cui
1507 1456 1556 1484 per
1581 1448 1674 1476 onmia
1699 1448 1889 1485 praedomina-

144 1497 239 1522 utrum
262 1494 409 1522 terminata
430 1494 465 1523 sit
485 1494 520 1522 ad
541 1494 676 1522 unitatem
699 1501 846 1530 personae,
867 1500 902 1520 au
924 1500 986 1520 uon.
1044 1497 1104 1523 tur:
1133 1502 1200 1530 ergo
1228 1494 1314 1522 traxit
1342 1502 1402 1522 eam
1429 1494 1464 1522 ad
1493 1495 1634 1531 propriam
1664 1496 1806 1523 unitatem.
1835 1495 1887 1523 Sed

146 1540 176 1569 Et
197 1541 271 1577 quod
293 1541 347 1575 sic,
369 1541 488 1569 videtur.
1043 1549 1097 1569 non
1114 1541 1199 1569 traxit
1214 1548 1275 1569 eam
1296 1541 1329 1569 ad
1346 1540 1479 1569 unitatem
1503 1541 1671 1575 naturalem,
1694 1541 1765 1570 sicut
1787 1541 1865 1578 prius
1880 1540 1889 1556 ‘¹

227 1589 250 1615 1.
273 1587 380 1616 loannis
401 1591 499 1616 octavo
515 1587 537 1615 ¹:
554 1588 613 1624 Eyo
625 1587 819 1624 principium,
842 1587 894 1624 qui
906 1589 932 1614 et
952 1585 988 1613 lo·
1043 1591 1185 1616 ostensum
1207 1591 1259 1616 est:
1282 1595 1348 1624 ergo
1370 1587 1454 1615 traxit
1476 1587 1510 1616 ad
1533 1588 1666 1616 unitatem
1688 1588 1871 1625 personalem.

0 1639 220 1672 inundamentaquor
240 1634 338 1667 vobis-‚-
359 1634 406 1663 sed
423 1642 472 1671 09⁰
494 1637 535 1662 est
550 1641 701 1670 pronomen
724 1633 987 1667 demonstrativum,
1122 1635 1174 1662 San
1189 1642 1316 1662 comus:
1341 1635 1363 1662 1.
1380 1634 1520 1662 AEternum
1536 1643 1589 1662 non
1611 1638 1701 1671 potest
1716 1643 1775 1664 esse
1797 1635 1888 1664 termi-
1900 1644 2019 1686 Adtssffi'w*

146 1689 213 1718 ergo
234 1684 337 1710 certam
369 1681 541 1709 demonstrat
563 1688 729 1717 personam;
755 1683 782 1708 et
803 1680 855 1718 qui
881 1683 923 1708 est
944 1687 988 1707 no·
1044 1689 1098 1709 nus
1119 1681 1158 1709 rei
1189 1681 1364 1718 temporalis;
1385 1681 1434 1709 sed
1462 1681 1554 1710 unitas
1576 1681 1729 1718 personalis
1757 1682 1814 1710 Filii
1838 1682 1886 1711 Dei

146 1735 209 1756 men
237 1728 405 1761 relativum,
427 1735 493 1763 ergo
521 1729 548 1755 et
570 1727 685 1756 eandem
709 1727 794 1756 refert
821 1733 986 1764 personam:
1044 1730 1086 1756 est
1099 1730 1224 1762 aeterna,
1246 1727 1312 1755 unio
1328 1735 1394 1756 vero
1415 1727 1468 1756 suit
1483 1727 1655 1764 temporalis:
1672 1736 1737 1765 ergo
1760 1728 1806 1756 illa
1821 1729 1887 1757 uuio

145 1783 212 1812 ergo
232 1783 288 1803 una
313 1778 372 1803 erat
392 1781 526 1810 persona,
553 1782 625 1810 quae
646 1777 706 1802 erat
730 1774 931 1810 principium,
960 1777 988 1802 et
1044 1782 1097 1802 uon
1120 1774 1220 1810 poterit
1248 1774 1390 1802 terminari
1413 1774 1448 1802 ad
1470 1774 1604 1803 unitatem
1626 1775 1809 1811 personalem.

146 1829 217 1859 quae
249 1820 426 1859 loquebatur.
453 1820 505 1849 Sed
534 1820 717 1857 principium
742 1823 802 1849 erat
832 1820 987 1849 secundum
1124 1822 1149 1849 2.
1172 1820 1255 1854 item,
1284 1820 1351 1848 nihil
1380 1828 1468 1848 uuum
1491 1823 1517 1849 et
1543 1820 1615 1849 idem
1645 1824 1686 1849 est
1706 1821 1834 1849 medium
1862 1824 1888 1850 et

146 1869 282 1902 divinam,
304 1871 330 1897 et
356 1867 525 1905 loquebatur
551 1867 705 1896 secuudum
734 1867 886 1895 humanam
911 1871 989 1896 natu·
1045 1871 1206 1896 extremum
1227 1870 1254 1895 et
1277 1867 1419 1895 terminus
1441 1867 1467 1895 iu
1483 1867 1579 1896 eadem
1602 1867 1743 1902 actione53
1765 1868 1813 1897 sed
1830 1876 1889 1905 per-

146 1923 218 1944 ram:
240 1923 306 1952 ergo
321 1914 387 1943 unio
408 1914 455 1942 illa
471 1914 504 1942 ad
528 1914 662 1942 unitatem
681 1914 854 1951 personalem
877 1914 988 1942 videtur
1045 1922 1128 1943 sonae
1149 1914 1241 1943 unitas
1263 1914 1289 1942 in
1312 1914 1359 1942 illa
1373 1915 1475 1943 unione
1489 1914 1573 1943 hahet
1594 1915 1727 1944 rationem
1749 1916 1872 1944 extremi
1879 1926 1887 1944 .-

145 1970 206 1991 esse
227 1961 381 1990 terminata.
1045 1970 1111 1999 ergo
1132 1970 1186 1990 non
1209 1962 1332 1996 videtur,
1354 1962 1429 1998 quod
1450 1962 1552 1990 habeat
1572 1962 1706 1991 rationem
1730 1963 1855 1991 termini.

224 2010 250 2037 ἓ.
272 2009 352 2042 item,
381 2007 457 2037 solus
483 2007 565 2036 Filius
591 2007 639 2036 Dei
662 2010 703 2036 est
728 2007 824 2036 unitus
849 2007 988 2036 humanae
1124 2008 1149 2037 3.
1172 2009 1253 2042 item,
1273 2008 1398 2046 aequalis
1419 2008 1602 2045 simplicitatis
1624 2012 1650 2037 et
1679 2009 1819 2046 dignitatis
1847 2013 1889 2038 est

147 2060 275 2088 naturam
297 2055 345 2084 sed
368 2055 451 2083 Filius
466 2054 513 2083 Dei
535 2063 588 2083 non
610 2054 791 2091 distinguitur
806 2063 821 2083 a
843 2055 921 2084 Patre
936 2055 987 2083 uisi
1045 2063 1164 2092 persona
1185 2055 1294 2089 divina,
1316 2055 1388 2083 sicut
1409 2057 1435 2083 et
1457 2058 1572 2089 natura;
1594 2055 1642 2084 sed
1668 2059 1782 2093 propter
1804 2056 1890 2093 digni-

148 2103 173 2131 in
189 2110 325 2140 persona:
347 2109 413 2138 ergo
435 2109 548 2130 necesse
563 2105 619 2135 est,
642 2101 716 2129 illam
738 2101 869 2130 unionem
885 2101 989 2130 habere
1046 2105 1129 2130 tatem
1152 2105 1178 2130 et
1193 2101 1398 2138 simplieitatem
1422 2101 1495 2129 illius
1517 2105 1633 2130 naturae
1659 2102 1789 2131 unionem
1812 2102 1888 2130 illam

147 2157 198 2186 pro
220 2149 338 2177 termino
360 2148 493 2176 unitatem
517 2147 691 2184 personalem
702 2147 719 2175 ².
1046 2148 1216 2185 impossibile
1231 2152 1272 2177 est
1293 2148 1436 2176 terminari
1452 2148 1485 2176 ad
1506 2148 1638 2177 unitatem
1655 2149 1802 2177 naturae⁶z
1823 2156 1889 2185 ergo

225 2194 251 2223 3.
273 2195 353 2229 Item,
368 2193 434 2222 unio
449 2197 489 2222 est
508 2194 552 2222 via
566 2194 601 2222 ad
623 2194 744 2231 aliquam
760 2194 908 2228 unitatem,
923 2202 990 2231 ergo
1046 2195 1216 2231 impossihile
1238 2198 1279 2223 est
1300 2195 1444 2223 terminari
1465 2194 1500 2223 ad
1522 2195 1656 2224 unitatem
1679 2203 1821 2232 personae.

147 2241 168 2270 si
187 2250 241 2270 non
264 2241 298 2270 sit
313 2241 359 2269 illa
374 2241 439 2269 unio
454 2241 571 2275 frustra,
590 2241 624 2269 ad
641 2241 763 2277 aliquam
782 2241 915 2270 unitatem
931 2249 991 2278 per·
1125 2242 1152 2270 [ι.
1174 2241 1256 2275 Item,
1285 2241 1357 2270 sicut
1384 2241 1494 2270 divinae
1515 2245 1632 2270 naturae
1660 2242 1809 2279 respondet
1830 2249 1890 2278 per-

149 2288 235 2321 venit;
257 2288 305 2317 sed
327 2296 380 2316 non
406 2287 540 2324 perduxit
561 2287 595 2316 ad
618 2287 751 2316 unitatem
774 2290 903 2322 naturae,
925 2288 990 2325 quia
1047 2295 1114 2315 sona
1136 2288 1272 2322 increata,
1295 2288 1333 2316 sic
1355 2288 1494 2317 humanae
1523 2291 1639 2316 naturae
1661 2288 1810 2325 respondet
1831 2295 1890 2324 per-

149 2342 199 2364 nec
220 2334 313 2363 divina
339 2338 439 2363 natura
460 2337 549 2371 potest
570 2334 629 2362 fieri
659 2334 794 2369 humana,
819 2342 869 2364 nec
890 2342 905 2363 e
930 2342 990 2364 con·
1047 2342 1114 2363 sona
1135 2338 1241 2363 creata:
1264 2342 1331 2371 ergo
1352 2343 1415 2363 cum
1442 2334 1578 2363 terminus
1598 2334 1708 2363 unionis
1736 2334 1889 2371 aequaliter

149 2389 242 2415 verso,
264 2389 314 2410 nec
339 2389 376 2410 ex
398 2381 441 2409 his
467 2384 557 2418 potest
578 2380 637 2409 fieri
664 2381 762 2409 tertia:
791 2389 858 2418 ergo
878 2389 991 2410 necesse
1047 2388 1076 2409 se
1097 2380 1198 2409 habeat
1228 2381 1262 2409 ad
1285 2383 1424 2415 extrema,
1446 2383 1474 2409 et
1494 2381 1560 2409 unio
1582 2381 1628 2409 illa
1656 2388 1709 2409 non
1731 2380 1817 2417 possit
1838 2383 1890 2409 ter-

149 2431 207 2462 est,
236 2428 311 2465 quod
336 2428 402 2455 uuio
431 2427 477 2455 illa
509 2427 674 2456 terminetur
703 2428 737 2456 ad
765 2427 899 2456 unitatem
931 2435 992 2464 per·
1048 2427 1146 2455 minari
1169 2428 1202 2456 ad
1226 2426 1360 2456 unitatem
1383 2435 1517 2464 personae
1533 2428 1676 2460 creatae⁷,
1702 2427 1761 2463 pari
1784 2426 1889 2455 ratione

148 2481 232 2502 sonae
244 2473 263 2501 ³.
1049 2474 1175 2508 videtur,
1208 2475 1282 2511 quod
1315 2482 1368 2503 nou
1402 2474 1491 2502 valeat
1512 2474 1653 2502 terminari
1687 2474 1721 2502 ad
1754 2474 1887 2502 unitatem

227 2520 253 2548 [ι.
276 2520 355 2554 item,
377 2520 488 2557 quaudo
510 2519 603 2556 aliqua
628 2520 684 2548 duo
699 2520 848 2554 uniuntur,
870 2528 990 2557 quorum
1048 2528 1182 2557 personae
1199 2521 1347 2549 increatae:
1363 2528 1429 2557 ergo
1451 2519 1612 2556 simpliciter
1627 2523 1669 2548 est
1686 2527 1798 2554 verum,
1813 2519 1889 2556 quod

149 2575 237 2595 uuum
259 2566 486 2604 praedominatur
504 2566 597 2600 alteri,
618 2566 832 2603 praedominans
853 2567 937 2595 trahit
955 2567 990 2595 ad
1048 2566 1114 2595 uuio
1135 2567 1181 2595 illa
1202 2575 1255 2595 uon
1279 2566 1444 2595 terminatur
1465 2566 1499 2594 ad
1522 2566 1654 2595 unitatem
1678 2574 1819 2603 personae.

214 2770 220 2784 ¹
240 2771 303 2793 Vers.
322 2771 359 2793 25.
375 2770 420 2793 Cir.
438 2771 541 2798 August,
560 2770 581 2791 in
599 2769 658 2792 ioan.
677 2770 762 2798 Evang.
781 2773 806 2792 tr.
825 2771 860 2792 38.
879 2777 900 2792 n.
923 2771 955 2793 11.
1047 2772 1144 2798 ariston,
1163 2771 1177 2793 1.
1195 2771 1223 2792 (le
1240 2770 1307 2793 Caelo
1324 2773 1346 2792 et
1363 2770 1465 2798 mundo,
1484 2773 1534 2793 text.
1552 2770 1572 2792 7.
1591 2777 1655 2800 seqq.
1668 2771 1697 2799 (c.
1715 2771 1754 2798 2.),
1772 2770 1811 2793 ubi
1825 2771 1907 2794 doce-s.

213 2809 222 2823 ²
239 2809 283 2832 cfr.
300 2816 369 2837 supra
396 2809 417 2831 d.
445 2809 464 2831 1.
482 2815 501 2830 a.
521 2809 540 2830 1.
559 2814 581 2836 q.
605 2809 626 2830 2.
643 2811 665 2830 et
682 2808 703 2830 d.
721 2808 743 2830 5.
761 2815 780 2830 a.
802 2809 819 2830 l.
842 2816 864 2837 q.
884 2810 903 2831 1.
921 2821 952 2825 ——
969 2809 990 2831 ln
1048 2812 1095 2837 tur,
1113 2816 1198 2837 corpus
1215 2811 1368 2837 compositum
1387 2810 1474 2832 moveri
1492 2809 1619 2832 secundum
1636 2810 1774 2832 eleum-ntum
1793 2809 1892 2838 praedo-

150 2847 237 2871 maiori
252 2849 305 2871 cdd.
323 2849 427 2870 omittunt
443 2847 515 2871 solus.
1048 2850 1143 2870 minans.

213 2887 223 2901 ³
240 2887 271 2909 De
289 2888 331 2909 hoc
348 2894 396 2915 arg.
415 2888 454 2910 cfr.
473 2888 557 2915 linctu„
576 2887 604 2909 de
623 2886 668 2909 Una
695 2887 791 2908 rei-sonu
809 2889 830 2908 et
848 2886 939 2909 duabus
956 2893 991 2908 na·
1109 2886 1119 2901 ⁵
1135 2886 1207 2909 Codd.
1225 2887 1269 2909 GU
1287 2887 1380 2910 um'one.
1398 2887 1443 2910 Cir.
1462 2887 1483 2909 d.
1501 2887 1522 2909 5.
1540 2894 1559 2910 a.
1582 2888 1599 2910 l.
1617 2894 1639 2916 q.
1659 2888 1678 2910 1.
1697 2888 1718 2910 iu
1736 2894 1798 2916 corp.

152 2926 219 2953 turis,
237 2932 255 2948 e.
273 2927 295 2948 6.
312 2932 359 2955 seq.
1109 2925 1119 2940 ⁶
1135 2925 1180 2948 cfr.
1199 2926 1212 2948 1.
1230 2927 1290 2948 Sunt.
1309 2926 1330 2948 d.
1349 2927 1370 2948 Β.
1388 2933 1409 2954 p.
1429 2927 1442 2948 1.
1460 2933 1480 2948 a.
1498 2927 1520 2948 2.
1537 2933 1559 2955 q.
1581 2927 1598 2949 i.
1616 2930 1638 2949 et
1655 2933 1677 2955 p.
1696 2927 1719 2949 ll.
1737 2934 1759 2956 q.
1778 2928 1798 2949 2.

214 2964 223 2979 ⁴
240 2965 293 2987 nisi.
311 2965 332 2987 5.
350 2972 370 2988 a.
392 2966 408 2987 l.
435 2972 457 2994 q.
487 2966 503 2987 l.
521 2968 542 2987 et
559 2972 581 2994 q.
608 2966 628 2987 2.
654 2964 682 2986 ad
709 2964 729 2986 1.
748 2976 776 2980 -
795 2965 825 2986 Du
848 2963 936 2987 maiori
951 2965 990 2987 cfr.
1109 2964 1118 2979 ⁷
1137 2965 1193 2987 Vide
1211 2971 1279 2993 supra
1299 2965 1320 2987 (1.
1339 2966 1359 2988 5.
1377 2972 1397 2988 a.
1415 2966 1436 2988 2.
1455 2972 1476 2994 q.
1495 2966 1516 2988 2.
1534 2965 1562 2987 ad
1585 2966 1602 2987 l.
