2166 3366
129 1702 157 1720 Ad
172 1702 246 1726 opposi·

261 169 298 196 74
937 168 1117 196 SENTENTIA
1123 168 1190 196 RUM
1213 168 1273 196 LIB.
1295 168 1335 196 lli.

254 246 334 280 uolo,
358 246 471 275 malum
485 245 581 283 facio,
596 254 652 274 uon
669 254 719 283 (³90
734 254 839 282 operor
855 246 941 279 illud,
957 246 1008 274 sed
1028 246 1105 283 quod

256 292 370 322 habitat
384 293 415 321 iu
429 302 474 321 me
485 296 647 329 peccatum.
660 292 726 321 Dico
741 300 816 329 ergo,
832 292 907 329 quod
921 293 1005 329 Virgo
1020 293 1105 321 Maria

255 345 318 378 post
339 341 489 370 secundam
519 339 763 368 sanctificationem
787 348 840 368 non
868 339 970 368 dicitur
991 340 1105 368 munda

255 397 271 417 a
289 391 408 425 peccato
430 387 537 415 ratione
558 386 677 415 alicuius
698 386 849 420 maculae,
876 387 924 415 sed
951 387 1041 415 solum
1065 395 1106 414 ra-

256 435 329 464 tione
350 434 469 463 alicuius
496 442 622 470 poenae,
651 433 723 462 sicut
744 433 845 462 melius
874 433 967 461 infra¹
995 433 1107 462 manife-

256 482 385 510 stabitur.

334 528 361 556 4,
383 528 421 556 Ad
449 527 519 556 illud
547 528 622 564 quod
654 527 785 556 obiicitur
814 527 848 555 de
880 527 1011 564 petitione
1043 527 1105 555 illa:

254 575 367 604 Dimitte
389 575 470 603 nobis
491 578 556 608 etc.;
578 574 741 608 dicendum,
764 574 839 611 quod
862 574 888 602 in
907 574 1039 610 petitione
1054 574 1104 602 ista

255 623 339 659 Virgo
355 622 440 650 Maria
458 624 568 659 poterat
589 625 684 658 petere
699 621 892 650 remissionem
915 621 1015 654 debiti,
1030 621 1104 658 quod

255 670 387 704 debebat,
403 677 457 697 non
473 669 580 697 ratione
601 668 657 703 sni,
680 668 727 697 sed
752 668 858 696 ratione
879 668 999 696 aliorum
1022 676 1107 697 mem-

1162 246 1278 275 brorum
1301 246 1416 280 Christi.
1438 247 1542 283 quibus
1559 250 1667 284 poterat
1688 252 1795 284 petere,
1814 251 1845 276 ut
1866 248 1959 277 debita
1974 249 2012 277 di-

1163 293 1356 325 mitterentur,
1387 297 1414 322 et
1448 294 1520 322 bona
1551 294 1718 323 conscientia
1750 295 1825 323 illam
1858 297 2012 325 orationem

1162 340 1297 373 formare;
1319 340 1394 369 unde
1416 349 1469 369 non
1486 349 1537 378 pro
1552 349 1594 375 se=
1610 342 1688 378 quia.
1710 342 1783 370 sicut
1800 342 1866 371 dicit
1888 343 2014 379 Augusti-

1163 394 1216 415 nus
1228 386 1248 419 2,
1271 387 1318 415 illa
1339 395 1392 415 non
1416 387 1573 416 continetur
1595 387 1649 416 sub
1670 388 1718 416 illa
1740 389 1935 424 generalitate,
1957 397 2013 426 qua

1163 433 1282 462 dicitur:
1309 434 1343 462 Si
1366 435 1548 468 dixerimus,
1576 435 1647 473 quia
1672 439 1823 472 peceatum
1847 445 1901 464 now
1929 436 2013 465 liube-

1162 489 1244 514 mus,
1266 490 1319 509 uos
1334 481 1412 518 ipsos
1432 482 1615 516 seducimus,
1631 486 1657 510 ct
1670 482 1780 511 veritas
1796 482 1827 511 iu
1847 483 1930 511 uobis
1954 492 2013 512 uon

1164 532 1213 556 est.
1230 528 1306 557 Unde
1322 529 1492 565 Augustinus
1510 529 1583 563 vult,
1600 530 1673 566 quod
1691 529 1726 558 ad
1741 529 1810 558 alios
1825 531 1939 559 Sanctos
1953 538 2014 567 per-

1164 575 1249 603 tineat
1271 574 1318 603 illa
1344 576 1433 603 oratio
1454 584 1506 612 pro
1527 584 1572 610 se,
1601 577 1636 605 ad
1659 576 1767 605 beatam
1795 577 1935 614 Virginem
1958 586 2011 606 non

1164 629 1215 658 pro
1236 629 1265 650 se
1272 632 1279 655 3
1297 625 1324 650 et
1339 622 1402 650 ideo
1424 630 1477 651 non
1493 623 1742 660 comprehenditur
1757 624 1811 652 sub
1833 624 2013 660 generalitate

1164 668 1315 705 praedicta.

1001 770 1265 807 SOHOLION.

319 876 333 897 l.
351 874 472 897 Conclusio
489 874 620 896 communis
643 873 835 895 scholasticorum
854 879 865 895 a
884 872 985 895 Concilio
1003 873 1105 895 Tridnnt.

255 915 324 944 (Sess.
339 915 374 936 Vl.
387 920 437 936 can.
450 914 497 942 23.)
510 912 697 941 irrefragabiliter
709 912 842 935 confirmata
855 914 889 934 est
901 913 936 934 his
953 912 1046 935 verbis:
1060 920 1070 932 (ι
1083 913 1105 934 Si

255 955 307 983 quis
318 954 434 976 nominem
447 953 517 975 semel
530 952 676 974 iustificatum
688 951 769 974 dixerit
781 951 880 979 amplius
892 957 987 979 peccare
998 958 1042 973 non
1057 958 1106 979 pos-

255 1000 302 1016 se...
315 995 354 1015 aut
371 996 459 1019 contra,
474 998 541 1020 posse
554 992 575 1013 in
589 994 632 1014 totu
646 991 690 1012 iila
705 993 796 1018 peccata
810 991 898 1018 omnia,
911 991 979 1012 etiam
992 991 1105 1019 venialia,

254 1034 336 1059 x'itarc,
356 1032 398 1054 nisi
424 1037 451 1053 ex
476 1030 574 1060 speciali
600 1029 641 1053 Dei
660 1029 796 1059 privileyzb,
816 1029 1015 1059 quemadmodum
1034 1029 1062 1052 dc
1078 1030 1105 1052 B.

258 1071 352 1102 Virgine
378 1072 439 1094 tenet
462 1070 583 1098 Ecclesia,
603 1077 622 1091 a.
640 1076 658 1092 s.
672 1077 692 1091 >›.
710 1082 740 1085 —
758 1069 780 1091 ln
807 1070 873 1091 solut.
900 1069 928 1091 ad
952 1070 972 1091 3.
995 1069 1104 1098 ambigua

254 1111 369 1141 quaedam
387 1110 457 1132 verba
483 1110 581 1138 Magistri
600 1108 646 1137 (liic
663 1115 682 1131 c.
701 1109 732 1137 ⁴2.)
750 1109 906 1136 explicantur,
925 1108 1025 1131 adhibita
1045 1112 1105 1131 nota-

254 1151 292 1173 bili
311 1150 454 1173 distinctione
471 1149 565 1177 triplicis
577 1154 659 1171 sensus
675 1147 782 1170 vocabuli
798 1148 929 1176 peccalum.
949 1160 978 1163 —
996 1148 1105 1170 Maiorem

254 1190 452 1212 confirmationem
470 1191 491 1210 ct
508 1188 663 1210 extensionem
681 1188 834 1209 conclusionis
859 1187 951 1210 exbibet
967 1187 1024 1209 infra
1043 1194 1065 1216 q.
1084 1188 1104 1209 3.

254 1241 285 1245 —-
306 1229 337 1251 De
363 1228 504 1257 quibusdam
530 1227 608 1249 verbis
634 1227 796 1249 nonnullorum
822 1227 970 1255 antiquorum
997 1227 1104 1254 Pali-nm,

1162 874 1298 901 praesertim
1324 874 1478 901 Graecorum,
1501 880 1561 902 qnae
1579 874 1719 896 conclusioni
1738 880 1781 896 non
1800 875 1889 903 favent,
1907 875 1961 898 vide
1978 876 2015 898 liic

1163 919 1184 941 q.
1203 913 1224 935 3.
1243 913 1271 935 ad
1290 913 1310 941 ἱ),7
1324 916 1345 935 ct
1357 913 1379 934 S.
1398 913 1489 940 Thom.,
1503 913 1525 935 S.
1544 913 1574 935 lll.
1593 920 1615 942 q.
1634 913 1670 935 27.
1688 920 1708 935 a.
1727 913 1748 936 4.
1760 920 1802 936 nec
1820 920 1864 936 non
1877 915 2015 938 recentiores

1163 952 1289 980 theologos.
1312 942 1313 945 Ἴ

1226 991 1248 1012 ll.
1267 991 1328 1012 Alex.
1347 991 1408 1018 llal.‚
1434 991 1455 1013 S.
1482 997 1504 1018 p,
1527 991 1559 1013 lll.
1578 998 1600 1020 q.
1619 992 1641 1013 9.
1659 998 1690 1014 m.
1709 992 1729 1014 2.
1747 999 1767 1014 a.
1786 992 1807 1020 5,
1827 998 1856 1014 m.
1875 993 1896 1015 3.
1914 999 1934 1015 a.
1957 993 1974 1015 l.
1993 994 2013 1015 2.

1163 1042 1193 1045 ——
1210 1030 1283 1058 Scot.,
1302 1031 1323 1051 in
1342 1033 1440 1058 utroque
1466 1030 1555 1058 Scripto
1573 1031 1609 1052 hic
1626 1037 1648 1059 q.
1668 1031 1688 1052 11.
1708 1032 1779 1059 tangit
1795 1032 1961 1060 quaestionem.
1984 1045 2015 1048 —

1163 1070 1184 1091 S.
1204 1069 1300 1097 Thom„
1320 1070 1355 1091 hic
1373 1076 1395 1098 q.
1418 1070 1435 1092 l.
1454 1076 1474 1092 a.
1492 1070 1512 1092 2.
1531 1071 1674 1098 quaestiunc.
1693 1071 1721 1098 ‘23
1739 1071 1761 1092 S.
1780 1071 1821 1093 loc.
1841 1072 1876 1093 cit.
1895 1084 1926 1087 —-
1942 1072 1966 1094 B.
1980 1072 2015 1094 Al-

1162 1109 1232 1137 bert.,
1251 1110 1286 1131 hic
1304 1116 1323 1131 a.
1343 1110 1363 1131 (5.
1381 1116 1446 1138 seqq.
1457 1122 1488 1125 —-
1499 1110 1555 1132 Petr.
1574 1116 1586 1131 a
1605 1110 1671 1137 Tar.‚
1685 1110 1722 1132 hic
1734 1117 1755 1139 q.
1774 1111 1790 1132 l.
1804 1118 1823 1132 a.
1837 1111 1858 1133 2.
1871 1112 2014 1139 quaestiunc.

1162 1149 1183 1171 2.
1203 1161 1232 1164 —
1249 1149 1356 1171 Richard.
1374 1155 1385 1170 a
1405 1149 1474 1176 Med„
1493 1149 1529 1171 hic
1541 1155 1561 1171 a.
1583 1149 1601 1171 1.
1619 1156 1641 1178 q.
1659 1149 1680 1171 3.
1698 1161 1730 1165 —
1746 1150 1821 1178 AEgid.
1840 1150 1876 1178 R.,
1896 1151 1932 1173 hic
1949 1157 1971 1179 q.
1997 1151 2014 1173 1.

1162 1194 1182 1209 a.
1201 1188 1221 1209 3.
1240 1190 1262 1209 et
1278 1187 1334 1209 dul).
1353 1188 1389 1210 lat.
1408 1200 1439 1203 —-
1457 1188 1569 1215 Durand..
1588 1188 1625 1210 hic
1643 1195 1665 1217 q.
1684 1187 1705 1210 4.
1722 1189 1858 1217 —Dionys.
1871 1188 1962 1218 Carum,
1976 1190 2014 1212 liic

1162 1233 1184 1255 q.
1206 1227 1223 1248 l.
1242 1240 1272 1242 —
1289 1227 1347 1254 Biel,
1366 1228 1402 1249 liic
1420 1233 1441 1255 q.
1462 1227 1481 1249 l.
1500 1228 1520 1249 in
1540 1227 1590 1249 fine.

1029 1318 1193 1354 QUAESTlo
1215 1318 1244 1346 il.

429 1408 533 1436 Utrum
556 1407 587 1435 iu
605 1406 709 1444 prima
730 1405 964 1445 sanctificatione
985 1405 1016 1434 iu
1042 1405 1159 1443 Vimine
1180 1404 1273 1442 fuerit
1294 1406 1438 1434 emtinccu
1459 1405 1572 1443 fomitis
1596 1407 1839 1444 concupiscentia.

335 1507 462 1536 Secundo
484 1506 645 1544 quaeritur,
669 1509 764 1534 utrum
796 1506 821 1534 in
844 1505 935 1543 prima
957 1505 1108 1534 sanctitica-

258 1556 331 1583 tione
354 1555 380 1582 in
403 1554 515 1591 Virgine
537 1554 622 1582 fuerit
641 1554 744 1582 fomitis
760 1553 984 1590 concupiscentia
1005 1552 1108 1581 exstin-

256 1606 308 1632 cta.
332 1603 362 1630 Et
383 1602 458 1639 quod
481 1602 535 1636 sic,
558 1601 684 1630 videtur:

339 1651 362 1677 l.
385 1651 474 1678 Lucae
489 1649 580 1686 primo
591 1649 601 1663 ³
626 1649 729 1677 dicitur
744 1648 779 1676 ab
795 1648 896 1685 ¹&ngelo
918 1648 958 1676 ei:
975 1650 1035 1675 Ave
1050 1647 1108 1675 Μα-

259 1697 320 1731 ria,
334 1696 438 1734 yratiu
450 1696 554 1733 pleua;
570 1696 655 1732 igitur
670 1700 733 1724 ante
748 1695 902 1724 adventum
919 1694 975 1722 Filii
992 1694 1040 1723 Dei
1056 1694 1108 1722 fuit

257 1744 365 1781 repleta
387 1744 476 1781 gratia
502 1747 528 1772 et
551 1743 633 1780 plena
653 1751 750 1771 amore
781 1743 889 1776 divin03
918 1741 966 1770 sed
988 1741 1036 1770 ubi
1056 1744 1108 1770 test

257 1791 352 1828 aliquo
374 1791 457 1819 modo
472 1790 710 1827 concupiscentia,
732 1790 769 1818 ibi
792 1798 845 1817 non
861 1792 951 1826 potest
972 1796 1033 1817 esse
1048 1797 1108 1825 gra-

257 1839 294 1867 tia
317 1838 363 1867 Dei
387 1838 483 1875 plena:
507 1838 619 1866 videtur
641 1837 739 1874 igitur,
761 1836 837 1874 quod
860 1837 885 1864 in
909 1836 997 1873 prima
1022 1836 1109 1872 Virgi-

256 1887 299 1915 nis
321 1885 538 1915 sanctificatione
560 1885 663 1913 fomitis
678 1884 903 1922 concupiscentia
924 1884 1038 1912 omnino
1052 1883 1109 1912 sue—

257 1934 293 1961 rit
314 1932 461 1962 exstincta.

336 1981 362 2008 ⁶2.
385 1980 465 2012 ltem,
481 1979 654 2016 ubicumque
669 1981 711 2007 est
729 1978 829 2009 fomes.
845 1981 887 2006 est
909 1977 1058 2006 necessitas
1072 1977 1106 2005 ad

256 2027 369 2064 aliquod
393 2030 536 2064 peccatum
564 2025 709 2055 veniale⁴2
739 2033 806 2062 ergo
828 2033 891 2054 cum
921 2025 947 2053 in
977 2032 1009 2053 ea
1030 2024 1108 2052 nulla

256 2074 341 2103 fuerit
361 2073 495 2110 peccandi
522 2073 684 2107 necessitas,
710 2073 776 2110 quia
798 2073 825 2101 in
852 2080 884 2101 ea
909 2072 987 2101 nulla
1009 2072 1107 2109 culpa;

256 2129 323 2158 ergo
351 2121 476 2154 videtur,
506 2120 581 2157 quod
610 2120 714 2148 fomitis
742 2120 967 2157 concupiscentia
995 2120 1108 2148 omnino

256 2169 341 2197 fuerit
363 2169 389 2196 in
412 2176 444 2196 ea
465 2168 612 2197 exstincta.

336 2215 362 2243 3.
385 2215 465 2249 ltem,
493 2215 581 2243 fomes
610 2214 704 2243 reddit
729 2214 808 2243 illum
838 2213 978 2242 difficilem
1002 2214 1037 2243 ad
1063 2214 1108 2242 bo-

256 2270 338 2294 num.
367 2263 393 2290 in
416 2264 472 2299 quo
500 2265 557 2295 est;
579 2261 626 2289 sed
651 2261 678 2289 in
707 2261 788 2290 beata
810 2261 922 2297 Virgine
951 2260 1029 2289 nulla
1056 2261 1108 2289 fuit

257 2309 407 2338 difficultas
429 2309 463 2337 ad
488 2309 604 2337 bonum:
628 2316 694 2345 ergo
720 2308 844 2341 videtur,
874 2307 948 2345 quod
971 2311 1033 2344 post
1054 2308 1108 2344 pri-

256 2365 330 2385 mam
355 2356 600 2385 sanctificationem
627 2364 682 2384 non
708 2355 876 2384 remanserit
901 2355 927 2383 in
950 2362 983 2383 ea
1010 2363 1108 2384 concn-

256 2404 408 2441 piscentiae
430 2403 538 2431 vitium.

1243 1505 1270 1533 4.
1297 1505 1380 1539 ltem‚
1409 1505 1431 1534 si
1461 1509 1544 1534 tanta
1572 1507 1662 1543 gratia
1690 1506 1814 1535 fomitem
1844 1506 1959 1541 minuit,
1988 1510 2016 1535 et

1166 1553 1254 1580 maior
1276 1553 1365 1589 gratia
1387 1554 1475 1590 magis
1501 1554 1617 1587 minuit,
1639 1557 1666 1582 et
1688 1554 1809 1590 perfecta
1828 1554 1991 1591 simpliciter
2005 1554 2014 1567 ⁵

1164 1600 1333 1637 exstinguit3
1357 1600 1404 1629 sed
1427 1601 1564 1637 gloriosae
1587 1600 1690 1637 Virgini
1714 1601 1740 1629 in
1763 1601 1823 1638 ipsa
1845 1610 1896 1630 sua
1918 1602 2016 1630 sancti-

1164 1647 1291 1675 ficatione
1321 1648 1411 1684 primo
1443 1648 1541 1676 collata
1573 1648 1625 1676 fuit
1656 1648 1745 1684 gratia
1776 1649 1916 1685 perfecta:
1948 1656 2015 1686 ergo

1164 1693 1278 1722 omnino
1299 1694 1352 1722 snit
1373 1694 1399 1722 in
1423 1702 1455 1723 ea
1477 1695 1616 1723 exstincta
1637 1695 1868 1732 concupiscentia.

1244 1741 1297 1769 Sco
1319 1749 1443 1769 coNTnA:
1469 1743 1493 1769 l.
1517 1741 1705 1770 Damascenus
1733 1742 1814 1777 dicit,
1846 1745 1873 1771 et
1894 1742 2153 1771 habeturFundamenta-

1165 1788 1193 1816 in
1215 1788 1306 1817 littera
1319 1788 1343 1816 ³:
1372 1789 1460 1817 «Post
1482 1796 1647 1817 consensum
1665 1788 1785 1826 Virginis
1800 1789 1944 1826 praevenit
1959 1789 2016 1826 Spi-

1166 1836 1238 1864 ritus
1260 1839 1373 1864 sanctus
1396 1836 1422 1864 in
1446 1836 1535 1873 ipsam
1558 1836 1714 1864 secundum
1736 1836 1871 1869 verbum.
1886 1836 1962 1873 quod
1977 1836 2016 1864 di-

1166 1886 1249 1911 xerat
1269 1883 1390 1919 Angelus
1420 1883 1456 1911 ad
1488 1890 1566 1916 eam,
1599 1891 1724 1920 purgans
1765 1891 1826 1911 eam
1838 1894 1865 1917 »3
1887 1883 1935 1912 sed
1956 1891 2010 1911 non

1166 1930 1298 1967 purgavit
1318 1939 1335 1958 a
1356 1930 1453 1968 culpa:
1486 1939 1553 1967 ergo
1586 1930 1718 1967 purgavit
1748 1930 1784 1959 ab
1812 1930 1955 1967 originalis
1976 1938 2016 1959 se-

1166 1977 1264 2015 quela3
1296 1977 1364 2006 haec
1396 1981 1489 2006 autem
1521 1981 1562 2007 est
1584 1978 1686 2006 fomitis
1715 1978 1953 2015 concupiscentia:
1975 1986 2016 2007 er-

1166 2034 1200 2062 go
1221 2029 1272 2054 etc.

1246 2074 1271 2101 Ξ).
1300 2073 1382 2104 ltem,
1404 2072 1533 2109 Magister
1562 2072 1589 2100 in
1622 2072 1747 2101 littera⁷t
1782 2073 1920 2101 «Mariam
1950 2081 2016 2109 quo-

1166 2128 1221 2157 que
1252 2122 1336 2148 totam
1375 2119 1495 2156 Spiritus
1524 2122 1638 2148 sanctus
1669 2119 1853 2156 praeveniens
1884 2119 2016 2156 purgavit

1166 2170 1193 2195 et
1214 2175 1230 2195 a
1252 2167 1346 2195 fomite
1378 2166 1482 2203 peccati
1518 2166 1661 2200 liberavit,
1694 2166 1737 2194 vel
1768 2166 1893 2195 fomitem
1921 2166 2013 2203 ipsum

1165 2215 1277 2252 penitus
1299 2214 1520 2251 exstinguendo,
1536 2214 1580 2242 vel
1595 2214 1774 2243 extenuando
1783 2225 1810 2248 »3
1832 2214 1884 2243 hoc
1899 2214 1966 2243 dicit
1981 2214 2015 2242 de

1166 2261 1383 2290 sanctificatione
1415 2261 1553 2289 secunda:
1586 2268 1652 2297 ergo
1673 2264 1737 2289 ante
1762 2261 1850 2297 ipsam
1882 2268 1936 2288 non
1964 2260 2016 2288 fuit

1165 2308 1253 2337 fomes
1274 2307 1438 2336 exstinctus.

1245 2354 1270 2383 3.
1294 2354 1377 2385 Item,
1400 2354 1559 2383 Bernardus
1582 2355 1608 2382 in
1641 2354 1762 2391 quadam
1785 2354 1933 2382 homilias:
1962 2354 2015 2383 «ln

1166 2402 1308 2439 proposito
1331 2402 1451 2438 Virginis
1482 2405 1542 2430 erat
1573 2401 1697 2430 omnium
1721 2402 1867 2430 hominum
1889 2401 2016 2438 frequen-

321 2545 440 2574 1Qunest.
466 2552 531 2574 seqq.
558 2558 589 2561 —
614 2546 683 2567 Paulo
709 2548 761 2567 ante
786 2552 829 2573 pro
854 2544 944 2568 iiizmda
971 2545 1038 2568 codd.
1067 2545 1109 2567 UZ

257 2585 381 2608 mundata.
936 2593 952 2595 *s

320 2624 329 2638 ‘—¹
347 2625 377 2646 De
395 2625 477 2647 Natura
495 2627 517 2647 et
534 2625 619 2652 gretia,
638 2631 657 2646 c.
676 2625 712 2646 36.
731 2630 752 2646 n.
775 2624 811 2646 4⁴2.
839 2624 914 2646 Verba
938 2623 1051 2646 habentur
1073 2624 1109 2646 hic

257 2665 278 2685 in
297 2664 327 2685 lit.
346 2664 456 2691 Magistri,
475 2670 494 2686 c.
513 2665 534 2686 2.
553 2676 583 2679 —
600 2664 675 2685 Locus
691 2663 824 2691 Scripturae
841 2667 874 2685 est
893 2663 907 2685 Ι.
925 2663 984 2685 Ioan.
1007 2664 1031 2690 l⁷
1045 2663 1065 2684 8.
1079 2675 1109 2678 —-

258 2703 327 2724 Paulo
345 2704 452 2730 superius
470 2703 523 2725 edd.
542 2703 647 2725 omittunt
665 2702 734 2725 unde.

319 2741 329 2756 ³
347 2742 412 2764 Vers.
430 2742 466 2763 28.
486 2755 515 2757 —
528 2742 612 2765 Fomes
631 2742 833 2770 (concupiscentia)
852 2742 960 2764 definitur
977 2748 988 2763 a
1002 2742 1109 2769 Magistro

257 2781 352 2810 quidam
371 2781 493 2803 morbidus
511 2782 619 2808 affectus,
639 2782 677 2810 qui
696 2784 830 2803 commovet
853 2781 882 2803 ad
905 2781 1046 2803 desiderium
1071 2781 1109 2802 illi-

257 2822 327 2843 citum
347 2821 399 2847 (cfr.
419 2821 440 2842 ll.
459 2821 520 2842 Sent.
540 2821 569 2842 lit.
587 2821 704 2848 Magistri,
723 2820 745 2842 d.
764 2821 838 2842 XXX.
857 2827 875 2842 c.
895 2821 916 2842 8.
935 2823 956 2842 et
978 2820 999 2842 d.
1024 2820 1108 2842 XXXl.

257 2866 276 2882 c.
295 2860 334 2888 3.).
352 2872 383 2876 —
400 2860 422 2881 ln
441 2859 485 2881 linc
504 2866 552 2887 arg.
572 2863 623 2887 post
640 2859 713 2889 fuem'l
730 2859 780 2881 eod.
800 2860 818 2888 Q
837 2859 900 2881 addit
917 2859 940 2881 iii
958 2865 992 2882 ea.

320 2899 329 2913 ⁴
347 2899 405 2921 Vide
423 2899 446 2920 ll.
465 2899 525 2920 Sent.
544 2899 574 2920 lit.
593 2899 692 2926 Magistri
710 2898 733 2920 d.
752 2898 812 2920 XXI.
830 2905 849 2920 c.
868 2899 889 2920 6.
908 2902 929 2920 et
947 2897 1075 2920 Comment.
1088 2904 1108 2920 a.

257 2939 278 2960 2.
297 2945 318 2967 q.
338 2939 358 2960 3.
377 2944 418 2960 nec
436 2944 480 2960 non
499 2937 554 2959 dub.
575 2937 595 2959 4.
613 2950 643 2953 ——
662 2938 730 2960 Paulo
743 2938 851 2965 superius
863 2941 915 2960 ante
932 2938 967 2960 est
982 2936 1109 2960 necessitas

257 2977 324 2999 codd.
342 2977 387 2999 ΝΠ
404 2978 542 2999 interiiciunt
559 2976 596 2999 ihi.

1230 2545 1240 2559 ⁵
1257 2545 1313 2567 Edd.
1331 2544 1450 2572 totaliter,
1471 2544 1603 2572 complures
1621 2543 1689 2566 codd.
1706 2543 1821 2566 similiter.
1835 2544 1903 2565 Paulo
1921 2543 2015 2565 inferius

1167 2591 1210 2612 pro
1224 2585 1304 2614 primo
1321 2585 1374 2607 edd.
1393 2590 1445 2606 eum
1464 2584 1515 2606 cod.
1534 2583 1565 2606 bb
1582 2583 1669 2612 prima.

1230 2623 1240 2637 ⁶
1257 2624 1297 2645 Hic
1315 2630 1334 2645 c.
1357 2624 1374 2644 l.
1392 2635 1422 2638 —
1440 2623 1492 2644 Post
1513 2621 1614 2644 habetur
1635 2621 1702 2643 codd.
1721 2621 1912 2649 GKLQVZaa
1930 2620 2016 2643 subne-

1167 2665 1230 2685 ctunt
1247 2662 1326 2685 etiam.

1232 2701 1241 2715 ⁷
1257 2702 1297 2723 Hic
1315 2707 1333 2723 c.
1356 2702 1373 2723 1.

1229 2739 1238 2754 8
1258 2740 1339 2761 Homil.
1358 2740 1379 2761 3.
1397 2745 1468 2767 super
1485 2738 1573 2762 Missus
1589 2739 1636 2766 est,
1656 2744 1677 2760 n.
1697 2738 1719 2765 i,
1739 2737 1778 2759 ubi
1796 2739 1870 2759 textus
1882 2737 2014 2764 originalis:

1167 2780 1188 2802 ln
1207 2780 1326 2807 proposito
1344 2779 1446 2806 Virginis
1463 2782 1511 2801 erat
1530 2779 1651 2800 hominum
1667 2777 1751 2806 supere
1766 2775 1920 2806 frequentias,
1939 2776 2015 2799 vilare.

1166 2818 1297 2848 colloquia,
1319 2825 1369 2840 ne...
1388 2817 1528 2841 continentis
1545 2819 1635 2840 castitas
1653 2819 1782 2838 tentaretur.
1796 2828 1826 2831 ——
1838 2816 1881 2837 Pro
1893 2815 2013 2843 omnium,

1167 2858 1230 2887 quod
1243 2858 1305 2879 deest
1319 2858 1340 2879 in
1358 2860 1409 2879 texi.
1423 2857 1505 2884 origin.
1518 2859 1539 2878 et
1556 2857 1577 2878 in
1595 2855 1646 2877 cod.
1664 2855 1703 2883 bb,
1716 2854 1784 2877 codd.
1795 2855 1812 2876 fi
1822 2854 1839 2875 H
1851 2854 1868 2876 K
1879 2854 1895 2875 L
1906 2854 1923 2875 T
1935 2853 1952 2875 V
1963 2854 1979 2875 Z
1989 2860 2014 2875 aa

1167 2903 1268 2919 omnem.
1293 2896 1361 2918 Paulo
1384 2896 1478 2917 interius
1503 2894 1577 2917 verbo
1598 2893 1788 2923 concupiscentia
1809 2893 1862 2915 edd.
1886 2892 2015 2920 praefigunt

1165 2936 1262 2965 fomitis.
1282 2937 1302 2957 ln
1322 2936 1417 2957 lectione
1435 2934 1511 2959 codd.,
1529 2939 1599 2962 qnam
1618 2934 1759 2960 recepimus,
1777 2932 1859 2960 supple
1871 2933 1892 2953 in
1905 2932 1949 2953 sinc
1967 2937 2015 2959 arg,

1165 2975 1213 3005 som
1217 2982 1240 2998 es
1245 2992 1250 2997 .
