2166 3366
7 1316 42 1335 iDu
46 1316 87 1340 ple:
103 1321 140 1334 ma-

24 1339 101 1362 anitudo
120 1339 140 1357 si-

69 1414 138 1432 Prima.

50 1975 141 1995 Secunda.

41 2210 145 2229 subdistin-

867 199 948 227 DlST.
972 198 1049 227 XXV.
1072 198 1178 227 DUBlA.

148 284 243 309 utrum
266 280 438 309 credendum
460 279 510 314 sit,
534 278 576 307 vel
599 287 652 307 non
675 278 864 313 credendum⁷
887 278 992 306 ratione

148 335 200 355 non
217 326 467 363 comprehendunt.
482 326 532 354 Alii
550 333 614 354 vero
630 325 735 354 ratione
750 325 905 362 approbant
917 325 991 362 quod

148 373 202 402 side
222 373 275 402 iam
291 373 418 402 credunt.
434 373 481 401 Alii
506 380 572 402 vero
593 372 667 410 quod
689 372 743 401 tide
765 372 884 401 credunt
904 376 931 402 et
954 382 993 401 ra-

149 420 221 449 tione
242 420 398 457 approbant
427 419 590 457 purificatae
613 419 713 448 mentis
736 419 916 457 intelligentia
947 428 993 449 ex-

1837 197 1890 224 5:51

1050 276 1207 313 periuntur.
1236 275 1264 304 ln
1287 275 1385 312 primis
1405 274 1468 303 sola
1489 274 1561 311 fides
1582 274 1646 303 facit
1666 274 1846 306 electionem;
1869 274 1895 302 in

1050 322 1181 351 secundis
1206 322 1276 350 ratio
1302 321 1439 359 aclitttigyit
1461 321 1720 358 approbationem‚·
1749 321 1774 349 in
1809 320 1896 349 tertiis

1048 369 1168 406 puritas
1184 368 1388 406 intelligentiae
1401 368 1587 405 apprehendit
1606 368 1842 397 certitudinem».
1859 383 1897 388 —-

1052 416 1082 444 Et
1103 415 1142 445 sic
1164 418 1238 453 patet
1260 415 1403 452 responsio
1425 415 1460 444 ad
1483 415 1653 452 propositam
1675 414 1866 452 quaestionem
1881 414 1896 442 ¹.

730 520 827 549 DUBlA
849 520 942 549 ClRCA
966 521 1130 550 iil'i'TEssAM
1153 522 1314 550 MAGlS'I'Rl.

517 606 584 634 Diui.
608 607 624 634 l.

228 700 254 728 ln
278 704 355 737 parte
378 699 430 729 ista
451 703 516 729 sunt
537 701 714 738 quaestiones
728 701 802 730 circa
818 702 952 736 litteram,
968 705 995 731 et

149 746 240 784 primo
267 746 414 783 quaeritur
435 746 470 775 de
493 747 544 775 hoc
565 747 640 784 quod
662 747 746 776 dicit:
770 748 856 776 Fides
883 756 994 786 magna

149 793 260 822 dicitur
282 793 444 831 coynitionc
472 797 496 822 et
525 794 723 823 articulorum
745 795 924 833 quantitate,
952 795 996 824 vel

149 840 316 869 constantia
337 844 362 868 et
377 841 530 869 devotione.
548 841 665 870 Videtur
680 842 752 870 enim
770 842 861 879 primo
876 842 920 871 hic
935 850 996 871 esse

149 887 344 925 superfluitas,
375 888 441 925 quia
470 888 602 925 magister
631 889 729 925 liugo²
760 898 813 917 non
844 889 920 926 ponit
944 890 995 918 nisi

149 934 221 969 duo,
243 935 398 964 secundum
426 944 497 972 quae
519 936 673 964 attenditur
695 936 836 973 proiectus
858 936 939 971 fidei,
962 937 999 965 vi-

150 981 249 1011 delicet
264 982 456 1020 coynz‘tionem
471 986 497 1011 et
512 982 691 1020 allectionem
697 994 707 1017 ;
727 983 856 1020 Magister
872 992 938 1012 vero
953 992 998 1021 po-

149 1028 189 1057 nit
211 1029 256 1058 liic
277 1033 416 1066 quatuor:
438 1038 505 1066 ergo
527 1030 653 1064 videtur,
685 1030 760 1067 quod
794 1031 839 1059 ille
864 1031 899 1059 sit
921 1031 999 1059 dimi-

149 1079 251 1111 nutus,
274 1076 316 1105 vel
333 1076 391 1114 ipse
406 1076 577 1114 superfluus.
594 1093 632 1097 —
647 1077 727 1112 item,
743 1077 840 1106 eadem
856 1078 927 1112 fule,
943 1086 998 1115 qna

150 1123 275 1152 creditur
297 1132 371 1152 unus
392 1123 544 1157 articulus,
559 1124 715 1152 creduntur
736 1128 763 1153 et
784 1125 868 1153 ceteri
882 1124 909 1152 ³:
932 1133 998 1161 ergo

151 1178 204 1199 non
227 1170 354 1205 videtur,
375 1170 450 1208 quod
473 1170 583 1199 dicatur
614 1179 726 1208 mayna
757 1171 792 1200 ab
813 1171 998 1200 articulorum

150 1217 312 1255 quantitate.

230 1264 409 1293 Rsssvommo:
433 1263 586 1293 Dicendum
620 1268 661 1293 est
682 1264 717 1293 ad
741 1265 810 1299 hoc,
833 1265 908 1302 quod
931 1265 999 1294 sides

154 1310 294 1348 duplicem
317 1311 400 1339 habet
422 1311 662 1348 magnitudinem:
680 1320 764 1340 unam
788 1319 837 1348 per
859 1320 1000 1348 compara-

153 1358 254 1387 tionem
286 1358 327 1387 (ιιι
354 1358 517 1391 obiectum5
538 1361 565 1387 et
587 1358 654 1387 haec
676 1358 830 1387 attenditur
853 1359 878 1386 in
900 1359 1000 1387 articu—

153 1405 243 1434 lorum
266 1405 436 1442 quantitate,
458 1409 485 1434 et
509 1409 623 1434 vocatur
643 1406 686 1435 hic
706 1406 890 1434 articulorum
911 1414 1000 1444 altian-

155 1453 224 1482 titas
256 1453 381 1490 ipsorum
414 1453 597 1482 articulorum
628 1453 765 1489 dignitas:
787 1453 897 1481 articuli
925 1453 998 1481 enim

152 1508 205 1529 non
228 1503 293 1529 suut
321 1500 356 1529 de
388 1508 566 1537 quacumque
596 1500 726 1531 veritate.
752 1500 800 1528 sed
823 1500 857 1528 de
880 1500 999 1529 Veritatc

153 1555 263 1576 summa
275 1547 294 1574 ⁴.
318 1547 348 1575 Et
369 1554 453 1584 penes
476 1547 527 1575 hoc
548 1546 699 1584 quantita-s
721 1546 784 1575 tidei
807 1546 931 1583 aequalis
959 1549 1000 1575 cst

153 1594 307 1623 secundum
328 1593 517 1623 diversitatem
533 1597 708 1630 temporum,
723 1593 847 1630 aequalis
862 1597 903 1622 est
917 1593 999 1621 etiam

154 1641 309 1670 secundum
338 1640 527 1677 pluralitatem
549 1640 748 1673 articulorum,
770 1643 905 1677 quantum
921 1640 955 1668 ad
973 1640 998 1668 id

153 1688 229 1725 quod
244 1691 286 1717 est
301 1688 327 1715 in
343 1687 382 1716 eis
394 1686 577 1724 principale,
593 1687 697 1716 scilicet
708 1690 844 1724 quantum
859 1687 893 1715 ad
912 1686 998 1723 ipsam

154 1735 274 1773 primam
307 1734 476 1768 Veritatem3
509 1737 643 1771 quantum
667 1742 734 1763 vero
755 1734 789 1762 ad
812 1737 999 1762 connotatnin

155 1782 225 1811 bene
248 1784 339 1818 posset
360 1781 488 1815 concedi,
511 1781 585 1818 quod
617 1788 691 1809 unus
723 1780 858 1809 articulus
890 1783 931 1809 est
963 1780 1000 1808 di-

155 1829 234 1866 gnior
255 1828 324 1863 alio,
347 1831 377 1857 ut
400 1828 437 1856 illi
460 1828 507 1865 qui
529 1832 594 1856 sunt
615 1828 649 1856 de
672 1827 837 1862 Divinitate,
860 1827 1000 1864 digniores

155 1879 236 1909 sunt,
258 1884 342 1913 quam
365 1875 403 1903 illi
426 1875 472 1912 qui
496 1878 560 1903 sunt
582 1875 616 1904 de
637 1875 810 1903 humanitate
824 1874 842 1902 ⁵.

235 1923 320 1951 ilabet
348 1922 430 1951 etiam
453 1922 672 1959 magnitudinem
695 1929 745 1959 per
766 1922 1000 1958 comparationem

156 1971 197 1999 acl
215 1970 395 2002 subiectum;
416 1973 443 1998 et
464 1969 530 2006 quia
551 1969 621 1998 tides
642 1969 754 2006 respicit
783 1969 940 1998 subiectum
963 1976 1001 1997 se-

156 2017 280 2047 cundum
310 2016 447 2053 triplicem
471 2016 543 2050 vim,
565 2015 694 2044 videlicet
726 2016 881 2044 secundum
910 2019 1003 2052 poten-

157 2065 222 2093 tiam
252 2063 452 2092 intellectivam
482 2065 508 2091 et
537 2062 692 2091 secundum
719 2063 869 2099 potentiam
897 2062 1002 2100 allecti-

158 2119 223 2140 vanz
252 2114 279 2139 et
301 2109 455 2139 secundum
479 2109 628 2146 potentiam
652 2109 945 2145 itite1·p1·etativa7n⁶‚·
963 2116 1003 2137 se-

157 2158 282 2187 cundum
303 2158 355 2186 hoc
370 2156 523 2185 attenditui·
547 2156 573 2184 in
589 2155 643 2184 side
658 2155 831 2192 inaynitudo
847 2156 1001 2184 secundum

159 2205 296 2242 triplicem
320 2204 454 2237 modum,
484 2203 612 2232 videlicet
633 2210 683 2239 pei·
704 2202 939 2239 comparationem
967 2203 1003 2231 ad

158 2251 360 2280 intellectivam
382 2250 485 2279 dicitur
508 2258 607 2286 magna
622 2249 802 2287 eogynitt'onc,
824 2256 874 2286 pei·
895 2257 1004 2285 compa-

158 2297 293 2326 rationem
325 2297 360 2326 ad
392 2295 557 2334 affectivam
589 2295 692 2324 dicitur
716 2303 816 2331 magna
838 2295 1002 2328 devotione,

109 2340 111 2342 ’
157 2352 208 2382 per
229 2343 464 2381 comparationem
487 2343 522 2371 ad
546 2342 796 2379 interpretativum
826 2341 928 2370 dieitur
950 2350 1005 2370 ma-

158 2399 212 2428 gna
233 2390 408 2420 constantia.
431 2390 508 2418 'l'unc
530 2389 604 2418 enim
620 2389 690 2417 tides
705 2391 834 2417 constans
848 2392 905 2422 est,
921 2396 1006 2425 quan-

1051 608 1087 637 do
1108 608 1209 646 aliquis
1231 608 1317 637 libere
1339 608 1492 645 confitetur
1514 609 1588 645 quod
1610 609 1724 637 cretlit⁷.
1749 609 1778 637 Et
1793 609 1831 638 sic
1854 617 1899 646 pa-

1051 658 1089 684 tet
1110 656 1318 693 praedictorum
1341 659 1463 693 quatuor
1485 663 1621 684 numerus
1642 659 1669 684 ct
1690 656 1864 685 sufficientia.

1130 703 1214 731 Aliter
1246 706 1335 739 potest
1363 703 1415 731 dici
1438 706 1465 730 ct
1488 703 1575 739 magis
1597 703 1750 731 secundum
1775 703 1899 731 intentio·
1913 709 2040 751 **ss¹s3¹.2»=⁵»‘'f¹.'1¹‡{2⁰

1052 758 1114 779 nem
1138 750 1274 787 Magistri,
1297 750 1372 786 quod
1395 757 1459 778 cum
1482 749 1552 778 tides
1574 749 1704 786 respiciat
1727 749 1898 778 intellectam
1929 748 1985 773 nors

1052 800 1079 825 et
1099 796 1252 834 allectum,
1285 796 1440 825 secundum
1463 796 1537 833 quod
1560 796 1666 833 supra*
1688 796 1813 824 habitum
1843 800 1898 829 est,

1054 843 1215 879 magnitudo
1237 843 1297 872 eius
1318 842 1440 871 sumitur
1462 845 1517 870 tam
1540 850 1575 870 ex
1600 846 1676 879 parte
1710 842 1794 870 huius
1815 850 1899 879 quam

1053 898 1088 918 ex
1112 893 1190 927 parte
1214 890 1296 918 illius.
1319 891 1337 918 A
1358 893 1437 927 parte
1458 892 1552 918 autem
1576 889 1732 917 intellectus
1751 890 1900 926 dupliciter

1055 940 1143 975 potest
1170 937 1273 966 attendi
1306 937 1404 966 maior
1427 937 1599 973 maynittttlo
1622 937 1647 965 in
1671 936 1742 965 lide:
1765 940 1814 965 aut
1835 937 1900 974 quia

1054 985 1168 1014 clarius
1197 986 1337 1022 cognoscit
1357 985 1448 1022 ipsum
1472 985 1626 1019 creditum,
1648 989 1697 1013 aut
1718 985 1783 1022 quia
1805 994 1902 1022 cogno-

1054 1032 1106 1061 scit
1127 1033 1219 1069 ipsum
1241 1032 1272 1060 in
1290 1032 1429 1069 pluribus
1451 1032 1508 1061 sive
1530 1032 1696 1061 distinctius.
1713 1032 1803 1060 Primo
1819 1032 1901 1061 modo

1055 1079 1158 1108 dicitur
1181 1079 1250 1108 sides
1272 1087 1371 1116 magna
1400 1079 1583 1117 cognitione:
1604 1080 1742 1113 secundo,
1764 1079 1902 1108 articulo-

1056 1135 1123 1154 rinn
1146 1126 1324 1164 quantitate,
1347 1126 1412 1163 quia
1434 1126 1567 1155 articulos
1589 1126 1664 1155 novit
1687 1127 1786 1155 melius
1808 1127 1902 1155 distin-

1056 1181 1150 1210 guere.
1172 1189 1210 1193 —
1231 1173 1363 1201 Similiter
1384 1181 1419 1201 ex
1442 1177 1520 1210 parte
1552 1173 1672 1210 alliu-ens
1694 1173 1844 1210 dupliciter
1864 1177 1902 1201 at-

1056 1220 1180 1248 tenditui·
1203 1220 1382 1257 magnitudo:
1405 1224 1453 1248 aut
1468 1220 1533 1257 quia
1548 1220 1667 1256 firmius
1688 1221 1837 1255 adhaeret,
1853 1223 1902 1250 aut

1055 1266 1121 1303 quia
1142 1266 1292 1295 intensius.
1315 1267 1406 1295 Primo
1427 1267 1509 1295 modo
1531 1267 1633 1296 dicitur
1648 1275 1708 1296 esse
1725 1276 1824 1304 magna
1839 1276 1902 1295 con-

1055 1314 1183 1347 stantia,
1205 1314 1328 1342 secundo
1351 1314 1432 1342 modo
1454 1314 1556 1342 dit-itur
1578 1322 1677 1350 magna
1699 1314 1852 1343 (levatione.
1873 1315 1902 1343 lit

1057 1360 1094 1388 sic
1117 1360 1168 1389 ista
1189 1363 1310 1397 quatuor
1333 1360 1508 1389 reducuntur
1522 1360 1556 1389 ad
1575 1360 1620 1388 illa
1642 1361 1714 1391 duo,
1735 1369 1807 1397 quae
1826 1362 1902 1398 ponit

1058 1407 1189 1444 magister
1205 1408 1290 1443 llugo.
1302 1424 1339 1428 -—
1354 1408 1382 1436 Et
1398 1416 1447 1444 per
1464 1408 1514 1435 hoc
1531 1411 1603 1444 patet
1620 1408 1762 1444 responsio
1777 1408 1811 1436 ad
1831 1408 1904 1437 obie-

1057 1457 1118 1488 cta3
1142 1457 1215 1491 patet
1236 1455 1335 1487 etiam,
1358 1454 1431 1491 quod
1455 1463 1507 1482 non
1531 1458 1571 1482 est
1593 1454 1686 1491 aliqua
1708 1455 1902 1490 contrarietas,

1058 1509 1107 1529 nec
1127 1505 1168 1529 est
1191 1500 1398 1538 superfluitas&

1422 1595 1488 1623 Dt'n.
1511 1595 1538 1623 ll.

1136 1689 1201 1717 ltem
1224 1689 1370 1725 quaeritur
1392 1688 1426 1717 dc
1449 1689 1499 1717 hoc
1521 1689 1595 1726 quod
1612 1689 1696 1718 dicit:
1721 1690 1903 1725 Quibusdam

1058 1736 1184 1769 vitietur,
1208 1736 1285 1773 qnod
1308 1735 1455 1773 suffecerit
1481 1735 1538 1764 illis
1559 1740 1687 1774 quatuor
1710 1740 1824 1765 tantum
1846 1746 1905 1766 crc-

1057 1783 1124 1811 dere
1135 1805 1144 1816 ,
1165 1782 1273 1810 scilicet
1297 1782 1478 1810 nativitatem
1500 1786 1525 1810 et
1539 1786 1662 1811 mortem
1678 1787 1703 1811 ct
1717 1784 1905 1813 resurrectio-

1058 1838 1120 1857 nem
1143 1833 1167 1857 el
1189 1829 1346 1857 adventum
1367 1829 1408 1857 ad
1430 1829 1582 1857 iudicium.
1611 1829 1680 1858 Cum
1702 1830 1776 1859 enim
1799 1831 1843 1859 isti
1863 1839 1905 1859 ar-

1028 1902 1029 1911 ,
1059 1876 1133 1905 ticuli
1158 1876 1193 1905 ita
1217 1876 1284 1904 bene
1299 1879 1391 1904 essent
1407 1876 1506 1912 ignoti.
1522 1876 1593 1904 sicut
1608 1876 1671 1910 alii;
1688 1877 1814 1910 videtur,
1830 1878 1904 1914 quod

1057 1931 1111 1951 non
1139 1923 1227 1959 magis
1259 1926 1420 1951 tenerentur
1442 1930 1608 1959 cognoscere
1629 1923 1695 1952 istos
1716 1932 1800 1960 quam
1827 1924 1904 1953 alios.

1057 1987 1095 1991 -—
1116 1970 1267 2007 Quaeritur
1287 1978 1368 2006 ergo:
1391 1978 1479 2007 quare
1501 1970 1589 2007 magis
1617 1970 1756 2000 debebant
1778 1971 1829 2000 ista
1850 1980 1906 2001 cre·
1919 1981 2014 2003 Quaestio.

1058 2017 1125 2045 dere
1147 2017 1181 2045 de
1204 2016 1352 2045 Mediatore
1374 2024 1458 2053 quam
1481 2017 1552 2045 alia?

1140 2064 1318 2092 Rcsroxneo:
1342 2063 1512 2098 Dicendum,
1533 2064 1608 2101 quod
1631 2065 1683 2093 ista
1698 2068 1818 2102 quatuor
1833 2065 1907 2103 prin-

1059 2110 1185 2147 cipaliter
1206 2110 1325 2139 debebat
1347 2110 1450 2139 habere
1472 2110 1541 2140 fides
1563 2111 1693 2146 illorum,
1713 2112 1817 2149 quibus
1838 2113 1906 2141 inni-

1060 2156 1202 2185 tebatur¹⁰
1224 2160 1356 2193 tanquam
1389 2157 1476 2193 magis
1497 2161 1665 2194 opportuna.
1687 2158 1754 2187 Nam
1782 2159 1906 2196 primum
1920 2171 2036 2190 Notandum.

1059 2203 1172 2240 quidem
1195 2203 1346 2232 credebant
1368 2207 1499 2241 tanquam
1533 2204 1621 2241 ipsius
1651 2204 1721 2241 fidei
1750 2206 1906 2234 Mediatoris

1061 2250 1292 2284 fundamentum,
1324 2250 1452 2279 videlicet
1482 2250 1570 2287 ipsam
1592 2251 1783 2280 nativitatem.
1805 2269 1843 2272 —
1864 2253 1907 2281 Se-

1061 2297 1184 2325 cundum
1208 2304 1290 2330 vero,
1322 2296 1451 2325 videlicet
1473 2297 1560 2333 ipsam
1581 2298 1766 2334 passionem,
1788 2301 1819 2326 ut
1846 2306 1907 2335 pro-

1061 2346 1173 2371 vocaret
1194 2343 1228 2371 ad
1252 2351 1391 2371 amorem.
1407 2358 1446 2364 —
1461 2343 1584 2372 Tertium
1601 2351 1682 2377 vero,
1698 2343 1801 2373 scilicet
1818 2344 1906 2382 ipsam

1061 2389 1324 2422 resurrectionem,
1340 2392 1370 2417 ut
1385 2389 1544 2418 sublevaret
1563 2389 1599 2418 ad
1620 2398 1707 2426 spem.
1719 2390 1906 2426 —Quartum

157 2524 210 2547 tidei
228 2525 267 2547 tria
281 2530 364 2552 genera
382 2524 524 2546 credentium
538 2523 692 2545 inveniuntur.
710 2521 808 2550 Quidam
821 2522 882 2544 enim
901 2522 1003 2544 fideles...

159 2563 253 2591 eligunt,
271 2562 334 2591 quod
352 2565 440 2589 tamen,
458 2564 535 2584 utrum
547 2562 575 2583 sit
587 2561 742 2587 credendum,
760 2567 788 2582 an
802 2566 846 2582 non
864 2560 1005 2583 credendum

160 2602 198 2629 sit,
222 2602 307 2623 ratione
325 2607 370 2623 non
393 2600 600 2628 comprehendunt.
621 2600 662 2621 Alii
684 2600 770 2621 rationo
791 2598 922 2627 approbant
943 2599 1005 2627 quod

161 2640 205 2663 tide
221 2640 325 2662 credunt.
343 2640 383 2662 Alii
402 2640 499 2667 puritate
517 2638 593 2661 cordis
610 2641 632 2660 ot
649 2638 734 2660 munda
753 2638 889 2660 conscientia
912 2638 1006 2660 interius

161 2680 205 2702 iam
223 2681 316 2707 gustare
333 2679 443 2706 incipiunt
459 2678 523 2707 quod
540 2677 586 2700 nde
603 2677 706 2700 crodunt.
725 2677 747 2699 ln
765 2677 846 2704 primis
869 2677 916 2699 sola
934 2677 1006 2705 pietas

161 2719 213 2741 tacit
229 2718 363 2740 electionem
380 2720 422 2740 etc.
436 2730 466 2734 -
477 2717 541 2739 Circa
559 2717 647 2738 initium
666 2716 787 2739 testimonii
804 2722 857 2738 cum
876 2715 928 2738 edd.
946 2722 1007 2738 rece-

161 2758 239 2785 pimus
255 2756 348 2780 dicersa
366 2759 423 2785 (pro
441 2755 487 2779 tria
505 2757 526 2778 in
545 2758 605 2778 textu
627 2756 733 2783 origia),
751 2755 814 2784 quod
831 2756 853 2776 in
877 2755 944 2777 codd.
968 2755 1006 2777 de-

162 2795 282 2818 sideratui·.

228 2835 234 2849 ¹
254 2834 312 2857 Vide
331 2835 432 2857 scholion
450 2834 479 2856 ad
501 2835 518 2856 1.
537 2834 605 2856 huius
621 2834 708 2856 articuli
727 2836 814 2862 quaest.

226 2873 236 2888 ²
252 2874 313 2896 Libr.
331 2874 344 2896 l.
363 2873 391 2896 de
408 2874 508 2895 Sacram.
528 2879 550 2901 p.
569 2872 596 2894 X.
614 2879 633 2894 c.
652 2872 672 2894 4.
692 2872 749 2894 Vide
771 2878 841 2900 supra
863 2878 883 2894 a.
907 2872 928 2894 2.
946 2878 967 2900 q.
986 2872 1007 2894 3.

165 2913 186 2935 in
204 2918 267 2940 corp.

227 2952 237 2967 ³
253 2952 298 2975 Cir.
315 2959 384 2980 supra
403 2952 425 2975 d.
444 2952 480 2974 23.
498 2958 518 2974 a.
540 2952 558 2974 l.
570 2958 592 2980 q.
610 2951 631 2973 3.

230 2991 238 3005 ⁴
255 2991 312 3013 Vide
329 2998 398 3019 supra
416 2991 438 3013 d.
451 2991 488 3013 25.
506 2997 525 3013 a.
544 2991 564 3012 3.
578 2997 599 3018 q.
617 2991 638 3012 2.
655 3002 685 3006 —-
703 2989 772 3012 Paulo
789 2990 895 3017 superius
913 2995 954 3017 pro
971 2988 1008 3012 liic

1063 2522 1224 2545 articulorum
1241 2521 1374 2552 quantitas,
1393 2522 1439 2544 sola
1459 2522 1508 2544 Vat.
1527 2521 1584 2545 haec
1600 2522 1759 2546 articulorum
1777 2523 1906 2553 quantitas,

1062 2561 1232 2589 refragantibus
1249 2561 1317 2583 codd.
1334 2564 1356 2583 ct
1373 2561 1422 2583 aliis
1438 2560 1492 2583 edd.

1125 2600 1135 2614 ⁵
1151 2600 1196 2622 Cir.
1213 2606 1284 2628 supra
1301 2600 1324 2622 d.
1342 2600 1378 2622 24.
1396 2607 1416 2623 a.
1437 2601 1456 2622 1.
1474 2607 1496 2629 q.
1514 2602 1535 2623 2.

1124 2639 1134 2654 θ
1152 2639 1205 2661 Sive
1227 2639 1412 2667 sermocinalem,
1436 2640 1470 2662 vel
1494 2639 1609 2668 loquendi.
1631 2639 1676 2662 Cir.
1698 2640 1802 2668 opuscul.
1821 2640 1849 2663 de
1867 2641 1907 2663 Re-

1063 2678 1170 2708 ductione
1183 2679 1266 2700 artium
1283 2678 1312 2700 ad
1326 2678 1424 2706 theolog.
1436 2690 1468 2695 -
1479 2678 1582 2701 Subinde
1599 2684 1641 2706 pro
1653 2678 1784 2702 secandum
1796 2678 1839 2702 hoc
1855 2679 1906 2702 Vat.

1063 2715 1193 2740 secundum
1209 2715 1281 2744 haec,·
1298 2716 1348 2738 cod.
1366 2722 1392 2738 aa
1410 2716 1453 2740 hoc
1469 2716 1538 2739 modo
1555 2716 1685 2740 attenditur
1702 2716 1772 2740 etiam
1788 2717 1844 2747 fidei
1859 2724 1908 2741 ma-

1063 2755 1163 2785 ynitndo
1180 2758 1222 2778 etc.

1127 2794 1137 2808 ⁷
1153 2794 1219 2816 Rom.
1247 2795 1279 2821 ¹0,
1306 2795 1347 2817 10:
1369 2793 1443 2817 Corde
1464 2795 1525 2816 enim
1548 2795 1648 2817 creditur
1669 2795 1699 2817 ad
1722 2796 1845 2823 iustitiam,
1868 2802 1908 2819 ore

1064 2836 1141 2855 autem
1159 2833 1271 2855 confessio
1288 2833 1311 2855 fit
1328 2833 1358 2855 ad
1375 2834 1478 2855 salutem.

1127 2871 1137 2886 ⁸
1155 2872 1208 2894 Dist.
1227 2872 1263 2894 23.
1281 2878 1301 2894 a.
1323 2873 1340 2894 l.
1359 2878 1380 2900 q.
1399 2873 1419 2894 2.
1438 2884 1468 2888 --
1484 2872 1578 2895 interius
1595 2875 1647 2901 post
1663 2874 1765 2896 secundo
1777 2873 1828 2896 cod.
1841 2873 1861 2895 X
1875 2880 1910 2896 re-

1065 2912 1121 2939 petit
1137 2910 1214 2933 niodo.

1127 2949 1137 2964 ⁹
1155 2949 1213 2972 Vide
1229 2956 1298 2978 supra
1316 2957 1336 2972 a.
1355 2951 1376 2973 2.
1395 2957 1419 2980 q.
1436 2951 1457 2973 3.
1473 2963 1503 2967 —
1515 2950 1560 2974 Ct‘r.
1579 2951 1607 2973 de
1625 2952 1668 2974 hoc
1686 2951 1759 2974 dubio
1775 2952 1799 2974 B.
1821 2951 1907 2974 Albert.

1065 2989 1102 3012 hic
1119 2995 1139 3011 a.
1158 2989 1179 3011 5.
1593 2990 1612 3005 ¹⁰
1629 2990 1684 3013 Cod.
1703 2991 1721 3013 Κ
1740 2990 1908 3014 innitebantur.
