2166 3366
9 596 28 610 rs
42 591 111 610 dicitur

8 614 111 641 {padi-upli-

8 639 56 657 uter.

24 1523 106 1542 tandum.

846 176 928 204 DIST.
951 175 1004 205 Vlt.
1026 175 1132 204 DUBlA.

122 256 238 293 signati:
261 263 327 292 ergo
348 255 507 284 humanitas
528 254 628 283 Christi
651 257 692 283 est
720 262 785 290 pars
806 254 915 282 Christi.
928 270 966 275 -—

122 303 202 337 Item,
217 303 243 331 in
265 302 414 339 Symbolo¹
438 301 554 330 dicitur:
576 312 589 326 (ι
604 301 679 329 Sicut
706 301 798 329 anima
823 301 965 329 rationalis

122 353 149 378 et
169 357 233 378 caro
255 356 329 377 unus
347 349 502 382 esthemo,
523 348 560 391 ita
581 348 655 376 Deus
676 350 703 376 et
724 347 808 376 homo
829 355 903 375 unus
923 350 965 376 est

121 397 248 425 Christus
262 407 297 430 »ς
318 396 365 425 500
388 396 481 424 anima
502 399 528 424 et
549 403 613 424 caro
629 397 693 423 sunt
714 398 807 431 partes
832 394 963 423 hominis:

121 451 187 480 ergo
202 443 361 471 humanitas
375 446 402 471 et
416 442 546 471 divinitas
560 445 625 470 sunt
641 445 733 478 partes
748 441 865 475 Christi,
884 441 965 470 cuius

121 490 292 518 contrarium
316 489 434 518 traditur
457 488 557 517 ibidem
568 488 587 516 ².

202 537 377 565 nespoxnao:
400 535 566 568 Dicendum,
581 535 656 572 quod
668 543 744 572 pars
758 535 854 563 multis
875 534 964 563 modis

123 583 233 612 dicitur.
256 583 313 611 Uno
338 582 420 610 modo
441 581 544 610 dicitur
572 589 637 618 pars
664 581 855 609 communiter
883 589 964 610 omne

123 629 198 666 quod
220 629 295 657 venit
317 629 342 656 in
365 628 590 665 compositionem
604 627 613 640 ³
636 628 769 662 alicuius,
791 628 848 656 sive
870 635 965 656 secun-

123 676 192 704 dum
212 675 319 704 realem
341 675 585 712 compositionem,
614 675 672 703 sive
701 675 854 703 secundum
877 674 965 702 ratio-

124 731 204 756 nem‚·
225 726 252 751 et
274 722 325 751 1100
347 721 430 750 01000
452 721 497 749 illa
524 729 594 758 quae
616 722 719 750 cadunt
742 721 767 749 in
793 721 964 755 definitione,

123 769 256 798 dicuntur
276 776 336 797 esse
355 772 456 805 partes
481 768 526 796 rei
547 768 720 805 notificatae.
745 785 783 789 ——
804 768 861 796 Alio
883 767 965 796 modo

123 816 226 845 dicitur
243 824 319 852 pars
341 815 410 844 illud
433 815 508 852 quod
530 816 605 844 venit
626 815 653 843 in
675 815 898 844 constitutionem
919 814 965 842 ali-

123 863 203 892 0111115
218 862 372 891 secundum
389 870 448 890 rem
466 865 493 890 et
515 866 672 895 naturam,
688 862 746 890 sive
762 861 862 890 habeat
876 869 966 898 qaan-

125 909 249 943 titatem,
272 910 329 938 sive
351 917 419 942 n0n;
441 912 468 937 et
489 909 540 937 hoc
563 909 645 937 modo
666 908 758 936 anima
781 916 845 944 pars
863 911 905 936 est
926 907 964 935 rei

122 956 268 985 animatae.
284 973 322 976 —
344 956 436 984 Tertio
459 956 540 984 modo
561 955 663 984 dicitur
681 963 757 992 pars
778 954 875 991 magis
900 962 966 991 pro-

120 1003 186 1040 prie
208 1003 277 1031 illud
298 1003 371 1039 quod
396 1003 470 1031 venit
489 1003 516 1031 in
538 1002 761 1030 constitutionem
785 1001 903 1030 alicuius
927 1009 966 1029 se-

123 1050 247 1078 cundum
268 1058 329 1077 rem
352 1053 379 1077 et
406 1052 564 1081 ‘natm-am,
586 1051 612 1077 et
638 1048 792 1077 secundum
821 1047 966 1085 quantita-

124 1100 176 1125 tem
200 1096 384 1129 continuam,
400 1096 443 1124 vel
466 1096 639 1129 discretam,
655 1095 725 1123 sicut
748 1102 848 1123 manus
866 1098 893 1123 et
917 1102 966 1132 pes

122 1146 164 1172 est
184 1151 250 1180 pars
271 1143 410 1180 corporis,
439 1145 466 1171 et
489 1142 614 1170 binarius
642 1150 708 1179 pars
729 1141 909 1178 quaternarii.
928 1158 966 1161 —

122 1191 227 1226 Quarto
249 1190 331 1217 modo
353 1189 455 1218 dicitur
475 1197 549 1226 pars
570 1189 666 1225 mayis
685 1188 806 1225 proprie
827 1188 899 1225 quod
924 1196 966 1216 ve—

122 1237 162 1265 nit
183 1236 209 1264 in
232 1236 456 1265 constitutionem
474 1236 592 1265 alicuius
614 1235 736 1269 realem,
758 1235 799 1264 vel
822 1235 967 1273 quantita-

123 1283 212 1312 tivam
241 1283 396 1311 secundum
426 1286 535 1310 certam
557 1286 582 1310 et
610 1282 834 1310 determinatam
856 1290 967 1309 mensa-

122 1338 204 1363 ram,
219 1330 256 1358 ita
277 1330 351 1367 quod
368 1330 515 1366 aliquoties
530 1332 622 1358 sumta
643 1329 735 1357 reddit
751 1332 855 1363 totum;
873 1332 900 1357 et
915 1329 967 1357 ista

123 1384 188 1413 pars
209 1376 312 1405 dicitur
333 1376 482 1414 aliquota,
498 1376 541 1404 cui
555 1375 762 1413 propriissime
781 1375 909 1404 convenit
931 1375 968 1403 in-

123 1423 206 1452 tentio
227 1423 314 1460 partis
326 1424 343 1451 ⁴.

200 1469 269 1497 Cum
291 1477 358 1506 ergo
379 1469 538 1506 quaeritur,
560 1473 656 1497 utrum
673 1469 796 1496 humana
817 1471 917 1496 natura
933 1468 967 1497 sit

123 1525 188 1554 pars
209 1516 327 1551 Christi3
359 1516 525 1550 dicendum,
551 1516 625 1553 quod
657 1516 678 1544 si
708 1524 784 1552 pars
815 1515 966 1551 accipiatur

123 1563 314 1592 communiter
337 1563 427 1599 primo
454 1563 547 1596 modo,
570 1565 659 1599 potest
680 1562 807 1595 concedi,
829 1562 903 1599 quod
933 1562 967 1590 sit

124 1619 196 1647 pars.
212 1611 237 1639 Si
253 1611 326 1639 enim
349 1610 411 1647 quis
427 1610 493 1638 110111
508 1609 662 1643 notificare,
684 1609 750 1646 quid
772 1609 806 1637 sit
827 1609 966 1643 Christus,

122 1658 194 1686 dicet
216 1657 306 1694 ipsum
337 1665 421 1685 unam
452 1656 621 1693 hypostasim
652 1656 678 1683 in
707 1656 818 1684 duabus
844 1655 966 1689 naturis,

123 1704 217 1733 divina
237 1704 345 1738 scilicet
369 1707 395 1731 et
426 1703 556 1731 humana.
578 1703 603 1730 Si
634 1706 727 1731 autem
757 1710 820 1739 pars
847 1701 967 1738 proprie

123 1751 288 1788 accipiatur,
303 1750 342 1779 sic
358 1750 481 1778 humana
495 1753 597 1777 natura
618 1757 671 1777 non
688 1749 790 1777 dicitur
813 1756 878 1785 pars
893 1748 968 1776 Chri-

123 1798 173 1832 sti3
194 1801 221 1826 et
243 1798 295 1826 hoc
317 1797 399 1825 modo
415 1796 579 1833 intelligitur
602 1796 719 1824 verbum
736 1796 855 1832 Magistri
879 1795 906 1823 in
928 1795 968 1823 111-

125 1849 190 1874 tera.
212 1862 252 1865 —
274 1844 303 1873 Et
325 1852 374 1881 per
396 1844 448 1872 1100
470 1846 544 1880 patet
574 1843 717 1879 responsio
739 1842 773 1871 ad
797 1842 903 1871 obiecta
911 1853 918 1877 3
939 1842 967 1870 in

123 1891 225 1920 talibus
246 1891 318 1920 enim
339 1899 394 1919 non
416 1894 456 1919 est
477 1889 630 1919 similitudo
651 1889 811 1918 omnimoda
824 1889 842 1917 ⁵.

486 1983 554 2011 Due.
576 1983 605 2011 ll.

204 2078 268 2106 Item
291 2077 437 2114 quaeritur
458 2076 492 2105 de
513 2076 565 2105 hoc
587 2076 661 2113 quod
677 2076 743 2105 dicit
764 2076 966 2105 Damascenus:

126 2124 191 2153 Non
212 2123 353 2152 hominem
370 2123 537 2160 deificatam
552 2123 695 2157 dicimus,
709 2123 759 2151 sed
774 2123 866 2151 Deam
881 2122 969 2151 homi-

1810 176 1863 205 183

1022 262 1086 281 nem
1103 252 1226 290 saetam.
1242 253 1358 282 Videtur
1372 254 1445 282 enim
1461 254 1561 283 falsum
1578 254 1679 283 dicere.
1701 254 1776 283 Sicut
1791 255 1863 283 enim

1023 300 1125 328 (licina
1146 304 1246 328 natura
1268 301 1406 330 humanae
1434 302 1511 329 unita
1532 304 1585 335 est,
1615 301 1652 329 ita
1677 305 1704 330 et
1732 300 1864 330 humana

1023 347 1147 375 divinae:
1164 355 1231 384 ergo
1252 348 1324 376 sicut
1345 348 1464 376 dicimus
1487 348 1577 376 Deum
1600 346 1811 381 humanatum,
1827 347 1864 375 ita

1023 397 1049 422 et
1065 392 1206 422 hominem
1229 394 1405 431 deificatum.
1419 411 1458 414 ——
1472 395 1551 429 ltem,
1574 394 1600 422 in
1626 394 1728 423 unione
1754 394 1864 422 divinae

1022 443 1138 469 naturae
1159 440 1193 469 ad
1215 441 1366 469 humanam
1392 441 1493 469 (licina
1511 445 1611 469 natura
1632 449 1686 469 non
1711 444 1752 469 est
1778 440 1865 468 immi-

1023 487 1122 520 nuta⁶,
1143 488 1191 516 sed
1214 486 1345 516 hamana
1367 492 1407 516 est
1429 488 1561 516 exaltata:
1585 496 1650 525 ergo
1673 487 1804 516 1100101101
1820 495 1866 516 na-

1024 537 1086 562 tura
1100 535 1188 571 magis
1204 538 1290 563 tracta
1304 538 1345 564 est
1360 535 1394 563 ad
1410 535 1629 564 conformitatem
1642 535 1764 569 (livinae,
1780 543 1863 572 quam

1022 581 1124 609 diuina
1146 582 1179 610 ad
1203 582 1422 610 conformitatem
1446 582 1599 610 humanae:
1622 590 1688 619 ergo
1709 583 1801 619 potius
1821 582 1865 611 de-

1022 628 1068 656 bet
1089 628 1141 656 dici
1165 628 1191 656 in
1213 628 1322 656 Christo
1343 629 1466 657 humana
1487 632 1587 657 natura
1608 629 1757 666 deificata,
1779 638 1863 667 quam

1022 674 1117 702 divina
1132 673 1305 702 lzmmtnata.
1321 674 1354 703 Si
1368 679 1398 703 tu
1413 675 1496 703 dicas
1506 698 1513 708 ,
1529 676 1602 713 quod
1616 676 1802 705 denominatio
1821 677 1866 706 de-

1023 721 1069 749 bet
1090 720 1150 749 sieri
1173 729 1188 749 a
1209 721 1342 754 notiori⁷;
1364 721 1415 750 hoc
1437 730 1490 749 nou
1512 722 1605 756 solvit,
1621 724 1686 759 quia
1708 723 1866 752 denomina-

1024 767 1061 796 tio
1083 766 1136 796 non
1159 768 1248 796 solum
1273 768 1354 797 debet
1377 768 1436 797 fieri
1459 777 1474 796 a
1496 769 1609 804 notiori,
1631 770 1677 798 sed
1694 770 1775 798 etiam
1798 779 1813 798 a
1828 771 1866 799 di-

1023 814 1120 850 gniori.
1141 814 1174 842 Sz·
1187 814 1274 842 etiam
1296 815 1393 848 dicae,
1409 816 1483 852 quod
1499 824 1557 844 esse
1578 815 1773 845 humanatam
1789 824 1866 854 prae-

1023 860 1096 889 dicat
1118 861 1258 895 habitum,
1287 862 1358 890 sicut
1380 862 1446 890 dicit
1468 863 1549 890 tertia
1575 863 1668 899 opinio
1684 863 1708 896 ⁸3
1737 863 1789 892 hoc
1811 872 1865 892 non

1023 907 1119 935 solvit:
1142 908 1207 944 quia
1229 916 1282 936 1100
1300 911 1406 936 tantum
1429 908 1531 937 dicitur
1547 908 1742 943 ltzmzanatas,
1765 910 1812 938 500
1829 910 1867 938 01-

1023 954 1096 982 citur
1117 953 1216 991 facta-5
1238 953 1335 982 homo:
1361 963 1427 991 ergo
1449 955 1469 983 si
1497 955 1632 984 debemus
1654 956 1762 991 dicere,
1790 957 1865 993 quod

1023 1001 1106 1029 110100
1134 1004 1175 1030 est
1203 1001 1289 1035 Deus,
1311 1005 1338 1029 et
1363 1002 1436 1030 Deus
1458 1005 1498 1030 est
1521 1002 1616 1036 homo;
1645 1003 1769 1037 videtur,
1791 1003 1865 1040 quod

1024 1047 1131 1075 nullum
1154 1048 1349 1076 inconveniens
1378 1049 1413 1076 sit
1434 1049 1539 1081 dicere,
1569 1049 1707 1078 hominem
1730 1057 1790 1078 esse
1812 1050 1867 1078 dei-

1024 1094 1145 1122 ficatum.

1103 1141 1281 1169 1105001100οι
1311 1141 1484 1176 Dicendum,
1516 1143 1591 1179 quod
1618 1143 1669 1171 1100
1697 1143 1866 1172 adiectivum
1879 1148 1936 1173 Resp-
1951 1149 1968 1167 1-

1024 1186 1219 1216 ](1111111110111111
1255 1197 1306 1216 non
1339 1189 1429 1217 50111111
1462 1190 1603 1226 praedicat
1636 1189 1784 1224 habitam,
1817 1190 1865 1219 sed

1023 1233 1105 1262 etiam
1129 1235 1272 1263 unionem.
1296 1235 1370 1264 Unde
1392 1235 1460 1264 nihil
1482 1236 1558 1265 aliud
1580 1240 1621 1265 est
1646 1237 1754 1271 dicere,
1777 1237 1865 1265 Deum

1023 1289 1083 1310 esse
1106 1280 1302 1310 humanatum
1323 1290 1406 1319 quam
1430 1283 1518 1311 carni
1531 1283 1677 1311 unitam&
1698 1284 1750 1312 Hoc
1771 1288 1865 1313 autem

1024 1329 1097 1366 quod
1120 1333 1162 1357 est
1184 1329 1361 1366 deificatam,
1376 1330 1426 1358 etsi
1442 1330 1529 1367 possit
1544 1331 1694 1367 importare
1714 1331 1865 1365 unionem,

1025 1376 1156 1412 importat
1178 1376 1261 1404 simul
1283 1376 1414 1404 ordinem
1436 1380 1463 1405 et
1484 1377 1714 1405 antecessionem.
1747 1377 1867 1414 Delfica-

1025 1427 1084 1451 tum
1108 1423 1180 1451 enim
1204 1424 1379 1460 componitur
1410 1432 1426 1451 a
1457 1423 1560 1452 deitate
1591 1427 1617 1452 et
1637 1423 1770 1461 scrotum,-
1791 1426 1866 1454 unde

1024 1469 1208 1506 deificatam,
1231 1470 1281 1498 hoc
1302 1474 1343 1498 est
1364 1470 1466 1498 iactum
1482 1478 1542 1499 esse
1564 1471 1661 1500 Deum.
1685 1472 1714 1500 Et
1735 1472 1865 1509 quoniam

1025 1517 1183 1545 humanitas
1204 1516 1374 1544 divinitatem
1398 1525 1450 1544 non
1473 1517 1618 1551 antecedit,
1641 1517 1702 1546 1000
1723 1519 1866 1548 Damasce-

1024 1571 1077 1591 nus
1100 1564 1170 1592 hanc
1191 1572 1244 1591 non
1267 1564 1407 1598 concedit,
1429 1564 1569 1593 1100110001
1585 1572 1645 1593 0550
1667 1565 1865 1594 00111001110110.

1103 1610 1151 1638 Vel
1177 1610 1342 1644 dicendum,
1375 1611 1448 1648 quod
1482 1611 1668 1640 Damascenus
1700 1621 1752 1641 11011
1785 1615 1969 1648 negatnesp-ss-

1024 1656 1214 1693 simpliciter,
1237 1657 1284 1685 sed
1306 1657 1380 1694 quod
1413 1666 1466 1685 0011
1499 1661 1541 1686 051
1563 1658 1599 1686 ita
1617 1659 1760 1695 propria:
1783 1660 1866 1688 homo

1025 1706 1067 1731 est
1090 1702 1250 1735 deificatus,
1277 1703 1348 1732 sicut
1379 1704 1459 1732 haec:
1489 1704 1564 1732 Deus
1595 1709 1636 1733 051
1663 1706 1752 1734 sactus
1775 1707 1865 1735 homo.

1026 1749 1092 1777 Nam
1117 1749 1174 1786 ipse
1196 1749 1276 1783 dicit,
1293 1750 1373 1778 tertio
1389 1750 1460 1778 libro
1473 1751 1502 1778 ¹¹:
1530 1751 1666 1788 «Oportet
1687 1753 1770 1787 scire,
1792 1754 1866 1790 quod

1026 1804 1078 1824 non
1103 1797 1256 1825 secundum
1280 1797 1539 1826 exterminationem
1562 1802 1694 1833 naturae,
1717 1800 1759 1828 vel
1776 1801 1868 1829 cousu-

1026 1843 1130 1871 sionem
1154 1851 1218 1871 caro
1240 1843 1365 1872 deificata
1387 1847 1436 1872 est.
1453 1844 1570 1873 Tantum
1586 1845 1659 1874 enim
1675 1846 1747 1874 valet
1762 1847 1867 1882 dicere,
1910 1875 1915 1881 ,

1026 1897 1137 1918 carnem
1160 1898 1219 1918 esse
1248 1890 1420 1925 deificatam,
1451 1895 1587 1928 quantum
1610 1892 1704 1921 deitati
1725 1901 1785 1923 esse
1807 1902 1868 1923 con-

1026 1936 1187 1965 iunctam».
1210 1937 1272 1966 ideo
1299 1946 1352 1965 non
1385 1942 1466 1974 negat
1498 1939 1668 1975 praedictam
1701 1940 1866 1970 locutionem

1028 1986 1157 2020 tanquam
1182 1984 1277 2012 salsam
1307 1984 1496 2021 simpliciter,
1518 1985 1566 2014 sed
1598 1994 1650 2014 non
1673 1989 1714 2015 est
1736 1987 1773 2015 ita
1801 1996 1867 2024 pro-

1022 2030 1111 2066 pria,
1133 2031 1205 2059 sicut
1220 2031 1280 2059 eius
1295 2039 1429 2060 conversa
1441 2031 1467 2059 ¹².
1482 2049 1522 2052 —
1537 2032 1630 2061 Posset
1644 2033 1726 2062 etiam
1751 2034 1791 2063 vis
1806 2034 1865 2063 fieri
1879 2035 1935 2059 Rese—
1949 2035 1966 2054 ³-

1025 2077 1052 2105 in
1074 2077 1141 2111 hoc,
1164 2078 1237 2114 quod
1260 2078 1321 2107 dico
1343 2077 1499 2112 hominem,
1515 2080 1580 2116 quia
1595 2087 1630 2108 ex
1645 2085 1724 2117 parte
1744 2081 1868 2110 subiecti

1026 2126 1079 2152 stat
1110 2132 1161 2160 pro
1192 2124 1348 2162 hypostasi,
1380 2133 1415 2153 ex
1448 2128 1526 2162 parte
1558 2134 1623 2154 vero
1655 2127 1783 2164 appositi
1815 2136 1866 2164 pro

187 2301 195 2316 ¹
213 2302 373 2323 Attianasiano.

188 2340 197 2354 ²
216 2341 255 2362 mc
272 2341 294 2362 in
313 2341 342 2362 m.
361 2341 473 2368 Magistri,
491 2346 509 2362 c.
528 2341 548 2362 2.

188 2379 198 2394 ³
214 2379 270 2402 Cod.
289 2379 305 2401 Z
322 2379 385 2409 quod
401 2378 508 2402 conveni!
524 2378 547 2401 in
566 2378 738 2408 compositione.
757 2379 805 2401 Mox
823 2379 878 2402 cdd.
890 2385 969 2403 secuu-

127 2419 184 2442 dum
201 2418 342 2441 rationalem
359 2424 402 2446 pro
418 2417 549 2441 secundum
567 2417 698 2446 rationem,
718 2418 848 2440 cuiusmodi
866 2424 920 2446 pars
936 2420 970 2440 est

126 2464 200 2486 genus
216 2461 238 2480 et
256 2457 387 2479 differentia.

189 2496 198 2510 ⁴
216 2496 364 2524 Quadruplex
381 2497 437 2518 hacc
460 2497 562 2524 acceptio
580 2497 668 2518 termini
690 2495 766 2524 partis
789 2495 885 2518 habetur
906 2496 969 2524 apud

127 2536 230 2563 Aristot.‚
250 2534 275 2557 V.
294 2535 390 2562 Metaph.
417 2537 467 2556 text.
492 2535 528 2556 30.
547 2535 592 2563 (lV.
611 2541 629 2557 c.
648 2534 702 2563 25).
720 2534 764 2557 Cir.
782 2534 837 2556 ibid.
857 2534 900 2556 Vll.
918 2537 969 2557 text.

128 2575 165 2597 33.
182 2580 247 2603 seqq.
266 2574 311 2599 (Vl.
330 2580 349 2596 c.
371 2574 422 2602 10.).
440 2586 470 2589 —
487 2574 529 2596 Pro
546 2573 651 2603 aliquota
669 2573 722 2596 cdd.
734 2572 873 2603 aliquanta;
891 2579 970 2601 perpe-

128 2619 189 2640 ram,
207 2613 321 2641 siquidem
346 2619 400 2640 pars
418 2611 541 2642 aliquanta
559 2612 642 2635 dicitur
658 2619 717 2641 (piae
735 2613 820 2640 pluries
837 2614 910 2634 sumta
934 2612 969 2634 vel

128 2655 199 2674 totum
217 2651 314 2678 excedit,
332 2651 368 2673 vel
386 2651 415 2674 ab
433 2658 460 2673 eo
478 2651 553 2674 deficit
570 2651 667 2680 ideoque
685 2653 758 2674 totum
776 2657 893 2679 nunquam
905 2651 970 2673 adae-

128 2693 190 2718 quat.
208 2690 252 2712 Ct'r.
271 2690 284 2711 Ι.
302 2690 362 2712 Svnt.
388 2690 410 2712 d.
436 2690 456 2712 2.
480 2696 502 2719 q.
521 2689 546 2718 li,
571 2690 680 2712 scholion.
699 2702 728 2705 —
746 2689 802 2712 lnsra
827 2696 868 2717 pro
891 2688 970 2711 divina

127 2727 214 2752 scili-e!
230 2729 251 2751 et
268 2727 374 2751 humana
386 2728 438 2750 odd.
457 2729 537 2751 vitiose
554 2727 658 2751 divinam
675 2727 763 2751 scilicet
778 2729 799 2751 et
815 2727 954 2750 humanam.

190 2766 200 2780 ⁵
217 2766 262 2788 Ctr.
287 2773 356 2795 supra
378 2767 400 2789 (1.
419 2768 440 2789 G.
458 2774 477 2789 a.
500 2768 517 2789 1.
535 2774 557 2796 q.
576 2768 604 2795 23
623 2767 682 2789 Ali-x.
701 2767 760 2794 ilat„
779 2767 801 2788 S.
819 2773 842 2794 p.
860 2767 890 2788 ΙΙΙ,
909 2772 930 2794 q.
948 2766 969 2787 6.

129 2811 159 2827 in.
177 2805 197 2827 2.
215 2812 234 2827 a.
254 2805 282 2832 5;
301 2806 323 2827 Β.
342 2805 437 2833 athei-t..
456 2807 492 2828 iiic
508 2806 530 2828 0.
549 2807 569 2828 6.
588 2813 607 2828 a.
625 2807 654 2833 6;
672 2807 694 2828 s.
712 2806 807 2833 'l'nom.,
826 2806 862 2827 1110
873 2805 895 2826 d.
914 2805 934 2826 fi.
948 2810 969 2832 q.

129 2845 150 2866 2.
168 2850 188 2866 a.
206 2844 235 2872 33
253 2844 357 2867 ltichard.
376 2852 387 2866 a
406 2845 475 2873 Med„
494 2846 529 2868 hic
546 2846 605 2868 circa
623 2846 652 2867 lit.

190 2883 200 2897 ⁶
217 2882 290 2906 Codd.
308 2884 348 2905 ΡΗ
361 2884 377 2906 U
395 2883 527 2906 immutata.
853 2912 856 2915 ,

191 2922 201 2937 7
217 2922 262 2945 Cir.
280 2930 349 2950 supra
376 2930 429 2951 pag.
453 2923 495 2950 47,
513 2925 564 2945 nota
583 2922 611 2948 5;
629 2922 706 2951 quoad
723 2928 771 2951 seq.
790 2923 900 2950 proposit.
918 2922 971 2944 vido

129 2968 198 2989 supro
218 2968 270 2989 pag.
289 2961 330 2990 46,
349 2965 399 2984 nota
418 2962 439 2984 5.

1087 2300 1097 2315 ⁸
1114 2301 1171 2323 Vide
1190 2302 1225 2323 hic
1243 2302 1272 2324 111.
1292 2301 1405 2329 Magistri,
1424 2308 1442 2323 c.
1461 2302 1481 2324 2.
1500 2305 1521 2324 et
1538 2308 1607 2330 supra
1626 2303 1647 2325 d.
1666 2303 1702 2325 Vl.
1720 2310 1739 2325 c.
1758 2303 1778 2325 t.

1087 2339 1097 2353 ⁹
1115 2338 1158 2361 Csr.
1176 2346 1244 2366 supra
1264 2346 1315 2367 pag.
1338 2339 1391 2367 174,
1410 2343 1460 2362 nota
1479 2340 1499 2362 2.
1518 2353 1547 2356 —
1562 2340 1610 2363 Mox
1624 2344 1674 2369 post
1685 2341 1797 2370 importat
1813 2342 1866 2364 000.

1026 2378 1129 2400 subdunt
1146 2379 1230 2400 tamen.

1089 2417 1108 2431 ¹⁰
1125 2417 1185 2439 Libr.
1204 2418 1234 2439 ΙΙΙ.
1253 2417 1281 2439 de
1299 2417 1351 2439 Fide
1368 2417 1458 2439 orthod.
1471 2423 1490 2440 c.
1504 2418 1529 2446 2,
1547 2424 1574 2440 ex
1591 2424 1638 2446 quo
1655 2421 1727 2441 textus
1745 2420 1813 2441 huius
1825 2419 1868 2442 du-

1025 2456 1056 2478 bii
1075 2456 1186 2479 delibatus
1204 2460 1243 2478 est.
1262 2456 1306 2478 Csr.
1324 2462 1393 2483 supra
1414 2457 1443 2478 lit.
1461 2456 1575 2485 Magistri,
1594 2457 1616 2479 d.
1627 2457 1664 2490 .¹¹¹·
1683 2464 1702 2480 c.
1724 2458 1740 2480 1.

1090 2495 1106 2509 ¹¹
1126 2496 1157 2517 De.
1175 2496 1228 2518 Fide
1246 2495 1335 2517 orthod.
1353 2501 1371 2517 c.
1389 2495 1432 2518 Ἰ171
1450 2495 1544 2523 Oportet
1560 2496 1629 2523 scire,
1647 2496 1709 2524 quod
1728 2503 1771 2519 non
1789 2503 1868 2520 secun-

1027 2534 1082 2556 dum
1100 2535 1308 2556 exterminationem
1327 2533 1466 2563 [μεταβολήν
1483 2535 1496 2557 i.
1509 2541 1528 2557 0.
1541 2534 1733 2564 immutationem]
1751 2538 1866 2559 naturae...

1027 2573 1062 2595 vel
1081 2573 1238 2595 contusionem
1256 2578 1309 2594 caro
1327 2573 1415 2595 Domini
1434 2572 1535 2595 deificata
1554 2572 1637 2595 dicitur
1653 2573 1803 2602 eiusdemque
1820 2574 1868 2596 Dei-

1027 2613 1077 2634 tatis
1094 2618 1188 2633 0005015
1206 2608 1342 2640 (ephesum...
1369 2612 1428 2634 Haec
1450 2612 1511 2634 enim
1529 2618 1573 2634 non
1591 2612 1718 2634 secundum
1736 2614 1868 2635 extermina-

1027 2652 1111 2673 tinne—m
1130 2653 1237 2678 naturae,
1254 2650 1294 2672 sed
1311 2650 1439 2673 secundum
1458 2651 1637 2678 dispensativam
1656 2652 1762 2674 unionem
1775 2652 1824 2674 sive
1836 2658 1868 2674 se-

1027 2689 1128 2711 eundum
1147 2689 1287 2716 hypostasim
1301 2689 1362 2717 dico,
1376 2689 1503 2712 secundum
1517 2695 1586 2718 quam
1599 2689 1779 2717 inseparabiliter
1790 2689 1868 2719 [caro]

1028 2728 1074 2749 Deo
1093 2727 1169 2749 V‹·rbo
1187 2728 1304 2750 coniuncta
1322 2731 1356 2750 cst
1373 2731 1414 2751 etc.
1433 2740 1463 2744 ——-
1480 2728 1522 2750 Pro
1539 2727 1759 2751 exterminationem
1772 2729 1821 2751 Vat.
1833 2735 1868 2752 ae-

1027 2766 1197 2794 stimationem,
1217 2766 1269 2789 edd.
1289 2767 1296 2788 Ἰ1
1308 2785 1313 2793 ,
1332 2767 1345 2789 2
1362 2773 1414 2789 cum
1433 2767 1548 2796 aliquibus
1564 2767 1631 2789 codd.
1649 2767 1831 2790 esctimutionem.

1091 2805 1109 2819 ¹²
1126 2806 1228 2828 Scilicet:
1246 2806 1306 2828 Deus
1331 2809 1365 2828 est
1381 2806 1453 2828 tactus
1470 2807 1539 2828 homo
1555 2807 1605 2828 sive
1627 2809 1661 2828 051
1677 2807 1821 2828 humanatus.
1840 2819 1869 2822 —

1030 2844 1077 2866 Vat.
1096 2843 1156 2867 sicut
1172 2845 1206 2867 est
1222 2844 1271 2867 eius
1292 2850 1419 2873 conuersa,
1439 2845 1505 2867 codd.
1523 2846 1568 2867 AG
1579 2845 1584 2867 1
1596 2845 1636 2867 LN
1648 2845 1665 2867 T
1676 2845 1759 2867 UXaa
1777 2849 1799 2868 ot
1815 2845 1868 2868 cdd.

1033 2884 1054 2910 1,
1073 2884 1086 2905 2
1104 2884 1179 2905 minus
1201 2886 1259 2905 recte
1284 2883 1345 2907 sicut
1361 2885 1382 2906 et
1398 2883 1448 2906 eius
1465 2889 1589 2912 conversa,
1609 2884 1637 2906 dc
1655 2891 1700 2913 qua
1717 2884 1811 2906 lectione
1828 2884 1868 2906 cfr.

1029 2928 1097 2950 supra
1116 2929 1136 2944 a.
1155 2923 1174 2944 1.
1192 2929 1214 2951 q.
1232 2923 1252 2944 2.
1270 2922 1371 2945 Subinde
1389 2929 1431 2950 pro
1448 2922 1528 2945 Posset
1552 2922 1622 2945 etiam
1639 2923 1706 2945 codd.
1730 2922 1771 2944 Fu
1790 2922 1870 2945 Posset

1029 2961 1118 2989 tamen,
1138 2961 1172 2983 alii
1191 2961 1270 2984 Posset
1286 2960 1354 2983 enim.
1373 2961 1421 2983 Mox
1445 2967 1487 2989 pro
1509 2960 1606 2984 subiecti
1627 2961 1694 2984 codd.
1718 2961 1775 2983 WY
1797 2960 1868 2984 verbi.
