2166 3366
29 2154 59 2173 Ad
71 2155 145 2178 opposi-

789 175 870 203 DtST.
894 175 922 203 11.
944 175 1015 204 ART.
1037 176 1054 204 Ι.
1077 176 1212 212 QUAEST.
1236 176 1263 203 11.
1860 176 1895 205 39

154 255 226 283 110110
247 254 366 283 alicuius
387 261 453 282 suae
475 254 577 291 partis;
607 261 657 290 pro
678 261 710 281 eo
731 253 807 290 quod
828 253 906 282 decet
928 253 995 281 divi—

153 308 217 329 nam
239 301 389 337 potentiam
411 304 438 329 et
459 300 621 337 sapientiam
645 308 698 328 non
720 300 810 328 solum
838 300 994 337 producere

153 347 188 376 ad
210 355 269 375 esse
289 350 432 375 creaturas
465 348 551 383 magis
583 346 704 381 nobiles,
726 347 774 375 sed
797 347 880 375 etiam
903 347 995 376 minus

154 393 275 427 nobiles;
296 397 322 422 et
344 394 405 422 ideo
428 397 482 421 tam
506 393 533 421 in
556 393 599 422 his
627 401 711 430 quam
734 393 760 421 in
783 393 837 422 illis
858 402 996 422 commen-

1051 253 1152 286 datur,
1178 254 1223 282 et¹
1248 254 1334 290 magis
1366 254 1559 282 manifestatur
1592 254 1619 282 in
1651 254 1782 282 omnibus
1811 254 1897 283 simul

1052 308 1136 337 quam
1153 300 1178 328 in
1194 300 1287 337 aliqua
1302 308 1399 329 earum
1416 308 1465 337 per
1481 308 1525 335 se3
1547 309 1601 329 non
1624 300 1662 329 510
1684 303 1776 329 autem
1799 304 1841 329 est
1863 301 1897 330 de

1052 347 1231 380 assumtione,
1253 347 1324 376 sicut
1345 347 1435 375 visum
1458 351 1507 376 est.

895 496 1157 532 SOHOLION.

216 587 230 608 1.
247 585 391 609 Conveniunt
407 589 512 609 auctores
524 587 545 608 111
564 587 617 614 hoc,
636 586 699 615 quod
717 587 776 609 nulla
793 590 896 609 creatura
914 587 996 609 dicitur

153 625 301 648 assumtibilis
325 626 453 648 secundum
476 626 584 648 unionem
607 627 772 654 hypostaticam
794 632 836 648 nec
858 633 869 648 a
897 627 994 654 potentia

153 665 228 692 aliqua
245 663 333 692 activa,
354 670 395 686 1100
412 671 422 686 a
443 666 540 692 potentia
556 664 665 694 passiva,
685 665 726 687 sed
744 672 755 687 a
774 667 872 693 potentia
891 664 996 688 obedien-

153 702 205 726 tiali
220 706 242 725 et
258 705 388 732 susceptiva
406 703 553 726 solummodo
571 709 675 732 respectu
689 704 813 732 Creatoris;
831 705 884 726 item
901 705 922 726 111
941 705 995 731 hoc,

153 742 216 771 quod
240 743 295 764 haec
314 742 490 770 susceptibilitas
513 746 586 771 potest
603 743 743 766 considerari
766 743 893 765 secundum
918 746 997 770 poten-

153 782 207 804 tiam
225 781 264 803 Dei
281 781 317 803 vel
335 780 468 803 absolutam
487 782 521 803 vel
540 781 682 804 ordinatam.
701 781 851 804 communius
864 782 931 803 etiam
943 787 996 803 cum

153 820 176 842 S.
193 820 282 842 Thoma
300 820 350 847 (hic
367 826 389 848 q.
413 820 430 842 1.
449 826 468 841 a.
490 821 517 847 1.)
528 821 665 847 affirmatur,
683 821 746 849 quod
766 828 776 841 11
790 820 905 849 loquendo
918 820 947 842 de
959 826 997 847 po-

152 859 219 880 tentia
238 858 277 880 Dei
293 857 415 886 absoluta,
435 858 495 881 Deus
512 862 586 886 potest
603 865 720 881 assumere
744 865 917 887 quamcumque
935 864 998 881 crea-

152 900 228 920 turam
245 898 316 920 vult...
335 898 460 927 Loquendo
477 902 554 921 autom
566 898 595 921 de
613 899 711 926 potentia
723 898 847 926 ordinata,
862 899 923 920 illam
935 904 998 920 crea-

153 940 227 959 turam
244 943 363 959 assumere
375 941 459 965 potest,
473 943 542 966 quam
555 938 661 965 congruit
677 943 731 960 eum
743 943 861 959 assumere
878 943 905 960 cx
917 937 997 959 ordine

152 981 208 997 suae
224 975 353 1005 sapientiae
366 983 385 998 11.
403 976 470 1004 Scot,
488 979 565 998 contra
584 976 651 998 Henr.
669 976 740 998 Gand.
759 975 886 1004 disputans,
904 977 998 1003 insuper

152 1017 227 1042 putat,
242 1021 286 1037 non
299 1021 440 1042 repugnare,
453 1017 581 1037 creaturam
599 1015 732 1037 rationalem
745 1016 886 1043 hypostatice
904 1015 998 1043 assumi,

153 1054 208 1082 quin
226 1053 308 1076 habeat
324 1054 454 1076 fruitionem
478 1054 524 1076 Dei.
537 1066 567 1070 —-
584 1054 631 1075 Non
649 1053 732 1076 desunt
749 1057 823 1076 tamen
841 1057 945 1076 auctores
963 1060 999 1076 an·

153 1093 209 1121 tiqui
227 1095 250 1114 et
265 1093 414 1120 recentiores,
432 1093 472 1121 qui
489 1099 542 1115 cum
560 1093 657 1115 ilenrico
674 1093 746 1115 Gand.
764 1095 786 1115 et
812 1093 904 1121 Dionys.
922 1093 997 1116 Carth.

152 1132 275 1160 sustinent,
293 1132 387 1154 omnino
403 1132 528 1160 implicare,
546 1135 674 1154 creaturam
692 1132 857 1159 irrationalem,
876 1138 935 1160 quae
953 1138 997 1154 non

153 1170 181 1193 sit
197 1176 269 1198 capax
283 1169 460 1199 personalitatis
476 1169 588 1200 propriae
609 1177 651 1193 nec
674 1171 763 1193 unionis
786 1177 827 1198 per
852 1171 957 1200 qratiam
977 1173 999 1193 et

153 1208 268 1239 qloriam‚
289 1215 329 1237 per
346 1215 370 1232 se
393 1210 452 1231 uniri
476 1209 522 1231 Deo
540 1210 561 1231 in
576 1209 746 1239 personalitate
763 1209 853 1238 divina,
871 1216 924 1232 cum
942 1211 998 1233 haec

154 1249 207 1270 unio
225 1249 298 1270 maior
309 1249 347 1275 511,
360 1254 431 1276 quam
448 1254 473 1270 ea
486 1254 546 1277 quae
563 1248 586 1270 fit
604 1254 645 1276 per
657 1249 753 1276 gratiam
770 1251 792 1271 01
809 1249 913 1276 gloriam.
926 1249 998 1271 Huius

153 1288 278 1310 sententiae
294 1288 384 1315 patroni
401 1293 443 1314 pro
460 1293 485 1309 se
507 1287 604 1310 atterunt
620 1288 688 1309 etiam
713 1288 734 1309 S.
754 1287 939 1310 Bonaventuram
962 1288 998 1310 1110

153 1327 176 1348 111
193 1332 256 1354 corp.
274 1329 296 1348 et
312 1326 341 1348 ad
362 1326 380 1348 1.
398 1326 422 1353 5;
435 1325 458 1348 d.
477 1327 512 1348 2l.
525 1333 544 1348 a.
567 1327 584 1348 l.
601 1332 623 1354 q.
641 1327 662 1348 2.
680 1326 710 1348 ad
728 1327 752 1354 3,
766 1327 805 1355 qui
823 1327 844 1348 in
863 1327 906 1349 hoc
917 1327 998 1349 ultimo

153 1365 203 1387 loco
220 1365 277 1387 illud
292 1365 389 1393 vulgare
401 1368 564 1392 argumentum
578 1371 619 1392 pro
637 1366 710 1393 prima
724 1366 843 1393 opinione,
861 1366 924 1394 quod
942 1366 999 1388 divi-

154 1405 212 1426 nitas
228 1405 250 1426 111
268 1404 343 1426 triduo
355 1408 406 1432 post
424 1407 521 1426 mortem
534 1403 615 1426 Christi
632 1405 741 1427 remansit
754 1406 813 1427 unita
833 1406 923 1433 corpori
936 1406 996 1433 eius,

154 1444 183 1465 ita
201 1443 280 1471 solvit,
299 1445 379 1465 utnon
392 1445 479 1465 tantum
491 1442 617 1472 paritatem
635 1443 712 1472 quoad
729 1447 853 1472 utrumque
870 1450 949 1466 casum
962 1450 998 1466 ne-

155 1484 204 1510 get,
216 1481 258 1504 sed
273 1483 352 1509 etiarn,
370 1484 395 1504 ut
405 1481 504 1509 videtur,
517 1483 590 1509 ipsam
601 1481 777 1511 possibilitatem
789 1483 879 1504 unionis
891 1483 999 1510 hyposta-

155 1522 212 1543 ticae
229 1524 335 1549 respectu
352 1521 540 1543 irrationabilium
553 1522 647 1543 entium.
661 1521 715 1543 110111
727 1524 855 1549 provocant
867 1521 894 1543 ad
908 1522 999 1544 Alexan-

155 1560 224 1582 drum
236 1560 284 1582 Hal.
297 1560 327 1585 (S.
341 1566 363 1588 p.
377 1560 407 1582 111.
420 1566 442 1588 q.
455 1560 475 1582 2.
489 1566 519 1582 m.
537 1560 558 1587 7,
571 1566 593 1588 q.
610 1560 643 1581 12.
661 1566 691 1582 m.
708 1560 725 1582 1.
739 1566 759 1582 a.
781 1561 798 1588 1,
812 1560 851 1582 011.
864 1567 886 1589 q.
899 1560 921 1582 7.
934 1567 964 1583 m.
978 1562 998 1584 2.

155 1604 176 1620 a.
198 1599 233 1626 l.).
252 1598 346 1626 insuper
372 1598 476 1620 llichard.
500 1604 512 1619 a
531 1598 587 1620 Med.
611 1602 732 1627 utramque
755 1599 887 1626 opinionem
909 1602 1000 1627 reputat

156 1636 308 1665 probabilem.
321 1638 466 1659 —Attamen
484 1638 506 1659 S.
524 1637 609 1659 Bonav.
628 1638 649 1659 in
668 1638 715 1659 istis
727 1637 782 1660 locis
794 1638 894 1666 loquitur
912 1640 998 1660 tantum

1053 587 1081 609 de
1099 586 1254 616 conqruitate,
1275 593 1318 609 nou
1336 588 1439 615 explicite
1457 588 1485 610 de
1501 588 1604 617 potentia
1624 588 1666 611 Dei
1680 588 1805 617 masolam,-
1822 592 1898 612 tamen

1053 627 1147 653 insistit,
1161 626 1224 654 quod
1236 632 1262 648 ex
1279 629 1343 654 parte
1356 627 1518 649 irrationalium
1532 633 1575 648 non
1599 628 1627 649 sit
1644 629 1777 656 congruitas
1789 629 1811 650 in
1830 629 1900 650 susci-

1053 665 1150 693 piendo,
1168 671 1209 687 nec
1226 665 1337 687 idoneitas
1363 665 1392 687 acl
1419 667 1527 688 unionem
1550 667 1571 688 in
1595 667 1678 689 unitate
1701 673 1822 696 personae.
1842 667 1898 690 Nam

1053 704 1157 725 animalia
1175 703 1304 726 secundum
1320 705 1435 727 natarum
1451 711 1516 726 suam
1535 711 1579 727 non
1593 705 1677 728 habent
1694 707 1843 733 capacitatem
1855 706 1898 728 for-

1053 743 1141 764 maliter
1157 743 1296 770 suscipiendi
1310 743 1505 771 personalitatem,
1523 750 1582 772 quae
1595 745 1696 772 implicat
1713 745 1845 766 rationalem
1859 751 1898 767 na-

1054 784 1140 808 turam,
1154 782 1215 803 unde
1228 782 1296 803 ctiam
1308 783 1427 809 supposita
1441 783 1475 804 illa
1490 783 1572 805 unione
1584 788 1637 804 cum
1651 783 1697 805 Deo
1710 783 1857 805 solummodo
1875 784 1897 806 in

1053 821 1139 842 ratione
1151 819 1320 848 subsistentiae,
1334 821 1382 843 talis
1392 822 1445 843 unio
1459 821 1566 844 deficeret
1577 822 1599 843 in
1612 822 1688 844 multis
1701 822 1825 850 effectibus,
1839 828 1898 851 quos

1054 859 1152 887 perfecta
1166 860 1219 881 unio
1233 860 1371 887 hypostatica
1385 861 1406 882 in
1419 860 1507 882 Christo
1520 860 1598 888 habet3
1611 867 1633 883 v.
1646 867 1668 888 g.
1681 861 1798 883 manifeste
1811 861 1900 884 deesset

1052 898 1090 920 ille
1110 906 1120 918 α
1133 898 1237 926 effectus,
1255 899 1382 921 secundum
1401 905 1470 928 quem
1488 903 1636 927 comparatur
1653 903 1755 922 creatura
1778 900 1807 922 ad
1826 900 1900 922 Deum

1055 939 1079 959 ut
1093 937 1244 966 perveniens,·
1262 941 1284 959 et
1301 938 1337 960 1110
1359 941 1393 960 051
1409 939 1503 961 eftectus
1522 939 1622 967 unionis,
1645 939 1666 960 in
1688 945 1733 968 qua
1752 939 1860 961 uniuntur
1877 940 1900 962 in

1055 976 1138 998 unitate
1152 982 1262 1003 personae
1275 979 1378 999 creatura
1390 980 1412 999 et
1424 976 1523 1005 Creator,
1537 980 1560 999 ut
1577 977 1719 1000 homo-Deus
1733 986 1743 998 »
1759 977 1796 1006 (ita
1811 978 1825 1000 l.
1838 978 1898 999 Sent.

1056 1015 1077 1037 d.
1096 1015 1132 1037 37.
1151 1022 1172 1043 p.
1192 1015 1205 1038 1.
1224 1022 1244 1038 a.
1263 1016 1283 1037 3.
1302 1023 1324 1045 q.
1343 1017 1381 1043 2.).
1393 1029 1423 1032 —
1440 1016 1557 1045 Quidquid
1575 1019 1651 1039 autem
1664 1017 1692 1039 sit
1709 1017 1737 1039 de
1751 1018 1848 1045 potentin
1862 1016 1899 1039 ab·

1054 1053 1126 1076 soluta
1140 1053 1252 1076 abstracte
1264 1054 1419 1082 considerata,
1432 1061 1502 1083 quam
1515 1059 1630 1077 coarctare
1644 1061 1688 1077 non
1702 1055 1826 1084 debemus3
1839 1059 1899 1078 certe

1055 1099 1082 1114 ex
1099 1097 1163 1120 parte
1186 1094 1311 1116 creaturae
1322 1093 1471 1116 irrationalis
1488 1095 1605 1116 manifeste
1622 1097 1643 1117 et
1659 1101 1807 1122 summopere
1825 1095 1900 1117 deficit

1054 1131 1116 1155 mtto
1133 1132 1289 1162 conqruilatis
1301 1133 1330 1155 ad
1343 1134 1450 1155 unionem
1463 1134 1641 1162 hypostaticam,
1659 1135 1688 1156 ita
1705 1137 1739 1162 ut,
1753 1135 1771 1156 51
1789 1136 1840 1163 quis
1852 1136 1900 1156 ani-

1055 1172 1122 1193 malia
1137 1177 1181 1200 per
1197 1177 1221 1194 se
1233 1171 1261 1194 ad
1280 1173 1337 1194 hauc
1355 1172 1488 1200 dignitatem
1500 1179 1550 1195 esse
1567 1172 1690 1202 incapacia
1708 1173 1800 1201 dixerit,
1819 1173 1847 1195 de
1859 1179 1900 1195 vo-

1055 1210 1137 1233 cabulo
1154 1217 1181 1232 eo
1199 1211 1275 1233 minus
1292 1211 1428 1239 litigandum
1446 1211 1561 1240 videatur,
1581 1212 1633 1240 quia
1649 1213 1700 1239 piae
1713 1212 1815 1234 fidelium
1833 1219 1900 1235 aures

1054 1250 1233 1277 perhorrescunt
1246 1250 1316 1272 verba
1335 1256 1416 1278 parunt
1430 1251 1546 1278 religiosa,
1565 1250 1650 1279 quibus
1668 1257 1679 1273 a
1693 1251 1806 1273 nonnullis
1823 1251 1899 1273 Nomi-

1055 1288 1145 1311 nalibus
1162 1289 1266 1316 opposita
1284 1290 1393 1311 sententia
1412 1290 1549 1317 proponitur
1569 1292 1590 1311 et
1607 1289 1743 1312 defenditur.

1118 1327 1141 1349 ll.
1159 1327 1250 1349 Praeter
1266 1331 1371 1350 auctores
1388 1329 1479 1351 citatos:
1497 1329 1563 1356 Scot,
1582 1329 1618 1351 1110
1636 1335 1657 1358 q.
1679 1329 1699 1355 1,·
1719 1329 1811 1357 Report.
1829 1330 1865 1352 hic
1878 1336 1900 1358 q.

1056 1367 1077 1388 2,
1088 1378 1120 1382 -
1131 1366 1152 1388 S.
1172 1366 1262 1394 Tuom„
1276 1367 1311 1389 hic
1328 1374 1349 1396 q.
1373 1368 1389 1389 1.
1402 1374 1421 1389 a.
1444 1368 1465 1395 t;
1484 1368 1505 1390 S.
1524 1368 1555 1389 111.
1574 1374 1596 1397 q.
1610 1367 1630 1390 4.
1648 1375 1668 1390 a.
1682 1369 1705 1396 1l;
1721 1369 1743 1390 S.
1756 1374 1774 1391 c.
1787 1369 1851 1391 Gent.
1865 1369 1901 1391 tv.

1056 1411 1075 1427 0.
1093 1404 1172 1426 51-
1184 1405 1207 1426 B.
1225 1405 1317 1432 Atbert„
1336 1406 1371 1428 hic
1383 1412 1403 1427 a.
1426 1406 1442 1428 1.
1455 1418 1485 1421 -
1497 1406 1554 1428 Ρο11.
1572 1413 1583 1428 a
1598 1407 1658 1435 Tan,
1676 1407 1713 1430 hic
1730 1414 1752 1436 q.
1775 1408 1791 1430 1.
1804 1414 1824 1430 a.
1841 1409 1858 1430 1.
1871 1421 1902 1424 -—

1056 1443 1161 1466 Richard.
1179 1450 1190 1465 a
1210 1443 1274 1471 Med„
1293 1444 1329 1466 hic
1346 1450 1366 1466 a.
1388 1445 1404 1466 Ι.
1423 1451 1444 1473 q.
1464 1444 1484 1466 4.
1497 1445 1613 1473 —.Egid.
1626 1446 1660 1474 R.y
1675 1447 1711 1468 1110
1724 1453 1746 1474 p.
1765 1447 1787 1469 ll.
1806 1453 1828 1476 q.
1850 1447 1867 1469 1.
1880 1454 1900 1469 a.

1058 1483 1076 1504 l.
1089 1482 1198 1504 —Henr
1216 1482 1296 1510 Gand.,
1315 1483 1396 1511 Quodl.
1424 1484 1456 1505 13.
1479 1490 1501 1512 q.
1520 1483 1544 1512 5,
1566 1486 1588 1506 et
1606 1484 1647 1509 (de
1672 1489 1773 1508 creatura
1797 1486 1899 1508 rationali

1055 1524 1166 1549 assumta,
1185 1524 1262 1543 utrum
1275 1523 1346 1549 possit
1362 1528 1412 1544 esse
1429 1523 1477 1545 sine
1489 1523 1594 1546 fruitione
1607 1524 1660 1552 Dei>
1676 1524 1757 1552 Quodl.
1770 1525 1791 1547 6.
1804 1532 1826 1554 q.
1839 1525 1860 1547 6.
1872 1538 1902 1541 -

1055 1560 1163 1588 Durand.,
1181 1561 1217 1583 hie
1235 1567 1256 1589 q.
1280 1561 1296 1583 1.
1309 1574 1339 1577 —
1353 1561 1445 1590 Dionys.
1469 1561 1552 1590 Carth,
1571 1563 1606 1585 1110
1628 1570 1649 1592 q.
1674 1564 1694 1585 2.
1718 1567 1740 1586 01
1763 1563 1783 1586 4.
1800 1576 1831 1581 —
1847 1564 1899 1593 Biel,

1056 1600 1092 1621 hic
1109 1606 1131 1628 q.
1153 1600 1170 1621 1.

921 1728 1083 1765 QUAESTIO
1106 1729 1133 1757 11.

223 1814 327 1843 Utrum
348 1815 447 1843 maior
467 1814 506 1843 sit
527 1815 700 1852 congruitas
720 1815 761 1843 acl
780 1815 916 1843 unionem
939 1815 969 1843 in
991 1814 1123 1844 hamana
1146 1820 1257 1845 natura
1278 1825 1368 1855 qaam
1391 1817 1420 1845 ia
1443 1817 1566 1855 Anyelo,
1591 1827 1631 1847 aa
1653 1828 1666 1847 e
1687 1828 1833 1848 conuerso.

234 1913 361 1942 Secundo
386 1913 544 1950 quaeritur,
573 1916 668 1942 utrum
692 1913 780 1942 maior
808 1913 843 1942 sit
868 1914 999 1950 congrui-

157 1963 198 1989 tas
212 1959 248 1988 ad
270 1960 401 1989 unionem
423 1960 450 1988 in
473 1960 595 1988 humana
611 1963 711 1989 natura
732 1968 815 1997 quam
837 1961 862 1988 in
884 1961 999 1997 Angelo,

153 2015 192 2036 -an
220 2015 234 2036 e
263 2014 405 2035 converso.
429 2007 459 2035 Et
487 2007 561 2044 quod
584 2007 672 2035 maior
701 2007 735 2036 sit
763 2007 789 2035 in
818 2007 936 2044 Angelo,
963 2008 1000 2036 vi·

157 2054 249 2083 detur.

238 2102 261 2129 1.
285 2101 361 2129 Deus
374 2100 499 2138 spiritus
514 2105 568 2134 est,
588 2101 660 2130 sicut
675 2101 777 2130 dicitur
796 2101 904 2130 loannis
919 2109 1000 2138 quar-

158 2151 184 2176 to
219 2158 224 2176 :
247 2156 313 2184 ergo
334 2151 475 2182 creatura,
498 2155 569 2185 quae
589 2147 652 2185 plus
674 2148 756 2177 habet
772 2148 806 2177 de
827 2148 933 2177 ratione
947 2148 1000 2185 spi-

158 2194 332 2229 ritualitatis,
358 2194 421 2232 plus
443 2195 571 2223 convenit
597 2202 661 2223 cum
690 2194 761 2228 Deo:
788 2198 814 2223 et
842 2202 914 2231 quae
935 2195 999 2232 plus

158 2241 285 2270 convenit
306 2249 369 2270 cum
399 2241 468 2275 Deo,
496 2241 559 2278 plus
587 2245 629 2270 est
650 2241 673 2270 ei
702 2241 817 2270 unibilis
838 2242 865 2269 in
894 2242 999 2270 unitate

157 2295 306 2324 personae:
329 2296 391 2316 cum
414 2295 481 2324 ergo
502 2291 602 2316 natura
622 2288 746 2323 angelica
771 2288 807 2316 sit
828 2288 999 2325 spiritualior

158 2342 241 2371 quam
264 2334 399 2368 humana,
422 2335 534 2363 videtur
555 2338 605 2363 etc.

237 2382 262 2409 2.
284 2381 363 2415 Item,
386 2384 485 2409 natura
505 2385 642 2412 assumta.
664 2389 696 2410 eo
717 2382 777 2419 ipso
798 2390 854 2419 quo
875 2386 1000 2411 assumta

159 2430 212 2461 est,
226 2427 349 2456 exaltata
369 2431 510 2464 estsuper
532 2431 638 2456 ceteras
653 2432 809 2462 creaturas;
831 2428 880 2457 sed
896 2432 999 2465 quanto

158 2476 288 2502 ereatura
308 2476 350 2502 est
364 2474 557 2508 excellentior,
574 2478 648 2502 tanto
669 2478 711 2503 est
726 2474 850 2503 idoneior
867 2474 998 2503 exaltari:

200 2147 209 2160 2

222 2605 229 2620 ¹
247 2605 302 2628 Cod.
320 2606 339 2627 K
357 2606 379 2628 et
394 2605 452 2628 ideo.
471 2606 574 2628 Proxime
592 2609 643 2633 post
666 2606 734 2628 codd.
751 2607 768 2628 Α
779 2608 796 2628 G
808 2607 824 2629 Η
836 2608 852 2629 Κ
865 2607 880 2628 L
892 2607 909 2629 T
921 2607 940 2629 V
950 2608 1000 2629 Zaa

158 2647 179 2668 et
195 2644 248 2667 edd.
270 2645 287 2673 l,
306 2645 318 2666 2
336 2645 443 2667 omittunt
459 2643 484 2667 in
501 2648 552 2667 ante
569 2644 685 2668 omnibus.
700 2645 785 2667 Deinde
797 2651 839 2673 pro
850 2651 893 2675 per
909 2651 933 2668 se
950 2646 1000 2668 cod.

160 2683 178 2706 Y
195 2683 312 2706 substituit
326 2684 401 2713 parte.

222 2722 231 2737 ²
249 2722 313 2745 Vers.
332 2722 367 2744 24.
386 2735 416 2738 -
433 2724 536 2751 Grcgor.,
559 2722 650 2744 xxxii.
675 2723 750 2745 Moral.
769 2729 788 2745 r.
811 2723 847 2745 23.
865 2729 887 2745 11.
910 2723 955 2746 47:
978 2724 1003 2746 Et

160 2761 211 2783 licet
229 2762 298 2783 homo
314 2761 346 2784 ad
361 2761 539 2784 similitudmem
556 2761 595 2783 Dei
614 2765 704 2784 creatus
720 2763 748 2784 sit
764 2761 828 2790 (Gen.
848 2762 867 2790 l,
886 2762 941 2790 27.),
961 2763 1003 2784 An-

161 2800 212 2828 gclo
235 2803 310 2823 tamen
331 2801 396 2829 quasi
415 2802 488 2823 maius
505 2801 590 2830 aliquid
609 2800 720 2828 tribuens,
739 2806 783 2822 non
800 2807 853 2823 cum
877 2801 905 2823 ad
928 2802 1003 2823 simili·

162 2838 264 2861 tudinem
282 2839 321 2861 Dei
336 2839 465 2868 conditum,
478 2840 518 2862 sed
537 2840 613 2867 ipsum
625 2839 777 2869 stynacucum
791 2839 831 2862 Dei
841 2839 1003 2863 similitudinis

162 2877 217 2900 dicit
234 2878 323 2905 (Ezech.
342 2878 378 2906 28,
399 2879 450 2906 l2.),
469 2881 492 2900 ut
509 2884 556 2907 quo
574 2878 677 2900 subtilior
692 2881 726 2900 est
742 2879 763 2900 in
782 2881 874 2907 natura,
892 2880 953 2901 eoin
966 2879 1003 2901 illo

161 2916 286 2939 similitudo
304 2917 342 2939 Dei
360 2917 448 2945 plenius
465 2917 571 2939 credatur
589 2923 703 2945 expressa.
729 2916 773 2939 cfr.
800 2918 889 2945 lsidor.,
909 2919 923 2940 l.
941 2919 1002 2941 Seni.

162 2961 181 2977 0.
203 2955 236 2977 10.
255 2961 275 2977 n.
294 2956 315 2977 6.

1056 1922 1122 1952 ergo
1137 1923 1201 1943 cum
1223 1919 1324 1944 natura
1352 1916 1476 1953 angelica
1505 1916 1565 1945 iure
1586 1918 1686 1947 ceteris
1714 1922 1900 1956 anteponatur

1056 1978 1094 1982 —
1116 1962 1195 1991 iuxta
1216 1962 1290 1999 quod
1313 1963 1379 1991 dicit
1401 1963 1556 1992 Richardus
1578 1964 1612 1993 de
1637 1969 1731 1994 sancto
1754 1965 1862 1995 Victore
1878 1966 1901 1995 ³:

1056 2008 1117 2045 Ipsa
1138 2012 1179 2037 est
1201 2009 1285 2038 totius
1307 2010 1496 2039 universitatis
1518 2014 1601 2048 caput
1621 2027 1658 2032 —
1678 2011 1802 2047 videtur,
1824 2013 1900 2050 quod

1058 2055 1144 2092 magis
1166 2055 1267 2084 decens
1295 2056 1391 2091 suerit,
1420 2057 1508 2094 ipsam
1536 2058 1609 2086 uniri
1638 2066 1723 2095 quam
1746 2059 1899 2088 humanam

1057 2105 1195 2130 naturam.

1135 2149 1161 2177 3.
1184 2149 1262 2183 110111,
1278 2153 1379 2178 natura.
1399 2150 1523 2187 angelica
1539 2159 1619 2188 passa
1640 2155 1682 2181 est
1700 2152 1810 2181 ruinam
1832 2156 1859 2182 et
1873 2154 1901 2182 in

1056 2195 1162 2224 malum
1184 2196 1283 2233 culpae
1304 2200 1330 2225 et
1353 2196 1378 2225 in
1402 2197 1507 2225 malum
1529 2205 1645 2234 poenae:
1672 2206 1739 2235 ergo
1761 2199 1782 2228 si
1806 2199 1900 2229 divina

1058 2243 1248 2271 misericordia
1269 2243 1465 2272 condescendit
1488 2244 1629 2279 miseriae,
1651 2246 1737 2274 cum‘
1766 2246 1900 2275 maiorem

1055 2289 1254 2317 abundantiam
1279 2289 1406 2318 miseriae
1427 2290 1566 2327 contingat
1589 2291 1713 2327 reperire
1730 2292 1755 2320 in
1777 2292 1901 2329 angelica

1058 2339 1156 2364 natura
1178 2344 1262 2373 quam
1285 2336 1311 2364 in
1341 2336 1479 2371 humana;
1511 2337 1636 2372 videtur,
1658 2338 1732 2375 quod
1755 2339 1844 2367 maior
1865 2339 1900 2368 sit

1058 2383 1082 2410 in
1105 2390 1137 2411 ea
1158 2383 1317 2419 congruitas
1339 2383 1374 2411 ad
1397 2383 1526 2412 unionem
1550 2392 1633 2421 quam
1658 2385 1683 2413 in
1706 2385 1838 2414 humana.

1135 2429 1161 2456 lt.
1183 2428 1262 2463 110111,
1280 2431 1379 2457 natura
1394 2433 1518 2458 assumta
1540 2430 1707 2467 principium
1727 2436 1768 2460 est
1789 2436 1900 2462 nostrae

1057 2475 1251 2511 reparationis:
1268 2475 1289 2503 si
1313 2483 1379 2512 ergo
1394 2476 1561 2506 conveniens
1579 2480 1633 2511 051,
1649 2480 1680 2506 111
1698 2479 1838 2515 reparatio
1854 2479 1902 2508 fiat

1120 2607 1130 2622 ³
1147 2607 1206 2630 Libr.
1225 2608 1260 2630 tv.
1279 2607 1307 2630 de
1325 2608 1387 2630 Trin.
1405 2614 1424 2631 0.
1442 2609 1487 2631 25:
1505 2609 1570 2637 Quod
1596 2616 1652 2638 ergo
1678 2614 1712 2633 est
1729 2611 1750 2633 in
1769 2613 1901 2639 operatione

1058 2648 1156 2669 humana
1175 2648 1268 2669 humani
1286 2648 1390 2675 corporis
1407 2648 1495 2676 effigies
1512 2649 1560 2671 sine
1578 2650 1662 2677 capite,
1681 2651 1724 2673 hoc
1741 2657 1791 2673 esse
1808 2651 1900 2674 videtur

1057 2686 1078 2708 in
1096 2687 1227 2714 operatione
1245 2686 1322 2708 divina
1341 2687 1515 2709 universalitatis
1533 2687 1617 2710 fabrica
1635 2689 1684 2711 sine
1704 2690 1791 2717 optimo
1818 2696 1902 2718 genere

1057 2729 1173 2747 creaturae
1192 2726 1248 2753 [scil.
1267 2725 1372 2753 AngeloL
1390 2724 1435 2748 Cfr.
1453 2726 1476 2747 ll.
1495 2726 1554 2748 Sent.
1573 2726 1596 2749 d.
1621 2727 1637 2749 l.
1661 2734 1683 2755 p.
1702 2728 1723 2750 ll.
1748 2734 1767 2750 a.
1791 2729 1812 2750 2.
1836 2735 1858 2757 q.
1881 2729 1902 2751 2.

1058 2775 1090 2781 —
1106 2764 1174 2786 Paulo
1191 2765 1297 2792 superius
1314 2764 1365 2787 cod.
1384 2765 1409 2787 R.
1429 2768 1480 2793 post
1496 2764 1579 2788 ceteris
1596 2766 1659 2789 addit
1676 2766 1738 2789 aliis.

1122 2801 1131 2816 ⁴
1148 2802 1204 2824 Etld.
1221 2803 1264 2825 el...
1282 2802 1389 2826 conuenit
1406 2803 1511 2832 reperiri.
1529 2803 1601 2826 Codd.
1619 2807 1637 2827 Α
1648 2805 1691 2827 EG
1702 2806 1717 2827 L
1729 2805 1747 2827 T
1759 2806 1777 2827 V
1795 2807 1902 2829 omittunt

1060 2842 1087 2869 et,
1103 2848 1144 2869 pro
1156 2848 1202 2870 quo
1220 2842 1286 2864 codd.
1306 2842 1320 2864 F
1332 2842 1347 2864 U
1360 2842 1418 2864 bene
1431 2842 1570 2865 substituunt
1581 2849 1635 2866 cum
1646 2862 1652 2872 ,
1671 2851 1682 2866 a
1701 2844 1767 2866 nobis
1780 2845 1800 2866 iu
1816 2847 1901 2867 textum

1059 2882 1188 2908 receptum,
1206 2881 1244 2909 qui
1262 2881 1330 2903 etiam
1348 2881 1430 2904 deinde
1448 2887 1501 2904 cum
1519 2882 1567 2905 aliis
1579 2882 1646 2905 codd.
1660 2889 1702 2911 pro
1718 2883 1824 2906 convenit
1842 2884 1904 2906 exhi-

1061 2918 1115 2941 bent
1131 2918 1260 2949 coalitique.
