2166 3366
114 310 227 329 Notandum.

120 2258 186 2282 Quoad
203 2259 238 2276 Pa-

121 2285 174 2301 trem.

122 2354 151 2372 Ad
164 2353 239 2376 opposi-

158 2379 202 2396 tum.

249 178 285 206 28

325 255 395 284 Haec
425 258 518 283 autem
551 254 644 282 omnia
674 253 780 290 absque
812 253 985 289 praeiudicio
1018 252 1091 281 dicta

242 305 323 337 sunt;
349 310 403 330 non
431 302 505 330 enim
527 300 589 329 volo
618 300 770 328 bonitatem
793 300 840 328 Dei
863 302 1020 333 coarctare,
1042 299 1089 328 sed

242 349 413 378 nimietatem
446 347 568 377 caritatis
600 354 667 375 suae
699 354 766 383 erga
798 345 943 374 hominem
975 345 1092 382 lapsum

924 174 1176 203 SENTENTIARUM
1199 175 1259 203 LlB.
1281 175 1321 202 111.

1148 252 1373 287 commendare1,
1388 257 1420 280 ut
1440 251 1557 280 affectus
1575 252 1663 280 nostri
1678 252 1837 280 excitentur
1855 252 1890 280 ad
1906 259 1998 280 antan-

1149 299 1217 327 dum
1240 299 1345 335 ipsum,
1367 299 1437 327 dum
1451 298 1622 327 attendimus
1643 298 1745 327 nimiae
1767 298 1922 327 dilectionis
1938 299 1998 327 eius

1150 353 1307 374 excessum.

989 459 1252 496 SGHOLION.

306 577 319 598 l.
338 577 400 598 Sicut
422 576 525 597 omnium
549 575 682 597 divinorum
705 580 814 602 operum,
837 575 869 596 sic
892 577 914 596 et
932 574 1094 595 incarnationis

243 615 293 637 finis
315 615 448 643 principalis
472 617 493 636 et
512 614 605 636 ultimus
628 619 654 635 ex
678 616 741 641 parte
763 612 805 635 Dei
828 612 948 641 operantis
971 615 1005 634 est
1022 612 1095 640 gloria

243 656 315 683 ipsius
333 653 499 676 manifestanda
518 653 571 679 (ct'r.
585 652 607 674 11.
626 652 686 674 Seni.
706 652 727 674 d.
745 652 761 673 1.
781 658 803 679 p.
822 652 845 673 11.
863 658 882 673 av
899 652 919 673 2.
933 658 953 680 q.
978 652 1012 679 l.).
1032 651 1095 672 intel-

243 694 333 722 ligenda
352 697 386 716 est
403 694 473 721 igitur
490 693 594 721 quaestio
612 692 668 713 haec
691 691 719 713 de
736 692 823 713 ratione
841 691 965 718 praecipua
984 696 1010 712 ex
1032 693 1095 717 parte

243 739 339 761 rerum,
360 734 409 755 sive
427 733 454 755 de
472 732 517 754 fine
529 730 620 760 operis,
641 731 725 753 scilicet
738 734 815 753 utrum
833 730 959 758 adaequata
978 730 1035 751 ratio
1049 730 1096 751 sue-

243 774 271 795 rit
292 772 422 795 remedium
440 772 526 800 peccati
545 772 614 800 (quin
634 774 709 793 tamen
728 770 769 792 alia
791 769 851 791 bona
870 770 954 791 intenta
973 768 1096 790 excludan-

244 813 301 841 tur),
319 818 347 834 an
366 812 414 839 ipsa
432 812 501 833 huius
514 811 616 839 mysterii
634 810 764 832 excellentia
778 814 831 831 cum
849 808 956 836 plurimis
973 807 1040 829 bonis
1054 812 1096 835 pro

245 852 346 873 humano
364 857 449 879 genere
467 853 560 878 totoque
578 850 687 871 universo
705 848 758 870 inde
776 847 946 869 resultantibus.
965 846 1028 868 ldem
1045 852 1096 874 pro-

244 890 319 913 blema
338 891 359 912 ln
378 890 462 912 scholis
479 889 550 916 vulgo
578 889 610 910 sic
633 888 784 916 proponitur:
809 890 898 913 utrum,
922 887 939 907 si
958 886 1027 907 honio
1051 891 1096 907 non

244 933 373 957 peccasset,
394 928 498 951 Verbum
515 929 659 949 incarnatum
677 927 763 948 suisset.
781 926 838 947 Nam
856 925 976 953 responsio
994 924 1023 947 ad
1039 925 1096 946 hanc

245 969 339 990 alteram
356 968 480 990 formulam
498 967 602 995 sequitur
623 968 648 987 ut
665 965 812 987 corollarium
830 970 856 986 ex
878 964 990 986 solutione
1013 964 1097 991 prioris

244 1008 391 1036 quaestionis.
409 1019 440 1022 —
459 1006 583 1028 Incidimus
606 1005 642 1027 liic
660 1001 684 1026 111
705 1003 881 1026 celeberrimam
903 1003 1095 1030 controversiam,

245 1047 370 1074 praecipue
387 1046 445 1067 inter
458 1045 560 1068 scholam
579 1045 751 1066 'l‘l‘iomistarum
770 1045 791 1065 et
803 1043 951 1064 Scotistarum
970 1048 981 1063 a
1000 1040 1097 1063 saeculis

245 1086 353 1113 agitatam
371 1087 393 1107 et
416 1084 520 1106 nondum
544 1084 730 1110 determinatam,
754 1083 775 1104 in
795 1088 840 1110 qua
865 1082 935 1103 multa
953 1080 1043 1103 subtilia
1069 1080 1097 1102 de

245 1124 453 1152 praedestinatione
471 1122 552 1146 Christi
570 1125 592 1145 ct
607 1122 635 1144 de
653 1122 733 1144 ordine.
751 1121 897 1143 decretorum
916 1120 1049 1142 divinorum
1068 1120 1097 1141 af-

245 1163 297 1185 l'erri
310 1162 421 1185 solebant.
440 1163 471 1184 Dc
484 1163 533 1190 ipsa
547 1162 695 1184 consulantur
708 1161 846 1182 recentiores
859 1162 976 1187 auctores⁷
996 1164 1097 1187 quorum

245 1202 281 1224 alii
299 1208 353 1224 cum
371 1202 450 1227 Scoto,
468 1201 490 1223 S.
510 1200 662 1228 Bet-nardino⁷
682 1200 704 1221 S.
723 1199 843 1221 Francisco
866 1198 952 1220 Salesio
969 1200 991 1219 et
1014 1198 1097 1220 eximio

246 1241 353 1269 theologo
371 1241 455 1263 Suarez
478 1242 572 1268 negant,
597 1240 747 1267 praecipuam
768 1242 790 1260 et
812 1237 965 1266 adaequatam
986 1237 1097 1259 rationem

246 1281 406 1303 incarnationis
424 1286 474 1302 esse
491 1278 674 1308 redemptionem
692 1278 783 1306 generis
797 1278 903 1305 humanm
922 1277 958 1299 alii
976 1282 1032 1298 vero
1045 1282 1098 1298 cnm

246 1320 370 1342 Thomistis
388 1320 432 1342 hoc
455 1319 576 1341 affirmant.
594 1319 698 1341 Attamen
717 1318 739 1339 in
762 1317 911 1344 explicatione
933 1319 955 1338 et
977 1315 1099 1337 confirma—

247 1360 306 1382 tione
318 1360 438 1387 utriusque
454 1359 577 1381 sententiat·
591 1360 696 1379 auctores
708 1357 784 1379 varias
796 1355 958 1384 ingrediuntur
977 1356 1034 1377 vias.

309 1398 468 1420 Observamus
486 1398 521 1419 hic
543 1399 630 1419 tantum
647 1395 738 1425 primo,
765 1396 946 1417 controversiam
969 1400 1013 1416 non
1037 1400 1098 1421 esse,

246 1440 336 1466 utrum⁷
358 1438 451 1459 homine
470 1443 514 1459 non
533 1438 654 1464 peccante,
679 1436 803 1457 incarnatio
825 1437 885 1457 esset
907 1432 1037 1463 possibilis,
1062 1433 1099 1455 vel

246 1479 314 1500 etiam
332 1480 462 1500 remaneret
485 1477 539 1498 satis
561 1481 669 1505 congrua
686 1475 771 1496 divinis
791 1473 911 1496 attributis
935 1473 1011 1502 (quod
1031 1478 1099 1495 nemo

248 1519 336 1545 negat),
350 1516 390 1538 sed
408 1516 526 1544 qtiaeritur
544 1515 571 1537 dc
584 1514 658 1543 facto,
680 1514 714 1535 vel
733 1514 809 1541 potius
827 1511 947 1542 faciendo.
965 1514 988 1534 et
1004 1512 1099 1540 quidem

247 1558 320 1578 stante
343 1557 465 1583 praesente
484 1553 627 1582 providentia
652 1556 671 1575 et
691 1553 713 1574 vi
732 1552 817 1574 decreti
841 1551 911 1573 [livini
934 1552 978 1573 iam
1002 1550 1099 1579 conditi,

247 1601 291 1617 non
310 1598 387 1617 autem
399 1595 422 1615 vi
435 1594 528 1615 alterius
541 1593 635 1619 decreti,
655 1592 718 1621 quod
731 1591 792 1613 Deus
804 1591 916 1619 potuisset
927 1591 1013 1618 facere,
1026 1590 1099 1612 Adam

247 1640 292 1656 non
310 1637 427 1662 peccante.
446 1633 502 1661 Quis
519 1633 580 1654 enim
598 1632 753 1654 determinare
771 1631 836 1659 velit,
856 1630 911 1659 quid
937 1631 959 1652 in
981 1630 1023 1652 alta
1046 1636 1100 1657 pro-

247 1673 347 1696 videntia
366 1673 427 1695 Deus
444 1673 546 1694 facturus
563 1672 609 1693 sit?

310 1712 419 1736 Secundo
438 1711 603 1739 observamus,
623 1711 729 1739 antiquos
741 1710 893 1732 Scholasticos
910 1714 1039 1737 omnesque
1051 1714 1100 1736 gra-

247 1754 325 1775 viores
342 1755 447 1775 auctores
465 1752 487 1774 S.
506 1752 680 1773 Bonavcnturae
698 1751 719 1771 in
736 1750 780 1771 hoc
793 1749 932 1777 consentire,
951 1748 1015 1777 quod
1032 1748 1100 1770 etiam

248 1792 278 1815 ad
289 1792 448 1821 quaestionem
466 1791 498 1813 sit·
510 1790 647 1812 intellectam
666 1795 709 1811 non
729 1791 804 1816 potest
816 1787 951 1816 responderi
967 1787 1009 1809 nisi
1022 1792 1101 1809 secun-

248 1831 305 1854 dum
322 1831 439 1854 materam
454 1829 652 1860 probabilitatem.
670 1829 728 1850 Hinc
745 1829 767 1850 S.
787 1828 870 1850 Thom.
890 1828 940 1854 (hic
958 1827 979 1849 d.
1002 1827 1019 1848 l.
1038 1832 1060 1854 q.
1080 1826 1099 1848 1.

248 1877 267 1894 a.
285 1871 316 1900 3.)
334 1870 422 1893 eisdem
441 1870 487 1892 sere
504 1869 584 1891 verbis
607 1874 633 1891 ac
656 1868 678 1890 S.
701 1868 788 1889 Bonav.
810 1868 899 1894 monet,
921 1874 931 1886 <c
944 1865 1009 1894 quod
1032 1866 1100 1887 huius

1152 574 1291 601 quaesti‹·,›ms
1317 574 1436 595 veritatem
1465 573 1527 595 solus
1552 574 1587 595 ille
1614 574 1672 595 scire
1700 575 1788 601 potest,
1816 574 1854 601 qui
1884 576 1949 595 natus
1980 574 2002 595 et

1152 612 1243 634 oblatus
1262 615 1306 640 est,
1326 613 1378 640 quia
1400 612 1506 640 voluit»;
1528 612 1589 634 unde
1606 612 1693 634 ibidem
1713 612 1781 634 etiam
1799 612 1893 633 alteram
1914 612 2002 639 opinio-

1154 657 1205 673 nem
1220 650 1369 679 probabiliter
1380 651 1485 673 sustineri
1505 656 1573 678 posse
1591 651 1700 678 affirniat,·
1713 650 1821 678 idemque
1839 651 1861 672 in
1879 656 1920 672 sua
1938 650 2002 672 Sum-

1154 696 1190 712 ma
1210 690 1276 712 theol.
1295 690 1341 713 (lll.
1360 696 1380 718 q.
1404 690 1420 711 1.
1439 696 1458 712 a.
1484 690 1514 717 3.)
1534 689 1562 712 de
1585 691 1705 718 sententia⁷
1730 696 1800 718 quam
1823 691 1872 717 ipse
1883 689 2000 718 *praefert⁷

1155 732 1240 751 tantum
1254 729 1318 751 dicit:
1342 737 1351 749 α
1361 729 1418 751 Huic
1436 729 1554 751 assertioni
1568 729 1642 757 magis
1657 729 1827 751 assentiendum
1840 728 1931 750 videtur
1943 737 1953 748 z>
1964 746 1968 756 ,
1981 730 2004 750 et

1154 769 1222 796 paulo
1243 769 1347 795 interius,
1373 776 1382 787 a
1401 768 1574 790 convenientius
1595 768 1639 790 dici
1654 776 1664 788 »
1682 771 1723 790 etc.
1745 768 1852 790 Similiter
1877 768 2003 796 loquuntur

1154 809 1193 837 qui
1211 809 1335 831 sententiae
1353 808 1411 830 Seoti
1430 808 1517 835 favent,
1536 811 1560 829 ut
1577 807 1601 829 B.
1619 807 1725 829 Albertus
1742 810 1764 829 et
1781 807 1816 829 vel
1839 808 1888 835 ipse
1910 807 2002 835 Scotus,

1155 849 1194 877 qui
1212 848 1353 875 (Commeat.
1369 847 1440 870 Oxou.
1459 847 1491 869 lll.
1510 847 1571 869 Sent.
1584 846 1606 868 d.
1624 847 1646 869 7.
1665 853 1686 875 q.
1704 847 1724 869 3.
1743 853 1764 868 n.
1783 847 1814 875 3.)
1833 853 1899 869 suam
1917 849 2003 869 senten-

1155 888 1207 909 tiam
1231 886 1398 914 explanandam
1417 887 1495 914 incipit
1512 887 1559 908 sic:
1578 886 1630 907 Sine
1649 885 1790 913 praeiudicio
1808 885 1852 907 dici
1870 887 1944 913 potest
1961 887 2003 907 etc.

1155 926 1261 948 ltichard.
1280 932 1291 947 a
1310 925 1367 948 ltled.
1394 928 1469 947 autem
1488 929 1610 953 utramque
1636 925 1768 953 opinionem
1789 930 1843 946 cum
1866 924 1914 946 suis
1935 930 2004 952 argu-

1155 966 1236 987 mentis
1255 966 1319 987 at'tert
1340 969 1362 987 et
1378 966 1399 987 in
1422 968 1525 987 neutram
1538 965 1636 987 inclinat.
1653 964 1695 986 Pro
1713 964 1793 986 eadem
1807 964 1916 986 sententia
1933 963 2004 991 vulgo

1155 1005 1235 1027 citatur
1252 1005 1321 1026 etiam
1333 1004 1393 1026 Alex.
1407 1004 1461 1032 ilai„
1480 1003 1534 1032 sed,
1547 1007 1572 1026 ut
1584 1004 1630 1025 iam
1642 1003 1782 1026 observavit.
1796 1003 1822 1025 cl.
1835 1003 1872 1025 Dr.
1885 1002 2004 1024 Scheeben

1156 1043 1258 1069 (Handb.
1276 1043 1318 1065 der
1341 1043 1430 1065 nathol.
1450 1043 1589 1071 Dogmassk,
1615 1045 1629 1064 t.
1654 1043 1687 1064 111.
1714 1048 1767 1070 pag.
1786 1041 1852 1070 884),
1879 1042 1927 1063 sine
1951 1042 2005 1063 satis

1155 1083 1222 1105 firmo
1245 1083 1407 1111 fundamento,
1431 1088 1484 1104 cum
1502 1083 1551 1110 ipse
1569 1082 1598 1104 ad
1616 1082 1685 1104 alium
1703 1082 1792 1104 statum
1810 1079 1954 1110 quaestionis
1970 1086 2006 1102 re-

1155 1123 1274 1150 spondeat.
1293 1123 1386 1150 Quaerit
1407 1123 1468 1144 enim
1491 1124 1579 1144 tantum
1599 1121 1628 1144 de
1651 1120 1812 1144 convenientia
1833 1120 2005 1148 incarnationis,

1155 1164 1247 1185 homine
1266 1168 1310 1184 non
1329 1164 1449 1190 peccante,
1467 1164 1489 1183 et
1505 1161 1599 1183 resolvit
1616 1162 1660 1183 sic:
1681 1169 1691 1180 «
1704 1161 1756 1182 Sine
1768 1159 1909 1188 praeiudicio
1927 1165 2006 1181 conce·

1156 1202 1258 1224 [lendum
1276 1204 1321 1229 est,
1341 1201 1403 1230 quod
1427 1202 1467 1223 etsi
1485 1207 1530 1223 non
1548 1201 1627 1223 fuisset
1650 1204 1729 1222 natura
1747 1200 1826 1227 lapsa,
1849 1199 1925 1221 adhuc
1947 1201 2006 1221 esset

1156 1240 1317 1264 convenientia
1335 1241 1363 1263 ad
1381 1241 1561 1263 incarnationem
1574 1248 1596 1262 ι).
1614 1240 1659 1262 Nec
1679 1239 1741 1261 aliud
1763 1240 1785 1261 in
1803 1239 1838 1260 illa
1856 1238 2006 1266 responsione

1156 1281 1304 1309 determinat,
1324 1286 1365 1302 nec
1385 1281 1406 1301 in
1426 1280 1481 1307 ipsis
1501 1280 1645 1307 argumentis
1666 1278 1753 1307 aliquid
1777 1277 1838 1300 aliud
1861 1278 1903 1299 nisi
1925 1282 2007 1300 conve-

1156 1319 1269 1343 iii'enlistoit
1282 1319 1406 1346 concludit,
1428 1322 1523 1346 excepto
1542 1319 1629 1346 primo7
1651 1317 1690 1340 ubi
1711 1312 1791 1339 revera
1810 1323 1837 1339 ex
1851 1315 2007 1346 conficientia

1157 1361 1242 1388 arguit,
1262 1359 1324 1388 quod
1338 1367 1347 1378 ιι
1361 1360 1447 1386 posito,
1467 1358 1529 1386 quod
1548 1358 1596 1385 ipsa
1615 1363 1660 1379 non
1678 1360 1737 1379 esset
1754 1356 1829 1384 lapsa,
1843 1356 1919 1378 adhuc
1932 1356 2008 1377 unire—

1158 1403 1193 1421 tur
1210 1404 1329 1421 summum
1347 1397 1435 1419 bonum
1449 1406 1468 1419 n.
1487 1396 1580 1419 Constat
1592 1399 1668 1418 autem
1686 1396 1753 1418 etiam
1766 1394 1895 1417 secundum
1913 1395 2008 1416 Alexan-

1157 1437 1238 1465 drum,
1257 1437 1320 1466 quod
1337 1443 1364 1458 ex
1381 1436 1432 1459 solu
1450 1434 1604 1465 conqraeoztict
1623 1435 1718 1456 alicuius
1736 1433 1824 1456 boniet
1841 1433 1909 1455 etiam
1926 1433 2007 1460 optimi

1158 1483 1201 1499 non
1215 1480 1289 1505 potest
1301 1479 1361 1498 recte
1374 1476 1452 1503 argui,
1466 1481 1477 1497 a
1491 1475 1537 1497 Deo
1550 1475 1593 1496 hoc
1605 1480 1655 1496 esse
1668 1473 1806 1496 faciendum.
1819 1473 1849 1495 Ex
1862 1472 1930 1494 altera
1943 1474 2007 1500 parte

1158 1522 1225 1538 nemo
1244 1516 1348 1544 negavit,
1365 1515 1439 1537 Adam
1452 1520 1497 1536 non
1515 1516 1635 1542 peccante,
1654 1513 1730 1535 adhuc
1741 1510 1811 1534 fuisse
1828 1511 2008 1534 incarnationem

1157 1558 1179 1577 et
1195 1554 1330 1583 possibilem
1347 1557 1369 1576 et
1385 1554 1453 1576 etiam
1472 1554 1646 1575 convenientem
1664 1554 1686 1574 et
1703 1557 1842 1579 congruam,
1860 1551 1878 1572 si
1896 1550 1943 1572 Deo
1960 1549 2009 1578 pla—

1158 1595 1241 1617 cuisset
1259 1600 1309 1616 eam
1327 1593 1392 1615 velle.
1409 1605 1439 1608 ——
1456 1592 1531 1621 Quam
1548 1593 1664 1620 sapienter
1681 1591 1765 1619 pieque
1783 1591 1853 1612 totam
1871 1590 1929 1611 hanc
1941 1594 2009 1617 quae-

1158 1634 1255 1656 stionem
1274 1635 1352 1655 tractet
1364 1632 1386 1654 S.
1404 1632 1490 1654 Bonav.
1503 1634 1524 1653 et
1542 1631 1571 1653 ad
1584 1634 1685 1653 mentem
1702 1629 1804 1657 Angelici
1817 1628 1929 1656 resolvat,
1948 1630 2009 1656 patet

1157 1680 1184 1696 ex
1201 1673 1279 1695 littera.

1221 1706 1245 1727 11.
1263 1705 1324 1726 Alex.
1342 1703 1398 1731 Hal.⁷
1417 1703 1439 1725 S.
1458 1709 1480 1731 p.
1498 1702 1530 1724 lll.
1549 1708 1570 1730 q.
1590 1702 1610 1723 2.
1629 1707 1659 1723 m.
1680 1701 1715 1723 13.
1733 1712 1764 1716 -
1781 1700 1849 1727 Scot.,
1867 1699 1910 1722 loc.
1928 1700 1963 1721 cit.
1987 1701 2009 1721 et

1159 1744 1179 1766 d.
1199 1745 1235 1766 119.
1258 1750 1280 1772 q.
1305 1744 1364 1765 unic.
1383 1749 1404 1764 n.
1423 1743 1449 1770 ὃς
1474 1742 1566 1769 Report.
1590 1740 1622 1762 111.
1640 1740 1701 1762 Sent.
1725 1739 1746 1762 d.
1764 1739 1785 1761 7.
1805 1745 1826 1767 q.
1851 1738 1870 1760 4».
1894 1744 1916 1760 n.
1935 1737 1955 1760 4.
1978 1750 2009 1754 —

1158 1784 1179 1805 S.
1199 1784 1289 1811 Thom.,
1303 1783 1358 1805 locc.
1372 1783 1415 1804 citt.
1434 1793 1465 1797 —
1482 1781 1506 1803 B.
1519 1780 1611 1808 Albert.‚
1625 1780 1656 1801 lll.
1674 1779 1734 1801 Sent.
1748 1778 1769 1801 d.
1783 1779 1819 1800 20.
1833 1784 1852 1800 a.
1866 1777 1886 1800 4.
1903 1790 1934 1794 —
1952 1777 2008 1799 Petr.

1158 1830 1169 1845 a
1189 1823 1249 1851 Tan,
1268 1823 1304 1845 hic
1321 1829 1343 1851 q.
1366 1822 1382 1843 1.
1401 1828 1420 1843 a.
1439 1822 1459 1843 2.
1477 1832 1508 1836 —
1526 1819 1632 1842 Richard.
1651 1825 1663 1841 a
1680 1819 1746 1847 Med,
1765 1819 1801 1840 hic
1818 1824 1838 1840 a.
1857 1818 1877 1839 2.
1900 1824 1921 1846 q.
1941 1817 1961 1839 4.
1978 1829 2010 1833 —

1159 1864 1251 1891 Dionys.
1264 1862 1347 1889 Carth.y
1367 1862 1402 1883 hic
1415 1867 1436 1890 q.
1450 1862 1471 1882 2.
1483 1872 1514 1877 —
1526 1860 1584 1887 Biel,
1602 1859 1633 1881 111Α
1646 1859 1706 1881 Seni.
1720 1857 1742 1880 d.
1761 1858 1781 1880 2.
1795 1864 1817 1886 q.
1836 1858 1901 1879 unica
1922 1857 1944 1879 in
1957 1856 2008 1879 sine.

1018 1965 1181 2003 QUAESTIO
1202 1965 1243 1993 111.

578 2058 659 2093 Quae
681 2056 773 2085 trium
792 2063 992 2093 personarum
1014 2053 1107 2091 fuerit
1129 2053 1169 2081 sttl
1190 2052 1426 2081 incarnationem
1448 2050 1546 2088 magis
1568 2050 1681 2078 idonea.

330 2158 422 2186 Tertio
444 2156 599 2194 quaeritur,
616 2163 687 2192 quae
707 2155 793 2183 trium
809 2161 995 2191 personarum
1017 2152 1102 2181 fuerit

250 2205 285 2233 ad
301 2203 519 2241 incarnationem
537 2203 624 2239 magis
644 2202 750 2230 idonea.
768 2201 797 2229 Et
822 2200 979 2229 ostenditur
1001 2199 1102 2236 primo,

251 2251 327 2289 quod
348 2247 468 2288 persona
490 2250 603 2278 Patris.

332 2299 356 2326 l.
378 2298 455 2326 lllius
478 2297 552 2326 enim
568 2299 610 2325 est
631 2304 781 2329 recreare,
804 2295 884 2323 cuius
907 2297 948 2323 est
962 2292 1103 2326 creare&

252 2345 301 2374 sed
323 2345 426 2374 creatio
448 2344 573 2373 maxime
587 2342 752 2371 attribuitur
773 2345 799 2371 et
814 2341 943 2381 convenit
964 2340 1103 2378 potentiae

253 2393 353 2427 Patris,
375 2400 442 2429 ergo
464 2394 491 2420 et
513 2390 658 2419 recreatio:
682 2398 749 2426 ergo
771 2390 831 2426 pari
854 2388 961 2416 ratione
982 2387 1104 2421 videtur,

253 2439 328 2477 quod
350 2442 377 2468 et
398 2438 559 2468 incarnatio.

333 2488 358 2515 Ξ.
382 2485 565 2520 lte1n‚illius
594 2487 636 2513 est
663 2483 739 2521 filios
766 2483 925 2520 adoptare,
955 2478 1036 2511 cuius
1064 2483 1105 2509 est

251 2542 411 2571 ,concrctam
433 2533 482 2561 sed
505 2532 658 2560 incarnatio
680 2531 827 2559 ordinatur
853 2529 889 2558 ad
910 2528 1104 2565 adoptionem,

251 2580 323 2609 sicut
345 2580 448 2609 dicitur
470 2579 505 2608 ad
521 2579 630 2608 Galatas
652 2581 752 2615 quarto
765 2577 787 2605 ³:
804 2584 870 2613 ergo
892 2576 1013 2609 videtur,
1029 2574 1104 2612 quod

316 2737 323 2751 1
341 2737 407 2759 Rom.
426 2737 450 2764 ὅ.
472 2738 501 2758 8:
520 2736 673 2759 Commendat
690 2738 766 2758 autem
784 2736 901 2757 caritatem
919 2740 985 2757 suam
1004 2734 1065 2756 Deus
1082 2734 1103 2755 in

253 2777 330 2805 nobis,
349 2777 459 2805 quoniam
477 2782 531 2798 cum
544 2776 620 2798 adhuc
634 2778 766 2804 peccatores
778 2781 893 2803 essemus⁷
906 2774 1035 2797 secundum
1048 2776 1105 2795 tem-

253 2823 296 2844 pus
313 2816 416 2839 Christus
434 2822 477 2844 pro
495 2815 561 2837 nobis
579 2819 684 2837 mortuus
701 2818 735 2837 est
751 2818 793 2837 cte.

316 2856 324 2870 Ξ
343 2855 451 2883 August.¹
470 2854 498 2876 de
517 2854 600 2876 Verbis
617 2854 729 2881 Apostoli,
744 2860 812 2875 serm.
831 2853 879 2875 176.
899 2852 963 2881 (alias
981 2852 1027 2881 20.)
1046 2857 1064 2873 c.
1083 2851 1103 2873 5.

253 2901 274 2916 n.
294 2895 324 2917 5:
342 2894 413 2917 Nemo
431 2897 529 2921 recreat,
549 2894 590 2915 nisi
609 2894 648 2922 qui
667 2897 742 2919 creat3
761 2899 828 2915 nemo
854 2892 941 2919 reficit,
960 2892 1002 2914 nisi
1020 2892 1059 2920 qui
1077 2891 1105 2913 se-

254 2936 291 2958 cit.
310 2934 354 2957 Cl'r.
373 2937 427 2956 tom.
445 2934 468 2955 ll.
487 2940 541 2961 pag.
560 2933 616 2961 633,
635 2936 686 2955 nota
705 2932 725 2954 3.
743 2944 774 2948 —
791 2932 859 2960 Quod
877 2932 899 2953 in
917 2930 1006 2954 vtinorz‘
1024 2936 1106 2958 propo-

255 2976 327 3001 nitur,
346 2974 448 3003 Svnibol.
468 2974 545 3001 Apost.
564 2973 670 3001 exprimit
687 2971 778 2994 verbis:
796 2970 870 2994 Credo
883 2972 905 2993 in
917 2971 1003 2998 Deum,
1016 2970 1105 2993 Patrem

1160 2150 1283 2179 maxime
1305 2150 1437 2186 competit
1464 2149 1504 2183 ei,
1533 2148 1577 2177 cui
1606 2146 1734 2176 convenit
1762 2153 1914 2183 generare:
1943 2153 2010 2182 ergo

1161 2198 1283 2226 maxime
1306 2196 1434 2226 convenit
1455 2195 1528 2224 Patri
1550 2194 1698 2223 incarnari.

1240 2244 1265 2273 3.
1288 2244 1368 2278 Item,
1390 2243 1475 2271 Filius
1495 2245 1598 2276 totum,
1620 2241 1696 2278 quod
1718 2240 1815 2274 habet,
1838 2239 1951 2268 habeta
1966 2239 2011 2267 Pa-

1161 2296 1204 2320 tre
1216 2292 1239 2319 ⁴:
1256 2299 1322 2328 ergo
1344 2291 1433 2327 magis
1448 2290 1526 2319 decet
1549 2289 1659 2318 Patrem
1674 2288 1779 2317 habere
1801 2287 1920 2325 aliquid,
1936 2286 2011 2324 quod

1162 2347 1216 2367 non
1237 2338 1340 2367 habeat
1361 2337 1460 2372 Filius,
1482 2344 1567 2374 quam
1596 2336 1709 2370 Filium,
1731 2335 1806 2372 quod
1828 2329 1882 2363 uon
1911 2334 2012 2362 habeat

1163 2386 1258 2414 Pater:
1282 2385 1303 2414 si
1327 2384 1412 2421 igitur
1434 2383 1587 2412 incarnatio
1608 2382 1684 2417 facit,
1705 2382 1857 2410 humanam
1881 2384 2010 2409 naturam

1162 2432 1260 2461 haberi
1276 2440 1292 2460 a
1306 2429 1438 2469 persona,
1460 2438 1532 2468 quae
1547 2430 1718 2464 incarnatur,
1733 2429 1854 2463 videtur,
1869 2427 1944 2465 quod
1959 2427 2010 2456 hoc

1162 2479 1251 2516 magis
1267 2481 1404 2515 competat
1419 2484 1555 2515 personae
1577 2476 1664 2505 Patris
1686 2483 1770 2513 quam
1786 2482 1921 2513 personae
1943 2473 2011 2502 Filii.

1243 2525 1322 2562 Quod
1344 2524 1541 2562 autetiiijagis
1564 2526 1702 2560 competat
1723 2529 1858 2559 personae
1880 2520 2011 2558 Spiritus

1162 2573 1268 2606 scutati,
1290 2571 1458 2601 ostenditur:

1162 2732 1357 2759 omnipotentem,
1376 2730 1506 2753 Creatorem
1524 2732 1565 2751 etc.
1576 2729 1721 2750 —Proxime
1738 2729 1789 2754 post
1807 2732 1849 2754 pro
1866 2725 1907 2748 secl
1924 2724 2011 2748 creatio

1162 2771 1212 2793 cod.
1231 2771 1247 2792 Z
1264 2770 1305 2793 sed
1321 2776 1410 2793 creare.

1225 2809 1234 2824 3
1252 2810 1317 2832 Vei-s.
1335 2809 1363 2831 5:
1382 2809 1409 2831 Ut
1426 2814 1488 2830 eos...
1506 2807 1640 2834 redimeret,
1658 2809 1683 2828 ut
1700 2805 1848 2833 adoptionem
1866 2803 1965 2826 filiorum
1978 2809 2013 2825 re-

1163 2849 1301 2877 ciperemus.

1224 2887 1233 2902 ‘¹
1252 2887 1296 2910 Csr.
1316 2888 1375 2910 loan.
1394 2887 1422 2915 5,
1445 2887 1478 2908 19.
1496 2892 1560 2914 seqq.
1578 2897 1608 2901 —
1625 2884 1694 2906 Paulo
1712 2883 1806 2905 inferius
1823 2885 1875 2910 post
1892 2887 1965 2911 qitum
1977 2880 2013 2904 Fi-

1164 2926 1222 2949 lium
1240 2927 1292 2949 edd.
1310 2927 1419 2955 supplent
1437 2924 1528 2948 habere.

2025 2527 2088 2550 Quoad
2101 2526 2141 2549 Spi-

2025 2551 2081 2569 ritum
2095 2550 2113 2568 S.
