2166 3366
3 724 138 744 Fundamenta.

742 217 823 245 Dts'r.
847 216 933 245 xxiii.
955 217 1027 245 ΛΒΤ.
1049 217 1076 245 ti.
1099 217 1234 254 QUAEST.
1258 217 1287 245 V.

1829 217 1886 245 497

905 342 1068 379 Qussssrio
1091 343 1121 371 v.

555 431 659 459 Utiwtin
680 430 751 467 fides
772 429 911 467 inlbrmis
931 428 986 466 siat
1005 428 1156 466 formant,
1178 429 1347 458 ‹ttlveiit'ente
1366 430 1478 467 qratia.

219 528 320 566 Quinto
341 532 368 557 et
389 528 488 557 ultimo
508 529 655 565 quaeritur
674 529 708 557 de
724 529 811 566 ipsius
827 528 889 558 fidei
907 528 987 557 insor-

142 576 195 605 mis
213 575 392 610 formatione,
414 579 441 604 et
462 579 504 604 est
524 576 666 612 quaestio,
688 579 801 611 utrum,
821 575 986 605 adveniente

142 622 239 659 gratia,
252 622 320 651 fidos
333 622 458 650 informis
470 622 517 650 fiat
531 622 657 650 formata.
671 623 701 650 Et
712 622 786 659 quod
803 622 850 657 sic,
866 622 986 651 videtur.

224 670 247 696 t.
269 669 421 705 Antequam
436 668 537 705 aliquis
553 672 654 704 peccet,
670 676 723 696 non
740 668 823 697 nabet
838 669 889 697 nisi
902 668 986 697 fidem

144 715 307 748 formatam,
329 723 393 743 cum
424 718 517 743 autem
548 718 658 752 peccat,
680 719 746 743 tune
769 715 862 752 incipit
883 716 987 744 habere

143 761 227 791 fidem
249 762 414 791 insomnem:
437 762 459 790 si
481 770 548 799 ergo
564 762 589 790 in
606 762 746 799 peccando
761 770 813 790 non
831 762 987 791 infunditur

142 808 166 837 ei
188 816 259 837 nova
281 808 364 842 fides,
388 816 498 837 necesse
520 811 576 841 est,
598 808 671 845 quod
693 816 742 845 per
758 812 901 845 peccatum
918 809 988 838 fides

142 854 260 884 formata
282 854 329 883 fiat
350 855 483 884 informis.
506 855 531 883 Si
552 863 618 891 ergo
634 855 703 884 fides
718 855 844 883 informis
859 859 921 884 ante
937 856 988 884 suit

143 901 277 934 formata,
298 902 425 936 videtur,
447 902 546 939 quodsi
569 902 671 938 aliquis
694 902 858 931 restituatur
881 903 906 931 in
928 911 988 939 gra-

143 947 210 976 dum
234 948 383 985 pristinum
414 956 464 985 per
495 949 647 977 adventum
680 948 800 984 gratiae,
822 949 896 985 quod
918 949 988 978 fides

143 993 270 1023 informis
292 994 339 1023 fiat
360 994 486 1023 formata.

223 1042 248 1069 2.
272 1041 354 1075 item,
376 1042 465 1078 gratia
485 1041 637 1070 adveniens
652 1041 783 1070 informat
803 1046 948 1071 naturam:
965 1043 987 1071 si

142 1095 209 1125 ergo
231 1087 300 1117 fides
329 1088 454 1117 informis
485 1089 549 1125 plus
571 1089 749 1126 approximat
770 1089 874 1125 gratiae
902 1097 987 1126 quam

143 1134 202 1171 ipsa
234 1138 349 1169 natura,
382 1135 493 1164 videtur
522 1144 570 1172 per
595 1136 685 1164 locum
707 1144 726 1164 (ι
747 1136 890 1170 ιηὶηονιἾ,
912 1138 988 1174 quod

143 1180 212 1210 fides
235 1181 361 1210 informis
384 1182 484 1211 habeat
505 1191 554 1219 per
576 1183 693 1219 gratiam
716 1183 869 1212 informari.

222 1228 248 1257 3.
271 1228 353 1263 iterii,
375 1229 439 1266 plus
454 1230 582 1258 convenit
598 1230 709 1259 habitus
726 1230 835 1259 infusus
850 1238 913 1259 cnm
929 1239 989 1267 gra-

143 1276 196 1310 tia,
218 1284 290 1313 quae
320 1279 362 1304 est
394 1276 499 1311 intusa,
521 1285 604 1314 quam
629 1277 740 1306 habitus
764 1278 910 1315 acquisiti;
940 1279 988 1307 sed

145 1322 258 1351 habitus
279 1322 406 1359 acquisiti
429 1330 479 1360 per
499 1323 651 1352 adventum
674 1325 779 1360 gratiae
802 1323 988 1352 informantur

143 1385 182 1389 —
203 1369 277 1406 quod
299 1373 389 1406 patet,
404 1370 467 1407 quia
485 1370 510 1398 in
526 1378 623 1399 eorum
646 1370 780 1399 exercitio
794 1375 821 1400 et
836 1379 890 1400 usu
906 1371 989 1400 homo

145 1415 289 1445 meretur²
310 1433 349 1436 -
369 1424 435 1452 ergo
459 1416 546 1445 multo
568 1416 667 1445 sortitis
688 1417 800 1446 habitus
822 1417 885 1447 fidei
909 1418 990 1446 infor-

145 1462 196 1491 mis
217 1462 354 1491 formatur
375 1471 425 1500 per
447 1463 535 1500 ipsam
557 1463 674 1499 gratiani
697 1465 949 1501 supervenientem.

224 1510 251 1538 [ι.
274 1510 356 1544 item,
371 1518 457 1547 opera
473 1510 637 1539 mortificata
652 1518 702 1547 per
716 1511 867 1540 adventum
884 1512 989 1548 gratiae

145 1556 337 1590 vivificantur,
366 1557 520 1586 secundnm
544 1557 618 1594 quod
641 1558 826 1587 communiter
847 1558 988 1593 ‹licitur³‚

143 1611 210 1640 ergo
232 1603 290 1641 pari
315 1604 420 1633 ratione
441 1608 468 1633 et
490 1605 602 1633 habitus
624 1608 770 1634 mortuus:
794 1605 815 1634 si
838 1613 904 1642 ergo
920 1605 989 1634 fides

145 1650 271 1679 informis
301 1654 343 1679 est
371 1651 548 1686 huiusmodi,
574 1652 701 1686 videtur,
722 1652 797 1689 quod
820 1660 868 1689 per
889 1653 990 1681 adven-

144 1699 203 1726 tum
226 1697 330 1734 gratiae
352 1698 452 1726 habeat
475 1698 628 1727 informari.

224 1745 249 1772 5.
271 1744 354 1779 Item,
377 1744 445 1773 nihil
467 1745 543 1774 aliud
566 1749 607 1774 est
625 1745 734 1780 (licere,
750 1746 876 1775 habitum
894 1746 989 1775 vivum

144 1798 220 1825 esse,
242 1799 326 1828 quam
349 1799 398 1828 per
421 1792 499 1820 illum
516 1792 600 1820 vitam
616 1796 758 1822 aeternam
775 1793 876 1822 mereri
892 1802 988 1831 posse;

144 1837 193 1866 sed
215 1837 331 1866 credere
352 1837 417 1867 fidei
432 1838 572 1873 informis,
587 1839 662 1876 quod
677 1842 719 1868 est
732 1840 867 1868 assentire
883 1840 989 1877 primae

144 1883 259 1913 veritati
281 1888 396 1921 propter
416 1893 445 1914 se
467 1888 494 1914 et
519 1894 604 1923 super
635 1886 744 1921 onmia,
775 1887 990 1923 superveniente

144 1930 274 1966 caritate,
297 1931 380 1960 habet
405 1939 487 1961 omne.
508 1933 583 1969 quod
606 1933 795 1962 necessarium
816 1938 858 1962 est
878 1934 914 1962 ad
935 1942 990 1963 me-

143 1977 249 2006 ritum:
271 1985 338 2014 ergo
359 1978 485 2013 videtur,
508 1979 607 2016 quodsi
629 1982 708 2008 aetus
730 1980 791 2009 eius
815 1984 857 2009 est
882 1981 990 2010 merito-

145 2023 221 2058 rius,
241 2024 317 2061 quod
348 2024 462 2053 habitus
483 2024 518 2053 sit
540 2025 704 2054 vivificatus.
727 2026 807 2062 Quod
829 2030 922 2056 autem
944 2027 991 2055 ha-

144 2069 209 2099 beat
229 2078 311 2099 omne
339 2071 414 2108 quod
437 2072 624 2100 necessarium
647 2075 689 2101 est
709 2073 744 2101 ad
760 2073 908 2108 meritum,
935 2073 990 2110 pla-

144 2124 212 2145 num
228 2120 278 2152 est=
293 2125 357 2146 cum
374 2118 465 2155 ipsum
481 2126 552 2155 opus
567 2119 602 2148 de
617 2127 646 2148 se
661 2119 696 2148 sit
710 2119 813 2148 bonum
839 2124 866 2149 et
882 2124 988 2150 rectum

145 2166 173 2192 et
191 2163 250 2192 sit⁴
272 2172 288 2192 a
309 2165 423 2194 caritate
444 2166 623 2202 imperatum.

225 2211 250 2238 6.
273 2210 356 2245 item,
377 2219 458 2240 omne
480 2212 566 2247 illud,
587 2213 663 2250 quod
694 2213 795 2242 dicitur
827 2221 887 2242 esse
920 2222 991 2242 mor-

148 2259 227 2285 tuum
249 2264 285 2285 ex
307 2257 366 2286 solo
387 2258 497 2287 defectu
527 2259 662 2293 alicuius,
683 2259 731 2288 illo
760 2261 990 2297 superveniente,

146 2303 323 2338 vivificatur;
354 2305 402 2333 sed
429 2305 498 2334 fides
519 2305 645 2335 informis
667 2307 770 2336 dicitur
791 2315 851 2336 esse
879 2311 990 2336 mortua

1044 527 1079 556 ol]
1101 528 1239 557 desectum
1264 529 1368 564 gratiae
1389 533 1417 558 et
1437 530 1606 566 operationis
1626 531 1800 560 fructuosae:
1823 539 1889 568 ergo
1913 529 1914 532 ’

1045 575 1111 612 ipsis
1132 576 1408 612 supervenientibus.
1426 576 1573 605 reviviscit.
1589 578 1641 606 Sed
1657 586 1720 606 cum
1737 578 1889 610 reviviscit,

1045 622 1199 650 formatur:
1222 630 1289 659 ergo
1321 622 1390 651 fides
1422 623 1548 652 informis
1570 628 1659 661 potest
1681 626 1740 654 fieri
1763 626 1889 654 formata.

1046 669 1076 696 Et
1098 669 1149 697 lioc
1170 666 1220 697 es?
1237 669 1311 705 qnod
1341 669 1460 698 liabetur
1484 670 1509 698 in
1532 671 1627 699 Glossa
1649 680 1733 708 super
1755 672 1825 701 illud
1854 672 1891 700 la-

1045 715 1106 743 cobi
1128 715 1292 744 secundo⁵z
1323 716 1408 744 Fides
1429 716 1492 744 sine
1523 718 1658 754 operibus
1689 723 1808 747 mortua
1829 723 1891 752 est,-

1046 762 1158 790 Glossa:
1186 773 1199 787 «
1215 762 1362 791 Reviviscit
1382 771 1417 791 ex
1440 764 1573 800 operibus
1588 764 1657 793 fides
1672 776 1698 799 =›;
1718 766 1765 793 sed
1782 766 1803 794 si
1820 766 1890 794 fides

1046 816 1081 837 ex
1102 809 1235 846 operibus
1256 809 1415 838 reviviscit:
1437 818 1504 847 ergo
1522 818 1558 839 ex
1574 811 1697 840 adventu
1712 820 1829 849 operum
1846 813 1891 841 lia-

1046 856 1092 884 het
1113 856 1196 884 vitam
1219 859 1246 884 et
1267 857 1394 885 sormam.

1125 903 1177 931 Situ
1197 911 1324 932 com-na:
1350 905 1373 932 l.
1396 904 1508 933 Nullum
1539 909 1682 942 peccatum
1712 910 1801 943 potest
1829 907 1888 936 fieri

1047 949 1232 983 sonnatqu
1254 958 1320 987 ergo
1342 950 1419 979 nulla
1442 951 1531 979 virtus
1553 955 1642 988 potest
1664 953 1723 981 fieri
1747 954 1891 988 informis,

1046 1003 1112 1031 ergo
1144 995 1213 1025 fides
1244 997 1361 1025 formata
1393 1005 1445 1026 non
1473 1002 1561 1035 potest
1582 999 1641 1027 fieri
1666 1000 1807 1029 informis:
1831 1001 1891 1038 pari

1047 1042 1152 1070 ratione
1173 1050 1223 1071 nec
1245 1043 1369 1072 informis
1391 1047 1480 1080 potest
1502 1044 1560 1073 fieri
1583 1046 1709 1075 formata.

1126 1090 1152 1116 ι).
1175 1089 1257 1123 item,
1279 1090 1387 1119 nullum
1409 1099 1480 1128 opus
1503 1096 1645 1121 mortuum
1668 1097 1757 1130 potest
1779 1094 1839 1123 fieri
1855 1095 1892 1124 vi-

1048 1143 1113 1163 vum
1136 1152 1173 1156 —-
1195 1144 1280 1173 opera
1310 1137 1400 1171 enirn,
1431 1146 1503 1175 quae
1526 1139 1551 1167 in
1574 1143 1687 1176 peccato
1709 1141 1779 1170 sacta
1807 1145 1890 1176 sunt,

1047 1191 1190 1220 nunquam
1214 1184 1423 1213 revivificantur
1444 1193 1493 1222 per
1514 1187 1650 1223 gratiam,
1672 1191 1704 1216 ut.
1725 1189 1779 1217 sint
1807 1189 1891 1226 digna

1048 1230 1271 1259 remuneratione
1304 1231 1375 1260 vitae
1396 1234 1545 1261 aeternae⁷
1566 1250 1604 1254 —
1625 1242 1692 1271 ergo
1713 1235 1734 1264 si
1757 1236 1827 1265 fides
1855 1237 1893 1265 in-

1047 1276 1143 1304 formis
1165 1281 1275 1305 mortua
1296 1281 1353 1311 est,
1376 1278 1501 1313 videtur,
1523 1280 1598 1316 qnod
1620 1289 1670 1317 per
1691 1283 1808 1318 gratiam
1838 1292 1891 1312 nou

1048 1322 1148 1351 liabent
1171 1323 1322 1358 vivificari,
1342 1332 1409 1361 ergo
1431 1333 1480 1354 nec
1501 1326 1654 1356 informari.

1127 1368 1152 1396 3.
1175 1369 1257 1404 item,
1280 1371 1388 1399 nullum
1404 1372 1532 1401 accidens
1548 1377 1637 1410 potest
1650 1375 1780 1411 alterari,
1796 1385 1893 1406 secun-

1048 1416 1115 1444 dum
1138 1416 1212 1452 quod
1236 1417 1295 1445 vult
1317 1417 1484 1453 Boetliius⁸3
1507 1420 1553 1448 sed
1571 1420 1640 1450 fides
1655 1422 1780 1451 informis
1795 1428 1837 1453 est
1851 1433 1893 1453 ae-

1047 1462 1160 1490 cidens:
1183 1471 1249 1499 ergo
1270 1463 1382 1492 alterari
1406 1473 1459 1493 non
1482 1470 1579 1502 potest.
1601 1468 1653 1496 Sed
1673 1476 1754 1498 omne
1768 1471 1841 1507 quod
1858 1471 1893 1500 de

1049 1508 1159 1537 informi
1192 1509 1222 1538 fit
1253 1510 1419 1543 formatum,
1450 1512 1603 1542 alteratur:
1632 1523 1700 1552 ergo
1723 1516 1892 1554 impossibile

1047 1559 1103 1589 est,
1126 1556 1209 1584 fidem
1233 1556 1377 1586 intormem
1401 1559 1459 1587 fieri
1482 1560 1638 1589 formatam.

1126 1604 1152 1631 [ι.
1176 1604 1257 1638 ltem,
1279 1613 1314 1633 ex
1338 1605 1380 1633 liis
1402 1614 1473 1643 quae
1495 1611 1559 1636 sunt
1580 1608 1692 1638 diversa
1707 1618 1821 1647 genere,
1837 1620 1891 1640 non

1048 1653 1137 1687 potest
1159 1650 1218 1679 fieri
1242 1659 1328 1679 unum
1351 1660 1401 1688 per
1421 1653 1607 1688 essentiain⁰;
1626 1656 1674 1684 sed
1692 1656 1760 1685 fides
1775 1657 1893 1686 formata

1048 1697 1114 1726 dicit
1136 1697 1261 1726 habitum
1285 1706 1371 1726 unum
1388 1706 1438 1736 per
1453 1701 1619 1729 essentiam:
1639 1710 1706 1739 ergo
1721 1703 1891 1740 impossibile

1047 1747 1104 1777 est⁷
1127 1744 1214 1781 ipsam
1236 1749 1362 1774 constare
1376 1754 1412 1774 ex
1428 1748 1517 1784 gratia
1531 1752 1641 1784 gratum
1661 1750 1777 1779 faciente
1791 1754 1818 1780 et
1833 1759 1893 1788 gra-

1049 1791 1086 1819 tia
1107 1791 1193 1827 gratis
1214 1791 1285 1820 data.
1318 1792 1344 1820 Si
1376 1800 1443 1830 ergo
1474 1794 1543 1823 fides
1572 1795 1698 1825 informis
1723 1801 1764 1826 est
1785 1798 1890 1827 donum

1048 1839 1153 1875 gratiae
1176 1839 1261 1875 gratis
1282 1839 1378 1874 datae,
1401 1840 1527 1876 videtur,
1549 1843 1622 1879 quod
1650 1843 1821 1881 impossibile
1841 1846 1892 1880 sit,

1049 1885 1136 1922 ipsam
1159 1885 1218 1913 fieri
1241 1886 1405 1921 formatam,
1427 1890 1640 1924 superveniente
1662 1892 1759 1927 gratia.

1128 1934 1152 1961 5.
1176 1932 1257 1965 ltem,
1289 1932 1359 1961 fides
1388 1934 1515 1964 informis
1536 1944 1586 1973 per
1607 1937 1758 1966 adventum
1787 1939 1892 1975 gratiae

1049 1988 1102 2008 non
1135 1982 1339 2009 transmutatur
1370 1981 1422 2009 nisi
1455 1982 1679 2012 accidentaliter:
1702 1992 1768 2021 ergo
1790 1986 1811 2014 si
1841 1993 1892 2023 per

1048 2027 1200 2055 adventum
1231 2028 1336 2063 gratiae
1367 2028 1486 2057 efficitur
1518 2029 1608 2058 virtus
1630 2031 1763 2066 formata,
1792 2033 1892 2061 accidit

1049 2073 1128 2107 fidei,
1149 2073 1223 2110 quod
1246 2074 1281 2102 sit
1302 2074 1436 2104 formata:
1459 2076 1481 2104 si
1503 2084 1570 2113 ergo
1591 2077 1700 2106 nullum
1721 2086 1809 2115 genus
1823 2080 1892 2109 acci-

1049 2120 1089 2149 dit
1110 2120 1209 2157 speciei
1223 2120 1255 2154 ¹⁰,
1278 2121 1347 2150 fides
1368 2130 1420 2150 non
1443 2126 1485 2151 est
1506 2123 1612 2160 species
1637 2125 1748 2154 virtutis
1779 2127 1891 2163 proprie

1049 2167 1145 2195 dictae.
1167 2167 1271 2203 Quodsi
1293 2168 1345 2197 hoc
1366 2172 1408 2197 est
1422 2169 1522 2198 falsum
1536 2181 1542 2198 ;
1561 2178 1627 2207 ergo
1642 2175 1668 2200 et
1683 2172 1769 2207 illud,
1784 2181 1820 2202 ex
1835 2181 1891 2210 quo

1048 2214 1190 2250 sequitur.
1213 2215 1341 2244 videlicet
1362 2216 1436 2253 quod
1459 2217 1571 2246 habitus
1593 2218 1658 2247 fide-i
1688 2219 1813 2248 informis
1841 2228 1891 2257 per

1048 2261 1198 2289 adventum
1221 2262 1325 2298 gratiae
1347 2262 1491 2292 formetur.

1128 2309 1152 2335 6.
1175 2308 1258 2342 Item,
1279 2309 1351 2337 sicut
1366 2317 1393 2338 se
1410 2309 1493 2338 habet
1507 2310 1600 2339 anima
1613 2311 1647 2339 ad
1665 2313 1800 2348 potentias
1816 2321 1891 2348 suas,

210 2464 217 2478 ¹
237 2464 294 2487 Vide
311 2468 365 2487 tom.
383 2466 397 2488 1.
416 2472 468 2494 pag.
487 2467 542 2495 835,
560 2470 611 2490 nota
630 2468 650 2490 5.

209 2503 218 2518 Β
235 2503 279 2526 Cfr.
297 2505 354 2526 intra
372 2505 394 2527 d.
412 2505 449 2528 36.
467 2512 489 2534 q.
507 2506 528 2528 6.

210 2542 220 2556 ³
235 2543 261 2564 Et
278 2543 350 2566 fusius
366 2545 487 2571 exponitur
504 2545 540 2567 lV.
558 2545 581 2568 d.
602 2545 634 2568 tt.
654 2553 675 2574 p.
694 2547 717 2569 ll.
735 2553 753 2569 a.
774 2548 794 2569 2.
812 2554 834 2576 (ι.
853 2548 874 2570 3.

210 2579 219 2594 ⁴
235 2581 291 2603 tidd.
313 2582 334 2609 1,
353 2582 366 2603 2
384 2588 437 2604 eum
454 2583 560 2610 pluribus
576 2584 644 2606 codd.
662 2586 683 2607 et
700 2584 741 2608 sic.

209 2619 219 2633 5
238 2620 301 2641 Vcrs.
319 2620 356 2641 26.
373 2620 451 2642 Glossa
470 2621 563 2649 allegata
581 2625 655 2644 sumta
673 2627 707 2645 est
723 2630 749 2645 ex
768 2624 842 2646 Bedae
854 2626 949 2652 exposit.
967 2626 989 2647 in

147 2663 171 2679 V.
188 2657 224 2679 17:
239 2658 323 2680 Mortua
342 2661 376 2681 est
387 2659 447 2680 enim
461 2660 481 2680 in
494 2661 615 2687 semetipsa
633 2661 681 2683 sine
693 2662 803 2689 operibus
820 2664 929 2691 cai-itatis,
943 2665 990 2692 qui-

149 2695 193 2718 bus
205 2696 327 2718 reviviscat
344 2700 366 2718 et
377 2697 497 2719 animetur.
509 2710 539 2713 —
551 2698 653 2721 Subinde
670 2705 712 2727 pro
729 2700 770 2723 sed
780 2700 802 2723 si
818 2701 910 2729 plurimi
922 2702 989 2724 codd.

149 2737 170 2756 et
186 2734 239 2757 edd.
262 2735 278 2762 i,
297 2736 310 2757 2
327 2735 368 2758 sed
384 2736 467 2758 contra
483 2735 515 2764 si,
535 2737 585 2759 cod.
603 2737 634 2760 bb
651 2737 692 2761 sed
706 2739 762 2761 tiozo
778 2739 810 2767 si,
830 2740 896 2762 codd.
917 2740 960 2762 HN
971 2741 989 2763 T

148 2772 190 2795 sed
206 2774 300 2801 contra,
321 2775 406 2796 omisso
423 2773 450 2796 εἰ.

211 2810 221 2825 ⁶
238 2811 326 2833 Bonum
343 2816 376 2834 est
393 2813 465 2840 enim,
490 2815 513 2834 ut
530 2815 633 2842 August,
657 2814 685 2836 de
708 2815 767 2837 Vera
786 2816 856 2844 Retig.
874 2823 893 2839 c.
916 2818 948 2839 18.
968 2824 990 2839 n.

150 2849 187 2878 36,
205 2850 245 2878 ait,
262 2856 312 2872 esse
329 2851 460 2873 formatum.
477 2851 614 2874 Nonnulltun
637 2859 693 2881 ergo
718 2853 805 2876 bonum
828 2857 862 2876 est
883 2858 905 2877 et
927 2862 991 2884 capa-

150 2888 205 2910 citas
222 2889 315 2911 sormae.
333 2889 377 2911 Csr.
396 2890 417 2912 ll.
436 2890 496 2912 Sent.
514 2890 536 2912 ct.
554 2891 590 2912 35.
609 2898 628 2913 a.
647 2892 667 2913 Ξ.
685 2898 707 2920 q.
730 2893 746 2914 1.

212 2926 222 2941 ⁷
239 2927 282 2949 Cir.
302 2928 336 2950 lV.
354 2929 414 2950 Sent.
433 2929 463 2951 lit.
481 2929 588 2957 Magistri,
606 2929 627 2951 d.
646 2930 704 2952 XlV.
717 2943 747 2946 —
760 2931 801 2953 Pro
815 2931 992 2961 revivificantur

150 2964 217 2987 codd.
235 2966 252 2987 A
263 2966 305 2987 GN
323 2966 475 2996 reviviscunt,
496 2968 546 2990 cod.
564 2975 589 2990 aa
608 2968 788 2992 reoz'rt'sctmtur.

214 3003 223 3018 ⁸
240 3003 299 3026 Libr.
312 3005 326 3026 I.
339 3004 464 3028 Comment.
478 3007 499 3028 in
512 3005 643 3034 Categorias
662 3007 714 3032 (seu
728 3007 876 3038 Praedicam.)
894 3009 992 3038 Aristot.‚

278 3055 304 3078 S.
321 3056 409 3079 Bonae.
426 3069 457 3073 —
474 3057 540 3079 Tom.
559 3058 589 3080 lli.

1047 2470 1086 2492 ubi
1104 2471 1162 2492 cii-ra
1175 2470 1242 2491 finem
1260 2470 1294 2492 illa
1307 2470 1390 2492 verba:
1411 2479 1421 2490 α
1434 2472 1532 2493 maxime
1545 2478 1600 2494 vero
1617 2472 1756 2496 substantiae
1768 2475 1888 2502 proprium

1046 2516 1095 2531 ess-2
1107 2509 1205 2536 videtur,
1218 2515 1270 2531 cum
1284 2515 1355 2531 unum
1367 2513 1389 2531 et
1400 2510 1462 2531 idem
1474 2516 1570 2533 numero
1584 2512 1621 2539 sit,
1632 2513 1797 2535 contrariorum
1814 2520 1890 2537 susce-

1048 2548 1150 2575 ptibilem
1169 2547 1284 2577 [ideoque
1300 2550 1322 2570 et
1339 2548 1490 2577 alter-ibilem]
1507 2555 1557 2572 esse
1570 2558 1590 2576 n,
1609 2554 1766 2574 commentans
1778 2553 1822 2575 ait:
1841 2553 1890 2576 lloe

1047 2588 1107 2608 enim
1126 2588 1147 2608 iu
1166 2587 1231 2608 nullis
1249 2587 1297 2608 aliis
1314 2588 1442 2615 invenitur;
1461 2594 1560 2617 namque
1578 2590 1599 2611 in
1613 2590 1719 2618 qualitate
1736 2592 1832 2620 qualitas
1845 2599 1890 2615 non

1047 2626 1088 2647 erit
1105 2625 1186 2647 endem
1205 2632 1277 2653 neque
1296 2632 1341 2647 uno
1359 2632 1455 2648 numero
1473 2629 1637 2650 contrariorum
1659 2631 1803 2658 susceptum
1826 2632 1887 2654 idom

1047 2664 1106 2685 enirn
1125 2667 1147 2686 et
1164 2670 1235 2685 unum
1253 2669 1349 2686 numero
1367 2670 1410 2686 non
1428 2665 1470 2687 erit
1487 2665 1564 2688 album
1582 2670 1650 2696 atque
1665 2669 1769 2696 nigrum,
1788 2676 1840 2691 rum
1858 2671 1890 2692 al-

1047 2702 1103 2724 bum
1125 2703 1191 2724 suerit
1207 2706 1228 2724 et
1250 2705 1301 2729 post
1317 2703 1338 2724 in
1362 2704 1452 2731 nigrum
1470 2706 1579 2733 vei-titur,
1602 2710 1646 2729 tota
1663 2708 1776 2736 qualitatis
1799 2710 1889 2736 species

1047 2742 1200 2766 permutatur,
1219 2743 1241 2761 et
1258 2746 1302 2761 non
1318 2741 1360 2762 erit
1377 2747 1450 2763 unum
1466 2744 1533 2771 atque
1553 2743 1615 2766 idem
1637 2751 1733 2767 numero
1757 2747 1820 2775 quod
1837 2753 1888 2769 con-

1047 2779 1141 2800 trarium
1159 2780 1203 2805 est,
1222 2778 1262 2800 sed
1279 2778 1398 2802 diversum
1415 2783 1456 2802 etc.

1110 2816 1119 2830 ⁹
1138 2816 1194 2838 Vide
1212 2818 1309 2846 aristot„
1328 2819 1354 2840 V.
1371 2819 1467 2847 Metapa.
1485 2822 1535 2843 text.
1559 2822 1590 2844 16.
1609 2825 1631 2844 et
1648 2823 1684 2844 33.
1702 2823 1753 2851 (lv.
1771 2830 1790 2846 c.
1814 2825 1846 2846 10.
1867 2828 1890 2847 et

1049 2855 1095 2883 28.)
1113 2859 1134 2877 et
1151 2855 1179 2877 X.
1198 2859 1249 2878 text.
1271 2857 1304 2878 ll.
1322 2863 1385 2886 seqq.
1404 2858 1454 2886 (tx.
1473 2866 1492 2881 c.
1510 2860 1549 2889 3.).

1112 2894 1130 2908 ¹⁰
1148 2894 1227 2923 Quod,
1245 2895 1293 2918 aliis
1310 2897 1442 2920 testimoniis
1459 2901 1637 2928 praetermissis,
1650 2901 1739 2923 Aristot.
1758 2901 1855 2924 ostendit
1866 2903 1888 2924 in

1048 2932 1085 2954 IV.
1104 2933 1161 2961 Top.
1179 2940 1197 2955 c.
1220 2935 1236 2956 i.
1255 2935 1312 2957 eirca
1330 2936 1431 2965 initium,
1450 2937 1488 2959 ubi
1510 2938 1587 2967 ‹loc-ct,
1612 2945 1685 2967 genus
1706 2946 1750 2962 non
1768 2947 1817 2963 esse
1835 2942 1888 2963 assi-

1049 2974 1155 2998 gnatum,
1176 2980 1186 2991 «ι
1199 2973 1217 2994 si
1235 2979 1278 2995 non
1296 2974 1317 2996 in
1335 2980 1362 2997 eo
1380 2975 1443 3004 quod
1458 2975 1515 3005 quid
1531 2978 1565 2999 est
1582 2977 1755 3008 [essentialiter]
1773 2979 1889 3007 praedicn-

1050 3014 1097 3038 tur,
1115 3011 1156 3033 sed
1173 3017 1197 3034 ut
1214 3012 1319 3035 accidens
1331 3022 1352 3035 n.

1732 3068 1761 3089 63

1904 906 1932 924 Ad
1945 906 2019 929 opposi-

1939 931 1982 947 lum.
