2166 3366
232 202 288 231 808

815 332 914 361 DUBIA
935 331 1029 360 Cinea
1052 330 1218 359 LITTERAM
1239 330 1402 358 MAGISTRI.

604 434 673 462 DUB.
695 433 713 461 l.

313 531 342 558 ln
364 533 443 567 parte
464 529 517 557 ista
536 531 602 557 sunt
623 528 800 565 quaestiones
822 526 896 555 circa
918 525 1040 554 litteram
1056 527 1083 553 et

233 578 325 615 primo
347 577 494 614 quaeritur
515 576 550 604 de
570 576 623 604 hoc
645 574 720 612 quod
743 574 861 603 dicitur:
883 573 938 601 Ubi
950 576 991 601 est
1006 572 1083 600 cari-

236 628 295 658 tas,
311 623 383 662 qaid
403 626 444 651 est
457 622 535 660 qaod
546 621 639 659 possit
654 620 766 649 deesse?
782 620 807 648 Si
824 620 897 648 enim
914 620 967 648 hoc
982 626 1082 648 verum

235 676 285 706 est,
297 671 469 708 quicumque
484 669 568 698 habet
583 669 736 702 caritatem,
749 668 832 696 habet
843 674 925 695 omne
939 666 1015 703 quod
1031 666 1085 695 suf-

236 718 293 747 ficit
306 717 341 746 ad
358 717 492 746 salutem:
509 724 575 753 ergo
591 715 712 749 videtur,
727 714 802 752 qnod
818 713 995 751 superfluant
1016 716 1085 741 cete-

235 772 284 793 rae
299 764 426 793 virtutes.
442 763 476 792 Si
489 763 581 796 dicas,
598 762 673 799 quod
688 761 741 790 hoc
756 761 873 795 dicitur,
896 760 962 797 quia
983 759 1085 788 caritas

235 812 321 841 habet
342 811 411 840 alias
432 811 552 839 virtutes
573 809 623 838 sibi
641 809 800 842 annexas¹;
817 811 882 837 tunc
897 807 1025 836 similiter
1040 814 1086 843 po-

236 862 290 888 test
311 859 365 888 dici
387 858 422 887 de
443 857 568 895 qualibet
588 856 709 885 aliarum
725 855 879 889 virtutum;
894 862 991 883 omnes
1012 853 1085 882 enim

237 908 441 935 connectuntur
472 904 587 933 cuilibet
613 903 729 938 virtuti,
751 902 824 931 sicut
849 905 877 930 et
908 900 1026 930 caritati.
1048 917 1087 921 —

235 953 319 987 Item,
342 952 447 989 gratiae
468 951 555 988 gratis
577 950 657 979 datae
688 958 743 978 non
765 948 922 978 necessario
944 955 1087 977 connexae

238 1002 303 1029 sunt
324 999 376 1036 ipsi
398 998 526 1032 caritati;
547 1000 574 1026 et
596 1000 688 1025 tamen
710 996 787 1033 ipsae
807 998 872 1024 sunt
893 995 976 1023 valde
1004 994 1087 1023 utiles

238 1051 265 1076 et
286 1049 460 1084 opportunae
489 1044 541 1081 ipsi
570 1043 740 1073 Ecclesiae²:
772 1043 884 1071 videtur
905 1050 988 1078 ergo,
1011 1041 1087 1078 quod

238 1094 320 1123 etiam
343 1093 390 1121 nbi
412 1092 514 1121 caritas
536 1086 691 1128 reperitur,
714 1090 803 1118 multa
824 1090 921 1118 deesse
942 1088 1057 1126 possint.

317 1141 497 1168 Rssspommo:
519 1138 691 1171 Dicendum,
714 1137 789 1174 quod
812 1144 877 1165 cum
892 1136 959 1165 dicit
971 1135 990 1169 ³,
1012 1135 1087 1172 qnod

239 1187 288 1216 uhi
310 1190 351 1216 est
380 1187 497 1220 caritas,
527 1185 594 1213 nihil
628 1184 722 1218 deest;
755 1184 808 1212 hoc
836 1183 965 1219 intelligit
987 1182 1022 1211 de
1044 1182 1088 1210 bis

240 1242 312 1272 quae
334 1236 399 1262 sunt
419 1231 576 1261 necessaria
597 1231 633 1259 ad
655 1230 775 1259 salutem
798 1246 836 1250 —-
858 1237 922 1257 nam
944 1229 996 1257 iste
1018 1228 1090 1257 defe-

240 1284 301 1311 ctus
323 1280 435 1318 proprie
457 1279 582 1308 defectus
603 1281 660 1312 est,
675 1277 796 1306 aliorum
816 1284 883 1305 vero
898 1276 1023 1305 defectus
1038 1283 1089 1312 pro

240 1328 350 1357 modico
377 1330 418 1356 est
447 1326 593 1355 habendus
623 1341 661 1345 ——
687 1325 738 1353 hoc
766 1327 860 1352 nutem
883 1323 1012 1352 attribuit
1038 1322 1088 1360 ipsi

241 1375 349 1405 caritati
378 1374 484 1403 ratione
513 1372 695 1402 connexionis
723 1371 843 1400 aliarum
866 1371 1013 1399 virtutum.
1036 1370 1087 1406 Qui

241 1423 315 1452 enim
336 1421 421 1450 habet
442 1421 585 1450 caritatem
609 1420 693 1448 habet
713 1418 789 1447 unde
811 1418 897 1455 possit
919 1418 1018 1454 Legem
1042 1417 1091 1445 im-

240 1470 319 1508 plere
331 1469 348 1503 ⁴,
371 1468 455 1497 habet
475 1467 558 1496 etiam
580 1474 630 1504 per
651 1473 825 1503 consequens
840 1468 947 1493 ceteras
962 1464 1090 1498 virtutes,

242 1524 314 1554 quae
335 1515 483 1544 habilitant
503 1514 539 1542 ad
561 1513 639 1550 Legis
654 1512 853 1550 impletionem.

321 1563 358 1591 Ad
381 1562 451 1591 illud
480 1569 546 1590 vero
575 1560 651 1598 quod
678 1559 825 1594 obiicitur,
853 1558 929 1596 quod
962 1557 1092 1587 similiter

242 1613 336 1649 posset
357 1609 410 1638 dici
433 1609 467 1638 de
489 1607 614 1645 qualibet
634 1607 688 1635 alia
703 1607 823 1640 virtute;
838 1605 1000 1640 dicendum,
1015 1605 1091 1642 quod

242 1666 297 1687 non
319 1660 361 1686 est
382 1655 487 1685 simile:
510 1655 576 1692 quia
597 1654 698 1683 caritas
723 1661 778 1682 non
806 1656 915 1681 tantum
946 1652 1008 1681 aliis
1029 1660 1093 1680 con-

242 1704 386 1738 nectitur,
416 1703 465 1732 sed
496 1703 579 1731 etiam
610 1706 651 1730 est
674 1700 860 1738 principiam
886 1699 1092 1733 connexionis,

244 1760 308 1780 011111
341 1750 376 1779 sit
401 1749 551 1778 vineatam
577 1747 767 1786 perfeetionis
795 1750 822 1775 et
854 1746 976 1784 quodam
1010 1736 1092 1774 modo

249 1801 364 1826 «mater
385 1797 476 1825 omnis
497 1796 600 1830 boni»,
623 1796 695 1824 sicut
717 1795 776 1832 ipse
798 1794 926 1831 Magister
948 1793 1015 1822 dicit
1027 1793 1046 1821 ⁵.

610 1889 679 1917 Dnss.
702 1888 732 1916 11.

324 1985 392 2013 [tem
420 1983 567 2021 quaeritur
599 1982 633 2011 de
665 1982 717 2010 hoc
748 1981 823 2018 quod
846 1980 928 2015 dicit,
949 1989 1007 2009 non
1031 1980 1095 2017 pta-

247 2032 342 2061 caisse
365 2029 538 2059 auctoribus
566 2029 693 2063 nostris,
715 2028 804 2056 immo
830 2027 888 2064 ipsi
911 2027 1046 2061 Veritati,
1068 2036 1094 2055 o-

247 2078 330 2106 mnia
343 2080 464 2115 peecata
484 2085 543 2104 esse
562 2075 663 2113 paria.
686 2074 803 2103 Videtur
821 2075 894 2102 enim
917 2074 969 2103 hoc
991 2074 1094 2103 debere

246 2125 356 2162 placere
385 2124 437 2161 ipsi
466 2123 596 2152 veritati:
626 2123 706 2160 qnia,
736 2122 891 2150 secundnm
920 2121 995 2158 quod
1028 2121 1094 2150 dicit

246 2171 424 2205 Anselmus‘*,
451 2181 464 2197 «
479 2173 624 2208 peccatum
654 2164 730 2197 nihil*
752 2171 793 2197 est
804 2179 838 2201 »ς
860 2168 886 2196 in
908 2168 953 2197 his
984 2171 1093 2202 autem,

245 2227 317 2256 quae
346 2219 415 2247 nihil
437 2221 517 2252 sunt,
540 2225 628 2246 unum
650 2225 705 2245 non
726 2219 768 2245 est
790 2216 880 2244 maius
903 2215 1004 2244 altero:
1027 2223 1094 2252 ergo

246 2266 374 2301 videtur,
397 2265 471 2303 quod
493 2267 639 2302 peccatum
660 2271 750 2292 unum
777 2271 830 2291 non
860 2263 947 2300 possit
973 2262 1093 2290 alterum

246 2313 400 2347 excellere,
428 2312 512 2349 igitur
538 2311 642 2340 habent
662 2311 818 2348 paritatem.
841 2327 880 2331 —-
900 2310 980 2344 Item,
1009 2309 1095 2346 quod-

247 2360 313 2389 libet
335 2362 480 2396 peccatum
502 2358 619 2386 mortale
634 2357 755 2386 totaliter
771 2357 863 2394 privat
878 2356 1017 2385 hominem
1036 2364 1096 2393 gra-

912 193 1164 222 SENTENTIARUM
1186 192 1245 220 Llss.
1268 192 1308 220 111.

1140 430 1177 458 tia
1198 432 1225 458 et
1247 429 1355 458 inducit
1376 432 1495 458 mortem
1503 441 1510 464 3
1532 429 1580 458 sed
1604 429 1630 457 in
1651 429 1807 467 privatione
1828 428 1989 457 omnimoda

1139 484 1193 504 non
1216 479 1258 505 est
1278 483 1382 512 ponere
1404 476 1495 504 maius
1509 479 1536 505 et
1550 476 1644 504 minus
1664 492 1701 495 —
1715 476 1781 513 quia
1803 476 1830 504 in.
1853 476 1896 504 his
1917 483 1989 513 quae

1141 526 1252 551 mortua
1267 525 1347 557 sunt,
1369 531 1423 551 non
1446 525 1488 551 est
1509 523 1602 552 dicere
1625 523 1712 559 magis
1734 527 1878 551 mortuum
1900 530 1990 551 uuum

1128 577 1224 607 'quam
1248 570 1389 607 reliquum
1400 571 1409 585 ⁷
1420 587 1459 590 —
1470 578 1537 606 ergo
1559 570 1585 598 in
1602 578 1703 607 genere
1719 573 1898 607 peccatorum
1921 578 1992 598 mor-

1141 616 1240 645 talium
1256 624 1344 645 unum
1367 619 1513 653 peccatum
1532 625 1585 645 non
1609 617 1720 645 excedit
1742 617 1872 645 alterum.

1221 664 1394 692 Ruspommo:
1414 659 1586 698 Dicendum,
1608 664 1683 701 quod
1706 664 1772 701 quia
1790 667 1935 700 peccatum
1951 667 1993 693 est

1138 710 1271 748 privatio
1299 710 1415 738 ordinis
1441 713 1468 739 et
1493 710 1650 739 diminutio
1680 710 1860 744 habilitatis,
1889 713 1917 739 et
1937 719 1988 748 per
2000 713 2133 755 Qutigmpecca·

1142 765 1232 786 unum
1254 765 1343 794 genus
1364 757 1468 794 peccati
1490 757 1584 786 anima
1604 758 1692 795 magis
1707 758 1891 786 deordinatur
1913 762 1940 786 et
1954 758 1992 786 in·
2069 751 2074 755 ”

1142 804 1263 832 habilior
1291 804 1412 833 efficitur
1440 813 1526 841 quam
1556 813 1606 841 per
1634 805 1731 839 aliud,
1753 805 1826 834 sieut
1848 805 1993 835 manifeste

1143 851 1296 888 apparet&
1317 851 1509 880 indubitanter
1531 855 1573 880 est
1588 860 1703 887 verum,
1725 853 1799 889 quod
1823 855 1936 890 peccata
1950 860 1993 881 ae·
2005 861 2122 881 Notandum.
2151 854 2161 883 ,⁴

1144 898 1238 935 qualia
1264 906 1318 926 non
1341 901 1419 933 sunt;
1441 899 1665 936 concupiscentia
1693 899 1766 928 enim
1797 899 1860 936 plus
1882 899 1995 929 inclinat

1144 944 1178 972 ad
1202 952 1291 972 unum
1312 945 1463 982 appetibile
1485 953 1569 982 quam
1592 946 1627 974 ad
1643 946 1798 983 reliquumg
1820 949 1847 975 et
1862 946 1925 975 ideo
1941 955 1996 975 ma-

1144 991 1186 1027 gis
1207 991 1271 1020 facit
1303 991 1392 1020 Deum
1425 995 1602 1020 contemnere
1634 996 1661 1021 et
1682 992 1717 1021 ab
1740 993 1800 1030 ipso
1821 992 1946 1030 elongari
1968 996 1996 1022 et

1145 1038 1277 1067 recedere
1299 1039 1326 1066 in
1348 1047 1404 1067 uno
1426 1047 1526 1076 genere
1549 1040 1653 1076 peccati
1676 1048 1761 1077 quam
1784 1040 1810 1068 in
1833 1040 1895 1068 alio.

1225 1085 1263 1114 Ad
1285 1086 1356 1114 illud
1378 1086 1453 1123 quod
1475 1086 1618 1121 obiicitur,
1651 1087 1725 1124 quod
1755 1091 1899 1124 peccatum
1926 1087 1996 1116 nihil

1145 1135 1202 1166 est;
1225 1133 1391 1167 dleendum,
1413 1133 1488 1170 qnod
1511 1134 1561 1162 etsi
1584 1134 1654 1162 nihil
1676 1134 1726 1169 sit,
1748 1134 1940 1163 essentialiter
1961 1134 1996 1163 lo·
2009 1142 2123 1162 Notandum.
2155 1145 2158 1173 1

1146 1180 1271 1216 quendog
1293 1180 1413 1209 alicuius
1429 1184 1520 1209 tamen
1537 1184 1579 1209 est
1593 1181 1666 1209 sicut
1679 1181 1818 1215 subiecti,
1834 1185 1861 1211 et
1876 1181 1995 1211 alicuius

1146 1226 1218 1255 sicut
1239 1227 1378 1263 oppositi‚·
1399 1227 1474 1256 unde
1495 1227 1602 1256 ratione
1624 1228 1688 1256 boni
1706 1229 1818 1257 maioris
1840 1229 1884 1258 vel
1911 1229 1996 1257 mino-

1147 1273 1198 1306 ris,
1227 1273 1302 1310 quod
1331 1273 1460 1310 privatur
1489 1274 1516 1301 in
1545 1274 1665 1303 diversis
1686 1275 1820 1312 peccatis,
1849 1279 1995 1312 peccatum

1147 1328 1235 1348 unum
1252 1320 1336 1348 habet
1357 1320 1495 1349 excedere
1517 1321 1647 1350 alterum.
2158 1305 2166 1344 «¹

1227 1367 1266 1395 Ad
1288 1366 1359 1396 illud
1381 1367 1456 1404 qnod
1484 1367 1631 1402 obiicitur,
1659 1369 1735 1405 quod
1762 1369 1884 1398 totaliter
1905 1370 1998 1407 privat

1148 1415 1266 1452 gratiam
1289 1417 1316 1443 et
1345 1414 1452 1443 inducit
1482 1417 1617 1449 mortem;
1646 1415 1812 1451 dicendum,
1835 1417 1910 1454 quod
1932 1416 1997 1445 licet
2162 1421 2166 1460 ε

1149 1469 1231 1490 omne
1253 1465 1399 1498 peccatum
1414 1461 1536 1490 totaliter
1557 1462 1648 1498 privet
1660 1462 1810 1500 qratiam,
1833 1466 1995 1492 nontamen
2010 1471 2125 1491 Notandum.
2159 1461 2166 1619 Ε

1150 1508 1271 1536 totaliter
1294 1508 1364 1536 tollit
1386 1507 1567 1537 habilitatem
1599 1509 1634 1537 ad
1663 1510 1795 1546 gratiam3
1824 1510 1888 1539 licet
1916 1518 1998 1539 omne

1150 1558 1294 1592 peccatum
1319 1555 1443 1584 inducat
1463 1559 1602 1590 mortem,
1626 1565 1679 1585 non
1702 1560 1794 1586 tamen
1812 1557 1883 1586 tollit
1899 1556 2000 1586 habili-

1151 1606 1237 1631 tatem
1259 1602 1301 1631 act
1318 1603 1428 1631 vitam:
1444 1605 1471 1631 et
1486 1603 1562 1637 ideo,
1585 1604 1648 1632 licet
1662 1604 1769 1641 aliquid
1785 1613 1839 1633 non
1855 1605 1890 1633 sit
1912 1605 2000 1642 magis
2160 1609 2166 1642 ¹„

1151 1652 1178 1678 et
1200 1649 1292 1678 minus
1311 1653 1455 1678 mortuum
1477 1653 1504 1678 et
1526 1650 1614 1687 magis
1636 1654 1663 1679 et
1684 1651 1778 1680 minus
1799 1652 1889 1688 gratia
1910 1652 2001 1689 priva-
2162 1643 2166 1653 ”

1151 1699 1211 1725 tum
1233 1704 1283 1733 per
1305 1696 1416 1725 diversa
1438 1701 1551 1734 peccata
1566 1701 1703 1735 qnantum
1718 1698 1753 1726 ad
1770 1698 1857 1735 ipsam
1880 1699 1999 1736 gratiam
2161 1694 2166 1759 ἶ

1150 1747 1178 1772 et
1199 1744 1283 1772 vitam
1310 1744 1415 1780 gratiae
1444 1745 1471 1772 in
1500 1752 1541 1778 se;
1573 1748 1614 1773 est
1635 1748 1727 1774 tamen
1750 1746 1838 1782 magis
1859 1749 1886 1774 et
1908 1746 2001 1775 minus
2163 1772 2166 1791 ¹

1151 1794 1287 1827 quantum
1309 1791 1344 1820 ad
1367 1791 1539 1820 habilitatem
1567 1795 1684 1821 naturae
1716 1796 1845 1829 respectu
1877 1793 1999 1830 gratiae;
2163 1793 2166 1825 1

1150 1840 1178 1865 et
1199 1837 1305 1865 ratione
1327 1837 1402 1866 illius
1423 1838 1535 1867 diversa
1554 1842 1666 1875 peccata
1687 1839 1790 1868 habent
1806 1847 1865 1868 sese
1881 1839 2000 1869 invicem
2163 1825 2166 1880 ᾗ

1151 1884 1298 1912 excedere.
1321 1884 1397 1913 Unde
1419 1892 1472 1912 non
1502 1888 1543 1913 est
1565 1885 1655 1914 simile
1677 1886 1711 1914 de
1733 1886 1869 1923 corporali
1893 1890 2000 1922 morte,
2163 1883 2166 1982 ξ

2164 2021 2166 2063 l

2165 2067 2166 2081 1

2165 2089 2166 2102 1

1150 1929 1178 1957 111
1199 1937 1255 1966 qua
1278 1930 1397 1959 totaliter
1412 1930 1443 1958 fit
1457 1931 1576 1968 privatio
1591 1935 1617 1960 et
1639 1932 1847 1969 impossibilitas
1863 1933 2000 1962 redeundi

1150 1976 1186 2004 ad
1210 1976 1294 2005 vitam
1305 1977 1323 2005 ⁹.

1511 2073 1578 2101 DUB.
1605 2073 1645 2101 Ill.

1230 2167 1297 2195 ltem
1320 2166 1465 2204 quaeritur
1498 2166 1532 2195 de
1555 2167 1605 2195 hoc
1627 2167 1702 2203 quod
1724 2167 1804 2196 dicit:
1831 2168 1938 2197 Omnia
1959 2169 2000 2197 ad

1151 2214 1209 2242 dito
1230 2214 1374 2242 mandata
1402 2213 1540 2242 caritatis
1557 2213 1724 2250 pertinent,
1746 2214 1818 2252 qaia
1843 2223 1899 2252 per
1924 2215 2003 2244 cari—

1152 2264 1239 2289 tatem
1259 2260 1417 2297 implentur
1433 2263 1459 2288 et
1471 2260 1512 2288 ad
1525 2260 1681 2288 caritatem
1696 2264 1839 2299 tanquam
1858 2262 1899 2290 aa
1911 2261 1999 2298 sz'nem
2163 2272 2164 2294 l

1151 2307 1263 2345 referri
1282 2307 1388 2335 debent.
1410 2307 1527 2335 Videtur
1548 2307 1622 2335 enim
1645 2307 1702 2336 duo
1717 2309 1843 2345 opposita
1858 2308 1885 2336 in
1907 2316 1937 2337 se
1953 2309 2001 2337 im-
2163 2297 2165 2343 [

1152 2355 1265 2392 plicare.
1288 2354 1314 2382 Si
1336 2355 1408 2383 enim
1432 2362 1482 2391 per
1503 2354 1647 2383 caritatem
1671 2355 1832 2391 implentur,
1848 2356 1941 2392 potius
1956 2355 2003 2384 de-

311 2493 318 2507 ¹
337 2492 381 2515 cfr.
399 2499 469 2521 supra
487 2499 508 2520 q.
531 2493 548 2513 1.
566 2494 587 2514 et
605 2492 626 2513 6.
649 2503 680 2507 —-
701 2492 812 2519 Superius
829 2497 871 2518 pro
889 2491 978 2513 ceterae
997 2489 1096 2513 virtutes

248 2532 299 2555 cod.
318 2532 335 2554 U
348 2531 410 2554 aliae
421 2531 532 2558 virtutes,
547 2534 569 2552 et
581 2530 633 2553 dein
647 2536 690 2557 pro
702 2529 764 2552 alias
777 2530 850 2557 (deest
862 2530 883 2551 in
896 2529 959 2557 edd.)
972 2529 1023 2551 cod.
1036 2529 1052 2550 Z
1062 2529 1096 2552 'ce-

249 2573 318 2594 teras.
337 2572 386 2593 Mox
403 2570 477 2593 verbo
494 2569 552 2598 dici,
572 2576 614 2598 pro
627 2575 674 2598 quo
686 2569 736 2591 cod.
756 2568 787 2591 bb
804 2568 900 2598 quaeri,
920 2568 972 2590 edd.
991 2569 1096 2596 praemit-

249 2613 298 2632 tunt
315 2609 366 2633 hoc.

312 2648 321 2663 2
338 2648 383 2671 Cir.
396 2654 466 2676 supra
478 2654 532 2676 pag.
545 2647 602 2675 7422,
616 2649 667 2669 nota
681 2648 701 2669 9.

313 2687 322 2701 3
338 2687 393 2710 Cod.
411 2688 429 2709 Α
446 2687 538 2714 supplet
555 2685 704 2715 Aayztstiizus
729 2686 798 2707 relate
821 2685 849 2707 ad
868 2687 953 2707 textum
972 2686 1039 2707 huius
1057 2685 1096 2707 du-

249 2726 295 2754 bii;
314 2726 354 2748 cfr.
373 2726 409 2747 1110
430 2726 459 2747 lit.
487 2726 598 2753 Magistri,
617 2731 636 2747 0.
659 2725 675 2746 l.
694 2724 780 2746 Deinde
799 2730 840 2752 pre
858 2723 918 2746 nihil
933 2723 995 2746 deest
1012 2724 1062 2746 cod.
1080 2724 1095 2745 Z

251 2764 310 2787 nihil
322 2764 399 2787 deesse
411 2765 492 2793 potest.

314 2803 322 2817 ⁴
341 2804 405 2825 iloni.
428 2804 465 2831 13,
485 2804 514 2826 8:
532 2804 575 2831 Qui
593 2804 654 2825 enim
672 2803 745 2830 diligit
766 2803 895 2830 proximum
914 2803 999 2830 Legem
1017 2802 1097 2829 imple.-

249 2843 292 2870 viu
306 2846 327 2865 et
339 2849 361 2864 v.
378 2843 416 2864 10:
430 2842 546 2864 Plenitudo
559 2849 615 2870 ergo
627 2843 695 2870 Legis
706 2846 740 2864 est
752 2842 848 2864 dilectio.

313 2882 323 2895 ⁵
339 2882 413 2909 Supra
432 2881 453 2903 d.
472 2882 545 2903 XXV.
564 2887 582 2904 0.
602 2881 622 2903 5.
641 2881 684 2903 cfr.
703 2881 770 2903 eliam
783 2880 804 2902 d.
818 2881 896 2902 xxm.
910 2887 928 2902 0.
942 2881 961 2902 9.
981 2883 1049 2908 utque
1062 2880 1097 2901 1110

250 2925 269 2941 0.
294 2920 311 2941 1.
329 2924 351 2941 ot
368 2921 396 2947 3.‚
410 2927 452 2942 nec
469 2927 513 2942 11011
532 2921 553 2942 (1.
573 2921 609 2942 33.
627 2927 648 2948 q.
667 2920 692 2947 ὅ,
711 2920 814 2942 scholion
827 2932 858 2936 —
870 2919 938 2947 Quod
959 2920 1040 2941 caritas
1063 2922 1097 2941 est

253 2958 373 2980 vinculum
384 2958 544 2987 perfectionis,
559 2959 641 2981 dicitur
653 2958 727 2981 Colos.
741 2959 766 2986 3,
784 2958 816 2980 l-i.
828 2971 859 2974 —
871 2958 915 2981 Cir.
929 2958 957 2980 de
970 2959 1014 2980 hoc
1025 2958 1096 2980 dnbio

254 2996 275 3017 S.
288 2996 383 3023 Τ110111.,
402 2997 458 3018 Petr.
476 3003 488 3018 a
506 2998 558 3019 Tar.
577 3000 599 3019 et
616 2998 722 3019 Richard.
741 2991 752 3019 a
772 2997 841 3024 Med„
860 2998 896 3019 1110
915 2998 975 3019 circa
992 2997 1022 3018 lit.

1216 2489 1225 2504 ⁶
1242 2490 1273 2511 Do
1291 2488 1408 2517 Conceptu
1420 2489 1504 2516 virgin.
1522 2491 1543 2511 el
1561 2490 1618 2516 orig.
1638 2492 1724 2517 peccat.
1741 2495 1760 2511 c.
1780 2489 1800 2510 ὅ.
1819 2501 1849 2504 —-
1867 2489 1897 2510 De
1915 2494 2003 2516 propo-

1153 2530 1187 2551 sit.
1206 2535 1253 2557 seq.
1272 2532 1294 2550 et
1311 2528 1339 2550 de
1356 2528 1446 2551 minori
1456 2534 1505 2556 seq.
1524 2535 1572 2556 urg.
1591 2528 1630 2550 cfr.
1649 2532 1703 2550 toni.
1721 2528 1744 2550 11.
1763 2534 1816 2556 pag.
1839 2528 1890 2555 ill,
1909 2532 1960 2550 nota
1979 2528 1999 2550 3.

1215 2568 1224 2582 7
1242 2569 1340 2595 Seneca,
1353 2568 1422 2595 Epist.
1435 2568 1471 2589 66.
1485 2567 1549 2595 (alias
1562 2568 1608 2595 67.)
1622 2574 1642 2589 n.
1656 2567 1684 2589 40
1695 2573 1700 2589 ;
1718 2568 1777 2589 Mors
1790 2566 1883 2595 quidem
1896 2567 1999 2588 oninium

1153 2614 1195 2635 par
1212 2610 1251 2629 est.
1271 2607 1312 2629 Per
1330 2612 1389 2635 quae
1406 2607 1469 2628 venit
1492 2606 1582 2628 diversa
1605 2609 1671 2633 snnt;
1694 2606 1729 2633 id,
1752 2607 1773 2627 in
1797 2605 1860 2634 qnod
1882 2605 1999 2633 desinunt,

1154 2652 1226 2668 unum
1244 2648 1284 2668 est.
1304 2646 1362 2667 Mors
1380 2645 1439 2667 nulla
1453 2646 1525 2667 maior
1538 2648 1575 2667 aul
1593 2646 1668 2667 minor
1685 2647 1729 2672 est;
1748 2644 1815 2667 habet
1827 2645 1888 2666 enim
1900 2644 1999 2666 eundem

1154 2686 1175 2707 in
1194 2684 1301 2707 omnibus
1319 2684 1431 2706 modum:
1451 2684 1526 2706 finisse
1544 2685 1621 2705 vitam.

1216 2722 1226 2737 Β
1243 2723 1302 2745 Vide
1314 2723 1336 2744 11.
1350 2723 1410 2744 Sent.
1423 2722 1446 2744 d.
1459 2722 1495 2744 34.
1509 2729 1528 2744 a.
1542 2723 1562 2744 2.
1575 2729 1597 2751 (Ι,
1613 2723 1633 2744 2.
1646 2725 1667 2745 et
1680 2723 1700 2744 3.
1713 2722 1846 2750 (praecipuo
1866 2721 1894 2742 ad
1908 2720 1928 2742 li.
1941 2724 1962 2743 et
1974 2721 1998 2749 6,

1155 2762 1193 2784 ubi
1206 2763 1274 2784 etiarn
1287 2762 1426 2784 obiectiones
1443 2762 1576 2789 solvuntury
1595 2767 1654 2790 quae
1667 2762 1702 2783 1110
1715 2762 1883 2788 proponuntur>
1902 2765 1943 2781 nec
1954 2766 2001 2782 non

1156 2801 1176 2823 d.
1196 2801 1232 2823 35.
1253 2807 1272 2822 a.
1298 2801 1314 2822 1.
1336 2803 1358 2822 et
1379 2801 1399 2822 ⁸2.
1418 2812 1447 2815 —
1463 2799 1565 2821 Subinde
1584 2806 1626 2827 pro
1645 2800 1739 2828 peecata
1757 2798 1809 2820 edd.
1829 2797 1957 2826 primda-ta.

1217 2840 1226 2854 ⁹
1244 2841 1344 2867 Aristot.⁷
1359 2839 1387 2861 de
1399 2839 1538 2861 praedicam.
1552 2845 1570 2861 c.
1584 2838 1611 2860 [Ie
1624 2836 1756 2867 Oppositis:
1771 2837 1799 2858 Ex
1813 2836 1889 2858 habitu
1903 2838 1964 2859 enim
1977 2838 1998 2859 in

1155 2880 1309 2907 privationem
1326 2879 1421 2900 mutatio
1440 2878 1474 2906 fit⁷
1491 2884 1502 2899 a
1521 2878 1648 2905 privatione
1660 2882 1716 2897 vero
1733 2876 1754 2896 in
1773 2875 1875 2897 nubitum
1894 2876 2002 2903 impossi-

1154 2918 1199 2940 bile
1217 2920 1264 2943 est;
1283 2923 1357 2945 neque
1369 2918 1430 2939 enim
1443 2922 1525 2938 caecus
1543 2916 1614 2937 tactus
1631 2915 1712 2942 aliquis
1730 2920 1810 2936 rursus
1828 2914 1885 2937 vidit
1902 2914 1999 2936 otc.Cl‘r.

1155 2963 1224 2984 supra
1238 2962 1291 2984 pag.
1304 2956 1360 2983 802,
1374 2958 1424 2977 nota
1439 2956 1459 2976 8.
