2166 3366
258 204 314 233 306

255 282 320 319 ipsa
340 290 458 309 summa
473 281 593 309 veritate
607 279 726 313 iudicet,
748 280 797 308 sed
818 280 980 308 secuudum
1002 279 1098 316 ipsam

254 328 357 357 iudicet
378 328 470 356 anima
492 327 526 355 de
547 335 576 355 se
597 327 658 363 ipsa
679 330 705 355 et
720 326 754 355 de
771 334 821 354 sua
837 326 1000 362 cognitione.
1023 325 1096 353 Nihil

253 378 345 403 tamen
368 374 500 411 impedit,
522 373 616 410 aliquo
648 373 730 401 modo
760 372 920 409 accipiendo
950 372 1098 406 iudicium,

252 422 407 451 secundum
429 421 503 457 quod
526 420 680 457 requiritur
695 420 729 448 ad
752 420 899 453 visionem,
921 419 989 456 quin
1011 419 1098 455 possit

253 468 378 502 concedi,
400 468 474 505 quod
497 468 589 496 anima
610 467 690 496 beata
711 466 865 495 certissime
888 466 1003 501 iudicet,
1027 466 1097 494 illud

253 523 314 544 esse
335 523 478 543 summum
502 514 608 547 lumen,
625 513 699 551 quod
714 513 854 547 intuetur,
877 513 948 541 sicut
965 513 992 541 in
1007 513 1098 549 primo

253 562 325 590 libro
339 562 345 574 ¹
369 561 421 589 fuit
442 561 577 589 habitum.
601 561 632 589 Et
652 560 718 588 huic
743 568 797 588 non
821 563 958 596 repugnat
979 559 1097 587 verbum

253 608 407 645 Augustini.
430 609 695 644 Quantumcumque
716 606 789 635 enim
812 607 869 634 sive
892 606 1017 634 intuitus
1040 606 1098 634 sive

253 656 398 684 iudicium
420 655 549 683 videatur
571 654 598 682 in
621 662 649 683 se
671 654 775 682 habere
802 657 932 681 naturam
954 652 1097 686 actioni&

930 202 1182 232 SENTENTIARUM
1204 203 1262 231 LIB.
1285 203 1324 231 111.

1156 284 1248 309 tamen
1271 284 1399 317 respectu
1421 280 1468 309 Dei
1492 280 1535 309 vel
1564 280 1650 309 divini
1672 281 1801 316 luminis,
1823 290 1839 310 a
1860 290 1915 319 quo
1937 290 1999 311 cau-

1156 331 1246 359 satur.
1267 330 1309 356 est
1327 327 1429 364 passio
1450 331 1477 355 et
1498 326 1623 364 effectus.
1650 327 1725 356 Unde
1746 328 1821 364 quod
1847 328 1939 356 anima
1964 329 2001 357 vi-

1156 373 1220 401 deat
1241 373 1330 402 Deum
1352 374 1379 401 in
1401 381 1445 407 se,
1471 374 1523 402 hoc
1548 381 1602 401 nou
1628 377 1684 409 est,
1710 374 1776 411 quia
1799 375 1892 402 anima
1916 375 2002 411 possit

1157 427 1243 456 supra
1268 420 1373 454 Deum,
1402 420 1448 448 sed
1480 420 1567 456 magis
1595 420 1669 457 quod
1697 420 1772 449 Deus
1804 421 1890 457 possit
1916 429 2002 458 supra

1156 466 1258 502 ipsam,
1286 466 1356 494 adeo
1383 470 1414 495 ut
1442 466 1534 495 anima
1556 474 1606 503 per
1638 467 1760 495 divinam
1793 468 1943 504 potentiam
1975 471 2002 497 et

1156 512 1329 540 influentiam
1351 513 1475 541 elevetur
1498 521 1584 550 supra
1609 513 1698 550 ipsam
1710 513 1728 541 ².
1750 530 1789 534 -
1809 514 1879 543 Haec
1907 517 2001 543 autem
2015 520 2070 540 uota.

1156 567 1227 596 quae
1249 559 1322 587 dicta
1344 562 1409 588 sunt
1437 560 1472 588 de
1493 560 1586 588 anima
1617 560 1717 589 Christi
1748 561 1929 598 generaliter,
1958 570 2002 590 va-

1156 607 1212 635 lent
1233 606 1268 635 ad
1291 606 1480 643 quaestionem
1501 607 1535 635 de
1560 607 1665 636 visione
1692 608 1754 642 Dei,
1780 608 1907 637 similiter
1932 617 2003 645 quae

1156 655 1323 689 sequuntur.

994 755 1256 790 SCHOLION.

318 862 332 883 l.
350 861 470 884 Conclusio
482 860 615 882 confirmata
628 863 662 881 est
674 858 779 886 pluribus
792 858 888 880 decretis
900 858 1025 885 Ecclesiae,
1039 864 1101 885 prae-

254 901 332 923 sertim
350 899 514 922 Constitutione
532 897 646 920 Benedicti
664 897 709 919 ΧΗ.
728 895 867 919 Benedictus
878 896 942 918 Deus
959 896 1004 919 (an.
1027 896 1101 924 1336),

255 939 294 961 ubi
312 939 419 965 docetur,
437 937 500 966 quod
524 937 583 958 Beati
601 937 623 957 in
644 936 706 958 caelo
727 943 736 955 ιι
750 935 828 957 vident
853 935 955 957 divinam
980 935 1101 957 essentiam

254 979 342 1000 visione
360 977 463 999 intuitiva
481 979 503 998 et
520 976 587 998 etiam
606 975 691 1002 faciali,
710 974 769 996 nulla
788 974 902 995 mediante
915 976 1017 995 creatura
1035 974 1057 994 in
1069 979 1102 995 ra-

254 1018 314 1040 tione
331 1016 413 1039 obiecti
432 1016 474 1037 visi
492 1021 516 1037 se
534 1014 644 1041 habente,
662 1013 702 1036 sed
720 1013 797 1035 divina
815 1013 911 1045 essentia
930 1012 1061 1034 immediate
1078 1018 1102 1034 se

255 1056 329 1083 nude⁷
347 1056 407 1077 clare
424 1057 446 1076 et
463 1056 541 1082 aperte
564 1054 597 1075 eis
614 1053 746 1075 ostendente
759 1060 780 1074 υ,
798 1064 828 1067 ——
845 1052 908 1073 Alius
924 1057 989 1073 error
1005 1051 1102 1079 Beguar-

254 1095 339 1117 dorum
357 1094 479 1116 damnatus
495 1095 530 1115 est
546 1099 582 1114 an.
605 1092 657 1114 1311
679 1098 690 1113 a
708 1090 823 1114 Clemente
843 1091 869 1112 V.
886 1091 908 1112 in
925 1090 1024 1113 Concilio
1037 1090 1102 1112 Vien-

255 1134 330 1158 nensi„
348 1133 433 1155 scilicet
453 1140 463 1152 «x
476 1131 538 1160 quod
557 1130 672 1159 quaelibet
689 1130 844 1152 intellectualis
870 1132 949 1151 natura
967 1129 988 1150 in
1007 1136 1031 1150 sc
1053 1129 1101 1156 ipsa

255 1174 387 1196 naturaliter
404 1174 438 1194 est
455 1171 532 1199 beata,
551 1170 661 1199 quodque
674 1170 748 1191 anima
762 1175 806 1190 non
820 1168 906 1196 indiget
917 1169 1002 1190 lumine
1016 1169 1102 1196 gloriae

255 1214 328 1241 ipsam
347 1212 450 1234 elevante
468 1210 497 1232 ad
515 1210 587 1232 Deum
605 1208 732 1231 videndum
750 1210 772 1230 et
788 1214 816 1230 eo
834 1207 899 1229 beate
916 1207 1039 1229 fruendum
1052 1207 1101 1235 (cfr.

255 1252 278 1273 ll.
296 1252 357 1273 Seni.
375 1250 397 1272 d.
416 1250 436 1271 3.
455 1256 478 1277 p.
497 1249 519 1270 11.
537 1255 556 1270 a.
576 1249 596 1269 2.
615 1254 636 1276 q.
655 1248 682 1275 2,
700 1247 723 1269 d.
740 1247 776 1268 23.
795 1253 814 1268 a.
828 1247 849 1268 2.
863 1253 884 1274 q.
903 1246 941 1274 3.).
954 1258 982 1261 —
996 1246 1068 1267 Prima
1081 1248 1103 1267 et

255 1289 355 1312 secunda
374 1289 452 1316 opinio
469 1293 564 1309 erronea
583 1287 629 1313 (hic
646 1287 667 1307 in
681 1286 754 1313 corp.)
769 1284 900 1307 tribuuntur
912 1284 1052 1312 quibusdam
1064 1285 1103 1306 Ar-

255 1329 329 1351 menis
345 1328 429 1350 saeculi
451 1327 500 1354 Vll,
526 1325 660 1347 Arnaldistis
684 1330 743 1346 saec.
770 1324 815 1345 ΧΗ.
842 1326 865 1345 et
880 1324 994 1351 posterius
1011 1322 1102 1344 cuidem

255 1368 342 1390 Graeco
359 1366 470 1393 Gregorio
488 1365 597 1387 Palamas.
616 1376 645 1379 —-
662 1363 724 1386 Circa
743 1362 840 1385 'modum
857 1362 925 1384 huius
941 1362 1036 1384 visionis
1048 1361 1103 1383 mul-

255 1410 291 1429 tae
307 1408 398 1428 exortae
416 1409 469 1426 sunt.
486 1404 652 1431 disputationes
669 1404 691 1424 et
708 1402 835 1430 opiniones.
862 1402 920 1423 lnter
942 1401 983 1422 alia
1002 1401 1101 1422 nonnulli

255 1447 300 1468 iam
318 1446 353 1467 illa
372 1447 443 1466 aetate
461 1444 595 1468 voluerunt,
609 1442 671 1470 quod
685 1442 740 1463 haec
752 1442 809 1463 visio
828 1441 866 1462 ssat
884 1447 924 1468 per
942 1440 1041 1468 aliquam
1054 1446 1103 1468 spe-

256 1484 313 1507 eiem
330 1490 371 1505 seu
390 1481 561 1505 similitudinem
580 1488 591 1503 a
611 1480 687 1503 Verbo
706 1479 864 1509 tmpmssmrz.;
883 1485 952 1507 quam
971 1479 1102 1506 opinionem

257 1524 313 1545 Petr.
339 1529 350 1544 a
378 1522 430 1544 Tar.
457 1521 503 1550 (1110
529 1527 547 1542 0.
575 1520 595 1542 3.
619 1520 760 1548 quaestiuuc.
791 1520 818 1546 1.)
844 1521 866 1540 et
891 1518 996 1540 Ricliard.
1015 1524 1027 1539 a
1046 1517 1103 1539 Med.

256 1562 302 1589 (hic
319 1568 338 1583 a.
358 1562 378 1583 1,
397 1567 418 1589 q.
437 1561 467 1585 3.)
486 1562 623 1582 consuerunt
640 1565 690 1580 esse
709 1557 864 1585 probabihum
883 1557 923 1579 sed
941 1557 974 1579 Ss.
988 1557 1070 1578 Thom.
1083 1559 1104 1578 et

255 1601 341 1623 Bonav.
359 1606 412 1622 cum
430 1599 547 1621 communi
573 1598 682 1620 sententia
700 1597 794 1623 docent,
813 1598 888 1624 ipsum
908 1596 1024 1623 Verbum,
1043 1596 1104 1618 111101-

1159 858 1225 880 100101
1248 858 1396 880 essentialiter
1418 864 1527 886 praesens
1544 862 1565 881 et
1582 859 1684 887 unitum,
1702 859 1810 887 supplere
1827 860 1901 881 vicem
1919 860 2004 887 speciei

1159 896 1291 923 impressae.
1305 895 1420 918 Consentit
1431 898 1464 919 eis
1476 898 1543 919 etiam
1561 897 1655 925 Scotus,
1673 898 1690 919 si
1704 899 1779 925 agitur
1795 898 1823 921 de
1838 897 1914 927 facto,
1928 902 2004 921 tamen

1156 934 1266 964 possibile
1284 941 1334 957 esse
1352 937 1415 963 putat
1433 936 1479 957 Deo
1496 936 1563 958 etiam
1581 936 1695 958 mediante
1712 938 1788 965 speeie
1805 936 1921 966 impressa
1938 943 2004 965 prae-

1161 973 1244 995 dictam
1262 974 1374 996 visionem
1393 975 1494 1002 effice1e,
1507 974 1570 1002 quod
1583 974 1688 1002 discipuli
1701 975 1722 996 S.
1737 975 1840 996 Thomae
1852 976 2004 998 communiter

1160 1015 1251 1040 negant..
1270 1013 1301 1034 De
1319 1013 1361 1035 hac
1378 1014 1533 1035 controversia
1551 1013 1573 1034 S.
1592 1013 1676 1035 Bonav.
1695 1013 1784 1036 disertis
1801 1013 1879 1036 verbis
1896 1014 1950 1035 1111111
1968 1013 2005 1036 de-

1160 1051 1280 1079 terminat;
1298 1053 1373 1073 tamen
1392 1051 1506 1080 quaedam
1524 1051 1595 1073 verba
1613 1052 1726 1079 generalia
1744 1052 1766 1073 in
1788 1052 1890 1074 savorem
1907 1052 2005 1074 Scotisti-

1159 1096 1199 1111 eae
1216 1090 1340 1112 sententiae
1357 1096 1410 1112 cum
1428 1090 1460 1112 De
1478 1090 1592 1112 Barberiis
1609 1091 1691 1119 exponi
1709 1093 1809 1118 possent.
1827 1090 1893 1118 Quod
1906 1091 1955 1118 ipsa
1972 1090 2004 1113 in-

1159 1129 1240 1151 creata
1256 1128 1344 1151 veritas
1365 1130 1413 1151 sine
1439 1130 1515 1157 specie
1541 1130 1653 1157 impressa
1679 1130 1857 1152 eminentissime
1882 1131 2006 1152 informare

1160 1168 1232 1194 possit
1249 1168 1400 1195 intellectum,
1419 1167 1515 1190 docetur
1531 1169 1601 1190 variis
1618 1169 1674 1190 loeis
1690 1174 1713 1190 v.
1731 1174 1753 1196 g.
1771 1169 1807 1190 hie
1824 1168 1889 1191 solut.
1908 1169 1937 1191 ad
1949 1169 1970 1191 3.
1984 1168 2004 1191 4.

1159 1209 1181 1227 et
1198 1206 1223 1233 6,
1241 1212 1261 1228 a.
1280 1207 1300 1228 2.
1319 1213 1341 1234 q.
1361 1207 1413 1233 1-3;
1431 1207 1445 1228 l.
1463 1207 1523 1228 Sent.
1542 1206 1564 1229 d.
1582 1207 1603 1229 3.
1622 1213 1645 1235 p.
1663 1207 1677 1228 1.
1695 1214 1717 1235 q.
1737 1208 1756 1229 1.
1775 1207 1804 1229 ad
1821 1207 1850 1235 5;
1868 1207 1890 1229 ll.
1909 1208 1969 1229 Sent.
1982 1207 2004 1230 d.

1159 1245 1195 1267 23.
1214 1251 1233 1266 a.
1251 1245 1271 1266 2.
1291 1251 1313 1273 q.
1331 1245 1352 1267 3.
1370 1245 1398 1267 ad
1416 1245 1437 1268 7.

1223 1284 1246 1305 ll.
1264 1284 1310 1306 l-loc
1328 1284 1377 1306 loco
1390 1285 1457 1312 pauci
1470 1285 1556 1313 antiqui
1569 1284 1765 1307 Commentatores
1777 1286 1835 1307 hanc
1847 1286 2004 1314 quaestionem

1159 1323 1262 1351 explicite
1280 1326 1384 1351 tractant,
1402 1326 1425 1345 ut
1436 1326 1526 1351 praeter
1544 1324 1565 1346 S.
1578 1324 1663 1346 Bonav.
1676 1324 1782 1346 Richard.
1795 1331 1806 1346 a
1819 1324 1888 1353 Med,
1901 1326 1938 1347 hic
1950 1332 1969 1347 a.
1983 1326 2003 1348 l.

1160 1369 1181 1391 q.
1202 1363 1220 1391 1,
1236 1369 1277 1385 nec
1289 1369 1333 1385 non
1346 1363 1438 1390 Dionys.
1456 1362 1540 1391 Carth.‚
1553 1364 1589 1385 1110
1602 1369 1624 1391 q.
1637 1364 1658 1385 2.
1676 1363 1747 1386 Ceteri
1760 1369 1808 1386 rem
1822 1364 1857 1386 hic
1875 1367 1970 1392 tangunt
1981 1365 2004 1386 in

1160 1402 1208 1423 aliis
1226 1401 1410 1430 quaestionibus,
1428 1402 1561 1429 praesertim
1579 1403 1601 1423 in
1618 1402 1666 1430 illa,
1694 1404 1770 1424 utrum
1797 1403 1898 1425 Verbum
1920 1409 2005 1432 cogno-

1160 1442 1236 1462 scatur
1253 1440 1366 1462 mediante.
1384 1440 1459 1468 aliqua
1477 1441 1553 1467 specie
1571 1441 1682 1468 impressa
1701 1441 1819 1469 (Durand.,
1837 1442 1873 1464 hic
1890 1448 1911 1470 q.
1928 1443 1966 1471 2.),
1984 1445 2006 1465 01

1161 1479 1276 1506 diffusius,
1295 1478 1333 1500 ubi
1352 1478 1467 1506 disputant
1484 1478 1513 1500 de
1530 1480 1618 1501 visione
1634 1479 1737 1502 beatifica
1755 1481 1776 1501 in
1795 1486 1890 1508 genere,
1909 1484 1933 1503 ut
1944 1481 2004 1504 Scot.

1160 1517 1196 1539 Ν.
1215 1517 1275 1538 Scnt.
1294 1517 1315 1539 d.
1334 1516 1370 1539 49.
1389 1524 1410 1545 q.
1433 1517 1465 1539 ll.
1483 1529 1515 1533 —
1531 1518 1552 1539 S.
1571 1518 1666 1545 Τ110111.,
1693 1518 1729 1540 tv.
1755 1519 1815 1540 Sent.
1841 1518 1863 1540 d.
1882 1519 1918 1541 49.
1936 1526 1957 1548 q.
1976 1520 2004 1547 23

1161 1556 1182 1577 S.
1202 1556 1215 1577 l.
1234 1563 1255 1584 q.
1278 1556 1310 1577 12.
1328 1562 1348 1578 a.
1371 1556 1388 1577 l.
1406 1562 1484 1585 seqq.;
1503 1556 1525 1578 S.
1543 1562 1562 1579 c.
1580 1557 1644 1579 Gent.
1663 1557 1694 1579 111.
1712 1563 1731 1579 0.
1749 1557 1827 1580 51-54.

979 1686 1213 1719 ARTtCULUs
1240 1686 1276 1718 ll.

677 1782 717 1810 De
739 1781 916 1819 cognitione,
939 1789 1029 1819 quam
1050 1780 1154 1809 anima
1178 1779 1289 1808 Christi
1309 1779 1411 1809 habuit
1432 1780 1462 1808 in
1491 1780 1587 1809 Verbo.

335 1883 541 1920 Consequenter
570 1881 716 1918 quaeritur
747 1880 782 1908 de
814 1879 984 1916 cognitione,
1016 1886 1099 1915 quam

256 1930 349 1959 anima
369 1929 469 1957 Christi
492 1928 590 1956 habuit
616 1928 642 1955 in
675 1926 774 1955 Verbo.
800 1926 829 1954 Et
851 1926 924 1954 circa
946 1925 998 1953 hoc
1020 1933 1102 1962 quae-

257 1980 359 2005 runtur
382 1976 442 2004 tria.

336 2023 426 2051 Primo
448 2022 606 2059 quaeritur,
628 2024 723 2049 utrum
747 2019 865 2049 00110103
887 2019 984 2047 habitu
1006 2027 1103 2055 cogno-

257 2073 315 2099 scat
334 2070 456 2099 Verbum
479 2071 506 2097 et
527 2068 581 2096 alia
603 2068 629 2096 in
652 2067 751 2096 Verbo.

1238 1878 1364 1907 Secundo
1386 1879 1548 1915 quaeritur,
1565 1882 1660 1907 utrum
1676 1879 1765 1907 anima
1783 1879 1882 1908 Christi
1905 1888 2002 1916 cogno-

1157 1929 1216 1954 scat
1237 1929 1299 1954 actu
1324 1925 1349 1953 in
1366 1925 1456 1953 Verbo
1477 1933 1548 1962 quae
1574 1926 1712 1962 cognoscit
1734 1926 1839 1954 habitu.

1237 1972 1329 2000 Tertio
1350 1972 1510 2008 quaeritur⁷
1533 1975 1628 2000 utrum
1646 1972 1671 2001 in
1688 1972 1778 2001 Verbo
1793 1976 1887 2001 noscat
1902 1973 2003 2008 omnia,

1159 2026 1353 2055 quaecumque
1375 2018 1450 2046 novit
1473 2019 1606 2047 Verbum.

1030 2164 1192 2201 00105110
1215 2165 1231 2192 1.

329 2254 432 2282 Utrum
455 2253 558 2281 anima
582 2251 694 2280 Clzrz‘scz·
713 2252 813 2280 eadem
836 2251 1013 2288 cognitione,
1035 2259 1094 2288 qua
1115 2251 1262 2288 0091103011
1289 2250 1426 2284 Verbum,
1449 2254 1603 2287 coyitoscat
1624 2250 1702 2278 alias
1723 2259 1770 2278 res
1785 2251 1816 2279 in
1843 2250 1938 2279 Verbo.

337 2352 415 2380 Circa
430 2351 554 2388 primum
569 2351 608 2379 sic
624 2349 784 2386 proceditur
798 2352 825 2378 et
837 2349 992 2386 quaeritur,
1007 2351 1103 2376 utrum

258 2399 351 2427 anima
371 2398 471 2427 Christi
496 2397 594 2426 eadem
617 2396 787 2432 cognitione,
810 2404 866 2432 qua
887 2395 1026 2432 cognoscit
1042 2395 1105 2423 Ver-

258 2446 342 2480 bum,
364 2448 511 2482 cognoscat
525 2444 594 2472 alias
609 2451 654 2472 res
675 2443 703 2471 in
726 2443 825 2472 Verbo.
850 2443 879 2470 Et
901 2442 975 2479 quod
997 2441 1104 2475 eadem,

260 2492 379 2521 videtur.

1243 2349 1266 2376 1.
1289 2348 1459 2384 Augustinus
1480 2356 1565 2384 super
1580 2348 1705 2376 Genesim
1722 2348 1756 2376 ad
1773 2348 1892 2377 litteram
1905 2349 1913 2363 ⁴¹
1925 2349 2143 2383 dicimundamenna.

1161 2395 1236 2431 quod
1252 2394 1343 2431 Angeli
1368 2394 1513 2431 tripliciter
1535 2398 1724 2431 cognoverunt
1746 2403 1806 2429 res,
1829 2395 1957 2424 videlicet
1977 2397 2005 2424 in

1163 2441 1268 2475 Verbo,
1291 2441 1318 2469 in
1339 2449 1369 2469 se
1394 2440 1476 2477 ipsis,
1505 2441 1532 2469 in
1555 2441 1669 2478 proprio
1691 2450 1806 2478 genere:
1829 2450 1896 2479 ergo
1917 2443 2006 2479 cogni-

1162 2488 1215 2521 tio,
1238 2496 1322 2525 quam
1344 2487 1464 2525 Angelus
1485 2488 1568 2517 habet
1590 2488 1616 2516 in
1643 2488 1734 2517 Verbo
1756 2489 1790 2517 de
1813 2497 1855 2523 re,
1877 2489 2006 2518 distincta

324 2644 330 2658 ¹
349 2644 402 2666 Dist.
421 2644 441 2665 3.
460 2650 482 2671 p.
501 2644 515 2665 l.
533 2650 555 2672 q.
574 2644 594 2665 ι1.
607 2643 637 2665 ad
654 2642 678 2670 4,
692 2642 730 2665 ubi
749 2642 895 2670 distinguitur
907 2642 965 2664 inter
981 2642 1101 2668 iudicium⁷

260 2683 323 2711 quod
340 2682 365 2704 sst
380 2681 549 2709 discernendo,
570 2684 647 2703 utrum
664 2681 710 2703 scil.
729 2687 765 2703 res
781 2680 823 2708 sit,
843 2686 871 2702 an
890 2686 934 2702 uon
959 2680 1017 2708 (hoc
1034 2680 1104 2702 modo

259 2722 370 2744 iudicium
388 2722 494 2743 convenit
511 2721 572 2743 omni
596 2720 716 2743 intellectui
735 2720 881 2748 cognoscenti
904 2723 1009 2749 respectu
1030 2720 1104 2742 omnis

260 2759 367 2788 obiecti>3
391 2763 412 2782 et
433 2759 554 2787 iudicium,
577 2759 639 2788 quod
662 2759 686 2781 fit
708 2757 861 2788 approbando
882 2759 919 2780 vel
943 2758 1102 2785 reprobando,

261 2805 316 2821 num
333 2799 361 2820 ita
379 2797 459 2821 debeat
476 2804 540 2826 esse;
556 2801 578 2820 et
595 2799 627 2820 sic
644 2798 769 2820 intellectus
786 2803 830 2819 non
849 2797 933 2819 iudicat
950 2797 978 2819 de
996 2797 1100 2824 veritate,

259 2838 300 2860 sed
318 2837 445 2860 seeundum
464 2838 536 2865 ipsam
554 2837 583 2859 de
600 2837 655 2859 aliis.
671 2849 700 2852 —
712 2837 780 2858 Paulo
797 2836 891 2858 insertus
908 2836 961 2858 edd.
983 2842 1036 2858 cum
1054 2836 1105 2863 plu-

261 2877 325 2899 ribus
341 2876 408 2899 codd.
426 2877 532 2899 omittunt
549 2875 591 2898 Dei
607 2875 654 2904 vel,
674 2882 717 2903 pro
734 2882 781 2904 quo
793 2876 814 2897 in
833 2875 900 2897 codd.
913 2875 929 2896 E
940 2875 945 2896 1
956 2875 974 2896 Τ
992 2875 1104 2902 scriptum

261 2918 295 2938 est
312 2915 353 2938 Det?
369 2915 398 2938 υἱ.

323 2953 333 2968 2
349 2954 405 2976 Ante
422 2953 498 2982 ipsam
516 2953 598 2981 supple
621 2959 674 2975 cum
697 2953 748 2975 cod.
770 2953 787 2974 A
804 2958 834 2975 se.
853 2952 875 2974 ln
899 2952 943 2974 fine
964 2952 1030 2974 solut.
1053 2954 1105 2973 ante

261 2999 321 3021 quae
337 2993 471 3021 sequuntur
488 2992 538 3014 cod.
557 2992 586 3013 W
604 2993 717 3014 interserit
731 2992 759 3014 el.

1224 2640 1233 2655 ³
1250 2641 1298 2662 Non
1316 2641 1383 2668 pauci
1401 2640 1468 2662 codd.
1487 2647 1529 2662 nec
1540 2647 1584 2662 non
1603 2640 1655 2662 edd.
1670 2641 1689 2667 1,
1708 2641 1721 2662 2
1738 2641 1834 2663 voculae
1846 2640 1925 2663 eodem
1943 2647 2006 2668 prae-

1162 2679 1235 2707 figunt
1251 2678 1287 2706 in,
1306 2681 1328 2701 et
1344 2684 1397 2700 mox
1414 2680 1520 2701 omittunt
1543 2678 1635 2702 Chresti.
1654 2679 1740 2701 Deinde
1757 2679 1826 2701 iidem
1850 2678 1917 2701 codd.
1938 2679 2006 2701 etiam

1161 2718 1213 2740 voci
1230 2718 1284 2741 actu
1308 2719 1456 2745 praemittunt
1476 2717 1513 2746 in,
1538 2720 1560 2740 et
1581 2718 1631 2740 cod.
1654 2718 1672 2739 U
1690 2724 1732 2746 pro
1752 2718 1834 2741 noscat
1858 2717 1949 2740 exhibet
1971 2723 2006 2741 co-

1161 2757 1266 2786 qnoscat.

1224 2794 1233 2809 ⁴
1250 2795 1310 2817 Libr.
1329 2795 1352 2817 11.
1371 2801 1389 2817 0.
1408 2795 1429 2817 8.
1448 2802 1470 2818 n.
1488 2796 1524 2817 ι16.
1541 2802 1617 2824 seqq.y
1635 2796 1670 2817 lV.
1689 2801 1707 2817 c.
1726 2795 1762 2817 23.
1781 2802 1802 2817 n.
1821 2795 1857 2817 40.
1881 2801 1929 2824 seq.
1947 2797 1968 2817 et
1985 2802 2004 2817 c.

1162 2834 1199 2856 29.
1217 2839 1238 2855 n.
1257 2833 1293 2855 46.
1311 2833 1355 2856 Csr.
1373 2834 1396 2855 11.
1410 2834 1470 2856 Sent.
1488 2834 1510 2856 d.
1523 2834 1543 2856 3.
1562 2840 1584 2861 p.
1603 2834 1625 2856 Ι1.
1638 2840 1658 2856 a.
1677 2834 1698 2856 2.
1716 2840 1737 2862 q.
1755 2834 1778 2859 1,
1796 2833 1835 2856 ubi
1848 2834 1951 2862 quaestio
1963 2834 2005 2856 sol-

1162 2874 1223 2896 vitur
1240 2873 1268 2895 de
1286 2874 1425 2901 Angelorum
1443 2874 1572 2901 cognitione
1589 2879 1631 2901 per
1647 2874 1736 2901 species
1753 2874 1853 2900 innatas;
1870 2875 1892 2894 et
1903 2872 1926 2894 d.
1945 2872 1965 2894 4.
1983 2879 2005 2895 a.

1162 2913 1182 2934 3.
1201 2918 1223 2940 q.
1244 2913 1262 2934 l.
1280 2918 1335 2940 seq„
1357 2912 1395 2934 ubi
1413 2913 1488 2940 agitur
1505 2912 1533 2934 de
1557 2917 1637 2933 eorum
1655 2912 1783 2939 cognitione
1800 2912 1822 2933 in
1845 2910 1921 2933 Verbo
1938 2914 1960 2933 et
1977 2911 2005 2933 de

1161 2951 1283 2978 relatione,
1311 2957 1369 2979 quae
1396 2953 1429 2972 est
1451 2951 1509 2972 inter
1531 2951 1684 2978 cognitionem
1706 2950 1839 2972 matutinam
1865 2952 1887 2971 et
1911 2956 2006 2978 vesper-

1162 2989 1238 3011 tinam.
