2166 3366
13 724 84 744 Salutio
98 729 130 748 op-

14 748 123 773 positorum.

15 864 128 883 Notandum.

18 1657 131 1676 Notandum.

756 167 838 195 [nsT.
861 167 924 195 xtx.
947 167 1019 195 ΛΒΤ.
1042 166 1069 195 ΙΙ.
1091 166 1228 203 ΩΠΑΕΞΤ.
1251 166 1278 194 ΙΙ.

139 246 325 275 communicat
347 253 410 274 cum
427 246 483 273 Deo
498 248 603 273 etcum
624 245 735 273 homine
745 245 760 273 ¹.
777 245 898 273 Habebat
912 244 985 274 enim

140 293 284 322 iustitiam
306 295 334 321 et
356 292 554 326 innocentiam,
578 291 603 320 in
625 299 681 328 qua
712 292 898 320 communicat
920 299 984 319 eum

140 340 212 373 Deo,
234 343 261 368 et
282 338 508 371 mortalitatem,
531 338 556 366 in
579 346 634 375 qua
653 338 840 366 communicat
861 346 924 367 cnm
941 338 987 366 lto-

140 386 226 420 mine;
248 389 275 415 et
296 386 364 414 dnm
387 393 462 414 mors
483 385 662 421 coniungitur
684 385 817 419 iustitiae,
840 385 865 413 in
888 385 985 414 eodem

139 433 354 462 confoederatur
386 433 468 461 liomo
491 435 619 469 peccator
639 435 667 460 et
689 432 814 461 mortalis
836 433 892 461 Deo
914 433 987 461 insto

142 484 169 509 et
203 479 361 508 immortali.
396 478 584 508 Iteeonez'liati
616 479 689 507 enim
711 487 815 507 saunas
849 479 905 507 Deo
935 488 987 516 per

142 530 264 555 mortem
290 526 409 554 hominis
430 525 582 554 innocentis
595 525 613 553 ².
636 541 673 545 ——
694 525 892 554 Concedendae
922 529 987 554 sunt

142 573 226 610 igitur
248 574 368 602 rationes
389 572 579 606 ostendentes,
601 572 675 609 qnod
708 572 836 601 Christus
864 576 905 601 est
935 580 988 600 ine-

143 620 234 649 diator
255 619 409 648 secundum
433 619 585 648 humanam
609 623 747 647 naturam.

224 668 247 695 1.
271 667 307 696 Ad
331 666 400 695 illud
423 674 489 694 vero
504 666 578 703 quod
601 665 747 698 obiicitur,
763 667 836 703 quod
860 666 988 694 Christus

142 717 184 743 est
206 713 315 742 medius
337 716 450 750 propter
465 716 593 741 naturam
615 713 770 741 Divinitatis
792 716 819 741 et
834 713 989 741 lnnnauita-

143 760 189 794 tis;
205 759 258 788 iam
281 763 355 797 patet
371 760 513 796 responsio
529 766 578 796 per
599 767 631 787 ea
646 767 718 796 quae
740 759 813 787 dicta
835 763 908 788 sunt.
931 760 987 787 Non

142 807 215 836 enim
237 810 279 835 est
301 807 373 835 idem
397 807 489 835 dicere
511 814 571 835 esse
592 806 782 834 nuntiatorem
801 810 828 834 ct
854 814 914 835 esse
936 816 988 834 me·

143 853 240 887 diam,-
262 857 455 882 verumtamen
477 853 622 881 mediator
643 860 703 881 esse
726 861 779 881 non
802 856 913 890 posset.
936 853 987 882 nisi

143 903 216 929 esset
237 900 358 928 medias.
381 900 459 937 Quod
482 900 554 928 enim
578 900 661 928 simul
683 903 710 928 et
731 900 815 928 semel
840 900 874 928 sit
889 900 988 928 beatas

143 951 170 976 et
191 947 342 980 mortalis,
366 947 417 976 lioc
439 947 534 979 habet,
557 947 622 984 quia
644 946 727 975 bomo
749 951 776 975 et
799 948 893 979 Dens,-
916 951 988 975 utra-

143 1002 197 1032 que
219 998 311 1023 tamen
334 995 450 1023 istarum
483 994 605 1022 duarum
635 994 837 1031 proprietatum
860 994 989 1023 convenit

143 1041 168 1070 ei
190 1041 345 1070 secundum
368 1040 531 1069 liamanam
560 1043 705 1073 naturam,
729 1041 764 1069 ita
786 1041 860 1078 quod
883 1045 990 1069 morta-

144 1088 212 1117 litas
232 1087 361 1116 convenit
383 1088 522 1116 humanae
544 1091 662 1116 naturae
684 1088 709 1116 in
733 1096 771 1122 se,
794 1092 820 1116 et
843 1088 988 1116 beatitudo

144 1135 276 1173 competit
297 1135 335 1169 ei,
357 1135 382 1163 in
405 1138 541 1172 quantum
564 1138 606 1164 est
626 1135 704 1164 unita
724 1135 842 1164 divinae.

223 1184 248 1210 2.
270 1182 309 1210 Ad
331 1182 400 1210 illud
423 1182 497 1219 quod
526 1182 667 1216 obiicitur,
690 1182 765 1219 quod
789 1182 924 1211 mediator
946 1183 990 1211 de-

144 1229 190 1258 bet
211 1228 379 1266 participare
401 1232 528 1257 naturam
563 1229 711 1266 utriusque
743 1229 879 1261 extremi;
901 1230 990 1258 dicen-

144 1276 229 1311 dum,
249 1276 323 1313 quod
346 1279 373 1304 et
394 1275 522 1304 mediam
543 1279 570 1304 et
592 1276 736 1304 mediator
758 1284 811 1304 non
827 1277 928 1305 dicitur
950 1286 990 1306 so-

145 1323 202 1351 lum
226 1330 276 1360 per
295 1322 554 1359 participationem
575 1322 730 1360 utriasqae
751 1327 892 1356 naturae,
919 1324 990 1352 sicut

145 1369 224 1407 prius
245 1369 350 1398 dictum
373 1373 429 1402 est.
452 1369 498 1397 sed
523 1369 605 1397 etiam
629 1377 678 1406 per
700 1369 928 1398 convenientiam
958 1370 988 1398 in

143 1416 328 1454 proprietate.
353 1416 382 1444 Et
402 1416 531 1445 Christus
552 1416 707 1444 secundnm
741 1416 891 1445 liumanam
915 1420 990 1445 natu—

145 1471 204 1492 ram
221 1463 304 1492 habet
326 1463 509 1500 proprietates
531 1463 726 1492 convenientes
742 1463 851 1492 divinae
874 1468 990 1492 naturae

146 1510 250 1547 pariter
271 1513 298 1538 et
319 1510 468 1539 humanae.

225 1556 251 1585 3.
274 1557 311 1585 Ad
333 1556 401 1585 illud
424 1556 497 1594 quod
521 1557 666 1591 obiicitur,
688 1557 762 1594 quod
786 1557 908 1585 medium
937 1565 989 1585 non

146 1603 235 1641 iungit
255 1607 383 1632 extrema
404 1603 455 1632 nisi
479 1611 528 1640 per
549 1603 782 1637 convenientiam,
804 1612 887 1640 quain
908 1603 991 1631 habet

146 1657 210 1679 eum
232 1650 285 1683 eis;
306 1650 473 1684 dicendum,
495 1650 568 1687 quod
593 1650 646 1678 iam
664 1654 737 1687 patet
759 1650 909 1686 responsio,
926 1650 991 1686 quia

146 1697 336 1726 convenientia
358 1697 512 1726 secundum
541 1697 750 1734 proprietatem
779 1701 820 1725 est
842 1697 888 1724 illa
920 1704 991 1733 quae

147 1747 235 1781 potest
256 1747 383 1773 extrema
405 1744 564 1778 conciliare,
588 1743 710 1772 maxime
731 1743 843 1780 quando
864 1747 991 1771 extrema

146 1791 274 1828 coniungi
308 1791 410 1819 habent
442 1798 491 1828 per
524 1790 591 1818 illud
626 1790 748 1819 medium
772 1793 798 1818 et
820 1790 932 1826 perduci
955 1790 990 1817 ad

147 1837 367 1867 conformitatem
389 1837 563 1870 voluntatis,
586 1845 638 1865 non
654 1837 688 1865 ad
706 1837 926 1865 contin-mitatem
943 1844 992 1864 na-

148 1887 240 1913 turae.
264 1885 313 1913 Per
335 1884 476 1913 Christum
499 1885 572 1913 enim
599 1885 682 1913 homo
706 1884 899 1912 reconciliatur
922 1883 991 1917 Deo,

146 1935 177 1960 ut
192 1931 227 1960 sit
242 1931 359 1965 beatas,
374 1936 400 1960 et
423 1932 473 1966 ita,
489 1935 519 1960 ut
540 1932 588 1960 fiat
609 1932 643 1960 de
667 1931 776 1960 mortali
799 1930 992 1963 immortalis,

147 1978 182 2007 de
203 1982 347 2016 peccatore
369 1978 482 2012 iustas,
504 1978 538 2007 de
561 1979 662 2007 misero
678 1978 794 2010 beataS,
810 1985 862 2005 non
885 1976 937 2005 ιιι8
954 1984 993 2005 re-

147 2025 309 2054 conciliatus
331 2025 378 2054 siat
393 2026 485 2059 Dens,
501 2025 630 2062 quamvis
646 2025 703 2062 ipse
718 2024 845 2052 Christus
859 2024 894 2052 sit
911 2024 991 2052 Deus.

1829 165 1880 193 lill

1122 245 1148 272 Ιι.
1171 244 1208 272 Ad
1233 243 1301 272 illud
1323 244 1398 281 quod
1425 244 1570 279 obiicitur,
1592 244 1667 281 quod
1699 243 1827 272 Cliristus
1848 249 1889 272 est

1043 294 1203 320 extremum
1219 291 1374 319 secundum
1391 294 1520 319 naturam
1543 291 1709 324 liumanam3
1724 291 1889 320 dicendum.

1044 337 1118 375 quod
1142 338 1241 366 salsum
1264 341 1321 371 est:
1353 346 1416 366 nam
1450 337 1570 366 humana
1605 341 1705 367 natura
1731 337 1757 366 in
1780 337 1889 366 Christo

1046 392 1189 422 nunqnam
1222 384 1340 421 indiguit
1372 384 1607 419 reconciliati0ue3
1639 384 1713 413 unde
1743 392 1795 412 non
1830 387 1889 413 erat

1045 431 1251 464 reconciliata,
1274 431 1320 459 sed
1345 431 1555 465 reconcitians,
1574 432 1729 460 secuudum
1752 431 1825 468 quod
1852 431 1890 459 di-

1046 478 1118 506 citur
1140 477 1278 506 secundae
1299 478 1334 506 ad
1356 478 1513 506 Corinthios
1528 478 1658 515 qnint0⁴:
1682 478 1759 506 Dens
1780 477 1888 505 eratin

1048 524 1163 553 Christo
1183 524 1241 552 sibi
1270 524 1464 552 reconcilians
1493 525 1647 553 winidum.
1676 525 1795 553 Alterius
1815 524 1888 553 enim

1046 571 1210 600 conditionis
1231 576 1291 600 erat
1313 575 1412 600 natura
1435 571 1558 599 humana
1581 572 1606 599 in
1629 571 1691 600 aliis
1713 571 1889 603 hominibus.

1045 619 1162 647 alterius
1184 619 1210 647 in
1232 618 1357 651 (ἶιιιίεῑος
1380 619 1405 647 in
1429 619 1490 647 aliis
1511 619 1584 647 enim
1606 623 1667 647 erat
1688 619 1838 655 peccatrix,
1864 619 1889 647 in

1046 665 1155 694 Christo
1176 669 1236 694 erat
1258 665 1390 694 immunis
1411 665 1446 694 al)
1467 666 1541 693 omni
1563 666 1654 702 culpa.

1125 714 1150 741 ὃ.
1173 713 1209 741 Λᾶ
1235 712 1303 741 illud
1325 713 1398 750 quod
1421 712 1563 746 obiicitur,
1579 713 1677 750 quodsi
1703 713 1839 742 mediator
1854 713 1891 742 di-

1046 759 1119 788 citnr
1140 762 1253 796 propter
1274 759 1493 788 convenientiam
1519 760 1543 787 in
1567 760 1794 797 proprietatibus,
1815 760 1888 797 quod

1046 806 1163 834 daemon
1186 806 1268 835 dehet
1289 806 1342 835 (lici
1376 806 1528 839 mediatum
1550 806 1717 840 dicendum,
1739 807 1814 844 quod
1838 815 1889 835 non

1046 856 1087 882 est
1109 853 1211 887 simile,
1233 853 1299 890 quia
1331 862 1383 881 non
1418 853 1501 882 habet
1534 854 1718 890 proprietates
1745 854 1890 883 mediatori

1047 899 1252 933 convenientes,
1274 899 1428 928 secundnm
1451 900 1525 936 quod
1548 900 1663 937 exponit
1678 900 1848 937 Augustinus
1865 901 1890 929 in

1048 946 1118 974 libro
1140 946 1174 975 de
1206 946 1321 975 Civitate
1346 947 1392 975 Dei
1415 947 1506 975 nouos·
1527 947 1734 984 aliquantulum
1767 947 1889 984 prolixe.

1047 993 1095 1021 sed
1118 996 1209 1022 tamen
1232 993 1344 1022 utiliter.
1368 993 1502 1022 ‚tit-enim
1525 994 1578 1022 sic:
1599 994 1802 1023 «lilediatoreiu
1821 995 1890 1023 inter

1048 1039 1135 1067 Deum
1167 1043 1193 1067 et
1222 1040 1361 1069 hominem
1393 1040 1600 1069 mortalitatem
1632 1042 1755 1078 oportuit
1788 1042 1891 1071 habere

1048 1090 1245 1115 transeuntem
1266 1091 1293 1115 et
1314 1087 1519 1116 beatitudinem
1541 1092 1772 1124 permanentem,
1796 1092 1826 1117 ut
1842 1097 1892 1126 per

1049 1134 1074 1162 id
1097 1134 1170 1170 qnod
1194 1134 1317 1167 transit,
1350 1138 1516 1170 congrueret
1548 1135 1707 1169 morituris.
1738 1139 1765 1164 et
1796 1136 1830 1164 ad
1865 1136 1890 1164 id

1047 1181 1120 1217 quod
1142 1184 1309 1217 permanet,
1334 1182 1496 1210 transferret
1511 1189 1546 1209 ex
1571 1182 1696 1210 mortuis.
1720 1183 1783 1210 Boni
1808 1183 1891 1220 igitur

1048 1227 1140 1264 Angeli
1163 1228 1234 1256 inter
1257 1229 1372 1256 miseros
1400 1231 1427 1256 et
1457 1229 1587 1257 mortales
1613 1232 1640 1257 et
1672 1229 1765 1257 beatos
1797 1233 1824 1258 et
1846 1230 1892 1258 im-

1049 1275 1180 1303 mortales
1203 1275 1284 1303 medii
1306 1283 1367 1303 esse
1389 1283 1441 1303 non
1464 1279 1592 1312 possunt.
1618 1276 1684 1312 quia
1711 1276 1748 1304 illi
1781 1285 1892 1314 qnoque

1049 1320 1120 1349 beati
1142 1325 1169 1349 et
1192 1321 1362 1350 inunortales
1383 1324 1463 1352 sunt:
1486 1325 1600 1358 possunt
1615 1325 1709 1351 autem
1733 1323 1815 1351 medii
1831 1331 1892 1352 esse

1050 1367 1113 1395 mali
1135 1368 1241 1404 augeli,
1263 1369 1328 1405 quia
1350 1368 1521 1397 immortales
1542 1372 1607 1397 sunt
1622 1377 1685 1398 cum
1710 1370 1776 1406 ipsis
1797 1374 1824 1399 et
1846 1370 1892 1398 mi-

1048 1414 1101 1443 seri
1124 1423 1186 1443 cum
1211 1414 1277 1443 istis.
1303 1415 1347 1443 His
1379 1415 1535 1444 contrarius
1555 1420 1596 1444 est
1630 1416 1764 1444 mediator
1786 1416 1892 1451 honus.

1048 1461 1114 1498 quia
1134 1462 1271 1490 adversus
1300 1462 1400 1490 horum
1434 1463 1669 1491 immortalitatem
1703 1467 1730 1492 et
1751 1463 1890 1492 miseriam

1048 1512 1075 1536 et
1097 1508 1222 1536 mortalis
1243 1508 1277 1536 ad
1300 1511 1411 1544 tempus
1432 1509 1554 1537 existere
1577 1509 1663 1537 voluit
1684 1513 1711 1538 et
1735 1510 1832 1538 beatus
1865 1511 1890 1539 in

1048 1554 1209 1583 aeternitate
1232 1555 1380 1591 persistere
1402 1555 1528 1592 potuit».
1550 1571 1587 1576 —
1611 1556 1640 1584 Et
1661 1556 1734 1593 quod
1758 1556 1812 1585 sint
1833 1565 1894 1585 con-

1050 1603 1140 1636 trarii,
1164 1603 1214 1631 lioc
1231 1602 1288 1639 ipse
1303 1602 1423 1630 ostendit
1437 1602 1557 1639 amplius
1573 1606 1774 1639 consequenter
1787 1603 1809 1631 ⁵:
1830 1615 1843 1628 «
1855 1604 1891 1633 Ad

1050 1650 1100 1677 lioc
1123 1649 1271 1686 interponit
1293 1657 1322 1677 se
1344 1649 1453 1677 medius
1476 1650 1640 1677 immortalis
1655 1653 1682 1678 et
1697 1650 1790 1683 miser,
1814 1654 1843 1679 ut
1858 1651 1891 1679 ad

1050 1696 1285 1724 immortalitatem
1309 1696 1416 1724 beatam
1451 1697 1568 1724 transire
1601 1705 1653 1725 non
1676 1697 1755 1725 sinat.
1782 1697 1820 1726 Ad
1843 1698 1892 1726 hoc

1049 1745 1141 1770 autem
1164 1750 1193 1770 se
1215 1742 1365 1779 interponit
1398 1742 1522 1771 mortalis
1543 1746 1570 1771 et
1592 1743 1705 1777 beatus,
1729 1747 1779 1778 ut,
1806 1747 1893 1772 morte

1050 1792 1207 1822 transacta,
1228 1797 1264 1817 ex
1288 1789 1405 1817 mortuis
1428 1789 1529 1817 faceret
1563 1789 1771 1818 immortales».
1794 1807 1832 1810 —
1865 1791 1894 1819 Et

1050 1835 1088 1864 sic
1120 1838 1206 1872 patet,
1238 1835 1378 1872 quomodo
1410 1836 1600 1864 convenientia
1630 1837 1833 1873 proprietatum
1867 1837 1892 1865 in

1050 1882 1158 1911 Christo
1180 1882 1260 1911 faciat
1281 1882 1316 1911 ad
1337 1882 1460 1911 officinm
1483 1883 1546 1911 boni
1580 1883 1756 1917 mediatoris,
1786 1884 1811 1912 iu
1834 1884 1895 1913 dae-

1051 1937 1131 1957 mone
1164 1937 1230 1958 vero
1261 1929 1342 1958 saciat
1372 1930 1407 1958 ad
1440 1929 1620 1958 contrarium.
1645 1930 1675 1958 Et
1697 1931 1736 1959 sie
1759 1935 1833 1968 patet
1855 1939 1894 1960 re-

1051 1976 1162 2013 sponsio
1183 1976 1217 2005 ad
1239 1976 1373 2013 quaesita.

890 2114 1150 2149 SGHOLION.

211 2207 225 2228 l.
243 2207 328 2229 Nomen
346 2206 482 2230 mediatoris
500 2208 592 2235 proprie
610 2207 701 2234 respicii
713 2205 813 2236 officiam
831 2205 991 2227 reconciliatio-

148 2245 193 2273 nis,
212 2251 258 2274 quo
275 2246 326 2274 quis
343 2246 401 2268 inter
418 2245 554 2268 dissidentes
576 2245 704 2272 intercedit;
724 2244 784 2266 unde
809 2243 866 2265 bene
883 2243 937 2265 dicit
953 2249 991 2265 au-

148 2288 208 2313 ctor,
221 2285 283 2314 qnod
297 2285 385 2307 differat
401 2291 451 2307 esse
463 2284 566 2313 medius,
586 2285 670 2306 scilicet
681 2283 808 2305 secundum
821 2281 989 2310 substantiam,

147 2327 169 2346 et
185 2330 235 2346 esse
255 2324 382 2352 mediator,
403 2325 486 2347 scilicet
498 2323 625 2346 semitutum
644 2322 809 2352 operatiimem.
823 2321 898 2349 Vulgo
917 2324 990 2343 tamen

148 2363 230 2385 eodem
248 2363 340 2385 nomine
351 2362 489 2385 mediatoris
507 2365 630 2391 utrumque
642 2363 664 2383 in
680 2360 768 2383 Clu-isto
780 2360 921 2388 significatur
938 2360 991 2388 (cfr.

1047 2204 1068 2226 S.
1087 2204 1177 2231 Tuom„
1196 2205 1217 2226 S.
1235 2204 1266 2226 ΙΙΙ.
1282 2211 1304 2233 q.
1318 2205 1354 2226 -26,
1372 2211 1392 2227 a.
1414 2206 1431 2227 l.
1450 2206 1480 2233 2.)
1491 2203 1523 2221 ²—-
1537 2205 1589 2227 Fide
1602 2208 1700 2232 constat,
1719 2205 1834 2228 Christum
1844 2213 1894 2228 esse

1048 2243 1086 2264 Dei
1104 2246 1125 2265 et
1143 2244 1261 2265 hominum
1274 2243 1435 2271 mediatorem,
1453 2244 1580 2272 etquidem
1599 2245 1674 2272 ipsum
1692 2244 1770 2267 solam
1783 2251 1833 2267 esse
1846 2252 1894 2273 pcr-

1048 2282 1130 2304 sectum
1144 2282 1304 2308 mediatorem.
1326 2283 1367 2304 «in
1382 2287 1493 2311 quantum
1512 2290 1553 2311 per
1570 2289 1636 2305 suam
1649 2286 1746 2305 mortem
1765 2285 1891 2306 humanum

1048 2327 1121 2348 genus
1142 2321 1188 2342 Deo
1211 2321 1387 2343 reconciliavit...
1410 2321 1465 2343 Niliil
1490 2324 1565 2343 tanicn
1589 2322 1706 2350 prohibet,
1728 2323 1817 2351 aliquos
1839 2323 1895 2345 alios

1047 2358 1175 2382 secundnm
1194 2359 1250 2389 qaid
1267 2359 1310 2381 dici
1329 2360 1466 2382 mediatores
1485 2361 1541 2382 inter
1559 2360 1632 2382 Deum
1650 2364 1671 2382 ct
1693 2361 1809 2388 homines,
1827 2366 1895 2389 prout

211 2488 216 2502 ¹
241 2490 350 2516 August„
373 2488 401 2510 X.
422 2487 523 2510 Confi—ss.
541 2494 559 2510 c.
584 2487 619 2509 43.
643 2494 663 2509 η,
687 2487 731 2508 68:
755 2487 775 2508 Ιη
798 2490 909 2514 quantum
931 2486 992 2507 euim

148 2528 229 2555 homo,
247 2528 268 2549 in
286 2530 373 2549 tantum
397 2526 520 2553 mediator-3
543 2527 563 2548 iu
581 2530 693 2555 (plantum
715 2528 791 2547 autem
814 2524 929 2552 Verbum,
948 2530 992 2546 non

147 2565 249 2594 medius,
268 2566 321 2594 quia
344 2565 445 2593 aequalis
463 2565 508 2587 Deo
529 2568 551 2586 et
569 2565 628 2587 Deus
645 2564 707 2592 apud
726 2564 798 2586 Deum
816 2567 838 2586 et
855 2563 921 2585 simul
939 2569 992 2585 cum

148 2605 232 2632 Spiritu
251 2606 328 2626 sancto
346 2610 405 2625 unus
424 2603 491 2625 Deus.
510 2603 570 2625 ldcm
584 2603 637 2626 dicit
652 2605 673 2625 iu
692 2604 792 2625 Euarrat.
805 2603 838 2624 Ps.
856 2602 904 2624 103.
922 2608 992 2624 serm.

148 2643 168 2665 ‘'a.
187 2649 208 2665 n.
226 2643 247 2665 8.

210 2681 219 2696 ἵ
238 2682 302 2704 lium.
321 2681 348 2709 5,
370 2682 406 2703 ¹0:
430 2682 573 2704 Reconciliati
596 2688 677 2703 suuius
695 2681 741 2703 Deo
763 2687 804 2708 pcr
826 2684 923 2703 mortem
946 2681 991 2703 Filii

147 2721 203 2743 cius.
222 2720 266 2743 Csr.
284 2727 353 2748 supra
373 2727 425 2748 pag.
445 2719 484 2748 42,
503 2722 553 2742 nota
573 2721 593 2742 8.

210 2759 219 2773 ³
237 2759 308 2781 Codd.
326 2760 342 2780 A
354 2759 372 2780 l'x
385 2758 469 2786 1³be
487 2759 522 2780 nic
534 2760 639 2786 repetunt
656 2757 732 2780 bomo.
752 2758 774 2780 ln
787 2758 849 2779 initio
866 2757 930 2779 solut.
950 2763 992 2785 pro

149 2797 225 2827 Introit
241 2797 309 2820 codd.
327 2798 395 2819 lLaa
413 2796 541 2826 eonianyit.
747 2817 758 2828 ,

213 2836 221 2850 ⁴
239 2837 302 2859 Vers.
325 2838 357 2859 19.
371 2849 400 2852 —
413 2837 482 2859 Paulo
499 2840 550 2859 ante
568 2842 610 2864 pro
627 2835 778 2858 reconciliata
796 2835 846 2858 cod.
859 2835 875 2856 Z
893 2834 993 2858 reconci-

150 2875 237 2899 lianda.
256 2876 278 2898 Ιη
295 2875 339 2898 ssne
357 2876 423 2898 solut.
441 2875 491 2898 cod.
511 2875 565 2897 Uin
583 2874 674 2897 Christo
693 2880 747 2897 vero
764 2875 827 2902 erat,
847 2874 914 2896 codd.
934 2874 991 2896 FGl

149 2916 164 2937 L
174 2915 190 2937 N
202 2916 219 2937 'l'
231 2915 249 2937 V
260 2915 275 2936 Z
284 2921 310 2937 aa
327 2914 353 2937 in
370 2914 461 2938 Christo
479 2914 541 2937 enim
558 2915 616 2937 erat.

212 2954 221 2968 ⁵
237 2953 292 2982 Cap.
314 2954 346 2976 15.
365 2960 386 2976 n.
410 2954 425 2976 l.
439 2954 460 2976 ln
479 2955 572 2982 exposit.
586 2955 681 2981 August.
700 2953 749 2975 Vnt.
767 2958 819 2975 cum
833 2955 891 2974 textu
910 2952 991 2979 origin.

1050 2491 1091 2512 pro
1109 2484 1169 2507 inter
1190 2484 1288 2507 miseros
1310 2485 1331 2507 et
1348 2484 1460 2507 mortales
1482 2486 1504 2507 et
1520 2484 1598 2508 beatos
1618 2487 1640 2508 et
1662 2485 1808 2508 immortales
1826 2486 1894 2508 hahet

1049 2523 1111 2546 inter
1126 2523 1225 2546 miseros
1242 2523 1354 2546 mortales
1371 2525 1392 2546 et
1409 2522 1487 2546 beatos
1509 2523 1666 2551 iamim-tales,
1681 2528 1703 2546 ct
1716 2524 1783 2551 paulo
1801 2525 1894 2547 interius

1049 2563 1091 2593 qai
1106 2562 1220 2586 adversas
1239 2569 1280 2591 pro
1297 2562 1353 2592 quia
1371 2562 1492 2586 aileersns.
1504 2564 1668 2592 —Aliquanto
1689 2564 1796 2590 superius
1814 2570 1895 2586 versus

1050 2603 1138 2624 initium
1156 2603 1221 2624 solut.
1240 2602 1292 2624 cdd.
1311 2603 1361 2623 voci
1380 2601 1505 2624 mediatori
1520 2602 1649 2630 praefigunt
1666 2601 1733 2625 bono.

1112 2641 1121 2655 ⁵
1139 2641 1191 2663 Loc.
1209 2642 1245 2663 cit.
1264 2647 1285 2663 η,
1304 2641 1329 2668 2,
1348 2640 1387 2662 ubi
1403 2643 1474 2663 textus
1491 2641 1572 2668 origin.
1591 2643 1642 2668 post
1653 2641 1756 2663 transire
1773 2647 1819 2663 nrm
1832 2641 1895 2664 sinat

1050 2681 1081 2702 sic
1099 2681 1256 2708 prosequitur:
1281 2680 1389 2708 quoniam
1413 2680 1512 2707 persistit
1529 2680 1591 2708 quod
1613 2680 1718 2708 impedit,
1743 2680 1764 2702 id
1788 2684 1821 2703 est
1845 2682 1893 2708 ipsa

1049 2720 1147 2741 miseria.
1166 2719 1199 2741 Ad
1218 2719 1352 2741 uocantem
1376 2725 1400 2740 se
1423 2718 1563 2748 interposuit
1588 2719 1689 2741 mortalis
1710 2722 1731 2741 et
1755 2719 1846 2746 heatus,
1871 2723 1895 2742 ut

1049 2757 1192 2780 mortalitate
1210 2760 1319 2780 transacta
1337 2760 1379 2780 etc.
1390 2758 1453 2779 —ln
1472 2757 1515 2779 tine
1538 2759 1657 2780 testimonii
1676 2762 1727 2786 post
1748 2758 1836 2787 faceret
1854 2758 1894 2781 im-

1050 2796 1162 2819 mortales
1179 2796 1230 2818 cdd.
1249 2803 1275 2818 ex
1293 2797 1387 2824 August.
1405 2796 1502 2818 addunt:
1521 2796 1582 2825 quod
1601 2798 1622 2818 in
1635 2803 1659 2819 se
1677 2797 1819 2825 resurgendo
1832 2803 1894 2819 mon-

1050 2836 1136 2862 stravit,
1148 2837 1170 2857 et
1181 2841 1208 2857 ex
1227 2835 1315 2857 miseris
1332 2834 1422 2862 beatos,
1436 2835 1496 2857 unde
1513 2841 1629 2864 nunquam
1643 2836 1691 2863 ipse
1709 2835 1819 2858 discessit.
1831 2836 1894 2857 Alius

1050 2877 1083 2896 cst
1100 2881 1155 2902 ergo
1173 2874 1263 2897 medius
1281 2875 1366 2902 malus,
1384 2875 1422 2903 qui
1443 2877 1532 2902 separat
1549 2875 1647 2902 ainicos;
1665 2875 1723 2896 alius
1744 2874 1831 2902 bonus,
1854 2876 1893 2903 qui

1051 2913 1203 2935 reconciliavit
1220 2911 1272 2941 [ed.
1293 2919 1356 2940 oper.
1378 2913 1474 2940 August.
1497 2912 1642 2942 reconciliat]
1659 2913 1771 2935 inimicos.
1789 2925 1820 2929 -
1837 2914 1893 2935 Ante

1052 2952 1163 2974 testimon.
1181 2952 1239 2979 Aug.
1258 2957 1300 2979 pro
1318 2950 1361 2974 hoe
1377 2950 1425 2980 ipse
1442 2951 1508 2973 codd.
1528 2953 1544 2973 Α
1555 2951 1597 2973 KZ
1614 2950 1658 2975 lwc
1675 2951 1760 2981 ipsum.

1907 996 1999 1014 Notabilis
2009 997 2034 1014 lo-

1917 1026 1959 1046 cus·
1971 1021 2033 1042 Angu-

1917 1046 1968 1061 stim.
