2166 3366
135 2389 250 2413 Suppositio-

148 2418 180 2431 nes
193 2413 210 2431 ἃ.

258 201 316 229 Μὸ

938 195 1189 224 ΞΕΝΤΕΝΤΙΑΗΠΜ
1211 195 1271 223 Ltss.
1294 195 1332 222 ltt.

564 328 1004 378 COMMENTARIUS
1038 328 1099 375 IN
1132 327 1570 376 DISTINOTIONEM
1605 327 1696 375 XX.

838 433 882 466 De
908 433 1018 466 Christi
1046 433 1196 478 passionis
1222 432 1428 477 congruentia.

762 528 796 556 Si
824 536 889 556 vero
918 528 1094 566 quaeritur,
1123 531 1225 555 ‘ttlt'ttm
1254 527 1313 555 atio
1342 526 1426 554 modo
1457 530 1507 555 etc.

995 615 1118 644 Dtvtsto
1140 615 1276 643 TEXTUS.

337 718 428 754 Supra
449 717 505 754 egit
537 716 665 753 Magister
697 716 732 745 de
764 716 900 753 passionis
923 714 1054 744 efficacia.
1076 714 1104 742 In

260 765 310 794 hac
332 772 398 793 vero
420 767 500 801 parte
521 764 577 800 agit
598 763 633 792 de
662 763 799 800 passionis
820 762 1011 799 congruentia.
1034 761 1105 790 Divi-

258 813 334 841 ditur
356 816 449 841 autem
473 812 525 840 ista
546 819 612 848 pars
634 811 660 839 in
692 811 763 839 duas
784 815 886 847 partes.
919 810 946 838 ln
980 816 1103 846 quarum

258 858 350 896 prima
371 862 515 896 comparat
537 858 693 895 passionem
716 857 818 886 Christi
840 857 875 885 ad
898 864 1029 890 causam,
1044 864 1106 893 pro-

260 909 321 942 pter
342 913 427 943 quam
460 913 558 942 passus
586 908 635 933 est.
668 904 695 932 ln
725 903 848 932 secunda
870 910 937 931 vero
961 905 1106 938 comparat

261 954 348 990 ipsam
370 953 405 981 ad
427 960 556 986 causam,
578 960 594 980 a
615 960 671 989 qua
702 951 753 980 fuit
786 950 876 988 passio
898 950 925 978 in
956 950 1029 986 ipso,
1052 950 1104 978 ibi:

262 1000 396 1029 Christus
417 1008 485 1037 erqo
506 999 658 1032 satem-ctos,
681 998 813 1036 idemque
835 997 929 1026 hostia
951 1001 1002 1026 etc.

339 1046 430 1074 Prima
452 1054 517 1083 pars
539 1045 674 1074 dividitur
702 1045 727 1073 in
757 1045 828 1073 duas
861 1047 969 1081 partes,
992 1044 1018 1072 in
1041 1052 1106 1081 qua-

260 1102 323 1123 rum
347 1094 437 1130 prima
458 1093 591 1127 ostendit,
622 1092 697 1130 quod
730 1092 830 1120 modus
861 1092 912 1120 iste
934 1091 1105 1125 redimendi,

261 1141 365 1170 scilicet
387 1149 436 1177 per
458 1140 628 1177 passionem⁷
644 1139 726 1167 valde
747 1139 799 1167 fuit
814 1146 956 1175 congruus
978 1142 1006 1166 et
1027 1137 1107 1166 ratio-

261 1188 375 1222 nabilis,
397 1187 563 1219 ostendens,
596 1194 684 1223 quare
716 1186 768 1214 isto
799 1185 898 1217 modo,
931 1185 1035 1213 scilicet
1057 1192 1106 1221 per

261 1234 432 1271 passionem.
454 1241 542 1270 genus
565 1233 720 1261 humanum
743 1232 883 1260 redimere
899 1231 995 1259 voluit.
1018 1231 1044 1258 ln
1068 1238 1107 1259 se-

1161 713 1253 742 cunda
1275 717 1353 750 parte
1375 713 1510 747 ostendit,
1533 713 1607 750 quod
1627 713 1681 741 alio
1704 713 1798 747 modo,
1822 713 1844 742 si
1867 713 2009 747 voluisset,

1162 760 1301 789 redimere
1325 760 1428 796 potuit,
1452 759 1502 787 ibi:
1526 759 1561 788 St·
1579 759 1656 787 enim
1678 759 1722 788 illi
1743 763 1801 788 tres
1831 759 1861 787 in
1882 768 2007 788 eausam

1162 807 1281 835 veniant
1302 810 1353 835 etc.

1242 854 1373 882 Similiter
1395 853 1518 882 secunda
1540 861 1605 890 pars
1627 853 1763 882 dividitur
1779 853 1804 881 in
1821 853 1893 882 duas
1908 856 2010 890 pai-tes.

1164 901 1190 928 ln
1213 908 1335 938 quarum
1359 900 1448 937 prima
1470 900 1600 937 inquirit,
1623 908 1638 928 a
1653 908 1709 937 quo
1731 900 1766 929 sit
1787 900 1878 936 passio
1899 899 2010 933 Christi,

1162 947 1326 981 ostendens,
1349 947 1424 984 quod
1446 947 1566 975 traditus
1588 946 1640 975 fuit
1661 955 1677 974 a
1699 946 1793 980 Patre,
1815 955 1831 975 a
1853 954 1882 975 se
1905 947 1979 984 ipse,
1996 954 2013 975 a

1164 995 1231 1023 luda
1252 998 1279 1023 et
1294 1003 1310 1022 a.
1330 994 1445 1023 ludaeis.
1468 994 1495 1022 ln
1517 994 1641 1022 secunda
1656 1001 1722 1022 vero
1745 993 1888 1030 inquirit¹‚
1910 996 2005 1022 utrum

1164 1042 1247 1071 fuerit
1269 1043 1352 1076 bona,
1370 1042 1411 1070 vel
1439 1041 1524 1076 mala,
1546 1041 1598 1069 ibi:
1622 1042 1657 1069 Et
1677 1040 1737 1078 fuit
1758 1044 1842 1069 accit-s·
1870 1040 1963 1069 Iudae
1985 1044 2009 1069 et

1164 1090 1344 1117 ludaeorum
1366 1088 1479 1122 malus,
1495 1092 1580 1116 (tectis
1595 1096 1662 1116 vero
1679 1087 1790 1117 Christi
1802 1091 1828 1116 'ec
1842 1087 1947 1116 Patris
1969 1087 2014 1116 bo-

1165 1146 1228 1165 nus.
1251 1137 1322 1166 Sive.
1345 1140 1375 1165 ut
1398 1136 1497 1164 melius
1512 1136 1636 1169 dicatur,
1652 1135 1768 1172 inquirit
1782 1143 1934 1164 causarum
1949 1134 2009 1163 illa-

1166 1192 1228 1212 rum
1244 1183 1428 1212 differentiam
1446 1190 1530 1220 penes
1545 1182 1696 1211 honitatem
1712 1186 1739 1211 et
1754 1182 1897 1210 malitiam.
1913 1182 2010 1210 Subdi-

1166 1230 1285 1258 visiones
1307 1233 1400 1258 autem
1424 1229 1545 1266 partium
1570 1229 1731 1258 manifestae
1753 1233 1818 1258 sunt
1840 1229 1867 1257 in
1890 1229 1990 1258 littera..

911 1329 1096 1358 TRACTA'rtO
1118 1328 1360 1366 QUAESTIONUM.

340 1432 378 1461 Ad
401 1431 610 1468 intelligentiam
626 1433 720 1459 autem
743 1430 828 1458 huius
844 1430 930 1466 partis
952 1428 1048 1457 incidit
1063 1428 1107 1457 hic.

260 1480 385 1517 quaestio
410 1479 444 1508 de
470 1478 651 1515 congruentia
674 1481 784 1506 nostrae
800 1476 1000 1513 redemptionis
1021 1476 1108 1504 factae

261 1535 310 1564 per
331 1527 488 1564 passionem
511 1525 621 1554 Christi.
645 1525 674 1553 Et.
696 1524 770 1553 circa
795 1524 847 1553 hoc.
869 1532 919 1552 sex
943 1523 1109 1552 dubitabilia

262 1577 377 1611 possunt
398 1573 504 1610 quaeri.

340 1621 431 1649 Primo
452 1621 525 1649 enim
548 1620 707 1657 quaeritur,
723 1622 819 1647 utrum
835 1626 990 1655 congruum
1013 1617 1109 1651 fuerit,

262 1668 386 1705 reparari
409 1668 560 1696 humanam
584 1670 722 1695 naturam.

340 1714 467 1743 Secundo
483 1721 548 1742 vero
564 1713 718 1750 quaeritur,
734 1716 829 1741 utrum
851 1711 938 1748 magis
954 1718 1108 1748 congruum

262 1762 359 1796 fuerit,
376 1761 500 1798 reparari
516 1761 669 1789 humanam
686 1763 814 1788 naturam
831 1767 880 1796 per
896 1758 1110 1787 satisfactionem

262 1816 346 1846 quam
369 1816 419 1845 per
440 1808 522 1836 aliam
546 1807 628 1835 viam.

1245 1427 1336 1456 'fertio
1354 1428 1513 1464 quaeritur,
1532 1431 1627 1456 utrum
1650 1427 1744 1464 aliqua
1758 1430 1888 1456 creatura
1909 1427 2014 1456 satisfa-

1165 1482 1227 1503 cere
1250 1475 1371 1511 potuerit
1394 1474 1448 1503 Deo
1470 1483 1521 1512 pro
1542 1474 1665 1503 humano
1687 1482 1796 1511 genere.

1244 1522 1348 1558 Quarto
1370 1521 1531 1558 quaeritur,
1560 1524 1656 1550 utrum
1679 1529 1768 1558 purus
1798 1521 1881 1549 homo
1903 1521 1989 1558 possit
2004 1520 2014 1536 2

1166 1569 1324 1609 satisfacere
1346 1577 1397 1606 pro
1419 1576 1456 1597 se.

1246 1616 1347 1653 Quinto
1361 1616 1516 1653 quaeritur,
1532 1619 1628 1644 utrum
1646 1615 1719 1644 Deus
1734 1615 1949 1644 satisfactionem
1965 1623 2016 1652 per

1169 1667 1285 1691 mortem
1308 1663 1408 1691 Christi
1431 1662 1561 1691 debuerit
1582 1666 1735 1699 acceptare.

1246 1710 1330 1738 Sexto
1351 1713 1378 1738 et
1394 1710 1492 1738 ultimo
1507 1709 1661 1746 quaeritur,
1685 1712 1782 1737 utrum
1798 1709 1852 1738 alio
1875 1708 1957 1738 modo
1972 1716 2017 1746 ge-

1168 1765 1220 1785 nus
1244 1757 1398 1785 humanum
1421 1756 1543 1793 potuerit
1566 1756 1694 1784 liberare.

927 1888 1162 1937 Auricutbs
1187 1903 1348 1937 uuicos.

566 2001 604 2029 De
625 2000 817 2037 eouyritentict
840 2003 956 2027 nostrae
978 1998 1183 2035 redemptioni-s
1204 1997 1302 2035 [hetae
1321 2006 1375 2034 per
1401 1997 1569 2034 passionem
1594 1996 1712 2025 Christi.

1038 2097 1200 2134 Qtues'rio
1224 2098 1240 2125 i.

611 2187 714 2215 [strum
736 2194 901 2224 congruum
920 2184 1026 2223 fuerit,
1049 2184 1212 2213 humanam
1233 2188 1377 2212 naturam
1399 2192 1418 2212 (t
1441 2184 1497 2211 Deo
1518 2183 1667 2220 reparari.

342 2287 421 2316 Circa
435 2287 557 2324 primum
575 2287 613 2315 sic
626 2286 787 2323 proceditur
802 2289 828 2314 et
843 2285 998 2322 quaeritur,
1014 2288 1109 2313 utrum

264 2342 419 2371 congruum
436 2334 531 2363 fuerit.
548 2334 700 2362 humanam
716 2336 845 2361 naturam
867 2340 883 2360 a
899 2332 954 2361 Deo
977 2331 1111 2369 reparari.

266 2382 295 2410 Et
315 2381 390 2418 quod
413 2381 466 2415 sio,
489 2381 600 2409 videtur
622 2388 672 2417 per
694 2384 814 2417 quatuor
837 2379 1042 2416 suppositiones
1059 2386 1112 2406 ma-

266 2431 389 2464 nifestas,
411 2438 483 2467 quae
505 2429 565 2458 elici
588 2432 704 2466 possunt
726 2437 761 2457 ex
784 2428 864 2457 dictis
887 2427 1006 2456 Anselmi
1028 2427 1054 2455 in
1074 2434 1113 2455 se-

265 2477 356 2506 cundo
374 2476 434 2505 Cur
457 2477 532 2505 Deus
554 2475 637 2504 ltomo
650 2475 668 2503 ³.
686 2475 775 2504 Prima
797 2478 838 2503 est
854 2475 935 2503 haec:
952 2473 1112 2502 nullatenus

266 2524 345 2553 decet
366 2531 504 2552 summam
528 2523 705 2552 stabilitatem
727 2522 887 2559 permittere
909 2529 991 2550 suum
1014 2528 1113 2557 propo-

1169 2284 1251 2312 situm
1274 2283 1418 2312 infirmari.
1434 2299 1472 2302 —
1487 2282 1615 2310 Secunda
1636 2284 1677 2310 est
1700 2281 1778 2310 haec:
1796 2280 1955 2309 nullatenus
1971 2280 2017 2309 de-

1169 2335 1211 2360 cet
1226 2339 1365 2359 summam
1382 2329 1579 2366 benignitatem
1596 2337 1646 2365 pro
1668 2332 1780 2365 peccato
1795 2328 1879 2356 unius
1894 2327 2015 2356 hominis

1170 2381 1253 2406 totam
1270 2377 1459 2414 posteritatem
1478 2375 1557 2404 eius4
1573 2375 1806 2412 sempiternaliter
1830 2374 1967 2403 damnari.
1979 2390 2018 2394 —

1169 2425 1261 2454 Tertia
1282 2427 1323 2453 est
1345 2424 1427 2452 haec:
1455 2423 1615 2451 nullatenus
1643 2422 1722 2451 decet
1743 2429 1881 2450 summam
1911 2421 2019 2458 sapien-

1169 2472 1235 2500 tiam
1252 2471 1451 2500 nobilissimam
1467 2473 1624 2499 creaturam
1642 2469 1803 2506 permittere
1818 2467 2013 2496 universaliter

1170 2519 1224 2547 fine
1246 2527 1297 2547 suo
1312 2517 1446 2546 fraudari.
1461 2533 1500 2536 —-
1511 2517 1615 2552 Quarta
1630 2520 1671 2544 est
1686 2516 1768 2544 haec:
1791 2515 1952 2543 nullatenus
1973 2514 2019 2543 de-

329 2647 335 2660 ¹
354 2646 410 2669 Edd.
428 2647 455 2669 lu
472 2646 574 2669 secunda
589 2652 643 2669 cero
656 2645 705 2675 offic
721 2645 749 2668 (Ie
766 2644 898 2674 tlisfereult'a
911 2650 1044 2667 causarum
1060 2649 1112 2673 pas-

265 2686 337 2709 sionis
356 2685 455 2713 Christi,
474 2687 557 2708 utrum.
575 2688 616 2707 etc.
636 2697 665 2700 *-
684 2685 751 2706 Paulo
769 2684 862 2705 inferius
881 2689 922 2711 pro
941 2682 1002 2711 Sive,
1024 2684 1048 2705 ztt
1066 2688 1110 2705 me-

267 2725 312 2748 lius
329 2725 381 2747 edd.
400 2725 461 2752 Sive,
483 2726 507 2747 itt
524 2724 605 2751 aliter,
626 2727 645 2746 et
665 2724 748 2746 tlt-inde
761 2729 802 2751 pro
815 2722 973 2752 differentiam
986 2728 1030 2744 non
1044 2722 1110 2749 pauci

267 2764 333 2786 codd.
353 2770 473 2791 perperam
491 2762 629 2786 dominium.

328 2803 337 2817 ‘²
355 2802 426 2825 Codd.
446 2803 461 2824 Β
471 2802 487 2825 C
497 2803 514 2824 D
526 2803 541 2824 l(
555 2803 570 2824 Ι,
583 2809 608 2824 aa
620 2801 734 2831 potuerim
752 2801 819 2823 codd.
838 2801 852 2822 F
863 2801 880 2822 G
891 2801 907 2822 Il
920 2800 925 2821 l
936 2800 952 2822 N
962 2800 980 2822 U
991 2800 1009 2822 V
1019 2799 1110 2829 potuit,

268 2842 307 2863 sed
326 2842 382 2863 intra
400 2842 420 2863 in
440 2842 488 2869 ipsa
507 2842 639 2870 quaestione
657 2847 740 2862 ornnes
755 2839 876 2869 potuisset.

330 2879 339 2893 ³
356 2879 410 2907 Cap.
430 2879 449 2907 si,
468 2879 506 2902 ubi
525 2883 570 2902 tres
596 2880 684 2907 priores
709 2879 879 2906 suppositiones
905 2878 1049 2899 insinuantur
1076 2877 1111 2899 his

269 2917 358 2939 verbis:
377 2918 406 2939 Ex
424 2919 458 2940 his
475 2921 508 2940 est
526 2918 589 2940 facile
607 2924 757 2945 cognoscere,
784 2917 893 2945 quoniam
911 2919 950 2938 aut
968 2917 1010 2938 hoe
1028 2916 1056 2938 de
1075 2917 1113 2938 hu-

270 2962 335 2978 mana
354 2959 432 2978 natura
451 2957 551 2984 perficiet
574 2958 648 2983 Deus,
668 2957 729 2985 quod
748 2957 842 2984 incepit,
861 2959 898 2978 aut
917 2956 938 2977 in
958 2961 1043 2977 vanum
1063 2955 1114 2977 tecit

270 2997 314 3016 lam
334 2994 455 3016 sublimem
474 2998 577 3016 naturam
596 2995 624 3017 ad
643 2999 729 3017 tantum
744 2995 837 3017 bonum.
850 2996 877 3016 At
894 2996 911 3017 si
926 2995 978 3016 nihil
992 2994 1114 3022 pretiosius

1169 2642 1302 2669 agnoscitur
1320 2640 1380 2662 Deus
1397 2640 1477 2661 secisse
1495 2645 1565 2667 quam
1588 2638 1721 2660 rationalem
1747 2640 1850 2659 naturam
1868 2636 1897 2658 ad
1915 2635 2016 2664 gauden-

1170 2681 1226 2703 dum
1244 2680 1272 2702 (le
1290 2686 1325 2703 sc.
1343 2678 1410 2700 valde
1428 2679 1527 2700 alienum
1545 2681 1578 2699 est
1595 2677 1624 2699 ab
1642 2683 1682 2704 eo,
1701 2680 1725 2698 ut
1741 2676 1810 2698 ullam
1828 2675 1961 2698 rationalem
1980 2680 2019 2696 na-

1170 2723 1244 2742 turam
1263 2719 1352 2746 penitus
1370 2718 1445 2745 perire
1470 2718 1535 2739 sinat.
1563 2716 1616 2738 lbid.
1635 2716 1648 2738 1.
1676 2722 1695 2738 c.
1714 2715 1739 2737 4:
1759 2723 1769 2735 u
1780 2715 1857 2736 Genus
1875 2714 2014 2740 humanum,

1171 2762 1216 2781 tam
1234 2758 1279 2780 scil.
1300 2758 1424 2785 pretiosum
1437 2762 1496 2784 opus
1509 2757 1568 2782 eius,
1582 2755 1674 2777 omnino
1688 2755 1798 2781 perierat,
1817 2759 1858 2775 nee
1875 2752 1976 2779 decebat,
1990 2754 2013 2772 ut

1170 2797 1232 2825 quod
1246 2797 1305 2818 Deus
1318 2796 1345 2818 (le
1359 2796 1449 2818 homine
1463 2798 1620 2823 proposuerat,
1632 2794 1721 2821 penitus
1731 2792 1922 2815 annihilaretur».
1933 2789 2013 2818 Quoad

1171 2839 1275 2865 quartam
1294 2836 1475 2863 suppositionem
1494 2834 1533 2856 cfr.
1552 2833 1606 2855 ibid.
1625 2833 1638 2854 l.
1651 2838 1671 2854 c.
1687 2832 1709 2854 7.
1727 2835 1749 2854 et
1765 2837 1784 2853 c.
1798 2831 1834 2852 22.
1847 2836 1894 2857 seq.
1913 2834 2010 2850 necnon

1171 2876 1193 2897 ll.
1212 2881 1231 2897 c.
1254 2875 1290 2902 16,
1308 2874 1347 2896 ubi
1366 2874 1460 2895 docetur
1478 2872 1549 2902 (quod
1575 2873 1630 2894 infra
1649 2872 1671 2893 iu
1689 2870 1709 2892 4..
1732 2869 1833 2892 tundam.
1852 2868 1968 2896 tangitur)⁷
1987 2868 2016 2888 ia-

1171 2920 1239 2937 nuam
1259 2913 1357 2941 paradisi
1375 2912 1483 2935 omnibus
1501 2912 1601 2933 clausam
1619 2911 1701 2936 fuisse‚·
1719 2908 1748 2930 de
1760 2913 1807 2936 quo
1821 2907 1860 2929 cfr.
1873 2913 1942 2934 supra
1961 2912 2014 2934 pag.

1171 2954 1207 2981 66,
1227 2956 1277 2975 nota
1296 2952 1317 2980 7,
1336 2955 1358 2974 et
1374 2952 1485 2977 Damaso,
1506 2951 1537 2972 lll.
1556 2950 1584 2972 de
1602 2949 1654 2971 Fide
1672 2947 1761 2970 orthod.
1780 2952 1800 2969 c.
1822 2946 1839 2968 1,

1235 2992 1243 3006 ⁴
1261 2992 1310 3014 Vat.
1330 2993 1365 3013 hic
1383 2991 1460 3013 inserit
1474 2989 1616 3019 permittere.
