2166 3366
136 323 256 346 Augustinus.

142 1053 256 1072 Ambrosius.

161 1743 259 1761 Macarius.

270 199 330 227 362

267 276 529 310 dispensationem».
558 273 741 307 Αιιὲιιιειίιιιιει
764 273 843 299 etiam
870 272 938 299 duas
967 272 992 298 in
1012 271 1117 297 Christo

267 320 362 346 asserit
382 319 548 349 voluntates,
568 317 675 343 dicens:
700 328 709 339 «ι
722 315 855 347 Quantum
885 315 965 341 distat
990 315 1061 341 Deus
1081 314 1114 340 ab

267 363 388 393 homine,
409 364 509 387 tantum
525 360 647 386 voluntas
661 359 706 386 Dei
722 366 735 385 a
750 358 887 385 voluntate
901 357 1024 384 hominis.
1039 356 1115 383 Unde

266 405 400 431 hominem
421 411 516 438 gerens
542 403 663 430 Christus
692 402 808 429 ostendit
827 402 959 436 privatam
980 400 1114 435 quandam

268 448 383 474 hominis
404 447 583 479 voluntatem,
604 447 629 472 in
656 454 709 480 qua
730 449 756 472 et
775 452 850 472 suam
871 447 897 471 et
916 447 1033 470 nostram
1054 443 1116 476 [igu-

267 491 350 522 ravit,
369 490 414 524 qui
435 493 518 524 caput
543 493 664 515 nostrum
690 492 743 520 est,
764 492 789 515 et
810 488 842 514 ad
864 495 924 514 eum
945 487 1014 513 sicut
1034 493 1117 512 men]-

266 534 314 560 bra
334 533 508 568 pertinemus.
529 533 624 562 Pater,
645 532 746 566 inquit,
765 530 791 557 si
806 530 869 566 fieri
877 533 979 565 potest,
1000 533 1118 556 transeat

266 584 282 602 α
302 584 343 601 me
362 575 435 601 ealioe
455 574 509 601 iste.
531 575 602 601 Haec
618 574 735 601 humana
750 573 872 599 voluntas
886 575 956 604 erat,
977 571 1117 606 proprium

267 619 369 653 aliquid
390 622 415 645 ct
436 622 561 652 tanquam
582 618 717 652 privatum
740 617 837 643 volens.
858 615 910 642 Sed
930 615 992 650 quia
1014 618 1117 641 rectum

268 663 324 690 vult
343 670 401 689 esse
425 662 561 688 hominem
591 665 616 687 et
644 660 676 687 ad
707 661 790 687 Deum
815 660 910 693 dirigi,
929 659 1034 686 subdit:
1056 658 1118 685 Non

267 704 340 740 quod
358 713 403 740 090
423 704 501 736 volo,
521 703 568 730 sed
596 702 669 739 quod
690 707 717 729 tn
742 703 799 735 vis;
821 710 853 729 ac
872 702 892 728 si
915 701 1031 728 diceret:
1051 700 1119 727 Vide

268 752 293 776 te
313 749 338 775 in
360 756 414 780 mc,
434 748 498 782 quia
518 751 594 782 potes
614 746 716 781 aliquid
736 746 877 781 proprium
898 740 979 776 velle,
1000 748 1028 771 ιιι
1048 744 1119 770 Deus

268 792 340 818 aliud
362 791 432 818 velit.
455 790 617 817 Conceditur
637 790 688 816 hoc
708 789 842 816 humanae
856 787 1026 821 fragilitati».
1046 786 1118 812 ldem

269 834 368 861 alibi²z
388 834 509 861 Christus
530 833 555 859 in
576 833 701 867 passione
730 832 797 858 duas
817 831 950 865 expressit
969 830 1120 856 voluntates

269 878 295 904 in
315 885 344 904 se
363 877 510 904 secundum
532 876 599 902 duas
620 879 743 906 naturas:
764 875 801 901 ait
815 875 898 900 enim:
918 874 1009 903 Pater,
1023 871 1049 898 si
1058 871 1122 907 fieri

268 924 362 955 polest,
381 924 500 946 transeat
519 928 535 945 (ι,
555 927 596 945 me
616 917 689 945 cattle
708 918 763 944 iste.
791 918 878 949 Ecce,
899 917 983 944 habes
1004 916 1119 942 hominis

270 964 448 995 voluntatem,
469 970 549 997 quam
570 962 603 988 ad
624 962 741 988 divinam
772 961 898 987 continuo
919 960 1048 993 dirigens,
1069 959 1119 985 ait:

276 1008 474 1036 Verumtamen,
489 1013 544 1032 noti
557 1004 625 1031 sieut
644 1013 688 1038 eqo
708 1004 786 1034 voto,
805 1002 851 1029 sect
870 1002 939 1029 sicut
953 1006 989 1029 tit.
1010 1001 1120 1028 Ambro-

269 1050 325 1076 sius
345 1050 425 1076 etiam
446 1049 471 1075 in
486 1049 554 1075 libro
575 1047 693 1074 secundo
713 1047 746 1073 de
767 1046 861 1073 Fide³z
888 1046 1043 1079 «Scriptum
1066 1047 1119 1070 est:

270 1094 361 1123 Pater,
376 1092 401 1119 si
411 1091 474 1127 fieri
483 1095 585 1127 potest,
601 1090 718 1125 transfer
732 1098 748 1116 [ι
761 1098 802 1116 me
816 1089 924 1116 calicem
938 1088 1018 1115 litmc.
1032 1087 1120 1113 Verba

269 1136 366 1163 Christi
381 1139 450 1167 sunt,
464 1135 509 1162 sed
525 1142 578 1169 quo
593 1134 671 1160 modo
684 1137 709 1160 et
723 1134 747 1159 in
764 1141 816 1167 qua
832 1133 915 1159 forma
931 1132 1063 1163 dicantur,
1077 1130 1121 1157 ad-

270 1183 355 1206 verte:
370 1179 485 1205 hominis
499 1178 675 1204 substantiam
691 1177 766 1210 gerit,
787 1176 903 1202 hominis
923 1175 1050 1201 assumsit
1063 1174 1121 1200 alfe-

272 1226 353 1249 ctum.
367 1222 425 1248 Non
441 1229 503 1255 ergo
525 1220 600 1255 quasi
622 1221 701 1251 Deus,
715 1219 762 1246 sed
776 1219 852 1253 quasi
868 1219 948 1245 homo
967 1218 1086 1252 loquitur
1097 1228 1121 1243 ».

275 1277 286 1289 «ι
299 1265 422 1299 Suscepit
436 1264 545 1299 quidem
561 1264 722 1290 voluntatem
740 1269 834 1288 meam.
850 1262 910 1288 Mea
924 1264 964 1287 est
983 1260 1120 1291 voluntas,

270 1316 350 1343 quam
370 1316 448 1334 suam
469 1307 550 1338 dixit,
571 1313 631 1332 cum
646 1306 696 1332 ait:
711 1306 774 1332 Non
787 1304 855 1331 sicut
868 1313 913 1339 esso
932 1303 1011 1334 voto,
1030 1302 1076 1329 sed
1089 1302 1122 1329 si-

271 1356 313 1379 ent
333 1356 361 1378 tu
381 1352 453 1377 vis».
475 1350 561 1377 «Cum
578 1353 665 1376 autem
681 1349 761 1376 dixit:
784 1347 882 1375 Omnia
902 1355 969 1382 quac
984 1345 1061 1373 habet
1074 1347 1122 1372 Pa-

272 1398 326 1425 ter,
341 1402 400 1420 mea
418 1397 497 1424 sunt,
511 1393 573 1427 qnia
590 1391 655 1418 nihil
676 1391 826 1425 excipitur,
846 1391 902 1416 sine
922 1389 1019 1420 dnbio,
1040 1396 1120 1424 quam

271 1438 348 1464 Pater
375 1437 468 1468 habet,
489 1435 603 1462 eandem
632 1438 657 1461 ct
685 1434 767 1460 Filius
799 1433 879 1460 habet
904 1432 1120 1459 voluntatem⁴».

275 1480 398 1507 «Eadem
428 1483 468 1506 est
496 1479 592 1505 Christi
621 1478 756 1509 voluutas,
777 1484 847 1511 quae
872 1480 982 1511 paterna
994 1487 1018 1502 n.
1043 1475 1122 1502 «Una

271 1531 334 1557 ergo
354 1523 477 1549 voluntas
505 1525 543 1548 est
562 1521 647 1547 Patris
666 1524 691 1547 et
710 1520 805 1546 Filii».
831 1519 903 1545 «Sed
927 1518 979 1545 alia
1001 1519 1123 1545 voluntas

274 1567 401 1598 hominis,
421 1566 473 1593 alia
493 1566 554 1597 Dei,
568 1568 596 1591 ut
610 1565 692 1596 scias,
713 1564 794 1590 vitam
811 1564 835 1589 in
850 1563 986 1589 voluntate
1008 1562 1123 1588 hominis

274 1617 346 1641 esse,
366 1609 519 1644 passionem
541 1611 629 1634 autem
649 1606 745 1634 Christi
767 1607 793 1632 in
813 1606 949 1632 voluntate
969 1605 1074 1635 divina,
1096 1607 1124 1630 ut

274 1656 411 1687 pateretur
431 1659 480 1686 pro
499 1651 610 1677 nobis».
630 1665 666 1669 —
685 1650 731 1676 His
751 1649 908 1676 testimoniis
928 1648 1067 1675 evidenter
1080 1647 1124 1674 do-

274 1699 362 1727 cetur,
392 1696 416 1722 in
446 1695 550 1722 Christo
579 1694 646 1720 duas
676 1694 756 1720 fuisse
783 1693 947 1725 voluntates:
968 1691 1039 1726 quod
1060 1692 1122 1725 quia

274 1739 380 1773 negavit
393 1739 526 1765 Macarius
541 1737 775 1771 archiepiscopus,
797 1736 821 1762 in
836 1735 1039 1769 Metropolitana
1050 1735 1059 1747 ⁵
1079 1735 1125 1769 Sy-

275 1783 344 1809 nodo
365 1782 558 1809 condemnatus
578 1784 624 1807 cst.
646 1781 677 1806 Et
707 1787 739 1806 ex
761 1779 855 1806 affectu
876 1778 994 1804 humano
1014 1784 1125 1803 sensua-

274 1826 355 1853 litatis
375 1825 498 1860 quidem,
513 1831 564 1850 non
580 1823 704 1853 rationis,
720 1822 783 1848 illud
805 1821 888 1848 voluit
902 1824 927 1847 et
947 1821 1031 1855 petiit,
1052 1820 1124 1854 quod

276 1877 327 1896 non
349 1868 509 1902 impetravit.
539 1867 594 1893 Nec
621 1866 680 1892 ideo
710 1865 801 1900 petiit,
824 1868 852 1891 ut
873 1865 1041 1898 impetraret,
1061 1863 1123 1897 quia

275 1911 391 1944 sciebat,
411 1911 495 1937 Deum
516 1917 567 1936 non
589 1916 646 1935 esse
667 1909 797 1935 facturum
820 1907 898 1938 illud:
919 1914 968 1933 nec
989 1906 1053 1932 illud
1069 1906 1124 1932 lieri

276 1954 383 1981 volebat
410 1954 504 1980 atl'ectu
535 1952 659 1982 rationis,
685 1951 725 1978 vel
748 1951 883 1977 voluntate
904 1950 1060 1976 Divinitatis.
1086 1948 1124 1975 Ad

276 1998 341 2032 quid
362 2005 424 2031 ergo
444 1997 538 2030 petiit?
558 1996 588 2021 Ut
611 1995 738 2021 membris
758 1994 869 2020 formam
897 1993 1053 2027 praeberet.
1079 1992 1127 2018 im-

277 2041 393 2067 minente
414 2040 580 2071 turbatione,
600 2038 733 2065 clamandi
764 2037 796 2063 ad
827 2038 967 2064 Dominum
994 2039 1019 2062 et
1047 2036 1127 2062 subii-

277 2084 364 2111 ciendi
387 2084 548 2110 voluntatem
569 2090 644 2109 suam
665 2082 772 2107 divinae
799 2081 942 2112 voluntati,
964 2084 1006 2112 ut,
1026 2080 1047 2106 si
1068 2079 1127 2113 pul-

276 2130 351 2153 sante
371 2126 491 2153 molestia
508 2126 645 2151 tristantur
657 2124 674 2155 Β,
691 2131 739 2158 pro
754 2123 874 2150 eiusdem
888 2123 1023 2150 amotione.
1037 2125 1126 2154 orent,

277 2170 324 2196 sed
349 2170 369 2196 si
392 2172 527 2204 nequeunt
548 2169 644 2200 vitare,
659 2167 749 2194 dicant
763 2166 835 2200 quod
850 2166 907 2200 ipse
927 2165 1054 2192 Christus.
1069 2165 1127 2191 Non

277 2221 340 2247 ergo
360 2212 393 2239 ad
414 2212 594 2246 insipientiam
621 2211 683 2242 fuit,
703 2209 775 2244 quod
796 2209 917 2236 Christus
937 2209 1056 2235 clamans
1076 2215 1127 2234 non

948 193 1201 222 SENTENTIARUM
1224 193 1282 221 ΜΒ.
1305 193 1344 221 111.

1173 270 1281 297 auditur
1300 270 1332 297 ad
1354 270 1466 296 salutem
1487 269 1664 303 corporalem.
1685 269 1787 295 Bonum
1807 268 1915 303 quidem
1936 268 2019 303 petiit.

1172 314 1276 340 scilicet
1296 317 1324 340 ιιι
1344 321 1395 340 non
1417 315 1581 343 moreretur,
1600 311 1648 338 sed
1667 311 1762 338 melius
1776 314 1845 343 erat,
1859 315 1887 337 nt
1907 318 2021 337 morere-

1174 359 1228 387 tur;
1248 356 1320 390 quod
1342 358 1368 382 et
1387 355 1485 382 factum
1506 358 1553 381 est.

1537 440 1598 467 CM).
1619 440 1658 466 111.

1189 529 1227 555 De
1248 527 1375 562 capitulis
1395 527 1557 563 quibusdam
1576 526 1720 554 Ambrosii
1736 531 1759 553 et
1778 526 1894 558 Hilarii,
1914 526 1962 554 tibi
1980 526 2011 554 de

1319 569 1486 597 dubitatione
1505 574 1528 596 et
1547 569 1642 596 timore
1663 569 1766 596 Christi
1782 569 1881 604 coitur.

1250 657 1372 683 Ceterum
1394 664 1444 683 non
1464 664 1560 691 parum
1582 664 1629 683 nos
1649 659 1757 682 movent
1776 656 1857 683 verba
1876 656 2024 688 Ambrosii,

1177 700 1279 735 quibus
1298 700 1449 734 significare
1470 699 1590 732 videtur,
1611 699 1744 725 Christum
1764 699 1912 726 secundum
1936 699 2028 726 huma-

1181 750 1244 770 num
1266 743 1389 770 affectum
1410 743 1443 769 de
1462 743 1580 776 potentia
1600 742 1685 769 Patris
1705 742 1855 774 dubitasse,
1875 743 1914 769 sic
1934 742 2026 769 dicens

1179 787 1203 813 in
1224 786 1292 813 libro
1313 786 1431 812 secundo
1451 786 1484 812 de
1505 785 1604 812 Fide7:
1629 786 1688 812 «De
1707 793 1761 820 quo
1781 785 1906 812 dubitat?
1930 785 1963 812 de
1983 793 2025 818 se,

1179 837 1211 856 an
1232 829 1265 855 de
1285 829 1385 855 Patre?
1405 829 1442 855 De
1472 836 1503 855 eo
1524 829 1631 863 utique,
1651 828 1693 855 cui
1715 828 1793 855 dicit:
1816 828 1961 864 Transfer,
1980 828 2026 855 du-

1179 872 1245 898 bitat
1266 871 1380 898 hominis
1400 871 1505 898 affeetu.
1525 871 1591 897 Nam
1611 871 1682 897 Deus
1702 870 1736 897 de
1754 871 1832 897 Patre
1851 878 1902 897 non
1923 870 2026 898 dubitat

1180 922 1230 941 nec
1251 915 1283 941 de
1310 918 1394 941 morte
1424 914 1555 941 formidat.
1575 914 1717 948 'Propheta
1738 914 1816 940 etiam
1837 921 1888 940 non
1908 913 2026 945 dubitat,

1179 958 1224 992 qui
1246 958 1312 984 nihil
1334 958 1385 984 Deo
1406 965 1459 983 csse
1478 955 1644 991 impossihile
1663 957 1765 983 asserit.
1794 956 1862 983 Num
1887 957 1953 984 infra
1979 958 2027 984 he-

1181 1002 1266 1027 mines
1286 1001 1432 1027 constitues
1452 1001 1557 1026 Deum?
1577 1000 1710 1034 Propheta
1730 1008 1781 1026 non
1802 1000 1922 1032 dubitat,
1942 1004 1967 1027 et
1985 1001 2027 1027 Fi-

1180 1044 1244 1070 lium
1273 1043 1398 1070 dubitare
1427 1046 1453 1069 tu
1474 1042 1585 1069 credis?
1604 1043 1638 1069 Ut
1658 1038 1737 1070 homo
1766 1050 1829 1076 ergo
1857 1043 1976 1075 dubitat,
2000 1047 2027 1070 ut

1179 1087 1260 1113 homo
1280 1086 1385 1113 locutus
1405 1090 1444 1112 est
1454 1097 1477 1111 n.
1497 1101 1533 1105 —
1553 1086 1598 1112 His
1612 1086 1701 1112 verbis
1721 1086 1793 1112 innui
1816 1086 1935 1119 videtur,
1955 1087 2027 1121 quod

1179 1129 1313 1160 Christus,
1327 1137 1379 1156 non
1394 1130 1419 1155 in
1440 1132 1568 1163 quantum
1589 1129 1659 1155 Deus
1679 1132 1718 1155 est
1738 1129 1778 1155 vel
1798 1129 1845 1156 Dei
1864 1129 1961 1161 Filius,
1981 1129 2026 1156 sed

1181 1173 1205 1199 in
1226 1176 1356 1207 qnantum
1377 1173 1470 1203 homo,
1499 1172 1663 1199 dubitaverit
1688 1172 1783 1199 affectu
1803 1172 1928 1199 humano.
1952 1172 2027 1204 Quod

1181 1223 1211 1242 ea
1232 1216 1335 1242 ratione
1355 1215 1455 1242 dictum
1477 1215 1564 1249 accipi
1593 1218 1694 1249 potest,
1724 1222 1774 1241 non
1794 1215 1856 1249 quia
1878 1215 1935 1249 ipse
1954 1215 2030 1242 dubi-

1181 1259 1293 1291 taverit,
1314 1258 1359 1285 sed
1382 1259 1444 1292 quia
1465 1258 1572 1284 modum
1599 1258 1680 1291 gessit
1708 1258 1855 1284 dubitantis
1874 1261 1900 1284 et
1919 1259 2030 1285 homini-

1181 1302 1231 1328 bus
1250 1302 1374 1328 dubitare
1394 1301 1542 1327 videbatur.

2038 664 2101 683 Verba
2119 665 2155 684 Am-

2040 688 2097 706 brosii
2103 688 2155 708 dedu-

2040 711 2127 730 bitatione

2038 734 2112 753 Christi.

2042 1047 2120 1065 Dubinm
2134 1047 2149 1066 3.

1253 1345 1319 1371 lllnd
1340 1344 1419 1371 etiam
1450 1344 1625 1376 ignorandum
1656 1352 1706 1370 non
1737 1348 1791 1376 cst,
1820 1345 1892 1379 quod
1913 1345 2165 1375 ΗῙΙιιι-1ιιεερεηιειιιω-ξ

1183 1395 1304 1415 asserere.
1324 1387 1438 1419 videtur,
1459 1387 1593 1414 Christum
1615 1395 1666 1413 non
1687 1388 1752 1420 sihi,
1772 1388 1818 1415 sed
1847 1388 1902 1414 suis
1930 1395 2030 1420 orasse,

1182 1439 1243 1458 eum
1265 1432 1345 1458 dixit:
1378 1431 1507 1466 Transfer
1534 1439 1550 1457 a.
1579 1439 1621 1457 mc
1650 1430 1759 1457 calicem
1785 1431 1873 1462 hunc,
1893 1432 1963 1458 sicut
1982 1439 2031 1458 nec

1181 1474 1247 1507 sibi,
1266 1474 1312 1500 sed
1333 1474 1388 1500 suis
1418 1473 1518 1505 timuit;
1551 1481 1600 1499 nce
1620 1480 1680 1499 cum
1702 1473 1831 1502 voluisse,
1851 1477 1880 1500 ut
1907 1473 1957 1500 sibi
1978 1481 2030 1500 uon

1181 1521 1250 1544 esset
1270 1517 1375 1551 passio,
1395 1516 1441 1543 sed
1469 1520 1494 1542 ιιι
1525 1524 1538 1543 a
1569 1517 1626 1542 suis
1653 1516 1776 1542 transiret
1795 1516 1865 1543 calix
1885 1517 2030 1550 passionis,

1181 1561 1216 1587 ita
1247 1559 1403 1594 inquiensss:
1435 1559 1481 1586 «Si
1515 1560 1602 1592 passio
1632 1559 1840 1586 honorificatura
1869 1567 1929 1586 eum
1959 1563 2029 1592 erat,

1181 1604 1265 1635 sicut,
1286 1603 1350 1629 Iuda
1370 1606 1500 1633 exeunte,
1520 1603 1570 1628 ait:
1590 1602 1670 1629 Nunc
1683 1601 1875 1637 honorificatas
1893 1601 2030 1629 cstFitius

1181 1645 1319 1677 lzominis,·
1339 1645 1474 1680 quomodo
1490 1645 1590 1671 tristem
1605 1652 1665 1671 eum
1686 1648 1772 1671 metus
1786 1645 1918 1678 passionis
1938 1645 2031 1671 effece-

1181 1691 1241 1717 rat?
1261 1690 1316 1716 Nisi
1338 1689 1403 1715 forte
1420 1693 1471 1716 tam
1486 1688 1676 1715 irrationabilis
1696 1688 1787 1719 fuerit,
1802 1691 1830 1714 ut
1844 1688 1898 1722 pati
1918 1691 2030 1715 mortem

1182 1733 1315 1765 timuerit,
1344 1740 1413 1766 quae
1434 1732 1578 1766 patientem
1608 1739 1636 1757 se
1655 1731 1835 1764 glorificatura
1865 1732 1953 1757 esset?
1979 1731 2029 1757 Sed

1182 1777 1247 1803 forte
1268 1776 1387 1802 timuisse
1409 1782 1493 1809 usque
1514 1782 1544 1801 eo
1565 1774 1776 1806 existimabitur,
1802 1777 1830 1800 ut
1860 1774 1995 1800 transferri
2016 1781 2031 1801 a

1182 1827 1210 1846 se
1230 1820 1341 1845 calicem
1363 1818 1523 1853 deprecatus
1543 1818 1577 1843 sit
1597 1818 1701 1844 dicens:
1721 1818 1817 1848 Pater,
1832 1818 1951 1852 transfer
1969 1817 2032 1844 cali-

1183 1870 1237 1888 cem
1257 1862 1329 1888 hunc
1348 1869 1364 1887 α
1383 1868 1431 1887 me.
1457 1859 1596 1891 Quomodo
1625 1859 1694 1886 enim
1724 1867 1773 1893 per
1792 1859 1908 1893 patiendi
1930 1863 2031 1886 metum

1184 1905 1319 1932 transferri
1341 1904 1533 1938 deprecaretur
1552 1910 1567 1929 a
1596 1910 1624 1929 se
1650 1902 1721 1936 quod
1751 1910 1799 1936 per
1824 1902 2032 1936 dispensationis

1184 1948 1302 1974 studium
1332 1947 1468 1973 festinaret
1497 1945 1629 1980 implere?
1655 1945 1713 1971 Non
1743 1946 1812 1971 enim
1842 1946 1982 1978 convenit,
2003 1948 2032 1972 ut

1186 1991 1239 2025 pati
1261 1990 1325 2017 nolit
1345 1989 1417 2024 quod
1438 1990 1491 2023 pati
1514 1989 1589 2021 velit3
1610 1991 1636 2014 et
1664 1995 1725 2014 cum
1749 1989 1804 2022 pati
1825 1996 1885 2015 eum
1906 1988 1973 2015 velle
1993 1996 2034 2015 co-

1185 2041 1342 2067 gnosceres,
1362 2033 1513 2066 religiosius
1533 2032 1618 2058 fuerat
1632 2031 1683 2057 hoc
1698 2031 1833 2063 confiteri,
1853 2039 1932 2066 quam
1953 2031 1986 2058 ad
2006 2031 2034 2058 id

1186 2077 1283 2111 impiae
1312 2076 1439 2102 stultitiae
1468 2083 1659 2110 prorumpere,
1689 2079 1718 2101 ut
1747 2082 1808 2101 cnm
1832 2082 1980 2105 assereres,
2001 2082 2033 2101 ne

1185 2123 1335 2154 pateretur,
1349 2126 1440 2145 orasse
1452 2140 1458 2151 ,
1473 2126 1551 2153 quem
1567 2119 1621 2152 pati
1638 2119 1705 2145 velle
1719 2125 1929 2152 cognosceres».
1954 2129 1964 2140 «
1975 2117 2032 2144 Non

1186 2171 1248 2198 ergo
1268 2163 1318 2189 sibi
1340 2162 1439 2195 tristis,
1460 2169 1546 2196 neque
1560 2162 1610 2188 sibi
1626 2165 1684 2188 orat
1706 2162 1818 2189 transire
1840 2161 1967 2194 calicem,
1986 2161 2033 2187 sed

1185 2206 1340 2240 discipulis,
1362 2213 1392 2232 ne
1420 2206 1443 2231 in
1473 2213 1519 2232 eos
1538 2206 1609 2232 calix
1631 2206 1764 2240 passionis
1784 2204 1932 2237 incumbat,
1954 2211 2033 2239 quem

343 2377 348 2391 ¹
368 2377 468 2398 Enarrat.
488 2376 509 2397 ll.
528 2381 596 2397 serm.
619 2375 636 2396 l.
658 2375 679 2396 in
704 2374 738 2395 ΡΞ.
761 2374 797 2395 32.
821 2372 858 2401 (v.
887 2373 918 2400 l.)
943 2379 963 2394 ιι.
988 2373 1012 2399 2,
1037 2373 1057 2393 in
1082 2378 1128 2400 quo

279 2419 339 2439 textu
358 2422 400 2443 pro
418 2415 460 2444 qni
476 2416 547 2443 capnt
564 2414 614 2436 cod.
633 2414 648 2435 F.
666 2417 688 2435 et
705 2413 740 2435 ed.
760 2413 772 2433 Β
792 2419 843 2434 rum
863 2412 966 2440 originali
982 2411 1037 2440 qnia
1050 2412 1127 2439 caput.

280 2467 308 2469 ᾖ
326 2455 399 2476 Locus
416 2455 546 2481 Scripturac
564 2456 597 2474 est
616 2452 689 2474 Matth.
709 2452 749 2479 26,
769 2452 804 2473 39.
823 2450 867 2473 Ctr.
887 2450 900 2472 1.
918 2450 978 2472 Sent.
997 2450 1018 2471 d.
1033 2449 1127 2471 XLVlll.

279 2500 298 2515 c.
321 2494 338 2521 l,
357 2496 378 2515 et
395 2493 425 2514 ibi
443 2492 570 2515 Commeat.
589 2492 611 2513 S.
630 2491 810 2512 bonaventurae.

342 2533 350 2546 ‘2
371 2531 515 2554 Vei-botellus
533 2530 595 2558 apud
614 2530 704 2552 Petrum
723 2529 803 2551 Lomh.
817 2530 837 2550 in
851 2529 929 2550 Clossa
948 2528 975 2550 ad
995 2528 1078 2555 1)5.93Υ
1096 2527 1128 2555 15,

280 2574 385 2598 excerpta
404 2577 429 2592 ex
450 2571 544 2598 August.
563 2570 663 2591 Enarrat.
682 2569 703 2590 in
721 2569 784 2590 illum
803 2568 878 2590 locum
897 2573 918 2589 n.
942 2568 973 2589 19.
991 2579 1022 2583 -
1039 2567 1060 2588 1ιι
1085 2566 1129 2588 nne.

281 2611 322 2632 loci
341 2610 471 2637 Srripturae
491 2610 535 2630 iam
554 2609 612 2630 citati
631 2610 682 2636 post
699 2607 760 2630 sient
779 2608 804 2629 tu.
822 2607 890 2629 codd.
909 2607 924 2628 A
936 2606 954 2627 D
972 2608 994 2628 ct
1010 2605 1063 2627 edd.
1086 2606 1102 2633 l⁷
1116 2606 1128 2624 8

281 2649 369 2671 addunt
386 2648 427 2671 ris.

344 2688 353 2702 3
371 2688 425 2716 Cap.
444 2688 465 2709 5.
485 2694 504 2709 ιι.
525 2687 561 2709 lul.
580 2687 616 2708 42.
634 2687 686 2715 ch.
706 2687 769 2708 locus
786 2688 820 2708 est
838 2685 892 2707 ibid.
912 2691 930 2707 c.
948 2685 970 2706 7.
989 2691 1009 2706 n.
1029 2685 1057 2706 53
1076 2690 1129 2706 rum

282 2727 336 2748 locis
354 2727 484 2754 Scripturae
503 2727 547 2747 iam
566 2726 644 2747 citatis.

346 2765 354 2779 ⁴
372 2766 427 2787 lbid.
446 2772 464 2786 e.
479 2766 498 2786 ss.
519 2771 538 2786 n.
558 2765 594 2786 51.
608 2765 681 2786 Locus
699 2764 830 2791 Scripturae
842 2767 876 2785 est
890 2763 948 2784 loan.
971 2763 1009 2791 te,
1032 2762 1064 2784 15.
1077 2763 1129 2790 ch.

283 2805 346 2827 locus
364 2804 419 2826 ibid.
438 2810 520 2832 parum
538 2805 657 2831 superins,
676 2804 755 2825 tertius
778 2802 832 2825 ibid.
852 2809 872 2824 n.
891 2802 936 2830 50;
958 2802 1051 2824 ultimus
1074 2801 1129 2823 ibid.

283 2850 301 2865 (·.
320 2844 341 2865 7.
360 2850 381 2865 n.
400 2843 436 2865 5-2.

347 2883 356 2897 ⁵
374 2884 401 2905 lta
421 2883 488 2905 codd.
507 2885 527 2904 et
546 2882 598 2904 edd.
621 2883 638 2909 t,
657 2882 677 2909 3,
695 2882 720 2908 7,
736 2882 757 2903 in
771 2882 820 2903 Vnt.
839 2884 861 2903 et
873 2881 921 2902 aliis
933 2879 1130 2909 Arcltiepiscopns

285 2921 422 2945 Antiochia!-
439 2922 461 2944 in
482 2920 742 2950 Constanlinopolilanrt
763 2919 866 2950 ngotlo.
890 2920 965 2941 Lectio
987 2919 1054 2941 codd.
1077 2925 1131 2940 eon-

286 2961 390 2983 tirmatur
406 2961 435 2982 ab
452 2961 561 2988 lingone,
580 2957 643 2982 Sum.
662 2961 722 2981 Sem.
742 2962 767 2981 tr.
787 2960 807 2985 l.,
826 2966 844 2981 (·.
867 2959 899 2980 17.
918 2959 949 2980 De
968 2958 1075 2985 Mamurio,
1094 2964 1130 2985 pa-

285 3000 381 3021 triarcha
400 3000 556 3026 Antiocheno,
575 2999 613 3020 cfr.
633 2999 764 3020 Anastasius
782 2998 899 3024 Bthttotn„
913 2997 941 3019 de
954 2997 1011 3019 Vitis
1034 2997 1130 3018 noman.

1186 2371 1266 2392 Pontis.
1286 2377 1307 2392 ιι.
1326 2370 1349 2391 81
1373 2369 1406 2397 (S.
1425 2368 1566 2397 Agathonis).
1586 2368 1652 2396 Quod
1670 2369 1955 2396 seqniturconveniteum
1968 2367 2032 2390 Com-

1186 2412 1255 2432 ment.
1274 2410 1330 2431 Petri
1350 2408 1472 2430 Lombardi
1491 2409 1511 2429 in
1531 2409 1564 2429 l‘s.
1583 2408 1620 2435 21,
1638 2408 1659 2429 6.

1249 2449 1258 2462 f·
1276 2448 1330 2470 Cod.
1350 2449 1364 2469 Ε
1382 2451 1403 2470 et
1420 2448 1473 2469 edd.
1496 2448 1512 2473 l,
1531 2447 1543 2467 Β
1563 2446 1698 2474 turbantur,
1718 2446 1769 2468 cod.
1787 2445 1803 2468 C
1820 2445 1999 2469 contristantur.

1248 2488 1257 2503 ⁷
1275 2488 1329 2515 Cap.
1349 2487 1369 2509 ὅ.
1388 2494 1409 2509 ιι,
1432 2487 1467 2509 43.
1493 2486 1528 2508 42.
1550 2486 1622 2509 Codd.
1646 2490 1665 2508 ot
1689 2486 1724 2507 od.
1755 2486 1758 2507 Ι
1785 2487 1853 2508 citant
1874 2486 1914 2508 ΙΙΙ.
1933 2485 1984 2508 libr.
2005 2485 2032 2508 de

1188 2527 1310 2550 Trine'lnle.
1329 2527 1380 2548 Post
1396 2525 1481 2548 asserit
1498 2525 1547 2547 Vat.
1572 2531 1624 2547 cum
1647 2526 1695 2547 aliis
1717 2525 1777 2552 cdd,
1800 2525 1899 2552 exceptis
1917 2525 1942 2552 2,
1961 2525 1987 2552 3,
2009 2524 2031 2551 7,

1186 2567 1250 2589 addit
1270 2565 1356 2589 Omnia
1373 2571 1535 2594 quaecamque
1552 2564 1637 2592 voluit,
1657 2563 1711 2593 fecit
1722 2563 1769 2593 [ΡΞ.
1787 2564 1839 2592 113,
1853 2562 1894 2592 3.].
1907 2563 1951 2585 Sed
1964 2563 2031 2591 falso;

1187 2612 1239 2628 nam
1258 2605 1394 2627 Ambrosius
1412 2604 1504 2632 respicit
1520 2604 1549 2626 ad
1567 2603 1605 2626 lob
1623 2604 1663 2631 22,
1686 2603 1718 2631 17,
1736 2604 1775 2632 qui
1794 2603 1857 2625 locus
1874 2602 1936 2630 apud
1955 2603 2031 2630 ipsum

1187 2645 1281 2672 tegitur:
1300 2643 1442 2671 impossibile
1468 2643 1529 2664 enim
1554 2642 1592 2664 tibi
1615 2642 1667 2664 nibil
1691 2645 1731 2664 est.
1754 2642 1863 2670 Vulgata:
1887 2642 1955 2669 Quasi
1979 2642 2032 2663 nihil

1187 2686 1265 2711 posset
1283 2684 1357 2705 facere
1375 2682 1536 2709 Omnipotens,
1554 2681 1703 2703 aestimabant
1720 2672 1781 2702 enm.

1250 2722 1259 2736 8
1277 2722 1336 2744 Libr.
1355 2722 1383 2743 X.
1402 2721 1430 2743 dc
1450 2721 1512 2742 Trin.
1531 2727 1551 2742 n.
1570 2721 1606 2742 ⁴29.
1621 2721 1659 2745 30,
1673 2720 1711 2742 ubi
1730 2720 1850 2747 respicitur
1868 2720 1926 2741 ioan.
1950 2720 1982 2747 13,
1995 2719 2032 2741 31.

1188 2763 1209 2783 ln
1224 2768 1270 2790 quo
1284 2764 1342 2783 textu
1356 2761 1444 2788 postu!
1459 2759 1510 2788 [ιιιιί
1526 2759 1635 2787 originale
1648 2761 1669 2780 et
1681 2759 1755 2786 codd,
1773 2759 1872 2785 exceptis
1893 2758 1907 2779 B
1918 2758 1932 2779 E
1947 2760 1968 2779 et
1980 2758 2031 2786 Ers.,

1188 2802 1294 2822 omittunt
1311 2800 1425 2826 mortem„
1439 2799 1534 2826 insuper
1551 2797 1603 2819 cdd.
1626 2798 1642 2824 l,
1667 2798 1678 2818 8
1696 2798 1802 2819 omittunt
1819 2796 1881 2825 pati,
1905 2796 2033 2823 refragante

1188 2841 1255 2862 etiam
1275 2839 1386 2866 originali.
1405 2838 1461 2860 lnfrn
1480 2844 1522 2865 pro
1539 2838 1565 2859 ut
1576 2836 1627 2866 pati
1637 2836 1696 2859 notit
1710 2835 1773 2865 qnod
1787 2835 1838 2864 pati
1853 2834 1906 2857 velit
1923 2835 2032 2863 originale

1188 2880 1209 2901 in
1228 2879 1265 2900 ed.
1284 2878 1400 2900 Mam-ina:
1419 2880 1443 2899 ut
1460 2878 1505 2904 pati
1525 2876 1592 2898 nollet
1610 2877 1648 2904 qui
1666 2876 1711 2903 pati
1728 2875 1810 2901 vellet;
1828 2874 1868 2896 sed
1886 2874 1916 2896 11)1
1929 2874 2031 2896 additur:

1192 2927 1201 2938 a
1217 2919 1237 2939 ln
1256 2918 1320 2945 prins
1338 2917 1452 2944 vulgatis:
1469 2917 1496 2938 rnt
1511 2915 1562 2945 pali
1578 2916 1630 2936 nolit
1642 2914 1703 2943 quod
1724 2915 1767 2941 pati
1785 2914 1850 2941 velit,
1869 2914 1931 2942 quod
1950 2914 2033 2935 immu-

1189 2960 1264 2979 tamus
1290 2957 1405 2984 potiorum
1428 2962 1481 2977 mss.
1504 2955 1666 2976 auctoritate».
1690 2953 1734 2974 Nos
1755 2957 1830 2974 autem
1856 2953 1927 2974 secuti
1952 2958 2033 2974 Sumus

1189 2999 1279 3018 nostros
1296 2995 1363 3017 codd.
1382 2995 1431 3016 Vnt.
1449 3000 1502 3015 enm
1520 2992 1625 3021 pluribus
1638 2992 1690 3014 edd.
1703 2991 1763 3014 notit
1778 2991 1821 3021 qni
1836 2991 1886 3020 pati
1901 2991 1969 3014 venit.

2043 1375 2124 1399 planatio
2163 1382 2165 1393 t

2044 1398 2152 1422 quaestionis

2045 1427 2082 1440 see.
2097 1421 2143 1440 Hila-

2045 1445 2099 1464 rium.

2047 2165 2126 2184 Dubium
2140 2165 2156 2183 b.
