2166 3366
228 202 287 230 900

540 276 699 299 DlSTlNCTlO
717 276 764 298 xn.

228 372 313 394 Textus
330 371 429 399 Magistri
445 386 925 392 .............
957 375 1012 398 paq.
1030 369 1075 391 ‘260

229 418 316 441 Divisio
332 420 405 441 textus
441 433 962 439 ..............
999 424 1008 435 ιι
1030 417 1070 438 261

336 464 459 486 Auricuws
476 463 490 485 l.
509 463 542 486 De
559 461 708 492 conqruttate
724 463 828 486 naturae
844 463 966 486 assumtae

561 510 641 540 quoad
655 516 738 540 yemis.

227 557 321 586 QUAEs'r.
356 557 370 579 l.
389 557 469 580 Utrum
488 557 590 580 decuerit
601 557 683 579 FilIum
702 557 740 579 Dei
753 563 871 580 assumere
883 558 964 579 huma-

418 611 471 627 nam
488 607 594 627 naturam
612 604 642 627 de
658 610 733 626 massa
750 604 885 632 perditionis
918 621 922 625 .
957 621 961 625 .
997 612 1007 623 v>
1044 602 1074 625 ib.

345 651 368 674 ll.
386 651 467 674 Utrum
485 652 565 674 suisset
583 658 713 680 congruum
731 657 850 674 assumere
867 651 941 673 Adam
959 667 964 672 .
1000 658 1010 671 n
1030 649 1075 671 264

340 698 462 721 Amicunus
479 698 503 720 ll.
520 697 553 721 De
570 697 701 721 conditione
718 699 821 721 naturae
838 698 959 720 assumtae

478 745 558 775 quoad
569 745 670 769 liberum
686 745 822 769 arbitrium.

227 793 322 822 Qumss'r.
355 793 370 815 l.
390 793 469 815 Utrum
486 792 589 815 Christus
606 794 706 821 potuerit
722 799 819 821 peccare
841 811 846 815 .
881 811 885 814 .
920 810 924 814 .
959 809 964 814 .
999 788 1019 812 ›2'
1030 791 1075 813 265

345 839 368 861 ll.
386 839 467 862 Utrum
485 839 588 862 Christus
606 840 730 867 potentiam
753 839 863 867 peccandi
881 839 965 861 habue-

414 887 443 908 rit
459 886 497 908 vel
514 887 656 909 assumserit.
679 904 684 908 .
718 904 723 908 .
758 902 762 908 .
798 905 802 908 .
837 903 843 909 .
878 905 881 908 .
917 904 922 908 .
958 904 963 909 ,
999 896 1008 907 »
1030 887 1074 908 <268

336 933 458 956 Anneurus
475 933 506 956 ΙΙΙ.
530 933 561 956 De
578 933 709 957 conditione
725 934 829 956 naturae
847 934 964 963 quantum

582 981 614 1004 ad
630 987 723 1004 sescum.

227 1027 322 1055 Qusfisr.
355 1027 370 1049 1.
389 1027 470 1050 Utrum
488 1027 591 1050 decuerit
608 1027 681 1049 Deum
692 1033 812 1050 assumere
823 1033 904 1049 sexum
916 1033 966 1049 mu-

416 1074 510 1097 liebrem
521 1091 961 1096 ............
998 1082 1008 1094 »
1031 1074 1076 1095 270

344 1122 366 1144 ll.
386 1122 468 1144 Utrum
486 1123 561 1150 magis
578 1122 684 1144 debuerit
696 1128 788 1144 carnem
801 1128 920 1144 assumere
937 1121 966 1143 de

414 1170 465 1191 viro
475 1169 541 1191 simul
552 1171 574 1191 et
583 1169 678 1191 muliere
688 1175 757 1197 quam
768 1168 797 1190 cle
806 1169 852 1190 sola
863 1168 965 1190 muliere.
1005 1177 1009 1187 1
1032 1185 1044 1189 -

229 1216 330 1239 Dubium
347 1217 441 1239 unicum
459 1217 519 1238 eirca
537 1216 633 1238 litteram
652 1216 751 1243 Magistri
761 1231 964 1237 ......

540 1300 700 1323 DlSTlNCTlO
718 1301 774 1323 Xlll.

229 1380 315 1403 Textus
331 1380 431 1408 Magistri
444 1395 965 1401 ..............

227 1428 314 1450 Divisio
332 1429 404 1449 textus

1000 1387 1010 1398 1>

281 1476 403 1496 Aarmunus
420 1474 434 1496 l.
457 1474 490 1496 De
506 1472 587 1503 qratia
604 1472 692 1496 Christi
707 1474 734 1495 ut
750 1472 883 1502 sinqutarz‘s
898 1478 1022 1502 personae.

228 1522 323 1550 QUAEST.
357 1521 371 1543 l.
391 1521 469 1544 Utrum
488 1522 509 1543 in
527 1520 616 1544 Christo
635 1522 706 1549 gratia
719 1521 842 1549 singularis
854 1527 968 1549 personae

416 1569 444 1591 sit
461 1572 549 1596 ereata,
567 1569 604 1591 vel
622 1569 719 1591 increata
723 1585 967 1591 .......

346 1616 369 1638 ll.
388 1616 469 1638 Utrum
488 1616 510 1638 in
528 1615 617 1638 Christo
645 1616 673 1638 sit
690 1616 762 1643 gratia
781 1615 853 1643 finita,
873 1615 910 1637 vel
928 1616 968 1637 im-

417 1669 495 1685 mensa
525 1679 966 1685 ............

337 1709 369 1731 lll.
390 1709 470 1731 Utrum
489 1709 562 1737 gratia
579 1709 702 1737 singularis
714 1715 827 1736 personae
844 1710 867 1730 in
880 1708 968 1731 Christo

417 1756 485 1777 suerit
503 1756 570 1784 plena
589 1756 659 1783 gratia
679 1758 747 1784 atque
765 1756 864 1784 perlecta
883 1773 887 1778 .
921 1773 926 1777 .
963 1773 968 1777 .

443 1804 565 1825 Alimentus
583 1803 604 1825 ll.
627 1803 659 1825 De
675 1802 755 1832 qratia
773 1801 862 1832 capitis.

229 1849 324 1878 QUAEST.
358 1849 373 1871 1.
391 1849 472 1872 Utrum
490 1850 562 1877 gratia
580 1850 660 1877 capitis
676 1850 704 1871 sit
721 1849 777 1878 quid
795 1852 913 1876 creatum,
932 1849 969 1871 vel

419 1897 545 1919 increatum
563 1914 967 1919 ...........

349 1943 372 1966 11.
391 1943 472 1966 Utrum
490 1944 562 1971 gratia
581 1944 662 1972 capitis
679 1944 706 1965 sit
731 1943 773 1965 alia
801 1949 871 1972 quam
897 1943 969 1971 gratia

421 1991 544 2018 singularis
562 1996 673 2018 personae
691 1992 713 2011 et
731 1991 822 2012 unioniS
844 2007 849 2012 .
884 2007 888 2011 .
924 2006 929 2011 .
963 2006 968 2011 .
1009 1998 1013 2008 ›

340 2037 372 2059 lll.
392 2037 472 2059 Utrum
491 2037 552 2059 Deus
569 2037 684 2059 mediante
696 2037 767 2064 gratia
789 2037 870 2064 capitis
891 2037 970 2059 influat

419 2090 513 2106 sensum
532 2085 553 2105 in
579 2090 671 2106 omnem
698 2086 827 2106 creaturam
847 2083 970 2106 habentem

421 2131 530 2159 gratiam,
548 2131 598 2153 sive
616 2131 750 2158 angelicam,
768 2131 818 2153 sive
836 2131 968 2153 humanam.

233 2177 306 2200 Dubia
324 2177 369 2200 l-V.
388 2178 446 2199 circu
465 2177 562 2200 litteram
580 2177 679 2205 Magistri

536 2262 697 2286 DlS‘rtNCTlO
715 2263 773 2285 XIV.

233 2342 318 2365 Textus
335 2342 434 2370 Magistri
447 2358 968 2364 ..............

234 2389 320 2411 Divisio
338 2392 411 2411 textus
450 2405 969 2411 ..............

337 2436 461 2458 Alimentus
479 2437 494 2458 l.
512 2435 545 2458 De
562 2435 672 2464 sesenna,
693 2442 766 2465 quam
783 2435 865 2458 anima
884 2435 972 2459 Christi

546 2481 627 2505 habuit
644 2481 671 2504 (Ie
692 2481 772 2505 Verbo.

235 2529 330 2558 QUAEST.
364 2529 377 2551 1.
396 2530 476 2551 Utrum
489 2530 564 2551 anima
577 2529 658 2551 Christi
671 2532 794 2557 cognoscat
807 2529 910 2551 Verbum
928 2529 971 2551 alia

423 2577 565 2604 cognitione,
595 2582 665 2604 quam
693 2577 728 2598 illa
757 2582 816 2605 quae
834 2579 868 2598 est
894 2577 971 2603 ipsum

424 2624 528 2646 Verbum
567 2641 969 2646 ...........

352 2671 374 2692 ll.
393 2671 473 2692 Utrum
491 2671 566 2692 anima
585 2670 667 2693 Christi
692 2671 714 2692 in
732 2670 895 2698 cognoscendo
912 2676 972 2692 com-

425 2717 552 2745 prehendat
569 2718 645 2745 ipsum
666 2716 768 2739 Verbum
781 2717 824 2739 sibi
843 2717 931 2739 unitum
965 2733 970 2738 .

344 2765 374 2787 ΙΙΙ.
393 2765 473 2787 Utrum
491 2766 567 2787 anima
584 2764 666 2787 Christi
683 2766 704 2786 in
718 2764 880 2792 cognoscendo
898 2764 972 2786 Deum

424 2812 510 2840 defigat
526 2801 645 2840 aspectum
669 2813 690 2834 in
713 2813 789 2840 ipsum
808 2813 886 2834 lumen
904 2814 973 2834 actor·

425 2865 493 2887 num⁷
512 2866 539 2881 an
558 2860 579 2881 in
597 2859 683 2887 aliquit]
702 2860 757 2881 infra
776 2860 853 2887 ipsum
887 2877 891 2881 .
927 2876 931 2880 .
967 2876 972 2880 .

378 2906 500 2928 Animatus
518 2907 540 2928 ll.
558 2906 591 2929 De
610 2906 752 2935 coyntttone,
773 2912 846 2935 quam
863 2905 945 2928 (olima

497 2952 584 2975 Christi
600 2952 682 2975 habuit
698 2952 722 2975 ιή
743 2952 824 2975 Verbo.

239 2996 332 3024 Qulxizsr.
366 2997 380 3019 l.
399 2998 478 3020 Utrum
496 3001 571 3021 anima
584 2999 665 3022 Christi
677 3000 758 3022 eadem
776 3001 913 3028 cognitione,
927 3006 972 3029 qua

1002 1577 1012 1588 ι)
1034 1568 1078 1590 276

1008 2867 1018 2879 »
1038 2860 1082 2881 302

922 198 1024 226 INDEX
1049 198 1290 234 QUAESTIONUM.

1323 278 1441 305 cognoscit
1459 277 1574 305 Verbum,
1588 279 1711 305 cognoscat
1727 277 1782 299 alias
1794 283 1831 300 res
1848 277 1871 299 in

1324 323 1401 346 Verbo
1862 330 1917 354 pay.
1936 325 1979 347 306

1253 370 1276 391 ll.
1294 370 1374 392 Utrum
1392 371 1467 392 anima
1480 370 1561 393 Christi
1573 374 1625 393 actu
1638 358 1761 398 cognoscat
1778 371 1800 393 in
1817 371 1872 393 Ver-

1866 436 1870 440 .
1905 426 1915 438 n
1937 419 1981 441 310

1244 463 1277 485 ln.
1295 453 1376 486 Utrum
1402 465 1477 486 anima
1500 464 1581 487 Christi
1606 467 1731 492 cognoscat
1755 465 1832 487 omnia
1849 465 1871 487 in

1866 529 1871 534 .
1906 520 1916 532 r
1937 512 1982 535 312

1238 557 1361 580 Auricurus
1379 558 1411 580 ΙΙΙ.
1429 558 1462 580 De
1479 557 1589 587 scientia,
1609 564 1682 588 quam
1698 558 1780 582 anima
1798 558 1886 582 Christi

1449 603 1531 627 habuit
1546 611 1561 627 a
1581 604 1663 628 Verbo.

1322 416 1353 439 ho
1371 418 1446 439 omnia
1465 424 1525 446 quae
1543 418 1621 441 habitu
1639 418 1758 446 cognoscit
1785 435 1791 440 .
1826 436 1830 440 .

1325 511 1409 539 Verbo,
1427 518 1487 540 quae
1504 512 1623 539 cognoscit
1641 511 1752 534 Verbum.
1788 529 1792 534 .
1827 530 1831 534 .

1136 649 1231 678 QUAEsT.
1264 650 1278 672 l.
1296 651 1377 673 Utrum
1402 650 1506 674 Christus
1529 651 1635 674 habuerit
1662 652 1730 674 aliam
1755 653 1873 675 scientiam

1324 700 1415 726 praeter
1432 699 1493 720 illam
1511 705 1581 727 quam
1600 698 1679 721 habuit
1696 700 1718 721 in
1731 699 1809 722 Verbo
1827 717 1831 721 .
1867 717 1871 721 .
1906 708 1917 720 ι)
1938 700 1982 722 318

1251 745 1274 766 ll.
1296 745 1377 768 Utrum
1402 745 1506 768 Christus
1531 746 1653 773 profecerit
1670 746 1799 768 secundum
1816 746 1873 769 illud

1324 798 1398 820 genus
1415 793 1552 820 cognitionis
1590 804 1872 816 .........
1906 801 1917 813 n
1938 793 1979 815 3211

1245 839 1277 861 lll.
1297 839 1377 861 Utrum
1394 839 1456 861 Deus
1473 840 1680 862 communicaverit
1705 840 1794 862 animae
1812 839 1872 863 Chri-

1323 886 1351 908 sti
1377 876 1582 915 omnipotentiam⁷
1609 887 1667 909 sicut
1692 888 1875 910 communicavit

1325 932 1509 954 omniscientiam
1512 949 1874 956 ..........
1908 941 1920 955 i>
1939 935 1984 957 323

1135 978 1208 1001 Dubia
1226 978 1279 1000 l-lV.
1297 979 1357 1001 eirca
1375 979 1471 1001 litteram
1489 979 1588 1007 Magistri
1591 996 1874 1003 ........
1907 989 1917 1001 n
1939 982 1983 1004 325

1445 1096 1607 1119 DlSTlNCTlO
1625 1097 1675 1119 XV.

1136 1212 1222 1234 Textus
1240 1212 1339 1240 Magistri
1353 1229 1875 1236 ..............
1907 1223 1918 1235 ι)
1939 1215 1984 1237 327

1136 1258 1222 1280 DIvisio
1239 1261 1314 1281 textus
1352 1276 1874 1284 ..............
1908 1270 1918 1282 n
1940 1262 1985 1285 329

1250 1306 1372 1328 Animatus
1389 1306 1403 1327 l.
1422 1306 1455 1328 De
1472 1306 1598 1336 defectibus
1614 1307 1728 1330 assumas
1744 1314 1760 1331 a
1777 1308 1870 1331 Christo

1513 1353 1537 1376 in
1553 1353 1666 1383 ρεπεν-[ιη’.

1137 1398 1232 1426 Qumzsr.
1266 1399 1280 1421 l.
1300 1399 1381 1423 Utrum
1398 1406 1529 1428 congruum
1555 1401 1633 1429 tuerit,
1660 1401 1715 1424 tales
1732 1401 1834 1424 detectus
1850 1402 1874 1424 in

1326 1445 1415 1469 Christo
1433 1448 1528 1475 reperiri
1551 1464 1875 1470 .........
1910 1456 1920 1468 1>
1941 1448 1986 1470 330

1256 1493 1279 1516 11.
1299 1494 1381 1516 Utrum
1398 1493 1502 1517 Christus
1519 1496 1656 1517 assumserit
1677 1501 1758 1517 omnes
1774 1494 1877 1517 derectus

1327 1543 1417 1563 nostros
1435 1544 1526 1569 praeter
1543 1544 1666 1570 peccatum
1673 1558 1837 1564 .....
1865 1536 1875 1564 ’.
1909 1550 1920 1562 i>
1942 1542 1986 1565 332

1249 1588 1281 1610 lll.
1299 1587 1380 1610 Utrum
1398 1588 1500 1611 detectus
1517 1589 1538 1610 in
1556 1587 1645 1611 Christo
1662 1589 1746 1611 suerint
1757 1595 1769 1611 a
1787 1590 1877 1618 natura,

1328 1640 1356 1656 an
1374 1641 1386 1656 a
1404 1635 1521 1657 voluntate
1554 1651 1876 1657 .........
1911 1643 1921 1655 ιι
1942 1635 1988 1657 334

1252 1681 1375 1704 Αιιτιωιυε
1391 1682 1414 1703 ll.
1432 1682 1465 1704 De
1482 1681 1607 1711 defectibus
1624 1688 1639 1705 a.
1657 1681 1750 1705 Christo
1767 1681 1881 1705 assumtis

1491 1729 1515 1752 in
1532 1729 1636 1758 speciali.

1138 1775 1235 1803 Quaes‘r.
1269 1775 1283 1797 1.
1302 1775 1382 1798 Utrum
1400 1775 1503 1798 Christus
1516 1776 1622 1799 habuerit
1638 1777 1791 1804 ignorantiam
1809 1777 1831 1799 in
1844 1783 1878 1799 ra-

1329 1823 1404 1844 tionali
1433 1839 1874 1845 ............
1909 1831 1920 1844 1>
1942 1824 1986 1846 336

1259 1870 1282 1892 ll.
1300 1870 1380 1892 Utrum
1398 1871 1420 1892 in
1438 1869 1527 1892 Christo
1540 1870 1607 1892 tuerit
1624 1870 1700 1897 passio
1718 1870 1819 1892 tristitiae
1831 1886 1836 1892 .
1870 1886 1876 1892 ,
1910 1878 1921 1890 »
1942 1870 1986 1892 338

1250 1916 1282 1938 lll.
1302 1916 1381 1938 Utrum
1399 1917 1420 1938 in
1439 1916 1528 1939 Christo
1546 1917 1613 1939 suerit
1631 1917 1708 1944 passio
1733 1916 1771 1938 vel
1788 1917 1877 1939 affectio

1327 1964 1375 1985 irae
1392 1980 1873 1986 .............
1910 1972 1920 1984 1>
1942 1964 1987 1986 339

1139 2010 1212 2032 Dubia
1230 2010 1285 2033 l-lV.
1304 2011 1363 2033 cirea
1381 2011 1479 2033 litteram
1497 2011 1598 2039 Magistri
1629 2027 1872 2033 .......
1907 2019 1917 2031 1>
1938 2010 1984 2033 340

1445 2129 1605 2152 DlSTlNCTlO
1623 2130 1683 2152 XVl.

1140 2246 1228 2268 'rextus
1247 2246 1362 2274 Magistri.
1396 2264 1401 2268 .
1436 2264 1440 2268 .
1461 2231 1468 2237 ’
1475 2262 1878 2268 ...........
1911 2254 1922 2266 ,ι
1944 2245 1988 2267 343

1139 2277 1226 2315 Divisio
1243 2296 1316 2316 textus
1355 2310 1876 2316 ..............
1911 2301 1920 2312 n
1943 2292 1989 2314 345

1240 2341 1363 2361 Ammonis
1381 2340 1393 2361 Ι.
1413 2339 1446 2362 De
1462 2339 1572 2368 passione
1589 2339 1686 2367 datoris,
1704 2339 1777 2368 prout
1795 2337 1889 2367 respicit

1342 2386 1451 2409 animam
1468 2388 1489 2410 et
1506 2392 1603 2410 caruem
1620 2385 1783 2410 communiter.

1139 2434 1234 2462 Quixesr.
1269 2435 1282 2456 l.
1300 2435 1381 2456 Utrum
1398 2435 1419 2456 in
1438 2434 1527 2457 Christo
1545 2434 1612 2456 suerit
1623 2440 1677 2455 vera
1691 2434 1767 2461 passio
1780 2432 1872 2454 doloris.
1906 2440 1916 2451 n
1956 2431 1987 2453 ib.

1258 2482 1282 2504 ll.
1301 2482 1381 2504 Utrum
1399 2483 1420 2503 in
1439 2481 1528 2504 Christo
1546 2482 1613 2503 inerit
1630 2480 1793 2503 acerbissimus
1805 2479 1876 2502 dolor.
1911 2488 1921 2499 n
1945 2479 1988 2501 348

1251 2529 1284 2550 lll.
1304 2528 1383 2551 Utrum
1402 2528 1505 2551 Christus
1517 2528 1651 2550 assumserit
1662 2528 1821 2549 necessitatem
1837 2532 1878 2554 pa-

1328 2576 1396 2599 tiendi
1400 2590 1877 2598 .............
1912 2582 1921 2593 11
1944 2573 1988 2595 349

1252 2624 1375 2645 Auricutus
1392 2623 1415 2645 ll.
1434 2623 1466 2645 De
1482 2621 1636 2651 passibilitate
1653 2623 1674 2644 et
1692 2620 1773 2644 dolore
1790 2620 1884 2643 animae

1440 2668 1527 2692 Christi
1541 2668 1679 2697 specialiter.

1142 2719 1238 2746 Qulxsssr.
1272 2718 1286 2739 l⁴
1305 2718 1385 2740 Utrum
1404 2716 1506 2739 Christus
1519 2722 1602 2744 passus
1619 2716 1686 2737 tuerit
1701 2714 1829 2737 secundum
1847 2720 1880 2736 ra-

1331 2765 1426 2790 tionem,
1445 2769 1473 2785 an
1492 2763 1621 2785 secundum
1638 2762 1808 2784 sensualitatem
1834 2778 1839 2783 .
1873 2778 1879 2783 .
1914 2768 1924 2782 »
1944 2761 1988 2783 353

1260 2812 1283 2834 ll.
1301 2811 1381 2833 Utrum
1399 2811 1473 2832 anima
1487 2810 1569 2833 Christi
1586 2816 1653 2838 passa
1672 2810 1736 2832 suerit
1750 2809 1879 2831 secundum

1330 2858 1474 2885 superiorem
1492 2858 1621 2885 portionem
1639 2857 1732 2879 rationis
1754 2872 1760 2878 .
1793 2873 1798 2877 .
1833 2873 1838 2877 .
1872 2872 1878 2877 .
1912 2864 1922 2875 z>
1944 2855 1989 2877 353

1252 2905 1284 2927 lll.
1303 2905 1383 2927 Utrum
1402 2904 1467 2926 dolor
1484 2904 1551 2926 suerit
1568 2904 1676 2925 intensior
1692 2903 1714 2924 in
1732 2905 1796 2930 parte
1814 2903 1878 2924 ratio-

1330 2951 1373 2973 nali
1392 2952 1482 2973 animae
1499 2950 1591 2978 Christi,
1610 2956 1638 2972 an
1656 2950 1678 2971 in
1691 2953 1755 2977 parte
1772 2949 1878 2971 sensuali.
1913 2958 1922 2969 n
1944 2949 1989 2971 357

1142 2999 1216 3021 Dubia
1233 2999 1289 3021 I-IV.
1307 2999 1366 3021 circa
1384 2999 1480 3020 litteram
1498 2998 1597 3025 Magistri
1600 3014 1878 3019 ........
1913 3004 1922 3016 »
1945 2996 1989 3018 359
