2166 3366
148 1527 204 1549 Argg.
218 1531 251 1550 pro

125 1550 142 1568 t.
155 1552 215 1573 parte.

266 181 323 209 474

326 259 348 281 7.
360 259 445 281 Eadem
458 259 527 286 igitur
537 258 625 279 Veritas
638 258 719 284 prima⁷
730 260 754 279 ut
763 259 797 279 est
806 257 862 279 ratio
873 256 985 279 objectiva
997 262 1110 284 assensus,

267 299 359 321 irradiat
375 304 445 325 super
462 300 563 319 mentem
581 300 603 318 et
620 297 641 317 in
659 295 747 318 visione
767 295 873 325 beatifica
885 298 906 317 et
926 295 1041 317 mediante
1057 294 1109 325 sicle,

267 337 307 360 sed
324 337 367 359 alio
384 336 465 363 moc103
484 335 589 357 videlicet
610 335 632 356 in
650 335 722 362 patria
740 333 806 363 plane
823 337 845 356 et
863 334 925 356 omni
943 340 969 355 cx
988 336 1051 361 parte
1069 333 1112 356 im-

267 375 377 403 mediate,
398 376 419 397 in
433 374 477 396 fide
489 373 614 403 semiplene
631 376 653 395 et
671 374 707 402 ita,
726 376 750 395 ut
766 376 856 395 maneat
874 372 998 402 speculam
1015 374 1037 395 et
1052 372 1113 395 aeni-

265 420 321 444 (Jma.
338 413 408 441 (infra
427 420 449 442 q.
467 413 487 434 4.
501 413 529 434 ad
547 413 572 440 3;
590 413 630 434 cfr.
648 412 705 434 infra
723 412 745 434 d.
758 411 794 433 35,
813 418 832 433 a.
852 412 872 433 rl.
891 418 911 440 q.
926 411 947 433 3.
965 414 987 433 ct
1003 411 1059 433 dub.
1073 411 1111 439 2.).

265 453 329 475 Unde
348 452 371 475 id
383 452 445 481 quod
463 454 497 474 est
514 450 637 474 materiale
653 452 674 473 in
688 450 740 479 lide,
759 451 942 473 communicatur
955 456 998 480 per
1014 449 1113 473 verbam

264 491 369 514 emerius
387 490 517 514 revelatam
542 492 564 513 et
586 491 685 512 exterius
710 496 751 517 per
776 489 892 517 auditum⁷
916 489 957 512 sed
978 492 1112 517 «quantum

264 531 293 553 ad
311 536 379 553 suum
397 530 492 552 formale
509 531 543 551 est
560 535 601 557 per
613 529 763 556 infusionem,
781 534 826 551 non
839 535 880 556 per
897 528 1001 550 auditum
1012 535 1038 555 »;
1058 536 1069 548 <1
1083 529 1111 550 ita

265 576 336 592 unum
355 575 396 597 per
413 569 517 591 auditum
535 568 622 596 cordis,
640 572 662 590 et
679 568 740 590 aliud
758 574 799 595 per
817 567 920 589 auditum
938 568 1041 595 corporis
1054 576 1064 587 n
1078 567 1110 595 (d.

265 608 301 630 24.
320 608 375 630 dub.
394 608 432 636 2.).
451 608 565 630 Adhaeret
581 608 642 629 eni⁷n
661 606 717 629 fldes
735 607 801 629 alicui
819 607 962 634 testimonio,
980 607 1003 628 in
1015 613 1061 635 quo
1079 608 1113 629 est

264 648 338 675 prima
362 648 461 675 Veritas,
479 650 500 669 et
517 647 546 669 ita
564 646 673 668 adhaeret
696 646 738 674 ipsi
756 647 844 673 primae
863 646 968 673 Vernae,
992 646 1113 668 transcen-

265 685 339 709 dendo
356 686 443 714 proprii
461 686 587 707 intellectus
604 686 731 707 veritatem.
745 684 779 707 Ad
791 691 840 706 rem
853 685 874 706 S.
890 684 973 705 Thom.
991 683 1029 711 (de
1043 685 1111 706 Verit.

265 732 286 754 q.
307 725 342 747 14.
355 731 374 747 a.
393 725 413 747 8.
426 725 456 747 ad
468 724 512 753 3.):
529 733 538 744 «
554 725 627 746 Prima
641 724 729 746 Veritas
742 727 775 746 est
792 723 907 746 obiectum
920 724 1014 746 visionis
1027 724 1113 751 patriae

265 768 289 787 ut
301 765 322 786 in
341 771 381 786 sua
404 763 478 793 specie
494 769 625 793 apparens,
640 763 692 785 fidei
711 765 787 785 autem
805 765 829 785 ut
841 769 889 785 tion
905 768 1039 792 apparens;
1052 763 1113 785 unde

264 804 306 825 etsi
323 803 384 825 idem
402 809 428 825 re
445 804 472 825 sit
489 803 609 831 utriusque
626 804 690 824 actus
702 801 830 829 obiectum⁷
849 808 893 823 non
913 804 987 824 tamen
1000 804 1034 823 cst
1051 802 1112 823 idem

264 841 372 870 ratione;
389 844 410 864 et
427 842 459 864 sic
477 841 601 863 formaliter
619 841 725 863 differens
743 840 858 863 obiectum
877 840 994 863 diversam
1012 841 1112 868 speciem

264 883 328 903 actus
344 881 396 903 facit
408 889 465 902 ».—
479 889 489 900 u
500 880 565 902 Fides
576 882 611 902 est
622 880 730 908 perfectio
743 880 855 907 potentiae
867 886 911 901 non
925 880 1112 908 qualiscumque,

264 921 305 943 sed
328 920 454 943 secundum
477 922 560 942 statum
578 920 769 947 imperfectionis,
787 920 808 941 in
832 925 879 948 quo
897 919 1023 941 intellectus
1039 919 1115 948 potest

264 958 379 982 aberrare
395 966 407 981 a
425 960 519 981 veritate
531 962 553 981 et
564 958 588 981 in
605 958 644 981 via
656 958 791 987 captivari»
814 958 885 986 (infra
898 958 920 980 d.
938 958 974 980 31.
988 964 1007 980 a.
1021 958 1042 979 2.
1056 964 1076 986 q.
1092 959 1112 980 1.

264 998 294 1020 ad
307 999 345 1027 1.).
362 1007 372 1018 «
385 998 450 1020 Fides
462 998 567 1020 velamen
584 997 638 1020 dicit
655 997 744 1019 futurae
756 997 953 1024 contemplationis
965 999 987 1019 et
1002 997 1096 1019 visionis
1107 1004 1111 1024 ;

942 178 1194 208 SENTENTIARUM
1215 179 1275 207 LIB.
1297 179 1338 207 ΙΙΙ.

1169 259 1191 279 θῖ
1208 260 1283 279 tamen
1301 258 1345 279 hoc
1361 258 1467 279 velamen
1485 258 1561 285 potius
1578 260 1612 279 est
1628 257 1759 279 illuminans
1776 263 1846 286 quam
1864 257 1990 280 obscurans
2002 266 2012 278 ι»

1171 296 1219 323 (lV.
1237 296 1297 318 Sent.
1317 296 1337 318 d.
1357 296 1377 318 3.
1395 303 1417 324 p.
1436 297 1449 318 l.
1468 303 1487 318 a.
1506 296 1526 318 1.
1545 303 1567 324 q.
1585 296 1623 325 3.).

1233 335 1253 356 8.
1272 335 1434 363 Nihilominus⁷
1452 338 1477 357 ut
1494 335 1551 357 fides
1569 336 1596 357 sit
1613 334 1754 358 rationabile
1776 335 1926 364 obsequium,
1945 336 2018 358 multi-

1169 373 1221 400 plex
1242 376 1306 395 actus
1328 374 1421 396 rationis
1443 373 1563 402 praecedit
1585 374 1666 401 fidem,
1690 373 1776 402 quibus
1799 375 1953 397 testimonium
1976 375 2017 397 Dei

1170 413 1315 439 cognoscitur
1332 412 1441 435 credibile
1457 415 1479 434 et
1494 412 1649 440 credendum;
1668 412 1697 435 de
1714 412 1799 441 quibus
1812 414 1903 435 motivis
1920 413 2016 436 credibi-

1170 451 1236 473 litatis
1249 452 1319 473 multa
1337 451 1403 474 docet
1415 451 1541 474 Concilium
1555 452 1604 474 Vat.
1623 458 1641 474 c.
1655 453 1675 474 2.
1695 452 1715 474 3.
1735 451 1759 479 4;
1774 454 1795 474 et
1811 452 1865 474 vide
1877 452 1933 474 infra
1951 453 2018 475 scho-

1170 490 1214 512 lion
1233 490 1261 512 ad
1279 490 1300 512 5.
1319 492 1482 519 quaestionem.

1232 529 1264 550 lll.
1282 529 1304 550 ln
1323 530 1365 551 hac
1381 530 1397 551 l.
1410 530 1542 558 quaestione
1560 531 1635 558 agitur
1653 530 1682 552 de
1699 530 1744 551 fide
1758 532 1782 552 ut
1794 531 1885 552 caritate
1897 530 2014 559 formata,

1170 569 1201 589 uti
1225 568 1302 591 dicunt
1325 569 1435 597 theologi,
1460 575 1519 597 quae
1542 572 1603 591 certe
1627 568 1767 598 completam
1788 569 1907 592 rationem
1927 570 2017 592 virtutis

1172 608 1296 635 perfectae⁷
1314 608 1494 634 supernaturalis
1510 610 1532 630 et
1549 609 1678 630 meritoriae
1696 607 1771 630 habet.
1789 608 1834 630 Sed
1846 608 1903 630 infra
1923 614 1942 630 a.
1960 609 1981 630 2.
1994 615 2017 637 q.

1171 646 1191 668 1,
1211 646 1230 667 2.
1244 646 1325 668 eadem
1343 647 1446 674 quaestio
1458 648 1555 669 recurrit
1572 650 1677 674 respectu
1691 647 1743 669 fidei
1755 646 1873 676 informis.
1886 659 1915 663 —-
1928 647 2018 670 Praeter

1170 684 1235 712 plura
1254 685 1295 706 alia
1320 685 1418 707 notanda
1436 685 1560 707 observatu
1580 685 1677 713 dignum
1694 688 1728 708 est
1745 686 1807 714 quod
1825 687 1847 708 in
1865 686 1931 708 solut.
1949 686 1979 709 ad
1997 686 2017 709 4.

1170 723 1265 746 docetur
1284 723 1312 746 dc
1329 723 1417 753 duplici
1433 723 1581 752 rationabili,
1602 725 1686 747 scilicet
1705 725 1833 747 secundum
1851 726 1963 747 rationem
1980 725 2017 748 vel

1170 762 1285 785 elevatam
1302 769 1403 791 superno
1417 763 1514 791 lumine,
1532 764 1568 786 vel
1586 763 1615 785 ad
1627 763 1741 786 sensibilia
1759 770 1895 786 conversam
1907 766 1929 786 et
1946 764 1975 787 ad
1987 765 2018 786 in-

1171 802 1252 823 feriora
1270 801 1412 830 depressam.

1234 840 1269 862 lV.
1287 841 1348 862 Alex.
1367 840 1426 868 Hal,
1450 841 1472 863 S.
1494 847 1517 868 p.
1536 841 1566 863 ΙΙΙ,
1586 848 1607 870 q.
1626 841 1663 863 68.
1681 847 1712 864 m.
1730 842 1751 864 3.
1769 854 1799 857 —-
1817 842 1839 864 S.
1861 842 1957 871 Thom.‚
1981 843 2018 865 hic

1170 886 1192 908 q.
1211 881 1231 902 2.
1250 886 1269 902 a.
1289 879 1311 908 43
1332 880 1353 902 S.
1371 880 1394 902 11.
1418 879 1439 902 ll.
1459 886 1480 908 q.
1505 880 1525 902 4.
1543 886 1563 902 a.
1586 880 1611 908 ὃς
1630 880 1658 903 de
1681 880 1751 903 Verit.
1769 887 1791 909 q.
1811 880 1846 903 14.
1868 881 1927 903 a..3.
1945 893 1977 897 —
1993 881 2017 903 B.

1170 918 1266 947 Albert„
1284 919 1320 941 hic
1337 925 1357 941 a.
1376 920 1396 941 2.
1415 932 1445 934 -
1464 919 1522 941 Petr.
1540 925 1551 941 a
1571 919 1635 948 Tar.‚
1658 920 1695 941 hic
1711 926 1734 948 q.
1753 920 1773 942 3.
1792 926 1811 941 a.
1831 919 1851 941 4.
1875 920 2016 948 quaestiunc.

1174 958 1192 980 l.
1208 970 1239 974 —
1259 958 1365 980 Richard.
1386 964 1398 979 a
1419 958 1485 986 Med„
1504 958 1540 980 hic
1557 964 1577 980 a.
1595 957 1615 980 4.
1639 964 1661 986 q.
1680 959 1700 980 2.
1718 970 1750 974 -
1767 958 1879 987 Durand.‚
1903 959 1939 981 hic
1955 965 1977 987 q.
1995 959 2017 981 6.

1170 1009 1200 1012 —-
1218 997 1309 1024 Dionys.
1327 996 1409 1024 Carth..
1428 998 1464 1020 hic
1480 1003 1502 1026 q.
1521 997 1542 1019 2.
1560 1009 1591 1013 -
1607 997 1660 1025 Biel,
1679 998 1715 1019 hic
1732 1004 1754 1026 q.
1773 998 1794 1020 2.

1034 1111 1197 1147 QUAESTIO
1219 1111 1247 1139 ll.

662 1210 765 1238 Utrum
787 1209 858 1247 fides
879 1210 917 1238 sit
938 1209 970 1238 in
987 1213 1074 1246 parte
1095 1210 1214 1238 animae
1235 1210 1398 1247 cognitiva,
1420 1219 1460 1238 aa
1481 1209 1624 1248 affectiva.

345 1334 472 1364 Secundo
493 1333 652 1370 quaeritur,
681 1335 776 1361 utrum
810 1332 880 1360 fides
911 1332 946 1361 sit
977 1332 1004 1360 in
1034 1335 1113 1368 parte

267 1382 376 1410 animae
397 1381 548 1418 cognitiva,
570 1388 605 1408 an
626 1379 761 1408 affectiva.
784 1379 815 1407 Et
836 1379 909 1416 quod
933 1379 968 1408 sit
984 1379 1011 1406 in
1034 1381 1113 1415 parte

265 1428 423 1467 coynitiva,
444 1427 574 1456 videtur:

347 1477 371 1503 l.
392 1475 485 1503 Primo
506 1482 556 1511 per
577 1474 779 1510 AugusUnum,
808 1473 854 1510 qui
878 1472 916 1501 sic
938 1472 1035 1501 definit
1056 1480 1114 1500 cre-

265 1523 332 1551 dere
348 1523 374 1551 in
396 1522 468 1550 libro
483 1521 517 1550 de
532 1520 785 1549 Praedestinatione
800 1520 964 1548 Sanctorum
978 1520 1000 1547 ¹:
1028 1530 1041 1545 «
1053 1519 1114 1548 Cre-

266 1570 332 1599 dere
353 1572 395 1598 est
416 1568 537 1605 cogitare
559 1575 623 1596 cum
645 1566 843 1600 assensione».
871 1566 907 1594 ad
929 1566 1005 1594 illam
1029 1565 1113 1602 igitur

266 1617 322 1645 vim
344 1616 465 1653 pertinet
487 1614 619 1647 credere,
648 1613 683 1642 ad
715 1621 800 1650 quam
822 1613 942 1650 pertinet
965 1613 1114 1650 coyitare;

265 1664 314 1692 sed
330 1663 459 1700 coyitare
473 1665 514 1691 est
530 1661 667 1698 potentiae
683 1660 849 1697 cognitivae:
865 1668 932 1697 ergo
946 1663 973 1688 et
988 1659 1112 1687 credere.

266 1710 290 1738 Si
314 1710 399 1747 igitur
421 1709 447 1737 in
470 1708 517 1737 illa
539 1708 661 1745 potentia
682 1711 724 1736 est
752 1707 837 1741 fides,
869 1707 951 1735 cuius
972 1709 1050 1735 actus
1072 1709 1114 1734 est

265 1757 400 1790 σκάψω
424 1756 554 1789 videtur‚
588 1755 663 1792 quod
696 1754 765 1782 fides
797 1754 832 1782 sit
853 1753 880 1781 in
902 1756 982 1790 parte
1002 1753 1113 1781 animae

265 1804 410 1841 cognitiva.

344 1852 370 1879 2.
393 1851 458 1879 item
472 1873 479 1884 ‚
501 1849 535 1878 ad
559 1849 695 1877 Romanos
716 1847 861 1876 decimo²t
896 1846 981 1874 Fides
1007 1849 1049 1875 est
1076 1854 1113 1874 ex

266 1898 391 1931 audita;
413 1897 449 1925 ibi
480 1895 644 1933 Gregorius:
672 1894 749 1922 «Dat
774 1894 960 1927 intellectum,
983 1893 1051 1921 dum
1079 1893 1113 1921 de

265 1945 369 1975 auditis
390 1947 512 1973 mentem
535 1943 656 1971 illustrat
667 1952 693 1969 »z
717 1941 738 1970 si
761 1949 827 1978 ergo
843 1940 912 1969 fides
934 1943 976 1969 est
987 1948 1041 1977 per
1063 1948 1114 1968 att-

266 1993 378 2026 ditttm,
400 1995 427 2020 et
448 1991 518 2019 fides
539 1989 688 2018 illuminat
720 1991 858 2022 mentem,
879 1990 906 2015 et
928 1990 984 2015 tam
1007 1986 1114 2014 audire

266 2047 351 2077 quam
374 2036 543 2066 illuminari
563 2039 668 2073 spectat
685 2035 720 2063 ad
741 2037 850 2072 partem
872 2034 981 2062 animae
1003 2033 1114 2069 cogniti-

267 2094 343 2120 vam;
365 2085 489 2118 videtur,
512 2083 586 2120 quod
609 2082 678 2111 fides
700 2082 734 2110 sit
756 2082 782 2109 in
805 2081 832 2109 in
855 2083 933 2117 parte
948 2080 1056 2108 animae
1072 2087 1114 2108 co-

267 2133 380 2170 gnitiva.

345 2179 370 2207 3.
393 2179 476 2212 item,
498 2177 659 2206 reformatio
681 2175 809 2212 imaginis
835 2174 866 2202 sit
892 2181 942 2211 per
973 2176 1030 2202 tres
1061 2173 1114 2201 vir-

265 2229 340 2254 tutes
361 2225 545 2261 theologicas3
568 2223 617 2252 sed
641 2223 732 2259 imago
753 2230 807 2250 non
823 2225 930 2250 tantum
947 2221 1071 2249 consistit
1086 2221 1114 2248 in

266 2273 389 2310 potentia
410 2272 551 2305 affectiva,
585 2278 683 2299 verum
716 2269 799 2298 etiam
831 2269 858 2296 in
880 2268 1003 2305 potentia
1025 2268 1114 2304 cogni-

1171 1332 1261 1360 tiva³:
1284 1340 1351 1369 ergo
1372 1339 1484 1361 necesse
1505 1335 1558 1367 est,
1580 1333 1655 1369 quod
1678 1333 1772 1370 aliqua
1803 1333 1894 1362 virtus
1914 1334 2018 1363 theolo-

1171 1379 1231 1415 gica
1253 1379 1386 1407 reformet
1407 1379 1559 1416 potentiam
1581 1380 1756 1416 cognitivam.
1778 1380 1836 1408 Non
1857 1383 1899 1409 est
1923 1383 2018 1410 autem

1170 1426 1254 1454 aliam
1276 1426 1343 1455 dare
1364 1426 1416 1455 nisi
1438 1425 1538 1460 fidem3
1560 1426 1583 1454 si
1605 1434 1671 1463 ergo
1696 1426 1787 1455 virtus
1808 1430 1849 1456 est
1871 1427 1897 1455 in
1920 1435 1952 1456 ea
1973 1436 2019 1465 po-

1171 1472 1269 1507 tentia,
1292 1481 1376 1510 quam
1410 1473 1557 1506 reformat;
1578 1473 1703 1507 videtur,
1732 1473 1807 1510 quod
1838 1473 1908 1503 fides
1935 1474 2018 1503 sitin

1170 1519 1292 1556 potentia
1313 1520 1458 1556 cognitiva.

1251 1567 1277 1594 [ι.
1300 1566 1379 1601 Item,
1403 1566 1430 1594 in
1452 1566 1550 1595 eadem
1572 1566 1598 1594 vi
1621 1569 1662 1595 est
1678 1567 1768 1595 virtus
1783 1567 1904 1603 gratuita
1925 1570 1952 1596 et
1966 1567 2016 1596 dos

1171 1613 1210 1641 illi
1233 1613 1386 1642 succedens
1412 1613 1438 1641 in
1469 1613 1569 1650 gloria3
1597 1613 1645 1642 sed
1677 1613 1762 1648 visio,
1791 1621 1863 1651 quae
1894 1615 2019 1643 succedit

1171 1660 1234 1689 fidei
1248 1660 1265 1694 ⁴,
1288 1663 1329 1689 est
1350 1660 1377 1688 in
1409 1660 1531 1697 potentia
1563 1660 1716 1696 cognitiva,
1746 1660 1818 1689 sicut
1839 1661 2018 1690 manifestum

1171 1710 1229 1735 est:
1253 1714 1319 1743 ergo
1340 1710 1391 1735 etc.
1528 1735 1539 1741 -

1251 1754 1276 1781 5.
1298 1753 1381 1786 Item,
1402 1752 1430 1780 in
1453 1752 1498 1781 illa
1520 1753 1643 1789 potentia
1663 1753 1772 1781 animae
1793 1756 1835 1782 est
1856 1754 1946 1783 virtus
1962 1758 2020 1783 tan-

1171 1808 1257 1836 quam
1279 1799 1307 1827 in
1329 1799 1469 1833 subiecto,
1491 1799 1564 1828 circa
1585 1800 1666 1828 cuius
1687 1802 1782 1828 actum
1804 1800 1926 1837 explicat
1948 1801 2019 1830 diffi-

1171 1846 1303 1874 cultatem
1324 1863 1363 1866 —
1384 1845 1496 1874 habitus
1516 1846 1590 1874 enim
1612 1846 1639 1874 in
1661 1854 1693 1874 ea
1713 1847 1834 1883 potentia
1856 1847 2017 1882 collocatur,

1171 1892 1205 1921 ad
1228 1893 1309 1921 cuius
1337 1900 1409 1929 opus
1439 1892 1566 1921 habilitat
1587 1909 1625 1913 -
1646 1893 1668 1921 si
1698 1900 1764 1929 ergo
1792 1901 1842 1930 per
1870 1893 1953 1922 fidem
1976 1902 2018 1923 ca-

1171 1940 1295 1976 ptivatur
1311 1940 1467 1968 intellectus
1482 1940 1513 1967 in
1527 1940 1695 1977 obsequium
1712 1939 1823 1968 Christi
1831 1940 1851 1974 ⁵,
1867 1948 1933 1978 ergo
1948 1941 2018 1970 fides

1171 1987 1286 2023 expedit
1307 1990 1398 2015 actum
1421 1986 1510 2023 ipsius
1530 1987 1669 2023 potentiae
1690 1986 1886 2016 intellectivae:
1909 1991 1951 2016 est
1971 1988 2018 2025 igi-

1172 2037 1218 2062 tur
1240 2033 1266 2061 in
1289 2033 1349 2070 ipsa
1370 2036 1502 2070 tanquam
1524 2033 1550 2061 in
1573 2034 1723 2063 subiecto..

1251 2081 1303 2108 SED
1325 2088 1449 2109 coiri-na:
1475 2081 1497 2108 1.
1521 2080 1651 2109 Tullius⁶
1674 2081 1809 2110 definiens
1824 2081 1955 2110 virtutem
1979 2082 2017 2111 di·
2028 2089 2093 2131 Prot}
2104 2094 2158 2114 pars

1172 2127 1221 2161 cit,
1243 2127 1317 2164 quod
1336 2127 1449 2156 «virtus
1471 2130 1513 2156 est
1534 2127 1647 2156 habitus
1662 2127 1889 2156 voluntarium:
1913 2136 1979 2166 ergo
1994 2129 2017 2157 si

1172 2174 1241 2202 fides
1262 2178 1304 2202 est
1324 2174 1429 2208 virtus,
1452 2177 1494 2203 est
1514 2174 1628 2203 habitus
1656 2174 1831 2203 voluntarius
1843 2186 1850 2209 3
1871 2175 1921 2203 sed
1941 2175 2018 2204 habi-

1172 2224 1217 2249 tus
1239 2221 1414 2249 voluntarius
1435 2224 1477 2249 est
1498 2221 1525 2249 in
1548 2221 1691 2249 voluntate
1723 2224 1854 2258 tanquam
1877 2221 1905 2250 in
1926 2222 2016 2251 subie-

1171 2270 1231 2295 cto:
1254 2274 1320 2304 ergo
1341 2270 1368 2296 et
1389 2267 1467 2295 fides.

329 2429 336 2444 ¹
355 2429 410 2457 Cap.
429 2430 449 2451 2.
468 2435 489 2451 n.
508 2428 528 2450 5.
548 2428 569 2450 ln
588 2427 717 2450 testimonio
735 2427 800 2448 allato
818 2432 861 2454 pro
878 2425 1027 2454 assensione,
1051 2425 1114 2454 quod

266 2473 288 2492 et
304 2470 326 2491 in
345 2471 404 2491 textu
423 2468 504 2495 origin.
524 2467 632 2494 liabetur,
650 2466 703 2488 edd.
722 2467 746 2494 1,
765 2466 778 2487 2
796 2471 849 2487 cum
866 2465 943 2487 multis
959 2465 1027 2487 codd.
1039 2470 1114 2487 asser-

267 2508 334 2531 tione.
352 2508 413 2530 ldem
426 2506 537 2529 mendum
555 2507 577 2528 in
590 2507 632 2528 hac
647 2508 669 2527 et
680 2511 744 2533 seqq.
758 2504 941 2526 distinctionibus
953 2504 1039 2531 pluries
1052 2503 1114 2531 apud

266 2547 361 2570 eosdem
379 2546 444 2569 redit.
463 2547 484 2568 ln
503 2546 547 2568 fine
570 2551 618 2573 arg.
637 2551 678 2572 pro
700 2543 817 2573 coynitina
841 2544 972 2571 complures
995 2543 1061 2565 codd.
1080 2548 1115 2566 co-

267 2586 376 2615 unitione.

328 2624 338 2639 2
356 2625 420 2647 Vers.
443 2624 475 2646 17.
489 2636 518 2639 —
531 2623 643 2645 Sententia
662 2623 778 2650 Gregorii,
796 2627 865 2650 quam
884 2622 951 2643 etiam
968 2621 1114 2649 supplemen-

266 2667 314 2687 tum
327 2664 355 2686 ad
369 2664 432 2686 Sum.
451 2664 511 2685 Alex.
524 2663 579 2690 Hal,
598 2662 647 2684 coll.
661 2661 697 2684 34.
710 2668 729 2683 a.
749 2662 768 2683 1.
787 2661 862 2687 affert,
876 2661 953 2683 addito
965 2662 1040 2682 tamen
1051 2660 1114 2682 Deus

268 2705 320 2731 post
335 2702 389 2730 dat,
409 2705 483 2724 sumta
501 2701 593 2724 videtur
610 2707 636 2722 ex
655 2701 679 2722 ll.
697 2700 778 2722 Homil.
797 2701 817 2721 in
836 2700 922 2732 Evang.
941 2699 1018 2721 homil,
1038 2699 1073 2720 30.
1091 2705 1113 2720 n.

268 2742 297 2767 3.
315 2742 343 2764 ad
361 2747 431 2770 quem
449 2741 525 2763 locum
543 2741 610 2762 etiam
631 2740 686 2761 infra
705 2739 727 2761 d.
746 2738 782 2761 24.
807 2738 861 2760 dub.
889 2739 909 2760 2.
932 2739 953 2760 in
977 2738 1021 2759 sine
1044 2738 1114 2765 respi-

268 2781 332 2802 citur.
350 2780 409 2802 Vide
426 2781 494 2802 etiam
512 2779 550 2801 XI.
568 2779 644 2801 Moral.
663 2784 681 2800 c.
701 2779 721 2800 9.
740 2784 760 2799 n.
781 2778 820 2804 12,
839 2777 877 2799 ubi
895 2778 928 2799 sic
945 2777 1042 2804 legitur:
1067 2776 1113 2798 Mu-

268 2822 316 2841 tum
334 2821 367 2841 est
384 2825 410 2840 os
428 2824 518 2840 omne...
536 2819 554 2840 si
572 2818 607 2839 illc
620 2817 701 2846 [Deus]
720 2818 814 2839 interius
831 2817 852 2838 in
871 2816 940 2838 corde
957 2822 1002 2838 non
1020 2816 1113 2844 clamet,

268 2858 307 2885 qui
333 2858 417 2884 aspirat
442 2857 526 2884 verba,
544 2863 603 2885 quae
621 2856 752 2878 audiuntur.
774 2855 818 2878 Cfr.
844 2855 899 2877 ibid.
922 2855 1005 2876 XXlX.
1032 2861 1051 2877 c.
1076 2854 1112 2876 24.

268 2901 290 2916 n.
320 2895 355 2917 49.
385 2895 426 2917 Pro
456 2894 586 2924 Greqorz’us
612 2894 664 2916 cdd.
694 2895 825 2916 auctoritate
854 2894 1015 2915 nonnullorum
1045 2893 1112 2915 codd.

269 2933 434 2955 substituerunt
452 2933 553 2960 Glossa‚·
572 2933 611 2955 sed
630 2939 704 2961 neque
730 2933 793 2961 apud
818 2933 926 2955 Strahum
953 2938 1027 2961 neque
1050 2932 1113 2960 apud

270 2972 426 2994 Lombardum
445 2978 519 3000 neque
545 2972 607 3000 apud
627 2972 741 2999 Lyranum
759 2972 808 2994 talis
825 2972 903 2994 Glossa
922 2973 943 2993 in
961 2972 1004 2993 loc.
1023 2972 1058 2993 cit.
1081 2972 1112 2992 in-

1171 2426 1267 2447 venitur.
1285 2437 1315 2442 —
1333 2425 1401 2447 Paulo
1419 2425 1512 2446 interius
1529 2430 1571 2451 pro
1588 2423 1620 2446 ad
1638 2424 1730 2453 partem
1755 2423 1850 2446 animae
1875 2423 2016 2453 cognitivum

1172 2464 1251 2494 [codd.
1271 2465 1288 2486 T
1299 2465 1314 2486 Z
1332 2463 1470 2493 coqnitivae]
1484 2463 1551 2486 codd.
1564 2464 1581 2485 G
1593 2463 1598 2484 l
1608 2463 1624 2485 L
1634 2463 1653 2485 V
1663 2469 1689 2485 aa
1702 2462 1734 2485 ad
1745 2462 1900 2492 coqnitionem
1912 2462 2014 2486 animae.

1235 2504 1244 2518 3
1261 2503 1305 2527 Ctr.
1324 2504 1352 2525 dc
1370 2504 1404 2525 liis
1421 2502 1491 2525 duab.
1509 2503 1620 2530 proposit.
1638 2502 1661 2524 11.
1680 2502 1740 2525 Sent.
1758 2502 1780 2524 d.
1799 2503 1835 2525 16.
1853 2509 1873 2525 a.
1892 2504 1912 2525 2.
1931 2510 1951 2531 q.
1971 2503 1992 2525 3.

1234 2542 1243 2557 ⁴
1261 2542 1305 2565 Cl‘r.
1322 2543 1378 2564 infra
1396 2542 1418 2564 d.
1437 2542 1474 2564 31.
1492 2548 1511 2564 a.
1530 2542 1551 2563 2.
1570 2548 1592 2570 q.
1611 2542 1631 2563 1.

1234 2580 1244 2595 ⁵
1261 2582 1329 2609 Epist.
1348 2581 1371 2602 ll.
1390 2580 1440 2602 Cor.
1464 2581 1499 2608 10,
1518 2580 1538 2601 5.
1556 2592 1588 2596 -
1600 2580 1713 2608 Hespectu
1731 2579 1830 2603 maioris
1847 2580 1901 2602 dicit
1917 2581 2014 2608 Aristot.⁷

1172 2621 1195 2642 ll.
1213 2621 1282 2642 Ethic.
1301 2626 1319 2642 c.
1338 2620 1365 2642 3:
1384 2620 1480 2647 Signum
1499 2621 1575 2641 autem
1594 2619 1714 2641 habituum
1731 2620 1759 2641 sit
1781 2619 1817 2641 vel
1834 2619 1952 2647 voluptas,
1978 2619 2014 2641 vel

1171 2658 1291 2686 aegritudo
1309 2657 1447 2687 [molestia]7
1466 2663 1525 2686 quae
1543 2658 1599 2679 facta
1617 2656 1711 2686 [opera]
1729 2658 1885 2685 consequitur.

1233 2697 1243 2712 6
1260 2697 1320 2719 Libr.
1339 2697 1366 2718 V.
1384 2697 1413 2719 dc
1430 2696 1501 2718 Finib.
1524 2696 1605 2719 bonor.
1623 2699 1645 2719 et
1661 2697 1741 2718 mator.
1759 2702 1779 2718 c.
1798 2696 1838 2724 13,
1856 2696 1896 2718 ubi
1913 2696 1960 2718 duo
1978 2702 2016 2723 ge-

1171 2743 1225 2759 nera
1250 2737 1361 2758 virtutum
1388 2736 1520 2763 distinguit:
1550 2741 1644 2757 «unum
1670 2741 1750 2757 earum
1776 2741 1835 2763 quae
1852 2736 2015 2762 ingenerantur

1171 2778 1251 2803 suapte
1268 2778 1347 2797 natura
1365 2775 1554 2803 appellanturque
1571 2780 1620 2796 ozon
1636 2773 1798 2801 voluntariae,
1818 2774 1914 2796 alterum
1934 2779 2014 2795 earum

1171 2821 1230 2843 quae
1247 2814 1270 2836 in
1289 2812 1409 2836 voluntate
1430 2813 1519 2842 positae
1544 2813 1619 2840 magis
1639 2813 1733 2840 proprio
1751 2813 1842 2833 nomine
1858 2810 1956 2834 virtutes
1973 2818 2014 2839 ap-

1170 2853 1248 2881 pellari
1266 2853 1370 2875 solent».
1388 2852 1432 2875 Csr.
1450 2853 1472 2874 ll.
1491 2852 1551 2874 Sent.
1569 2852 1590 2874 d.
1617 2851 1654 2873 27.
1680 2850 1734 2873 dub.
1754 2851 1780 2878 3,
1804 2850 1843 2872 uhi
1860 2850 1916 2872 aliae
1933 2850 2014 2872 defini-

1170 2893 1242 2914 tiones
1264 2892 1354 2914 virtutis
1379 2891 1516 2918 afferuntur,
1543 2891 1610 2912 ctiam
1636 2890 1672 2911 illa
1696 2890 1799 2915 Aristot..
1817 2889 1840 2910 Il.
1858 2889 1927 2911 Ethic.
1946 2895 1965 2911 c.
1983 2889 2011 2911 6:

1170 2932 1248 2953 Virtus
1260 2933 1293 2953 est
1305 2930 1395 2952 habitus
1407 2930 1549 2952 voluntarius
1561 2926 1694 2957 [electivus]
1707 2928 1728 2949 in
1741 2927 1817 2949 medio
1829 2928 1966 2955 consistens,
1980 2934 2012 2950 re·

1170 2975 1203 2993 cta
1222 2971 1309 2992 ratione
1326 2969 1501 2996 determinatus,
1520 2969 1589 2996 prout
1605 2967 1696 2994 sapiens
1713 2965 1880 2989 determinabit.
