2166 3366
0 1470 116 1490 >Conclusa

0 1562 40 1585 ΙΒει
52 1565 116 1583 virtus.

0 1656 114 1677 metandum.

748 173 830 201 DIST.
853 173 939 202 XXIII.
962 173 1034 202 AnT.
1056 174 1073 202 I.
1096 174 1231 211 QUAEST.
1255 174 1271 202 1.

136 252 163 280 in
185 259 285 287 genere
308 251 434 285 virtutis,
466 251 514 280 sed
545 251 632 288 magis
664 251 690 280 in
719 259 820 287 genere
842 251 979 281 scientiae.

136 298 215 335 Quod
238 301 331 327 autem
354 298 423 327 fides
455 298 490 327 sit
511 298 537 326 iu
561 305 659 326 verum
692 298 745 326 sub
779 298 883 326 ratione
906 299 979 331 veri,

136 347 223 382 patet,
245 344 376 382 quoniam
402 344 466 373 fidei
498 347 539 372 est
571 343 705 372 assentire
738 344 844 381 primae
867 345 978 373 Veritati

135 395 249 428 propter
271 400 300 420 se
322 394 348 420 et
370 399 454 427 super
475 390 576 418 omnia.

214 438 240 467 3.
263 439 344 472 Item,
366 437 550 475 vituperabile
572 440 613 466 est
636 438 738 466 bomini
762 438 873 467 habenti
896 446 979 467 usum

135 485 250 514 rationis
271 484 338 513 velle
358 484 463 521 aliquid
486 484 544 513 sine
567 483 689 518 ratione,
709 493 775 522 ergo
791 485 850 522 pari
874 485 978 514 ratione

135 531 319 569 vituperabile
341 531 393 559 erit
415 531 439 559 ei
468 531 584 559 credere
605 531 663 560 sine
686 531 807 566 ratione;
830 532 878 561 sed
902 532 978 564 sides.

133 586 189 616 qua
210 577 352 607 credimus
368 577 394 605 in
410 577 512 609 Deum,
527 585 581 605 non
598 578 712 614 inquirit
727 578 862 607 rationem
876 578 897 607 ¹:
913 587 979 615 ergo

133 625 196 654 talis
210 624 279 653 fides
297 624 489 661 vituperabilis
510 627 559 652 est.
582 624 634 652 Sed
658 624 739 658 nibil,
762 625 836 662 quod
852 628 893 654 est
910 626 978 654 vitu-

132 672 269 710 perabile.
285 672 368 700 babet
383 671 517 700 rationem
540 671 665 700 virtutis:
689 680 755 708 ergo
771 672 818 700 ubi
840 676 880 701 est
898 672 978 707 fides,

133 728 188 749 non
209 721 299 756 potest
320 726 380 747 esse
403 718 492 747 virtus
515 718 541 746 iu
565 717 652 746 nobis.

209 766 235 794 [ι.
261 765 342 799 ltem,
364 767 468 802 quanto
489 768 568 793 actus
589 764 690 801 aliquis
711 768 753 793 est
778 765 976 801 rationabilior,

133 815 208 841 tanto
229 815 271 841 est
294 811 389 840 virtuti
419 811 575 849 proximior
585 811 602 845 ²,
631 819 698 847 ergo
728 812 842 840 credere
865 821 914 849 per
937 821 976 841 ra-

133 858 234 887 ti0nem
257 861 399 894 cogentem
433 857 496 894 plus
525 860 630 894 spectat
658 858 693 886 ad
728 858 860 887 virtutem
892 867 976 895 quam

131 905 246 934 credere
268 905 374 941 absque
396 905 515 934 ratione:
549 905 570 933 si
598 905 682 941 igitur
705 905 869 940 credulitas,
890 914 975 942 quam

131 952 194 989 quis
216 951 299 980 babet
328 959 377 988 per
410 951 569 980 violentiam
601 951 730 983 rationis.
754 960 803 980 nec
824 956 865 980 est
889 952 977 981 virtus

131 1007 181 1028 nec
202 1002 280 1027 actus
306 998 432 1031 virtutis,
457 998 544 1026 multo
565 998 664 1027 fortius
680 998 806 1032 videtur.
827 1001 901 1036 quod
918 1000 976 1036 ipsa

130 1045 215 1079 fides,
238 1053 309 1082 qnae
331 1045 465 1074 rationem
490 1053 542 1073 non
565 1045 692 1082 sequitur
715 1054 764 1074 nec
789 1046 886 1074 rationi
910 1047 975 1075 inni-

130 1091 213 1125 titur,
236 1095 328 1120 careat
350 1091 517 1128 perfectione
540 1091 658 1120 virtutis.

450 1193 661 1214 cortehusto.

150 1280 253 1313 Fides,
275 1287 335 1318 qua
358 1279 388 1307 iu
410 1279 502 1308 Deum
525 1279 756 1313 eredtmus,i10n
781 1284 893 1309 tuntum
917 1286 957 1310 est

228 1326 341 1359 virtus,
366 1334 465 1354 verum
488 1326 575 1354 etiam
598 1327 709 1363 [turma
733 1327 883 1356 uirtutum.

211 1421 385 1450 naspownao:
408 1420 579 1454 Dicendum,
594 1421 668 1458 quod
693 1420 798 1458 absque
815 1421 900 1450 dubio
917 1422 974 1459 ipsa

129 1467 217 1505 fides,
239 1476 295 1505 qua
316 1468 343 1496 in
367 1467 453 1496 Deum
476 1467 634 1501 credimus,
657 1476 710 1496 uon
735 1471 842 1496 tantum
857 1471 898 1496 est
920 1468 976 1496 1111·-

130 1519 193 1549 tus,
216 1522 316 1544 verum
339 1515 421 1543 etiam
443 1514 555 1552 cturzya
580 1514 733 1548 virtutum,
760 1515 831 1543 sicut
852 1515 886 1543 de.
905 1523 975 1551 pru-

129 1561 228 1590 dentia
249 1561 315 1590 dicit
338 1561 497 1590 Bernardus
528 1561 563 1589 ad
597 1561 750 1598 Eugenium
762 1561 779 1588 ³.
811 1578 849 1581 —
878 1561 974 1589 Virtus

129 1608 242 1646 quidem
265 1612 318 1642 est,
340 1608 471 1645 quoniam
495 1608 521 1636 in
543 1616 576 1637 ea
597 1608 720 1637 consistit
743 1608 880 1636 rectitudo
902 1609 974 1637 vitae

129 1655 284 1684 secundum
316 1655 444 1691 regulam
477 1654 605 1683 institiae.
638 1655 743 1683 Iustum
766 1655 839 1683 euim
865 1658 920 1683 est.
944 1659 974 1683 nt

129 1702 286 1731 intellectus
309 1705 402 1731 noster
425 1702 461 1730 ita
477 1701 633 1738 captivetur
648 1706 675 1730 et
690 1701 832 1730 subiaceat
848 1710 974 1731 summae

129 1749 252 1782 Veritati,
274 1749 345 1777 sicut
366 1748 482 1777 affectus
509 1752 602 1777 noster
633 1748 715 1777 debet
737 1748 881 1777 subiacere
902 1757 975 1777 sum-

130 1803 189 1824 mae
213 1794 345 1828 Bonitati:
367 1802 417 1824 nec
438 1798 527 1832 potest
549 1802 608 1823 esse
629 1795 722 1823 anima
744 1798 837 1828 recta,
860 1794 911 1822 nisi
937 1795 974 1822 in-

129 1841 255 1870 tellectus
277 1849 403 1870 summae
425 1841 539 1871 veritati
562 1846 675 1878 propter
697 1850 726 1870 se
740 1845 767 1870 et
782 1850 866 1878 super
881 1842 973 1869 onmia

128 1888 268 1922 assentiat,
284 1892 311 1917 et
326 1888 442 1917 affectus
457 1896 584 1917 summae
600 1888 714 1917 Bonitati
728 1889 886 1917 adhaereat.
904 1888 973 1917 Ilanc

127 1939 221 1964 autem
244 1935 440 1964 rectitudinem
463 1943 516 1963 uon
539 1936 622 1964 babet
644 1936 706 1972 quis
728 1936 838 1969 nolens,
861 1935 908 1963 sed
932 1943 975 1963 ivo-

128 1981 195 2010 lens.
218 1982 302 2010 Nemo
334 1982 406 2010 enim
440 1982 504 2019 plus
535 1982 623 2011 credit
646 1982 703 2011 Deo
725 1990 808 2019 quam
832 1982 898 2013 sibi,
921 1981 971 2009 nisi

128 2035 178 2065 per
201 2029 264 2062 boc.
287 2028 362 2066 quod
386 2028 445 2057 vult
469 2029 638 2057 intellectum
671 2037 754 2057 suum
781 2029 920 2065 captivare
944 2028 973 2056 t'u

127 2074 294 2113 obsequium
319 2074 458 2104 Clu-isti&
482 2076 508 2104 Si
530 2083 596 2112 ergo
611 2076 759 2113 captivatio
776 2075 930 2104 intellectus
946 2075 972 2102 in

1826 179 1878 207 [171

1039 252 1206 289 obsequium
1238 260 1364 281 summae
1394 253 1522 282 VeritatiS
1550 258 1655 292 spectat
1676 256 1710 284 ad
1744 256 1884 285 rectitudi-

1039 306 1102 326 nem
1125 298 1211 332 vitae,
1236 299 1377 333 voluntas,
1399 308 1454 336 qua
1476 301 1538 337 quis
1561 301 1621 330 vult
1635 301 1673 330 sic
1689 310 1717 331 se
1733 304 1883 340 captivare,

1038 349 1079 374 est
1102 345 1229 374 voluntas
1251 349 1342 380 recta,
1364 350 1390 374 et
1407 346 1534 381 babitus,
1549 356 1605 384 quo
1620 349 1759 378 mediante
1780 350 1815 379 ad
1831 350 1883 379 boc

1037 391 1188 428 expeditur
1209 394 1235 420 et
1256 392 1415 426 adiuvatur,
1438 393 1502 422 l'acit
1516 394 1549 422 ad
1576 395 1725 424 voluntatis
1743 396 1884 425 rectitudi-

1039 446 1161 467 116111-
1172 438 1198 466 Si
1215 438 1299 475 igitur
1315 439 1430 468 tus-titia
1446 448 1499 468 non
1515 444 1556 469 est
1570 441 1645 470 aliud
1662 450 1745 479 quam
1763 454 1775 468 ιι
1789 444 1883 472 volun-

1038 486 1101 514 tatis
1123 486 1259 514 rectitudo
1273 485 1281 498 ⁵
1294 497 1321 517 »;
1342 490 1369 514 ct
1382 486 1454 523 sides
1469 495 1522 515 non
1538 492 1579 516 est
1593 488 1669 517 aliud
1687 490 1736 518 nisi
1754 491 1882 525 babitus,

1037 541 1093 570 quo
1115 532 1271 561 intellectus
1292 536 1385 561 noster
1405 533 1560 563 voluntarie
1582 536 1738 572 captivatur
1757 537 1787 565 z'n
1809 538 1882 565 obse-

1038 578 1140 617 quz'um
1163 578 1292 607 Clu-isti.-
1315 583 1414 614 restat,
1441 581 1515 617 quod
1543 581 1654 610 babitus
1684 583 1747 612 fidei
1777 587 1882 621 spectat

1037 626 1072 655 ad
1096 626 1289 655 rectitudinem
1312 627 1384 655 vitae
1411 628 1567 656 secundum
1595 629 1719 665 regulam
1745 630 1881 665 iustitiae;

1037 676 1064 701 et
1087 673 1147 701 ideo
1163 672 1246 701 babet
1262 673 1288 701 in
1304 681 1332 702 se
1354 674 1488 702 rationein
1512 675 1623 703 virtutis
1638 684 1702 704 vere
1718 680 1744 704 et
1759 678 1880 714 proprie.

1115 719 1168 748 Nec
1189 719 1279 748 solum
1303 720 1386 749 babet
1409 721 1435 748 iu
1457 728 1486 749 sc
1502 721 1635 750 rationem
1653 723 1770 751 uirtutis
1787 725 2010 760 verc'²‚1·2s²aurig³·

1036 767 1085 795 sed
1107 766 1189 795 etiam
1213 767 1340 804 aurigae
1362 767 1499 796 virtutum
1515 769 1720 805 quarumlibet,
1737 774 1791 799 tam
1809 772 1882 800 tbeo-

1037 813 1187 850 logicarum
1226 814 1352 843 videlicet
1384 823 1467 851 quam
1501 815 1694 844 cardinalium.
1730 817 1792 846 sine
1824 818 1978 847 lidewuiui-

1036 861 1108 889 enim
1131 869 1184 889 non
1206 864 1247 890 est
1268 861 1386 898 cognitio
1407 862 1510 890 summi
1532 866 1559 891 et
1582 863 1637 891 veri
1663 863 1742 898 Bouig
1765 865 1823 894 sine
1840 874 1881 894 co-

1035 907 1156 943 gnitione
1178 910 1272 936 autem
1294 907 1396 948 summi
1419 911 1445 936 ct
1469 908 1525 936 veri
1549 908 1612 937 [loni
1636 918 1688 938 nou
1712 914 1799 947 potest
1819 920 1880 941 esse

1037 954 1093 982 veri
1117 954 1182 982 Boni
1204 954 1376 991 exspectatio
1391 958 1416 983 et
1430 954 1551 983 ditectio.
1574 956 1697 992 Cognitio
1715 958 1788 986 enim
1803 967 1880 995 prae-

1035 1001 1149 1029 ambula
1170 1004 1212 1030 est
1233 1004 1259 1030 et
1281 1000 1375 1038 dirigit
1397 1002 1528 1030 affectum
1549 1003 1584 1031 ad
1606 1005 1827 1040 exspectandum
1853 1010 1880 1035 et

1035 1048 1070 1076 ad
1092 1048 1329 1083 desideraudum;
1361 1052 1388 1077 et
1421 1048 1456 1077 ita
1479 1050 1635 1078 necessario
1664 1050 1732 1079 tides
1754 1060 1830 1088 spem
1852 1056 1879 1082 et

1035 1094 1177 1123 caritatem
1201 1095 1342 1132 praecedil
1363 1099 1495 1133 tauquam
1525 1097 1622 1133 regula
1644 1100 1671 1126 et
1691 1098 1789 1135 aurIga
1812 1099 1880 1135 ipsa-

1036 1148 1099 1168 rum
1110 1141 1127 1168 ⁷.
1162 1141 1288 1175 Rursus,
1304 1142 1362 1170 sine
1378 1142 1532 1179 cognitione
1553 1143 1654 1171 summi
1678 1143 1742 1172 lloni
1760 1153 1812 1173 uon
1834 1154 1880 1182 po·
1893 1150 1946 1169 natio
1959 1151 1977 1168 ‘³-

1035 1190 1088 1215 test
1108 1196 1168 1216 esse
1191 1191 1270 1216 rectu
1292 1188 1410 1216 intentio
1432 1205 1469 1209 -——
1491 1189 1542 1218 boc
1574 1190 1664 1218 solum
1688 1191 1718 1219 lit
1745 1196 1819 1220 rectu
1842 1193 1880 1221 in-

1035 1234 1169 1268 tentione,
1192 1235 1267 1271 quod
1289 1235 1320 1263 sit
1349 1236 1384 1264 ad
1417 1235 1533 1272 gloriam
1556 1241 1583 1265 et
1605 1237 1738 1266 bonorem
1771 1239 1817 1267 Dei
1839 1256 1878 1260 —-

1034 1281 1092 1308 sine
1115 1288 1181 1308 vero
1203 1284 1278 1310 recta
1299 1281 1448 1311 intentione
1470 1283 1565 1312 nullus
1583 1287 1662 1312 actus
1679 1285 1788 1314 virtutis
1804 1289 1877 1315 recte

1034 1327 1143 1356 incedit.
1166 1328 1301 1364 Quoniam
1324 1329 1408 1365 igitur
1439 1330 1552 1359 babitus
1574 1330 1637 1360 fidei
1666 1335 1726 1366 est,
1747 1341 1802 1369 quo
1826 1341 1879 1361 me-

1034 1374 1126 1403 diante
1149 1382 1292 1403 summum
1315 1375 1420 1404 Bonum
1443 1384 1458 1404 a
1481 1377 1621 1406 mentibus
1635 1378 1736 1406 nostris
1757 1379 1879 1415 agnosci-

1035 1423 1095 1453 tur;
1118 1421 1181 1449 binc
1202 1424 1258 1455 est,
1281 1422 1355 1458 quod
1376 1422 1471 1451 «fides
1493 1423 1587 1460 dirigit
1609 1428 1732 1452 nostram
1754 1425 1878 1454 intentio-

1033 1476 1096 1496 nem
1110 1468 1158 1502 ὃυ,
1180 1471 1206 1496 et
1228 1476 1277 1505 per
1300 1469 1351 1497 boc
1373 1469 1471 1506 regula
1491 1474 1533 1498 est
1547 1471 1637 1499 omnis
1651 1472 1819 1508 operationis
1835 1472 1879 1500 bo-

1033 1522 1083 1542 nae
1104 1517 1131 1542 et
1151 1515 1241 1543 omuIs
1256 1515 1367 1543 virtutis
1383 1516 1548 1545 meritoriae.
1572 1517 1601 1545 Et
1623 1517 1684 1546 ideo
1699 1526 1752 1546 non
1769 1521 1876 1547 tantum

1033 1561 1115 1590 debet
1136 1561 1189 1589 dici
1213 1561 1308 1590 virtus
1319 1562 1473 1599 yratuitu,
1490 1563 1538 1592 sed
1554 1564 1636 1592 etiam
1654 1565 1794 1593 virtutum
1808 1574 1877 1602 yru-

1033 1609 1177 1636 tuz'tarum
1201 1609 1304 1645 requta
1325 1613 1350 1637 et
1371 1610 1492 1647 aurtqu.
1505 1627 1543 1631 —-
1557 1611 1586 1639 Et
1600 1612 1792 1641 concedendae
1813 1616 1878 1641 sunt

1032 1655 1210 1683 auctoritates
1232 1660 1258 1683 et
1281 1655 1416 1690 rationes,
1439 1665 1510 1693 quae
1532 1659 1645 1687 suntad
1664 1659 1742 1687 istam
1759 1663 1876 1696 partem.

1114 1703 1136 1730 1.
1159 1702 1197 1730 Ad
1221 1702 1288 1730 illud
1312 1711 1378 1732 vero
1407 1705 1481 1741 quod
1503 1705 1594 1742 primo
1615 1706 1745 1734 obiicitur
1766 1706 1792 1734 in
1815 1711 2007 1737 σου-5011111001)-

1032 1747 1166 1781 trarium,
1198 1749 1270 1785 quod
1301 1748 1370 1777 fides
1397 1753 1471 1778 tenet
1496 1751 1618 1779 medium
1641 1751 1712 1780 inter
1734 1736 2002 1781 scientiatnpwmmm'

1032 1798 1058 1823 et
1079 1794 1249 1831 opinionem;
1265 1795 1428 1831 dicendum,
1443 1797 1518 1834 quod
1541 1797 1611 1826 fides
1625 1799 1782 1835 assignatur
1798 1800 1876 1837 quasi

1034 1841 1158 1870 medium
1182 1842 1253 1870 inter
1283 1843 1426 1871 scientiam
1455 1847 1483 1872 et
1514 1844 1670 1880 opinionem
1692 1846 1728 1874 ab
1750 1846 1877 1883 Ilugoue,

1033 1896 1086 1916 non
1109 1888 1173 1925 quia
1195 1889 1370 1926 conficiatur
1392 1898 1428 1918 ex
1445 1890 1499 1919 iltis
1514 1891 1637 1926 duobus,
1660 1892 1730 1920 sieut
1753 1894 1875 1922 medium

1032 1934 1179 1963 conficitur
1200 1935 1235 1963 ab
1256 1936 1406 1971 extremis,
1428 1937 1476 1965 sed
1501 1938 1566 1975 quia
1588 1938 1710 1967 medium
1728 1939 1818 1968 locum
1843 1944 1878 1968 te-
1892 1944 2005 1963 Notandum-

1033 1985 1078 2009 net
1101 1985 1237 2018 quantum
1258 1982 1291 2011 ad
1312 1983 1444 2020 yrudunz
1460 1984 1662 2018 ce7·tt'tucliiiz‘s;
1676 1989 1718 2014 est
1732 1986 1805 2014 enim
1823 1994 1877 2015 ma-

1031 2028 1072 2063 gis
1096 2031 1171 2056 certa
1196 2036 1280 2065 quam
1302 2029 1411 2065 opinio,
1433 2033 1460 2058 et
1482 2030 1574 2059 minus
1595 2040 1678 2068 quam
1701 2032 1829 2067 scientia,
1845 2033 1878 2061 si-

1031 2078 1077 2103 cut
1100 2075 1240 2103 videbitur
1263 2075 1372 2110 inl'ra⁹;
1394 2076 1428 2104 dc
1454 2076 1505 2105 boc
1527 2081 1620 2106 autem
1643 2079 1735 2107 medio
1757 2087 1809 2107 non
1836 2083 1878 2108 est

191 2184 197 2199 ¹
216 2185 338 2213 Beruat·d.‚
356 2185 423 2213 Epist.
442 2186 494 2207 338.
522 2186 587 2213 <alias
613 2186 675 2213 369.)
702 2192 723 2207 11.
751 2186 775 2207 l:
799 2185 864 2207 Fides
882 2185 972 2212 piorum

127 2223 210 2251 credit,
229 2230 272 2245 uon
292 2223 390 2246 discutit.
409 2224 453 2246 Sed
471 2224 511 2246 iste
530 2223 706 2253 [Abaelnrdush
735 2224 805 2245 Deum
828 2223 914 2245 liabens
936 2229 973 2245 su-

127 2266 244 2290 spectum,
262 2263 356 2285 credere
374 2269 418 2285 nou
437 2264 496 2291 vnit,
516 2264 558 2285 uisi
576 2264 637 2292 quod
656 2264 720 2291 prius
737 2264 822 2285 rutioue
835 2263 972 2284 discusserit.

127 2314 157 2317 —
174 2301 230 2323 Edd.
249 2301 389 2324 substituunt
406 2302 507 2331 requiri!
524 2308 566 2330 pro
590 2301 689 2332 inquirit
715 2307 735 2325 et
762 2303 829 2330 poulo
854 2302 972 2329 superius,

127 2346 170 2368 pro
195 2339 285 2363 ltomini
310 2342 383 2368 posito
409 2340 488 2368 omni,
518 2342 623 2363 omittunt
649 2347 704 2371 eryt)
721 2341 777 2370 pari
793 2340 906 2363 ratione...
924 2339 973 2363 siue

128 2378 225 2402 ratione.

190 2417 199 2432 ‘²
218 2418 274 2440 vide
292 2424 361 2446 supra
380 2425 432 2446 pag.
452 2419 507 2446 386,
527 2421 577 2440 noto
597 2419 616 2440 Ξ.

191 2455 200 2470 ³
216 2456 269 2478 Sive
288 2456 301 2478 l.
320 2456 348 2478 de
366 2456 482 2479 Consider.
506 2463 524 2479 c.
544 2457 564 2479 8.
584 2463 603 2478 n.
623 2458 644 2479 9.
662 2460 682 2479 et
705 2458 741 2484 ll,
761 2457 926 2479 sententialiter.
951 2457 973 2477 lu

127 2495 201 2517 Serm.
219 2495 255 2517 49.
269 2496 290 2516 111
308 2494 392 2517 Cniuic.
411 2501 431 2517 n.
450 2495 471 2517 ὅ.
489 2496 534 2518 uit:
552 2495 588 2517 Est
607 2502 662 2523 ergo
683 2496 788 2518 discretio
806 2502 849 2517 non
868 2498 912 2517 111111
932 2496 973 2516 111·-

128 2537 175 2561 ms,
193 2540 263 2562 quam
281 2533 397 2562 quaedam
410 2533 547 2555 moderatrix
565 2539 586 2556 et
604 2535 683 2562 auriga
702 2536 825 2561 virtutum,
843 2534 974 2556 ordinatrix-

128 2579 172 2601 que
190 2573 312 2595 allectuum
330 2578 351 2594 et
370 2578 460 2594 morum
479 2573 572 2594 doctrix.
591 2573 654 2595 Tolle
677 2574 745 2600 lianc,
764 2578 785 2595 et
804 2574 876 2596 1111115
893 2574 973 2596 vinum

127 2612 179 2638 erit,
198 2612 293 2639 ipsaque
312 2611 399 2633 affectio
417 2612 526 2633 nunu-alis
543 2612 563 2633 in
583 2611 778 2639 perturbationem
792 2613 866 2640 magis
879 2618 974 2634 couver-

128 2652 186 2672 tetur
208 2650 415 2677 exterminiumque
439 2653 539 2671 nutui-ne.
557 2661 588 2666 —
609 2649 766 2672 Deflnitiouem
791 2651 880 2673 virtutis
903 2650 974 2672 babes

127 2689 151 2711 ll.
169 2688 229 2710 Sent.
248 2688 269 2710 d.
289 2688 324 2710 27.
344 2687 399 2710 dub.
418 2688 438 2710 3,

190 2727 199 2742 ⁴
216 2728 284 2755 Epist.
305 2727 326 2749 ll.
345 2726 396 2749 Cor.
418 2727 455 2754 10,
475 2727 504 2748 5:
522 2727 543 2748 lu
562 2728 716 2754 captivitatem
734 2727 864 2755 redigentes
881 2734 973 2750 omnem

127 2766 265 2789 intellectum
283 2767 304 2788 iu
324 2765 462 2794 obsequium
488 2766 576 2787 Clu-isti.
603 2765 646 2788 Cfr.
673 2772 743 2793 supra
769 2772 821 2794 pag.
846 2766 903 2794 217,
921 2770 972 2789 notu

129 2804 150 2826 3.
167 2808 188 2826 et
206 2804 227 2826 5.

190 2842 200 2857 ⁵
215 2843 327 2871 1111561111,
346 2843 374 2865 (le
396 2842 503 2870 Concept.
527 2843 584 2871 virg.
603 2846 623 2865 et
641 2844 698 2871 orig.
723 2849 784 2871 pecc.
803 2849 821 2865 c.
849 2844 869 2865 3.
887 2847 907 2865 et
925 2844 973 2865 Dia-

129 2882 173 2909 log.
192 2881 220 2904 de
238 2882 349 2909 Veritate,
368 2888 386 2904 c.
409 2882 450 2904 ¹2:
470 2882 552 2904 lustitia
565 2885 597 2904 est
611 2881 722 2904 rectitudo
741 2882 861 2904 voluntatis
879 2886 973 2910 propter

127 2926 152 2942 se
169 2924 268 2943 servata.

191 2957 200 2973 ⁶
217 2958 271 2981 Cod.
291 2958 308 2981 O
326 2959 388 2982 addit
404 2961 425 2982 et
441 2959 543 2989 proprie.
570 2959 672 2981 Subinde
699 2966 740 2987 pro
766 2959 806 2982 sed
831 2959 900 2982 elsam
919 2960 970 2982 edd.

1029 2184 1167 2207 substituunt
1179 2185 1220 2207 sed
1230 2185 1314 2214 mnyis,
1334 2188 1355 2207 et
1368 2186 1436 2213 pztulo
1448 2187 1541 2208 interius
1554 2190 1604 2209 ante
1623 2187 1672 2210 rert'
1687 2188 1748 2210 Boni
1758 2190 1875 2217 μωρὰ-111-

1030 2222 1061 2245 lio
1079 2226 1183 2251 repetunt
1201 2223 1289 2246 summi
1306 2225 1333 2246 et.

1093 2262 1101 2276 ⁷
1119 2262 1163 2284 Ct‘r.
1182 2264 1217 2285 liic
1235 2263 1264 2285 lit.
1282 2263 1392 2291 Magistri,
1411 2271 1429 2285 c.
1448 2264 1468 2285 8.
1487 2270 1534 2292 seq.
1553 2264 1643 2292 Cicero,
1662 2265 1688 2286 Y.
1707 2265 1735 2287 de
1752 2266 1823 2288 Finib.
1837 2266 1875 2288 ho-

1031 2307 1078 2323 nor.
1097 2304 1118 2323 61
1137 2302 1216 2323 molor.
1235 2308 1254 2323 c.
1272 2303 1292 2323 (3.
1311 2303 1354 2324 ait:
1374 2303 1497 2324 Summum
1516 2306 1591 2325 autem
1610 2303 1696 2325 bonum
1714 2305 1732 2326 si
1750 2305 1874 2333 ignoretur,

1030 2340 1123 2362 vivendi
1149 2341 1261 2362 rationem
1286 2341 1386 2368 ignorari
1414 2348 1506 2363 necesse
1527 2345 1566 2363 est.
1586 2354 1615 2357 »-
1633 2342 1664 2364 De
1682 2343 1749 2364 ultera
1773 2345 1874 2372 rodone,

1031 2379 1098 2406 petita
1117 2385 1143 2401 ex
1161 2380 1292 2401 necessitate
1310 2380 1392 2407 agendi
1410 2386 1464 2401 cum
1481 2382 1541 2402 recta
1554 2381 1688 2409 intentione,
1701 2381 1729 2403 ad
1742 2382 1804 2410 quod
1817 2384 1875 2410 Apo-

1030 2418 1101 2439 stolus
1118 2418 1248 2440 exhortatur
1265 2418 1307 2440 illis
1324 2418 1402 2440 verbis
1419 2419 1432 2440 1.
1451 2418 1501 2441 Cor.
1525 2419 1562 2446 10,
1576 2420 1600 2441 31
1616 2425 1621 2441 ;
1635 2419 1721 2443 Omnia
1736 2420 1759 2443 iu
1771 2421 1874 2450 (florium

1032 2456 1073 2479 Dei
1088 2456 1169 2485 facite,
1190 2457 1229 2478 cfr.
1248 2457 1271 2478 II.
1289 2458 1349 2479 sent.
1368 2458 1398 2479 lit.
1417 2458 1531 2485 Magistri,
1550 2458 1571 2480 d.
1599 2459 1725 2487 XXXVIII,
1743 2460 1765 2482 d.
1784 2460 1830 2482 XL.
1853 2463 1874 2483 et

1031 2495 1052 2517 (1.
1072 2495 1126 2517 XLI.
1145 2502 1186 2517 nec
1211 2502 1255 2517 non
1281 2495 1407 2518 Comment.
1433 2496 1488 2518 ibid.
1505 2509 1536 2513 -—-
1553 2497 1621 2519 Paulo
1646 2498 1740 2520 inferius
1758 2503 1809 2526 post
1831 2499 1875 2522 hoc

1030 2534 1083 2556 edd.
1100 2534 1221 2557 subiiciunt
1239 2535 1308 2557 enim.

1093 2571 1102 2586 ⁸
1118 2573 1226 2600 August„
1244 2573 1343 2595 Euan-at.
1370 2574 1390 2595 in
1419 2575 1451 2596 I's.
1479 2575 1515 2596 31.
1541 2578 1637 2597 enarrat.
1660 2577 1680 2598 ἱ).
1699 2583 1719 2598 n.
1739 2576 1766 2598 4:
1785 2577 1872 2599 Bonum

1031 2612 1091 2633 enim
1110 2618 1169 2639 opus
1186 2612 1278 2634 intentio
1296 2613 1358 2640 tacit,
1387 2614 1532 2635 intentionem
1550 2614 1607 2636 fides
1625 2615 1707 2643 dirigit.
1724 2628 1755 2631 —
1772 2616 1874 2638 Subinde

1031 2652 1081 2672 ente
1100 2650 1183 2679 reynlu
1200 2652 1234 2673 est
1250 2651 1300 2673 cod.
1319 2652 1335 2673 A
1354 2652 1431 2674 inserit
1449 2653 1520 2675 recta.
1539 2653 1606 2675 Paulo
1623 2655 1730 2681 superius
1742 2655 1803 2676 idem
1822 2655 1873 2677 cod.

1031 2690 1047 2710 A
1066 2695 1108 2717 pro
1127 2688 1219 2712 habitus
1235 2689 1291 2719 fidei
1301 2689 1416 2713 substituit
1427 2692 1495 2714 actus
1505 2691 1571 2721 fidei,
1584 2695 1605 2714 et
1616 2699 1659 2720 pro
1670 2693 1809 2722 aquoscitur
1820 2699 1873 2716 cum

1030 2728 1081 2750 cod.
1100 2729 1118 2750 K
1137 2728 1293 2757 coynoscz'tur.

1092 2767 1101 2781 ⁹
1119 2768 1209 2795 Qut-est.
1234 2767 1254 2789 4.
1280 2767 1323 2790 Csr.
1350 2769 1416 2790 etiam
1435 2768 1456 2791 d.
1475 2768 1512 2791 24.
1530 2776 1550 2791 a.
1569 2770 1589 2792 2.
1607 2776 1629 2798 q.
1647 2771 1668 2792 ⁶2.
1686 2777 1734 2799 seq.
1751 2783 1782 2787 —
1803 2771 1872 2794 Paulo

1030 2810 1081 2828 ante
1099 2812 1140 2834 pro
1158 2812 1188 2829 επ·
1205 2806 1251 2828 iltis
1269 2806 1360 2829 duobus
1372 2807 1438 2829 codd.
1457 2808 1473 2829 Α
1484 2808 1502 2830 Κ
1514 2808 1529 2829 Ζ
1546 2807 1576 2830 ab
1587 2808 1633 2831 iltis
1645 2808 1748 2837 (luobus,
1763 2810 1812 2832 Vat.
1826 2809 1873 2833 illis

1030 2844 1121 2867 duobus
1139 2847 1241 2872 tantum;
1259 2848 1280 2867 et
1298 2852 1339 2873 pro
1357 2845 1482 2875 conficitur
1498 2845 1527 2869 ab
1544 2847 1657 2870 extremis
1674 2848 1723 2870 cod.
1742 2848 1763 2870 X
1781 2854 1873 2878 compo-

1029 2883 1096 2906 m'tur
1113 2890 1144 2906 (ur
1161 2884 1279 2907 eam-emis.
1305 2885 1391 2907 Deinde
1409 2889 1461 2913 post
1478 2886 1499 2908 et
1522 2886 1602 2909 miuus
1627 2887 1694 2909 codd.
1712 2888 1771 2909 GIL
1782 2888 1801 2910 V
1812 2894 1836 2910 aa
1847 2894 1873 2911 cc

1030 2925 1134 2950 repetunt
1152 2924 1223 2945 certa.
