2166 3366
774 166 856 194 DlST.
879 167 921 195 IV.
946 166 1067 195 DlVlSlO
1088 167 1225 195 TEXTUS.
1834 171 1869 199 97

128 243 153 269 in
175 246 250 269 utero
270 242 363 269 hahuit
382 243 463 269 Maria
484 250 516 269 ex
536 242 636 276 Spiritu
658 244 771 269 sancto?
790 243 815 270 Si
836 244 912 278 quasi
938 252 970 269 ex

126 284 291 316 substantia,
312 293 374 319 crgo
394 285 508 320 Spiritus
529 285 553 311 in
574 293 680 311 carnem
701 289 726 312 et
745 293 804 312 ossa
824 294 970 313 conversus

127 331 172 355 est.
193 328 250 355 Non
271 329 371 362 ulique.
391 328 417 355 Si
439 336 501 354 vero
525 329 601 362 quasi
622 336 654 354 (ἀς
673 329 826 363 operatione
846 333 869 356 et
897 334 970 364 pote-

126 374 193 398 state
213 372 271 397 eius
299 372 379 404 Virgo
408 371 546 405 concepit,
570 371 630 405 quis
658 375 733 404 neget
759 372 887 406 Spiritum
914 380 970 399 san-

126 418 197 440 ctum
218 414 368 440 dominicae
389 414 578 440 incarnationis
597 418 734 440 auctorem
750 416 777 441 u?

488 511 547 537 Cap.
569 511 607 537 ΙΙΙ.

235 613 321 644 Quare
340 612 486 647 Apostolus
504 611 568 638 dicit
589 612 726 639 Christum
744 614 862 648 sitclwn,

347 663 424 690 quom
443 663 492 681 nos
510 655 627 689 sistamur
646 660 749 682 nucum.

197 756 247 783 Sed
268 756 360 790 quaeri
375 759 473 790 potest,
487 764 547 782 cum
563 764 610 782 nos
624 757 786 784 Salvatorcm
802 762 897 784 nalum
911 766 970 792 pro-

127 799 262 830 fiteamur,
290 806 339 825 cur
367 799 509 833 Apostolus
529 806 588 825 eum
607 800 707 834 fractum
727 801 799 827 (licat
818 809 851 826 ez·
869 800 969 827 semine

125 840 234 872 David,
253 841 305 868 alio
325 841 398 874 loco,
420 842 521 876 factum
541 851 573 868 et·
591 842 705 868 muliere
717 843 742 873 ¹,
762 851 823 869 cum
843 843 914 869 aliud
936 843 970 869 sit

1025 243 1105 278 fieri,
1126 244 1197 271 alind
1217 244 1301 272 nosci.
1323 245 1428 279 Aliquid
1454 253 1517 279 ergo
1544 246 1704 279 significavit
1724 247 1774 273 hoc
1795 247 1874 274 (licto.

1027 286 1091 318 Quia
1112 288 1181 313 enim
1203 295 1253 313 non
1274 288 1391 314 humano
1411 289 1512 315 semine
1534 286 1657 315 concreta
1679 293 1718 315 cst
1737 297 1800 316 caro
1828 291 1876 316 Do-

1028 330 1090 355 mini
1114 331 1138 356 in
1158 333 1233 356 utero
1254 331 1370 363 Virginis
1390 335 1415 357 et
1435 339 1534 365 corpus
1554 332 1661 363 effecta,
1675 332 1720 358 scd
1735 333 1828 359 effectu
1849 336 1875 359 et

1029 373 1125 399 virtute
1153 373 1267 406 Spiritus
1296 374 1398 404 sancti;
1425 374 1483 400 ideo
1504 374 1647 408 Apostolus
1668 375 1733 401 (licit
1752 375 1852 409 (oollam
1865 397 1873 405 ‚

1028 423 1079 441 non
1099 419 1201 442 nalum.
1223 416 1300 442 Aliud
1321 420 1360 442 est
1380 417 1450 442 enim
1470 417 1571 443 semine
1590 417 1709 443 admixto
1730 421 1755 443 ct
1772 418 1875 452 sangui-

1028 459 1068 484 nis
1093 458 1205 492 coa-gulo
1223 467 1371 492 qemi-are,
1392 459 1463 485 aliud
1484 463 1523 485 est
1543 467 1593 485 nou
1614 460 1807 494 permixtione,
1827 461 1872 486 sed

1029 502 1125 527 viriutc
1141 509 1292 535 procreare.
1308 502 1419 528 Possunt
1433 502 1553 528 homines
1565 510 1694 537 {lenerore
1709 503 1775 529 [ilios
1788 503 1796 516 ²
1808 524 1813 534 ‚
1826 503 1872 529 sed

1028 552 1078 570 non
1098 545 1190 578 locere.
1202 559 1238 563 —
1250 545 1333 576 Ecce,
1352 551 1436 578 quare
1457 545 1524 570 (lixit
1544 545 1688 579 Apostolus
1706 546 1827 579 filetum,
1847 549 1873 572 et

1027 595 1078 613 non
1098 591 1208 617 natum,
1229 594 1260 612 ne
1279 587 1337 613 eius
1356 587 1459 613 scilicet
1487 588 1625 619 nativitas,
1655 595 1723 622 quac
1743 588 1791 614 suit
1816 589 1873 615 sine

1028 629 1075 655 viri
1096 629 1210 661 semine,
1232 633 1337 655 nostrae
1357 629 1450 655 similis
1471 633 1625 664 putaretur,
1643 638 1711 664 quae
1732 630 1873 656 coniicitur

1026 672 1156 699 seminum
1177 672 1375 698 commixtione.
1395 672 1455 698 Ideo
1476 676 1578 701 autem.
1598 680 1658 699 cum
1682 673 1782 707 factum
1803 673 1871 699 dice-

1027 718 1065 740 ret
1079 714 1236 748 Apostolus,
1256 714 1359 740 addidit
1378 722 1410 740 ex
1429 714 1530 740 semine
1544 714 1649 745 David,
1664 715 1726 749 quia
1736 737 1742 747 ‚
1756 716 1803 741 etsi
1819 723 1869 741 non

1026 758 1175 783 intercessit
1193 764 1282 783 semen
1309 757 1424 783 hominis
1446 758 1470 783 in
1491 758 1665 791 conceptione
1686 758 1815 791 Virginis,
1838 762 1872 785 ta-

1027 807 1100 832 men,
1120 800 1182 834 quia
1211 808 1244 826 ex
1273 807 1302 826 oa
1332 807 1413 826 carne
1432 800 1552 826 Christus
1572 801 1700 827 formatus
1720 804 1774 832 est,
1800 809 1869 835 (piae

1025 846 1128 869 constat
1147 850 1180 869 ex
1199 843 1315 874 semiue,
1336 846 1408 869 recte
1428 843 1541 874 dicitur,
1562 844 1623 877 quia
1645 844 1730 870 sactus
1749 848 1786 870 est
1800 844 1817 870 ⁵.

441 978 877 1028 COMMENTARIUS
913 981 973 1028 IN
1007 980 1445 1028 DISTINGTIONEM
1480 981 1551 1028 IV.

762 1108 805 1140 De
824 1108 890 1153 ipsa
906 1108 1100 1153 conceptione
1120 1108 1241 1141 Christi.

710 1226 781 1253 Cum
812 1234 879 1254 vero
911 1226 1079 1254 incarnatio
1118 1225 1201 1254 Verbi
1231 1230 1282 1255 etc.

853 1324 976 1353 DlVlSlO
997 1325 1134 1353 TEXTUS.

201 1444 292 1481 Supra
320 1444 515 1473 determinavit
543 1445 670 1481 Magister
696 1445 730 1473 de
752 1445 967 1474 sanctificatione

123 1490 262 1526 Virginis,
293 1498 365 1527 quae
396 1491 448 1519 fuit
478 1491 660 1528 praeambula
692 1491 727 1520 ad
759 1492 966 1528 conceptionem

122 1537 231 1566 Christi.
255 1537 282 1565 ln
305 1537 356 1566 hac
378 1540 457 1574 parte
478 1538 644 1567 determinat
659 1538 693 1567 de
709 1538 768 1574 ipsa
789 1538 966 1575 conceptione

122 1584 240 1612 Domini.
263 1584 292 1612 Et
313 1584 444 1621 qnoniam
466 1585 608 1622 conceptio
630 1585 730 1613 Christi
753 1585 837 1613 hahet
858 1593 967 1621 compa·

122 1631 256 1660 rationem
278 1631 314 1659 ad
336 1631 468 1668 Spiritum
501 1635 626 1660 sanctum
649 1632 844 1660 fecundantem
872 1635 899 1660 et
930 1632 965 1660 ad

122 1678 261 1715 Virginem
291 1678 510 1715 concipientem;
541 1678 602 1707 ideo
624 1686 690 1715 pars
703 1678 763 1710 ,ista
783 1678 868 1706 hahet
895 1678 966 1707 duas

121 1728 222 1762 partes.
245 1725 271 1753 ln
294 1733 415 1762 quarum
438 1725 528 1762 prima
542 1725 709 1753 determinat
730 1725 765 1753 de
787 1725 964 1762 conceptione

120 1772 221 1801 Christi
254 1772 280 1800 in
311 1772 517 1809 comparatione
548 1771 583 1800 ad
611 1772 745 1808 Spiritum
771 1775 906 1800 sanctum.
936 1772 965 1800 ln

121 1818 243 1847 secunda
270 1818 437 1847 determinat
465 1818 500 1847 de
520 1826 553 1847 ea
574 1818 600 1846 in
623 1818 829 1855 comparatione
850 1818 885 1846 ad
909 1818 966 1847 Vir-

121 1865 229 1901 ginem,
252 1864 306 1892 ihi:
339 1864 395 1893 Sed
419 1864 525 1902 quaeri
542 1867 650 1901 potest,
673 1872 740 1892 cum
762 1873 814 1892 izos
836 1864 966 1893 Salvato-

121 1919 182 1939 rem
200 1910 396 1948 profiteamur
418 1914 531 1939 natum.

200 1958 290 1986 Prima
312 1965 377 1994 pars
398 1957 425 1985 in
447 1961 540 1994 partes
561 1960 618 1986 tres
639 1957 782 1986 dividitur.
798 1958 828 1986 ln
843 1951 963 1993 quarum

119 2004 211 2041 prima
225 2004 302 2041 ponit
316 2004 360 2033 vel
375 2004 510 2041 exprimit
526 2004 686 2039 veritatem,
701 2005 861 2041 assignans,
877 2013 964 2042 quare

120 2051 317 2080 incarnationis
339 2051 502 2088 mysterium
518 2051 553 2080 sit
568 2051 681 2088 Spiritui
698 2055 792 2080 sancto
813 2052 965 2080 attribuen-

119 2097 196 2126 dum.
219 2097 246 2125 ln
268 2098 392 2126 secunda
407 2106 473 2126 vero
488 2101 612 2126 removet
633 2098 847 2132 dubitationem,
870 2106 906 2127 ex
922 2098 965 2127 his

1023 1453 1094 1483 quae
1116 1445 1190 1474 dicta
1210 1450 1276 1474 sunt
1296 1446 1445 1475 habentem
1467 1450 1576 1477 ortum.
1599 1447 1654 1475 ibi:
1671 1447 1727 1475 Sed
1750 1456 1809 1476 non
1830 1452 1870 1476 est

1024 1491 1070 1520 liic
1092 1491 1205 1520 (liutius
1231 1492 1461 1520 z'mmorandtmz.
1485 1492 1512 1520 ln
1535 1493 1616 1521 tertia
1638 1501 1704 1521 vero
1725 1493 1869 1530 subiungit

1024 1538 1157 1567 maiorem
1179 1539 1403 1575 explanationem
1421 1539 1644 1575 praedictorum,
1660 1539 1712 1567 i'oi:
1733 1539 1869 1577 Profecto

1024 1585 1127 1613 modim
1149 1585 1217 1618 iste,
1240 1594 1295 1623 quo
1316 1590 1407 1614 viatus
1428 1589 1470 1613 esc
1492 1585 1627 1614 Christus
1642 1586 1675 1614 (le
1696 1586 1795 1614 Maria
1818 1589 1868 1615 etc.

1024 1632 1115 1659 Prima
1137 1640 1202 1668 pars
1223 1632 1307 1661 hahet
1321 1632 1400 1661 duas.
1418 1632 1445 1660 ln
1461 1632 1551 1669 prima
1566 1633 1699 1669 exprimit
1713 1633 1867 1662 veritatem.

1024 1678 1051 1705 ln
1083 1678 1206 1707 secunda
1237 1678 1383 1707 confirmat
1414 1687 1475 1707 eam
1504 1687 1554 1716 per
1575 1679 1784 1713 auctoritatem,
1814 1680 1868 1708 ibi:

1028 1725 1106 1753 Unde
1128 1725 1314 1762 Auyustz'nus
1343 1734 1431 1762 super
1454 1725 1505 1754 stoc
1526 1734 1642 1754 movens
1664 1726 1868 1763 quaestionem.

1023 1771 1153 1800 Similiter
1182 1772 1305 1800 secunda
1334 1780 1414 1808 pars,
1444 1772 1470 1800 in
1500 1781 1555 1810 qua
1577 1777 1702 1801 removet
1723 1773 1870 1802 dubitatio-

1022 1826 1102 1853 nem,
1123 1818 1258 1847 dividitur
1281 1819 1309 1847 in
1330 1819 1409 1847 duas.
1432 1819 1460 1847 In
1483 1819 1573 1855 prima.
1596 1822 1674 1856 parte
1696 1820 1772 1856 ponit
1787 1828 1868 1856 quae-

1022 1866 1147 1893 stionem.
1172 1865 1197 1893 ln
1221 1866 1344 1894 secunda
1365 1866 1548 1900 solutionem,
1565 1866 1619 1894 ihi:
1637 1866 1700 1894 Non
1716 1870 1756 1894 est
1770 1871 1868 1895 (tutem

1022 1912 1242 1940 concedendum.
1277 1912 1377 1941 Eodem
1411 1913 1493 1941 modo
1518 1913 1599 1941 tertia
1620 1921 1700 1950 pars,
1723 1913 1769 1941 uhi
1793 1914 1869 1950 ponit

1022 1959 1264 1995 explanationem,
1285 1959 1421 1988 dividitur
1439 1960 1467 1988 in
1482 1959 1562 1988 (luas.
1585 1960 1612 1988 ln
1634 1968 1754 1997 quarum
1778 1960 1868 1997 prima

1022 2005 1098 2041 ponit
1119 2013 1208 2033 unum
1230 2005 1399 2042 explanandi
1428 2006 1543 2034 modum
1566 2007 1719 2035 secundum
1743 2007 1869 2043 Augusti-

1022 2060 1105 2086 num;
1123 2052 1148 2080 in
1171 2052 1293 2081 secunda
1314 2052 1416 2087 alium,
1439 2053 1494 2081 ibi:
1518 2053 1615 2081 Potest
1628 2054 1716 2082 etiam
1734 2053 1868 2082 Clu-istus

1022 2099 1082 2127 diei
1101 2100 1262 2127 secundam
1284 2098 1428 2128 hominem
1449 2104 1500 2128 etc.

767 2208 953 2237 TRACTA'rtO
975 2209 1218 2246 QUAESTIONUM.

197 2319 234 2347 sd
258 2319 465 2355 intelligentiam
488 2320 573 2348 huius
594 2320 682 2357 partis
704 2320 798 2348 incidit
814 2320 858 2348 hic
879 2328 962 2357 qnae-

119 2365 170 2394 stio
192 2366 225 2393 de
247 2366 424 2403 conceptione
445 2366 545 2395 Christi
567 2370 702 2404 quantum
725 2367 759 2395 ad
783 2367 842 2395 tria.

197 2411 288 2440 Primo
309 2412 381 2440 enim
413 2413 558 2449 quaeritur
586 2413 621 2441 de
653 2413 711 2450 ipsa
732 2413 910 2450 conceptione
934 2414 959 2442 in

118 2459 324 2495 comparatione
345 2458 379 2486 ad
401 2458 534 2495 Spiritum
556 2462 683 2487 sanctum
705 2459 877 2487 efficientem.

197 2505 323 2533 Secundo
344 2505 378 2533 de
407 2505 466 2541 ipsa
497 2509 631 2541 quantum
665 2505 700 2533 ad
731 2506 848 2542 gratiam
880 2506 961 2534 inter-

121 2551 283 2580 venientem.

197 2598 288 2626 Tertio
310 2598 344 2626 de
371 2598 430 2635 ipsa
461 2602 595 2635 quantum
628 2599 662 2627 ad
696 2599 837 2635 VirgIncm
869 2599 960 2628 conci-

119 2644 247 2681 pientem.

1096 2320 1165 2349 Haec
1187 2320 1259 2348 enim
1283 2321 1335 2348 tria
1359 2321 1445 2357 tangit
1467 2321 1595 2357 Magister
1618 2321 1643 2349 in
1667 2321 1765 2349 littera.

1096 2367 1174 2395 Circa
1196 2367 1319 2403 primum
1341 2371 1519 2404 quaeruntur
1543 2368 1603 2395 tria.

1096 2414 1187 2441 Primo
1208 2414 1366 2450 quaeritur,
1388 2417 1485 2442 utrum
1507 2413 1563 2442 Filii
1587 2414 1634 2442 Dei
1652 2414 1804 2443 incarnatio
1820 2415 1862 2443 vel

1017 2461 1158 2497 conceptio
1176 2460 1350 2497 appropriari
1367 2460 1465 2489 debeat
1481 2468 1615 2497 personae
1631 2461 1749 2498 Spiritus
1765 2463 1862 2490 sancti.

1096 2507 1222 2535 Secundo
1243 2507 1403 2544 quaeritur,
1426 2511 1520 2536 utrum
1537 2508 1656 2544 Spiritus
1680 2509 1764 2537 sancti
1790 2509 1864 2538 lilius

1017 2553 1117 2581 debeat
1137 2553 1265 2582 Christus
1286 2554 1430 2590 appellari.

1095 2600 1186 2628 Tertio
1217 2600 1378 2637 quaeritur,
1411 2603 1506 2628 utrum
1540 2601 1668 2630 Christus
1701 2602 1786 2639 possit
1808 2603 1861 2631 ‹lis-i

1018 2646 1092 2674 iilius
1114 2646 1263 2675 Trinitatis.

182 2824 187 2838 ¹
208 2825 272 2847 Lot-(¹.
290 2825 334 2846 iam
347 2826 391 2847 citt.
406 2825 470 2847 Rom.
488 2826 504 2851 1,
518 2825 541 2852 33
555 2825 601 2847 Gal.
616 2824 639 2852 ri,
661 2825 794 2848 i,—l²uul0
807 2827 900 2848 iuferius
917 2833 959 2854 pro

118 2864 227 2885 cunerem
252 2863 304 2885 edd.
326 2864 343 2891 l,
361 2864 374 2884 8
393 2865 515 2893 concepto,
534 2864 589 2885 alim·
615 2865 771 2893 conyreffltcn,
791 2854 959 2892 1·1=srug:intilms

119 2901 185 2923 codd.
205 2903 220 2923 A
232 2901 300 2924 tint)
317 2905 339 2924 et
356 2902 392 2924 011.
410 2903 431 2924 6.

181 2939 189 2954 ²
207 2939 278 2962 Codri.
301 2940 396 2962 ABCl)
417 2941 525 2963 :ulii-:iuuit
546 2940 669 2969 inmissum-,-
691 2942 758 2969 poulo
780 2943 886 2969 superius
909 2946 960 2970 post

245 2991 269 3013 S.
288 2992 375 3014 Bormr.
394 3005 424 3007 —
442 2992 508 3014 Ὶίηιι.
527 2993 558 3014 ΙΙΙ.

1017 2826 1118 2849 Possunt
1134 2826 1195 2854 odit,
1212 2828 1311 2854 exceptis
1333 2828 1349 2854 1,
1369 2828 1393 2854 Β,
1412 2828 1499 2850 addunt
1517 2828 1586 2851 mitm.
1605 2829 1690 2851 Deinde
1709 2836 1750 2857 pro
1768 2829 1814 2852 riri
1830 2837 1862 2852 se-

1016 2865 1078 2887 mine
1095 2866 1148 2887 edd.
1166 2866 1260 2887 cardoni
1279 2865 1343 2889 cirili
1359 2866 1453 2890 semine.

1079 2903 1088 2917 7¹
1105 2906 1168 2932 Quae
1186 2904 1325 2932 praecedunt
1343 2906 1427 2927 suntin
1445 2906 1523 2928 (nossa
1537 2907 1565 2929 ad
1584 2907 1648 2930 iloni.
1667 2908 1683 2935 l,
1702 2908 1727 2935 13,
1746 2912 1819 2931 sumtu
1834 2915 1859 2930 rx

1017 2944 1122 2971 August„
1141 2944 1238 2971 Exposit.
1258 2945 1359 2966 inchoata
1379 2945 1490 2973 lipistolao
1508 2946 1536 2967 ud
1556 2947 1621 2969 llom.
1640 2954 1660 2969 n.
1680 2947 1700 2969 πί.

1709 2999 1733 3019 13
