2166 3366
780 175 862 203 DlST.
884 175 925 203 tv.
948 175 1020 203 ART.
1043 175 1070 203 ll.
1093 175 1228 211 QUAEST.
1252 175 1279 202 ll.

156 262 221 282 rans
242 253 306 282 facit
328 252 427 281 mereri
451 253 535 287 illud,
557 253 591 281 ad
614 253 690 289 quod
712 257 878 290 praeparat,
901 253 999 281 merito

156 300 302 337 condigni:
325 308 392 336 ergo
420 299 547 333 videtur,
573 299 648 336 quod
677 299 755 328 beata
778 300 860 337 Virgo
888 308 923 328 ex
953 299 1000 327 illa

156 347 245 384 gratia
266 346 368 375 meruit
389 346 596 382 conceptionem
620 346 676 374 Filii
700 346 763 379 Dei,
790 355 854 375 cnm
876 354 908 375 ea
930 346 999 375 bene

155 401 207 422 usa
227 393 319 422 fuerit.
342 393 367 421 Si
389 401 466 425 non,-
486 396 535 421 aut
555 401 622 429 ergo
643 393 734 421 caruit
756 393 802 421 illa
817 393 905 430 gratia
927 392 1001 422 suffi-

156 441 260 470 cienter
287 443 489 477 praeparante,
515 440 581 476 quia
613 440 702 476 ipsam
731 448 784 468 non
810 440 906 476 potuit
934 440 1001 468 reci-

155 495 234 524 pere,
262 491 311 515 aut
338 486 404 524 quia
431 494 492 514 eam
514 486 607 514 noluit
638 486 729 519 Deus,
757 487 799 515 vel
833 495 885 514 non
905 486 1000 523 potuit

155 534 241 568 dare3
263 534 311 562 sed
335 541 404 567 non,
433 533 499 570 qnia
519 541 573 561 non
599 533 695 570 potuit
718 533 813 566 Deus,
836 533 879 561 vel
908 533 1001 561 noluit

155 581 235 615 dare,
257 588 320 609 cum
343 580 378 609 sit
405 580 580 616 omnipotens
601 583 628 608 et
651 579 733 608 vellet
754 580 813 608 sine
839 580 924 608 dnbio
947 580 998 608 sibi

154 628 286 656 idoneum
303 627 492 656 babitaculum
509 634 684 664 praeparare.
708 627 733 654 Si
753 627 820 664 qnia
841 627 927 664 Viryo
942 636 999 654 non

150 674 247 711 potuit
268 674 403 711 recipere:
426 681 492 710 ergo
508 673 595 701 multo
619 673 710 702 minus
727 674 815 710 potnit
837 674 935 702 Filium
951 673 997 701 Dei

154 721 312 757 concipere,
333 721 368 749 ad
383 720 464 749 cuius
485 720 692 757 conceptionem
715 721 803 757 gratia
819 720 865 748 illa
887 728 1000 757 praepa-

154 768 242 796 rabat.
265 767 369 804 Quodsi
390 767 482 796 onmia
504 768 554 796 ista
576 771 640 795 sunt
663 767 898 801 inconvenientia,
920 768 1000 796 relin-

154 815 250 852 quitur
273 815 408 851 primum,
435 814 564 843 videlicet
589 815 664 851 quod
687 814 767 843 beata
793 815 877 851 Virgo
898 815 1001 843 meruit

137 861 361 901 ¹conceptionem
382 862 483 890 Christi
506 870 556 898 per
578 862 694 898 gratiam
718 862 769 890 sibi
792 862 894 890 datam.

30 961 59 981 Ad
68 961 142 985 opposi-

64 987 108 1003 tum.

14 2313 42 2333 Tri
46 2314 86 2340 plex
101 2319 140 2332 me-

35 2339 98 2356 ritum.

233 909 286 937 sen
307 916 427 937 coxrna:
447 910 470 937 1.
486 909 656 946 Augustinus
677 909 704 937 in
722 908 891 941 Encliiridio,
913 912 940 937 et
955 909 1001 937 ha-

156 955 239 984 betur
261 956 286 984 in
310 955 435 984 littera¹z
463 966 476 981 «
491 955 603 989 Modus,
625 963 681 992 quo
702 958 785 983 natus
806 959 847 983 est
872 955 1000 984 Christus

156 1002 191 1031 de
212 1002 297 1030 Maria
317 1003 388 1031 sicut
410 1001 499 1036 filius,
520 1005 547 1030 et
569 1002 603 1030 de
622 1002 726 1039 Spiritu
749 1005 843 1030 sancto
858 1010 912 1030 non
928 1002 999 1030 sicut

155 1049 243 1083 filius,
265 1049 386 1078 insinuat
407 1049 486 1077 nobis
508 1049 625 1085 gratiam
648 1049 712 1083 Dei,
733 1057 789 1086 qua
811 1049 893 1077 bomo
916 1049 999 1077 nullis

155 1096 387 1134 praecedentibus
402 1096 509 1124 meritis
524 1096 551 1124 in
572 1096 632 1133 ipso
647 1096 764 1124 exordio
786 1099 904 1125 naturae
919 1104 1000 1129 suae,

155 1152 211 1181 quo
231 1143 322 1180 coepit
336 1150 409 1176 esse,
432 1143 523 1171 Verbo
538 1143 584 1171 Dei
601 1143 782 1180 copularetur
794 1153 823 1170 »2
840 1151 906 1179 ergo
928 1143 1001 1171 vide-

156 1194 214 1224 tur,
235 1190 309 1227 quod
332 1190 410 1218 nulla
432 1190 530 1218 merita
558 1193 772 1226 praecesserunt
793 1190 999 1226 conceptionem

155 1237 256 1266 Christi
279 1237 322 1266 vel
341 1237 568 1266 incarnationem.

233 1286 259 1313 2.
286 1284 369 1317 Item,
401 1283 492 1312 maius
523 1287 564 1312 est
589 1283 720 1312 meritum
753 1283 836 1312 totius
866 1283 1000 1312 Ecclesiae

154 1339 239 1368 quam
255 1331 405 1368 singularis
419 1338 566 1368 personae:
589 1338 656 1367 ergo
677 1330 698 1358 si
717 1330 868 1359 incarnatio
890 1338 943 1358 non
960 1338 1001 1358 ca-

154 1378 195 1407 dit
216 1379 269 1407 sub
284 1378 383 1406 merito
405 1378 489 1406 totius
505 1377 640 1406 Ecclesiae
650 1377 669 1411 ²,
691 1385 741 1406 nec
761 1377 813 1405 sub
829 1377 928 1406 merito
943 1377 1001 1406 Vir-

155 1424 226 1461 ginis
248 1424 358 1453 Mariae.

234 1471 260 1500 3.
283 1471 362 1505 ltem,
383 1471 457 1507 quod
473 1470 546 1499 cadit
562 1470 614 1499 sub
636 1470 735 1499 merito
755 1478 808 1498 non
831 1474 904 1499 tenet
918 1471 999 1508 plene

154 1519 290 1548 rationem
312 1518 426 1554 gratuiti
441 1535 480 1538 —
497 1526 569 1546 nam
588 1517 617 1545 si
628 1518 732 1554 qratia
752 1521 792 1545 est
814 1527 848 1545 eac
869 1518 999 1552 meritis,

154 1565 213 1594 iam
235 1573 294 1604 ‘iton
314 1569 356 1593 est
373 1565 491 1601 qratia,
513 1565 585 1593 sicut
599 1564 666 1593 dicit.
687 1565 832 1601 Apostolus
847 1565 882 1593 ad
906 1565 1000 1593 Roma-

154 1612 220 1641 nos³
235 1629 274 1632 —
288 1612 336 1641 sed
350 1611 406 1639 Filii
420 1611 466 1640 Dei
483 1611 635 1639 incarnatio
649 1611 683 1639 ad
702 1611 852 1639 maximam
866 1612 1000 1648 pertinuit

153 1659 286 1696 gratiam,
308 1659 462 1688 secundum
485 1658 560 1695 quod
582 1658 648 1686 dicit
663 1658 852 1694 Augustinus:
874 1666 941 1695 ergo
963 1659 999 1686 vi-

152 1705 248 1739 detur,
275 1705 350 1742 qnod
375 1705 436 1734 eius
465 1706 673 1741 conceptionem
702 1713 756 1733 non
787 1705 890 1733 meruit
919 1706 999 1734 beata

153 1752 237 1790 Virgo
258 1752 351 1780 Maria.

230 1799 257 1828 [ι.
279 1799 359 1832 Item,
374 1799 427 1827 hoc
441 1802 483 1827 est
499 1798 707 1827 inaestimabilis
721 1798 902 1835 dignationis,
923 1799 997 1836 qnod

152 1846 236 1875 Filius
257 1845 304 1875 Dei
326 1845 431 1874 aeterni
453 1845 590 1874 efficiatur
613 1845 688 1874 filins
710 1845 793 1874 unius
809 1846 998 1883 pauperculae

152 1894 290 1922 mulieris:
313 1901 379 1930 ergo
401 1901 454 1921 non
477 1893 528 1921 suit
549 1900 584 1920 ex
606 1892 745 1929 aequitate
768 1892 811 1920 vel
834 1892 938 1921 iustitia
960 1901 1000 1922 re-

152 1941 330 1974 tributionis,
352 1940 436 1976 igitur
458 1948 508 1968 nec
528 1948 564 1968 ex
588 1940 685 1968 merito
708 1939 836 1976 Virginis.

466 2026 677 2046 CONCLUSIO.

152 2097 252 2125 ,illaria
281 2105 337 2124 ‘non
365 2096 468 2124 'merito
490 2096 644 2133 eondiffni,
672 2096 723 2124 sed
751 2099 866 2124 {avitum
894 2096 997 2124 merito

230 2143 354 2180 conqrui
369 2146 393 2170 ec
411 2146 479 2179 pos-c
493 2142 746 2170 annuntiationem
770 2142 858 2170 etiam
873 2142 998 2179 {liyititct-

231 2190 267 2217 tis
289 2188 384 2226 potnit
407 2189 515 2217 mereri
534 2189 684 2225 concipere
706 2189 816 2217 Filium
841 2189 898 2217 Dei.

231 2268 404 2295 Rnsroxnao:
427 2267 595 2302 Dicendum,
621 2267 696 2305 quod
722 2271 764 2296 est
786 2267 860 2305 loqui
887 2268 922 2296 de
944 2276 998 2296 me-

152 2314 205 2342 rito
220 2314 375 2343 secundum
398 2314 534 2351 triplicem
551 2315 669 2350 gradum
692 2317 719 2343 et
740 2314 935 2343 differentiam.
953 2315 997 2343 Est

151 2360 224 2389 enim
255 2361 384 2389 meritum
414 2361 552 2397 congrui,
582 2361 606 2389 in
636 2361 713 2398 qu0⁴
743 2364 870 2398 peccator
892 2362 995 2390 dicitur

1850 176 1900 202 107

1056 253 1173 289 gratiam
1200 253 1250 281 sibi
1281 253 1398 287 mereri,
1421 261 1484 281 cum
1513 253 1548 281 ad
1571 253 1687 289 gratiani
1717 260 1746 281 se
1768 252 1900 289 disponit:

1056 304 1083 329 et
1108 303 1149 329 est
1172 300 1302 329 meritum
1325 299 1424 337 diyni,
1446 308 1502 337 quo
1524 300 1628 328 scilicet
1656 299 1699 328 vir
1721 299 1812 328 iustus
1840 303 1901 328 orat

1056 355 1107 383 pro
1128 346 1182 374 alio
1208 350 1234 375 et
1257 349 1380 375 meretur
1401 346 1545 380 exaudiri;
1567 349 1594 375 et
1614 349 1656 374 est
1685 346 1816 374 meritum
1839 354 1902 374 coiz-

1056 393 1154 429 diym',
1175 401 1231 430 quo
1252 393 1315 430 quis
1342 401 1378 421 ex
1406 396 1480 421 tanta
1508 393 1622 421 caritate
1645 396 1769 421 meretur
1796 396 1899 421 tantam

1056 439 1172 476 gloriam
1183 439 1201 467 ⁵.

1137 487 1201 515 Dico
1223 486 1320 523 igitur,
1341 487 1416 524 quod
1439 487 1519 515 beata
1540 488 1633 524 Virgo
1646 487 1730 515 Maria
1755 487 1900 524 concipere
1915 496 2013 515 Conclusio
2026 497 2043 515 ι.

1056 533 1155 562 Filium
1178 534 1224 562 Dei
1247 538 1313 562 ante
1336 534 1570 562 incarnationem
1595 535 1696 562 meruit
1719 534 1818 563 merito
1839 543 1903 562 con<

1055 581 1146 617 (Jrui,
1171 581 1302 618 quoniam
1325 589 1391 617 prae
1414 589 1465 610 sua
1486 581 1571 609 nimia
1592 582 1713 618 puritate
1739 585 1766 610 et
1788 581 1902 610 humili-

1057 630 1111 656 tate
1137 630 1164 656 et
1192 627 1359 664 benignitate
1386 627 1485 656 idonea
1506 631 1581 662 erat,
1608 631 1639 656 ut
1666 628 1825 656 efficeretur
1854 628 1900 657 Dei

1057 674 1151 702 Mater.
1168 674 1236 702 Post
1250 674 1504 702 annunciationem
1527 682 1606 707 vero,
1622 679 1768 711 postquam
1791 683 1903 703 consen·
1916 683 2014 701 cont-iusto
2024 684 2043 702 ρ.

1056 721 1103 755 sit,
1125 724 1152 749 et
1173 721 1293 757 Spiritus
1311 724 1425 749 sanctus
1446 721 1472 749 in
1495 721 1656 757 copiositate
1671 721 1776 757 gratiae
1799 721 1825 749 in
1840 729 1900 750 eam

1057 767 1212 802 descendit,
1234 776 1287 796 non
1310 768 1400 796 solum
1423 768 1521 796 habuit
1542 768 1770 805 coum-uitatem,
1793 769 1839 797 sed
1863 769 1903 797 cli-

1054 815 1211 851 piiitateim
1232 818 1259 843 et
1280 823 1315 843 ex
1332 820 1398 843 tunc
1418 815 1520 844 meruit
1541 824 1594 843 non
1610 815 1701 843 solmn
1725 816 1824 844 merito
1840 824 1903 844 con-

1054 861 1211 898 yrititctcis,
1234 862 1283 890 sed
1305 861 1459 898 (liyizitatis
1480 861 1644 890 obumbrari
1667 865 1694 890 et
1715 862 1901 898 impraegnari

1057 908 1160 936 virtute
1182 908 1311 936 Altissimi
1328 908 1346 936 ⁰.
1369 908 1422 937 Sed
1452 910 1551 937 merito
1572 908 1711 945 condigni
1737 917 1791 937 non
1813 909 1902 946 potuit
1916 918 2043 935 conciusina.

1056 955 1158 984 mereri
1180 956 1326 992 concipere
1348 955 1446 984 Filium
1469 955 1530 990 Dei,
1553 964 1603 992 pro
1624 963 1657 984 eo
1682 956 1756 992 quod
1780 956 1831 984 hoc
1859 965 1903 984 er-

1056 1003 1131 1031 cedit
1150 1011 1231 1031 omne
1253 1003 1401 1037 meritum,
1423 1006 1450 1031 et
1464 1003 1561 1037 etiam,
1583 1003 1648 1040 quia
1664 1006 1724 1032 erat
1745 1003 1833 1040 ipsius
1849 1011 1903 1032 me-

1057 1049 1101 1077 riti
1123 1049 1259 1086 gloriosae
1282 1050 1401 1086 Virginis
1425 1049 1662 1087 sititdamenciim.
1685 1051 1747 1078 Sive
1769 1050 1841 1079 enim
1865 1051 1904 1079 di-

1057 1103 1162 1130 camus,
1179 1096 1265 1124 Deum
1282 1096 1342 1124 sieri
1360 1097 1512 1131 bominem,
1528 1097 1586 1125 sive
1601 1097 1737 1131 dicamus,
1754 1097 1899 1126 mulierem

1056 1142 1117 1171 fieri
1140 1147 1256 1172 matrem
1280 1143 1344 1177 Dei,
1370 1147 1523 1180 utrumqne
1538 1147 1580 1172 est
1601 1152 1688 1181 supra
1709 1148 1831 1179 statum,
1853 1146 1901 1182 qui

1057 1189 1176 1218 debetur
1197 1193 1356 1223 creaturae3
1377 1193 1404 1218 et
1427 1190 1487 1219 ideo
1508 1193 1563 1218 tam
1587 1191 1638 1219 hoc
1659 1199 1744 1228 quam
1766 1191 1835 1220 illud
1851 1191 1903 1220 suit

1058 1236 1234 1273 benignitatis
1255 1240 1281 1265 et
1295 1237 1409 1273 gratiae.
1433 1237 1463 1265 Et
1478 1241 1637 1274 propterea.
1653 1239 1724 1266 sicut
1739 1238 1812 1273 dixi,
1827 1239 1900 1275 quod

1057 1283 1174 1320 gratiam
1197 1283 1316 1320 primam
1338 1287 1428 1321 potest
1450 1284 1551 1313 mereri
1573 1285 1663 1313 iustus
1685 1285 1822 1322 peccatori
1850 1293 1904 1314 me-

1057 1330 1110 1358 rito
1131 1330 1300 1367 dignitatis,
1323 1339 1375 1359 non
1392 1331 1491 1359 merito
1512 1331 1664 1369 contliyni,
1685 1340 1719 1360 ne
1734 1332 1823 1368 gratia
1844 1340 1903 1369 per-

1057 1377 1158 1406 deret⁷
1187 1378 1322 1406 rationem
1351 1378 1471 1415 gratiae3
1494 1378 1532 1407 sic
1560 1382 1649 1415 potest
1676 1379 1805 1414 concedi,
1828 1380 1900 1417 quod

1058 1424 1137 1453 beata
1153 1425 1237 1461 Virgo
1252 1433 1305 1453 non
1329 1428 1435 1453 tantum
1452 1425 1551 1454 merito
1572 1426 1712 1463 congrui,
1735 1426 1783 1455 sed
1804 1427 1903 1456 meritc

1057 1471 1211 1508 ‹Iigynitatis
1234 1471 1336 1499 meruit
1357 1472 1576 1508 conceptionem,
1598 1472 1663 1509 quia
1692 1481 1741 1509 per
1763 1474 1900 1510 copiosam

1057 1517 1173 1554 gratiam
1196 1518 1316 1554 Spiritus
1340 1518 1427 1547 sancti
1449 1519 1484 1547 ad
1513 1519 1720 1556 conceptionem
1750 1520 1824 1548 illam
1850 1529 1902 1549 non

1057 1565 1147 1593 solum
1170 1573 1316 1602 conpr-ita,
1341 1566 1388 1594 sed
1411 1566 1493 1594 etiam
1516 1566 1607 1603 diynct
1628 1567 1712 1595 fuit⁸.

1136 1612 1175 1639 Ex
1199 1612 1241 1640 liis
1263 1615 1357 1649 patere
1380 1616 1496 1649 possunt
1516 1613 1637 1642 rationes
1658 1617 1685 1642 et
1706 1615 1901 1648 auctoritates,

1056 1666 1128 1694 quae
1150 1658 1184 1687 ad
1211 1662 1360 1696 utramque
1386 1663 1493 1695 partem
1519 1660 1708 1689 adducuntur.
1732 1661 1799 1690 Nam
1822 1663 1903 1691 ratio·
1919 1667 2031 1686 Nummum-

1056 1713 1119 1739 nes,
1140 1714 1212 1742 quae
1233 1705 1268 1734 ad
1291 1705 1410 1742 primam
1432 1710 1540 1743 partem
1566 1707 1763 1740 adducuntur,
1785 1714 1903 1738 currunt

1057 1753 1091 1781 de
1113 1752 1212 1781 merito
1234 1753 1389 1781 secundum
1415 1753 1550 1789 primam,
1578 1754 1621 1782 vel
1650 1755 1800 1783 secundam
1830 1764 1904 1785 acce-

1056 1800 1187 1837 ptionem.
1211 1800 1350 1834 Rationes,
1372 1808 1443 1837 quac
1462 1801 1496 1829 ad
1519 1801 1670 1829 secundam
1687 1805 1794 1839 partem
1817 1803 1904 1831 addu-

1056 1851 1171 1882 cuntur,
1193 1851 1313 1875 currunt
1333 1847 1367 1875 de
1391 1848 1489 1876 merito
1512 1848 1591 1876 tertio
1604 1847 1622 1875 ⁹.

1138 1895 1162 1922 l.
1184 1894 1221 1922 Ad
1255 1893 1325 1922 illud
1357 1898 1448 1922 tamen
1479 1895 1614 1928 verbum,
1637 1895 1709 1932 quod
1734 1896 1836 1925 dicitur
1868 1897 2032 1934 (ipsu-inmo„-

1057 1941 1187 1976 litteral*²
1209 1941 1372 1975 dicendum,
1393 1941 1468 1978 quod
1484 1950 1538 1969 non
1561 1942 1708 1979 privantur
1729 1943 1902 1980 simplat-iter
1918 1928 2024 1949 mmmm

1055 1988 1176 2021 merita,
1206 1988 1254 2016 sed
1278 1988 1484 2024 praecedentia
1512 1989 1633 2022 merita,
1663 1993 1690 2017 et
1717 1989 1768 2018 boc
1798 1998 1850 2019 non
1874 1991 1900 2020 in

1055 2043 1246 2072 quocumque,
1272 2035 1321 2063 sed
1348 2035 1373 2062 in
1401 2038 1501 2063 natura
1522 2040 1660 2067 assumta,
1686 2036 1751 2073 quia
1777 2045 1831 2065 non
1855 2038 1903 2066 lia-

1056 2081 1116 2110 buit
1137 2082 1236 2110 merita
1264 2082 1299 2110 ad
1328 2082 1459 2110 unionem
1485 2083 1699 2119 praecedentia,
1726 2084 1792 2120 quia
1817 2084 1899 2113 simul

1055 2131 1187 2165 concepta
1208 2132 1234 2156 et
1255 2132 1380 2157 assumta
1401 2129 1453 2156 snit
1473 2132 1500 2157 et
1522 2129 1652 2164 formata,
1672 2130 1743 2158 sicut
1757 2134 1898 2159 ostensum

1054 2175 1106 2203 suit
1128 2183 1214 2212 supra
1227 2175 1252 2202 ¹¹.

1133 2223 1159 2250 2.
1182 2222 1219 2250 Ad
1243 2222 1311 2250 illud
1327 2222 1401 2259 quod
1424 2222 1566 2257 obiicitur,
1582 2223 1656 2260 quod
1680 2223 1769 2252 maius
1791 2228 1832 2253 est
1848 2233 1901 2253 me-

1054 2269 1139 2297 ritum
1162 2269 1246 2297 totius
1273 2269 1408 2298 Ecclesiae
1435 2278 1519 2306 qnam
1550 2270 1670 2305 Virginis
1699 2271 1819 2304 Mariae;
1846 2271 1897 2300 dici

1055 2319 1155 2352 potest,
1171 2316 1245 2352 quod
1268 2316 1338 2344 ratio
1354 2315 1399 2344 illa
1421 2324 1474 2344 non
1491 2316 1575 2352 cogit.
1597 2317 1663 2353 quia
1680 2317 1769 2345 maius
1790 2321 1831 2346 est
1847 2326 1899 2347 me-

1055 2362 1139 2390 ritum
1163 2363 1273 2390 Patrum
1288 2362 1305 2376 ¹²
1326 2370 1409 2399 qnam
1427 2363 1547 2399 Virginis
1562 2363 1718 2397 extensive,
1742 2372 1790 2392 nec
1807 2368 1896 2393 tamen

216 2461 222 2476 ¹
243 2462 282 2483 llic
299 2468 318 2484 c.
337 2462 358 2484 2.

213 2500 224 2515 ²
240 2501 284 2523 Cl'r.
302 2505 389 2529 quaest.
409 2502 513 2529 praeced.
531 2514 562 2518 —
580 2502 622 2523 l‘ro
639 2501 703 2524 rmlil
719 2502 769 2524 cod.
788 2502 804 2524 N
822 2501 925 2525 malebat.

215 2539 224 2555 ³
240 2539 295 2568 Cap.
317 2541 355 2568 ll,
375 2541 396 2562 6.
413 2552 445 2556 —
463 2540 550 2562 Dirtnin
569 2541 677 2568 August.,
696 2540 757 2569 quod
785 2540 881 2563 liabetur
903 2542 924 2562 in
947 2542 997 2563 eins

151 2579 202 2601 libr.
220 2579 274 2601 xm.
293 2579 320 2601 dc
339 2579 401 2601 Trin.
419 2586 438 2601 ‹·.
461 2580 493 2601 tt).
512 2585 533 2601 n.
551 2578 592 2605 24,
611 2579 663 2600 vids·
687 2585 755 2607 supra
779 2586 830 2607 pag.
849 2581 891 2607 20,
910 2583 961 2602 nota
979 2581 995 2602 l.

151 2617 195 2640 Cir.
214 2618 242 2640 Χ.
260 2618 288 2640 de
309 2618 358 2640 Civ.
385 2618 436 2645 {lviy
462 2624 481 2639 c.
508 2619 545 2639 29.
571 2624 591 2639 n.
621 2618 638 2639 l.
655 2630 686 2634 -
704 2619 745 2640 l'ro
769 2618 883 2647 pertinuit
905 2618 956 2640 cod.
980 2619 995 2640 Z

167 2656 257 2679 erliuet.

150 2662 165 2686 p
214 2695 223 2710 ⁴
242 2695 317 2718 Proin
330 2702 376 2724 qun
388 2696 456 2718 coint.
468 2697 484 2716 (i
497 2696 512 2717 ll
524 2696 539 2717 L
550 2695 568 2717 'l‘
578 2703 603 2717 aa
616 2697 637 2718 eb
649 2701 706 2725 qim,
722 2696 789 2717 codd.
803 2696 818 2717 F
828 2696 845 2718 Κ
858 2696 873 2717 U
885 2697 903 2718 V
913 2696 928 2717 Z
941 2702 994 2725 quo.

215 2735 225 2749 ⁵
239 2734 284 2757 Cir.
303 2735 324 2756 ll.
342 2736 402 2757 sont.
428 2735 450 2756 ‹l.
477 2734 513 2756 27.
535 2741 554 2756 a.
581 2735 601 2756 2.
627 2741 649 2763 q.
669 2735 689 2756 2.
707 2738 729 2756 et
747 2735 767 2757 53.
784 2746 815 2751 -
833 2735 875 2756 l‘rn
892 2734 995 2764 (florium

151 2773 202 2795 cod.
220 2774 238 2794 G
254 2772 364 2802 aralium.
384 2773 431 2795 Mox
451 2780 492 2801 bro
509 2774 563 2795 ante
588 2772 777 2795 incarnationem
804 2773 853 2795 Vat.
879 2775 933 2796 mm
955 2780 995 2796 aii-

151 2811 331 2834 nuntiationem.

213 2850 222 2864 ⁶
240 2850 368 2878 lli-spiritui·
385 2850 437 2872 linc.
460 2851 477 2877 1,
496 2850 536 2872 lls'i:
556 2851 632 2872 Virtus
654 2851 761 2872 Altissimi
779 2851 929 2874 obumbrabit
947 2851 993 2873 tibi.

152 2901 182 2904 —
195 2889 262 2910 l‘anlo
279 2894 330 2912 ante
348 2896 390 2917 pro
407 2889 594 2918 sediliqnilalrm
611 2889 662 2910 cml.
681 2889 711 2911 bn
728 2889 768 2911 sed
784 2889 854 2912 etium
871 2889 938 2919 [cdxl.
957 2889 993 2919 el]

151 2927 294 2956 (limitationi.

213 2966 223 2980 ⁷
241 2967 281 2988 l'ro
298 2966 404 2996 perderet
418 2967 465 2989 Vat.
479 2967 593 2989 substituit
608 2966 704 2996 pei-(lut,
724 2968 845 2989 interiectis
863 2968 931 2995 paulo
943 2971 993 2989 ante.

1054 2465 1111 2485 inti-r
1128 2470 1175 2486 nun.
1192 2467 1214 2485 ct
1235 2463 1318 2486 merito
1336 2463 1447 2492 condigni
1468 2464 1547 2486 verbis
1565 2465 1657 2486 tuntum.
1680 2464 1763 2487 niri'ilo
1781 2465 1895 2495 rmiqriii,

1054 2502 1105 2525 licet
1121 2502 1198 2524 iustus
1214 2508 1262 2525 mni
1282 2502 1355 2531 possit
1372 2502 1448 2531 ipsam
1464 2502 1569 2531 primum
1586 2502 1692 2531 qratiam
1714 2504 1802 2526 inermi
1816 2510 1898 2533 peccu—

1054 2540 1105 2563 tori.
1125 2541 1166 2562 l’ro
1183 2547 1212 2563 ue
1227 2541 1306 2570 ,efraim
1325 2548 1368 2562 non
1382 2542 1447 2568 pauci
1461 2541 1527 2563 roilil.
1546 2545 1567 2563 vt
1584 2542 1636 2563 cdd.
1659 2543 1680 2570 l,
1699 2543 1711 2563 ‘3
1729 2549 1757 2565 ue
1769 2542 1844 2572 mitur
1861 2545 1896 2565 vel

1052 2586 1081 2602 ize
1097 2586 1166 2609 crya,
1186 2580 1235 2602 rod.
1256 2580 1271 2602 U
1291 2586 1318 2602 im
1336 2580 1376 2602 sir.

1115 2618 1124 2633 Β
1143 2618 1191 2640 Vat.
1212 2619 1269 2645 sola,
1295 2620 1362 2646 panh)
1379 2620 1485 2646 superius
1503 2619 1600 2641 voi-ilius
1620 2620 1706 2642 infirmi!
1723 2620 1894 2650 ‹·‹1m=1·pli‹mem

1051 2657 1145 2680 adiectis
1165 2658 1242 2679 vorbis
1261 2657 1315 2680 Filii
1328 2657 1378 2685 Dei,
1394 2658 1429 2679 ln<-
1446 2659 1563 2685 sinici-tine
1577 2658 1651 2681 addit:
1671 2659 1784 2686 Quamuis
1798 2660 1893 2683 ‘'rinirlem

1051 2696 1222 2725 roucrplimirm
1244 2696 1311 2719 Verbi
1327 2696 1401 2719 [lirini
1412 2703 1537 2726 nunquam
1549 2697 1664 2720 meruerit
1679 2698 1762 2721 merila
1775 2699 1893 2728 candiani,

1052 2741 1080 2757 m!
1092 2736 1184 2758 trintum.
1202 2735 1337 2765 heneficium.
1349 2735 1521 2759 [mm-untionis
1533 2736 1588 2759 Filii
1602 2737 1642 2759 nei
1656 2737 1764 2766 perderet
1779 2738 1894 2761 rationem

1050 2773 1142 2803 [Ji-rilint·
1159 2773 1308 2803 beniynzmtis
1324 2776 1345 2797 el
1362 2774 1545 2798 iitiamricnrtlitw.

1112 2812 1121 2826 ⁹
1140 2813 1195 2835 Edit.
1217 2813 1234 2839 l,
1253 2814 1266 2835 ²2
1284 2817 1402 2841 apponunt
1419 2813 1500 2841 morlo,
1523 2806 1571 2837 Vnt.
1589 2815 1773 2841 ;ι(1ἰιιιι;.ςίῑ7ηι>ιΙο
1791 2818 1894 2846 accepto.

1115 2852 1133 2865 ¹⁰
1151 2852 1178 2873 lta
1198 2853 1243 2874 l'rrc
1255 2859 1335 2874 ‹nnnrs
1347 2853 1422 2879 codd„
1435 2853 1485 2876 cml.
1505 2853 1535 2875 bb
1548 2854 1611 2883 quini
1627 2854 1736 2878 oblicum·
1753 2855 1780 2877 tlt'
1798 2855 1891 2884 li'llrrity

1050 2891 1102 2912 citii.
1120 2890 1184 2920 quud
1199 2890 1327 2913 mldnrilnr
1344 2891 1368 2913 in.
1386 2891 1470 2914 littera.

1113 2930 1130 2944 ¹¹
1150 2930 1203 2952 Uist.
1222 2931 1243 2952 23.
1261 2937 1282 2958 p.
1302 2931 1324 2952 ll.
1342 2938 1362 2953 a.
1381 2932 1401 2953 3.
1421 2938 1441 2960 ‘l-
1459 2932 1479 2954 2.

1115 2968 1134 2983 ¹‘-¹
1150 2968 1206 2991 (hul.
1225 2969 1241 2990 l(
1262 2969 1386 2993 Ecclesiae.
