2166 3366
106 1242 241 1261 Fundamenta.

115 2272 145 2291 Ad
158 2273 233 2297 opposi·

254 192 309 219 726

252 269 309 291 dum
326 276 353 292 ex
371 270 421 292 luce
438 272 460 291 et
477 269 592 291 coloribus
610 269 634 291 fit
650 274 727 291 unum
749 269 771 290 in
794 270 883 291 ratione
898 268 991 297 molivi,
1011 272 1033 291 et
1055 275 1100 291 una

252 309 289 330 lux
306 309 390 331 suflicit
406 308 435 330 ad
453 308 537 330 multos
555 308 643 330 colores
660 307 838 335 illuminandos;
856 308 889 329 sic
906 314 932 329 ex
945 308 1016 335 gralia
1030 310 1052 329 et
1063 308 1100 329 ha-

251 347 338 369 bitibus
356 347 505 375 informibus,
523 353 576 369 cum
594 347 736 375 formantur,
755 346 778 368 fit
795 352 867 368 unum
885 347 1014 369 secundum
1032 347 1100 369 ratio-

252 393 304 408 nem
322 387 431 408 meritorii
449 390 470 408 et
488 387 579 413 gratuiti
596 395 606 406 n
628 386 751 414 (Breviloq.
779 392 800 413 p.
825 387 852 408 V.
871 392 889 408 c.
909 385 948 414 4.).
967 386 1038 408 Huius
1062 386 1100 408 do-

251 427 335 448 ctrinae
353 426 526 453 explicationem
539 425 592 447 vide
604 431 673 453 supra
687 425 708 447 d.
722 425 758 447 23.
771 431 791 447 a.
810 426 830 447 2.
849 432 870 454 q.
883 425 909 452 5,
922 427 945 447 et
955 426 1065 453 scholion,
1078 428 1099 447 et

252 465 274 486 ll.
288 465 349 487 Sem.
367 465 389 486 d.
408 465 444 487 27.
462 471 481 487 a.
504 465 520 486 I.
535 471 556 493 q.
570 466 583 487 ‘2
606 467 628 486 et
644 465 759 492 scholion,
780 464 819 487 ubi
838 468 913 487 tamen
931 465 1043 486 omissum
1065 468 1099 487 est

251 503 335 531 dicere,
348 503 411 532 quod
424 503 495 525 verba
508 504 625 531 Seraphici
638 503 668 525 ihi
682 509 702 525 n.
716 504 736 525 2.
750 503 817 525 relata
834 502 916 531 (gratia
938 509 982 525 non
995 503 1069 525 diflert
1086 510 1098 525 a

251 543 348 570 gratuita
371 551 380 561 a
393 543 434 564 nisi
451 542 499 564 solu
517 543 688 569 comparatione
701 543 724 570 »)
742 542 888 570 intelligenda
905 545 959 564 sunt
974 542 1002 564 de
1015 543 1099 564 vii-tute

251 582 349 609 gratuita
372 582 487 609 praecise,
506 584 619 610 (pullenus
636 585 670 603 est
686 581 805 611 gratuita,
828 581 850 603 id
868 585 902 603 est
926 581 1005 611 qratia
1024 581 1099 610 insor-

251 622 328 649 mata,
354 627 398 642 non
416 626 472 642 vero
490 620 518 642 de
535 619 669 643 substantia
690 620 792 649 habitus,
809 624 833 643 ut
851 621 887 643 hic
904 621 986 643 melius
1004 622 1099 649 explica-

251 665 298 683 tum
316 662 357 682 est.

930 190 1183 219 SENTENTIARUM
1204 191 1264 219 LIB.
1288 191 1327 219 III.

1222 270 1248 292 V.
1267 270 1297 292 De
1315 266 1357 292 hac
1375 270 1509 298 quaestione
1526 272 1616 297 praeter
1634 270 1696 292 locos
1713 271 1758 293 cit:
1778 271 1834 293 Petr.
1851 278 1863 293 a
1882 271 1947 299 Tan,
1966 272 2003 294 hic

1157 315 1179 337 q.
1198 309 1218 330 I.
1236 315 1256 330 a.
1275 309 1295 330 2.
1313 321 1343 324 -
1360 309 1466 331 Richard.
1491 315 1504 331 a
1529 309 1601 337 Med.,
1627 310 1663 331 hic
1680 315 1699 331 a.
1719 310 1739 331 1.
1757 316 1778 338 q.
1798 311 1818 332 2.
1836 323 1867 326 -
1883 311 1942 338 Biel,
1967 312 2003 333 hic

1157 353 1178 375 q.
1197 348 1270 369 unica.

1221 386 1255 408 Vl.
1274 386 1355 414 Quoad
1373 386 1476 407 ultimam
1488 387 1647 415 quaestionem
1659 388 1812 410 communiter
1824 388 1926 416 docetur,
1940 388 2003 417 quod

1157 425 1248 447 habitus
1265 425 1331 447 infusi
1350 428 1482 447 remaneant
1507 426 1528 447 in
1555 426 1627 453 patria
1652 426 1781 449 secundum
1807 427 1921 456 quosdam
1939 430 2003 450 aetus

1156 465 1331 487 excellentiores.

1220 504 1250 525 De
1268 504 1311 526 hac
1336 504 1377 532 (6.)
1403 505 1550 532 quaestione:
1576 505 1648 531 Scot.,
1671 505 1707 527 hic
1724 511 1746 533 q.
1765 506 1830 527 unica
1844 511 1865 527 n.
1879 506 1915 528 rll.
1933 518 1963 521 —-
1981 506 2003 528 S.

1157 543 1250 570 'l'hom.,
1270 544 1305 565 hic
1323 550 1344 571 q.
1365 543 1384 565 l.
1402 549 1422 565 a.
1442 543 1470 571 l,
1491 543 1514 565 S.
1526 543 1540 565 l.
1555 544 1579 565 Il.
1600 550 1622 572 q.
1640 544 1677 566 67.
1696 550 1715 565 a.
1738 544 1760 572 1;
1779 544 1804 572 Q.
1822 544 1882 572 disp.
1901 544 1930 566 de
1947 545 2002 567 Virt.

1156 582 1218 604 card.
1236 589 1255 604 a.
1275 582 1295 604 4.
1313 595 1344 598 —
1362 582 1384 604 Β.
1403 582 1500 610 Albcrt.,
1519 583 1555 604 hic
1573 589 1592 604 a.
1612 583 1631 605 4.
1650 595 1679 598 —
1698 583 1754 605 Petr.
1772 589 1785 605 a
1804 583 1868 611 Tan,
1887 584 1923 606 hic
1941 591 1962 613 q.
1982 585 2003 606 rl.

1156 627 1175 643 a.
1195 620 1215 642 t.
1234 634 1263 636 —
1282 621 1387 643 Richard.
1406 628 1417 643 a
1436 621 1504 649 Med,
1531 622 1567 643 hic
1587 628 1606 643 a.
1629 622 1646 643 I.
1665 629 1686 650 q.
1705 622 1726 644 6.
1744 634 1775 638 -
1792 622 1908 651 Durand.‚
1927 623 1964 645 hic
1980 629 2002 652 q.

1157 660 1177 682 t.
1196 672 1226 675 —
1244 660 1336 687 Dionys.
1355 659 1443 688 Carth.,
1462 660 1498 682 hic
1515 667 1537 689 q.
1556 661 1576 682 ·l.

1014 774 1177 811 QUAESTIO
1200 775 1241 803 vl.

598 875 701 903 Utrum
725 875 846 903 virtutes
867 874 1036 903 cardinales
1058 874 1088 902 in
1106 874 1211 911 patria
1232 878 1387 907 mamam,
1409 883 1450 903 aa
1472 878 1659 903 evacuentm'.

328 1000 412 1028 Sexto
433 1002 460 1027 et
481 999 581 1027 ultimo
612 999 757 1036 quaeritur
779 998 814 1027 de
836 997 988 1026 virtutibus
1010 997 1098 1026 cardi-

249 1046 361 1075 nalibus
388 1049 525 1083 quantum
554 1046 589 1074 ad
618 1045 810 1079 durationem,
839 1048 866 1073 et
891 1048 933 1073 est
954 1044 1096 1082 quaestio,

249 1097 344 1122 utrum
368 1094 393 1121 in
416 1093 506 1130 patria
534 1095 677 1127 maneant,
699 1100 734 1120 an
763 1095 944 1120 evacuentur.
969 1092 999 1119 Et
1021 1091 1095 1128 quod

249 1144 405 1174 maneant,
428 1140 548 1169 videtur.

332 1189 353 1215 1.
374 1187 530 1224 Sapientiae
553 1186 643 1223 primo
657 1187 676 1214 ¹:
702 1185 820 1214 [astilia
847 1189 887 1213 ess-t
905 1189 1050 1222 perpetua
1071 1187 1097 1212 ct

250 1234 440 1262 immortalis:
462 1234 484 1262 si
506 1241 573 1270 ergo
589 1233 694 1261 lustitia
717 1235 824 1266 manet,
840 1240 913 1269 quae
934 1232 1045 1260 ordinat
1061 1231 1095 1259 ad

247 1281 384 1314 alterum.
407 1280 495 1309 multo
521 1280 621 1308 fortius
651 1283 763 1308 manent
784 1279 902 1307 virtutes
924 1278 1096 1312 cardinales,

246 1336 318 1365 quae
339 1328 469 1356 ordinant
491 1327 525 1356 ad
548 1335 577 1356 se
598 1327 700 1364 Ipsum.

326 1376 352 1403 Q.
374 1375 457 1407 Item,
480 1374 531 1402 hae
554 1374 673 1402 virtutes
694 1373 850 1402 cardinales
865 1373 1026 1410 plenissime
1042 1372 1098 1400 fue-

245 1425 312 1450 runt
334 1421 361 1449 in
383 1421 524 1450 (3111151οἣ
547 1421 569 1449 si
592 1428 658 1457 ergo
681 1420 809 1449 Christus
831 1419 928 1448 habuit
951 1419 1096 1448 caritatem

244 1462 505 1506 cornprehensoris‚
528 1468 655 1502 videtur,
688 1467 763 1505 quod
793 1467 953 1496 huiusmodi
978 1467 1097 1495 virtutes

245 1517 272 1545 111
296 1520 369 1545 statu
393 1516 497 1554 gloriae
519 1516 641 1544 habeant
663 1514 774 1544 salvari.

326 1563 351 1592 3.
374 1563 456 1597 Item,
479 1563 531 1591 hoc
552 1562 645 1599 ipsum
669 1562 781 1590 videtur
802 1561 968 1590 auctoritate
991 1561 1096 1595 Bedae,

244 1619 329 1648 quam
352 1610 480 1647 Magister
503 1609 610 1638 inducit
632 1609 658 1637 in
676 1608 801 1643 littera3,
824 1616 896 1645 quae
918 1608 999 1642 dicit,
1021 1608 1096 1645 quod

249 1661 422 1695 «potestates
435 1657 501 1686 caeli
515 1660 637 1694 quatuor
650 1655 761 1685 exiniiis
774 1656 927 1684 virtutibus
942 1659 1008 1684 sunt
1021 1663 1098 1692 prae-

245 1704 349 1733 clarae:
372 1703 544 1735 fortitudine,
560 1703 727 1740 prudentia,
743 1702 936 1739 temperantia,
953 1702 1096 1730 iustitia».

323 1752 350 1780 li.
373 1751 456 1785 item,
478 1750 634 1779 secundum
658 1749 828 1778 Macrobium
846 1749 854 1763 ⁴
880 1749 948 1778 istae
973 1752 1095 1786 quatuor

245 1799 364 1827 vlrtutes
386 1798 543 1827 cardinales
565 1797 720 1834 respiciunt
746 1796 974 1833 «quadrifariam
1002 1796 1097 1824 distin-

245 1846 376 1875 ctionem:
400 1845 465 1882 quia
487 1845 626 1882 quaedam
650 1847 715 1872 sunt
736 1843 934 1880 exemplares,
956 1843 1095 1880 quaedam

241 1892 396 1930 politicae,
426 1891 564 1929 quaedam
591 1890 804 1929 paryaloriac,
833 1890 972 1927 quaedam
1001 1889 1097 1917 animi

245 1939 301 1967 lam
320 1938 483 1975 pur-galim
506 1938 529 1966 si
551 1945 617 1974 ergo
640 1937 757 1965 virtutes
779 1935 959 1973 coeemplares
981 1939 1046 1965 sunt
1068 1935 1095 1964 in

244 1985 309 2019 Deo,
325 1989 352 2014 et
367 1992 445 2013 mens
466 1985 501 2013 ad
518 1984 714 2022 perfectionem
737 1983 911 2021 purgationis
931 1992 985 2011 non
1008 1983 1092 2012 habet

243 2033 360 2069 perduci
383 2032 409 2060 111
431 2035 505 2060 statu
528 2032 657 2060 miseriae
680 2031 848 2068 praesent&
872 2030 993 2065 videtur,
1015 2030 1091 2067 quod

244 2079 312 2107 istae
334 2079 452 2107 virtutes
473 2078 629 2107 cardinales
651 2077 794 2114 potissime
824 2077 850 2105 in
874 2077 964 2106 Beatis
989 2077 1093 2105 habent

244 2125 377 2162 reperiri,
398 2133 462 2154 cum
484 2128 510 2153 et
532 2125 583 2162 ipsi
606 2124 679 2153 Beati
702 2132 752 2161 per
774 2123 891 2160 gloriam
907 2123 1023 2152 fuerunt
1038 2123 1095 2152 dei-

243 2173 348 2201 formes
369 2172 467 2201 effecti.

323 2220 375 2248 San
397 2227 521 2248 corium:
547 2220 570 2247 1.
593 2219 765 2255 Augustinus
780 2218 861 2253 dicit,
881 2221 907 2246 et
929 2217 1051 2246 habetur
1067 2218 1093 2246 in

245 2267 370 2301 littera5,
392 2267 468 2304 quod
495 2266 669 2303 «prudentia
695 2269 736 2294 est
757 2266 784 2293 111
807 2265 1008 2302 praecavendis
1030 2265 1095 2293 insi-

246 2314 314 2349 diis,
337 2314 491 2342 iustitiam
523 2313 715 2342 subvemendo
748 2313 873 2347 miseris,
905 2312 1039 2341 fortitudo
1068 2312 1095 2340 in

244 2362 418 2398 perferendis
452 2361 594 2394 molestiis,
616 2364 643 2389 et
666 2360 850 2397 temperantia
882 2360 907 2387 in
932 2359 1093 2388 coercendis

244 2409 476 2437 delectationibus
498 2408 631 2445 praviS»;
653 2407 702 2436 sed
724 2407 834 2436 nullum
858 2407 975 2435 istorum
998 2407 1025 2434 in
1048 2415 1093 2443 pa-

306 2607 313 2620 1
334 2607 398 2629 Vers.
420 2607 452 2629 15.

307 2646 316 2660 ²
332 2645 377 2668 Cfr.
396 2647 431 2668 hle
449 2646 479 2667 lit.
495 2646 605 2673 Magistri,
624 2651 642 2667 c.
662 2646 682 2667 2.

305 2685 315 2699 3
332 2686 372 2707 Ilic
384 2691 403 2707 c.
416 2685 437 2707 3.
449 2697 480 2701 —
492 2684 595 2707 Subinde
608 2690 650 2712 pro
663 2690 723 2713 quac
735 2683 790 2707 :licit
802 2684 868 2706 codd.
888 2686 904 2705 Λ
916 2684 934 2706 Τ
945 2684 963 2706 U
972 2684 988 2705 Z
1002 2683 1032 2705 bb
1045 2689 1093 2713 qua

242 2724 308 2752 (lecit,
328 2724 396 2746 codd.
415 2725 433 2746 Κ
447 2730 473 2746 aa
491 2723 532 2753 qui
548 2723 609 2746 dicit.

306 2763 315 2777 ⁴
332 2764 392 2785 Libr.
411 2764 426 2785 I.
444 2764 465 2785 111
488 2764 608 2785 Somnium
633 2763 758 2790 ScipionIS,
777 2769 795 2784 c.
814 2763 834 2784 8.
853 2762 897 2784 Cfr.
920 2765 974 2784 tom.
993 2762 1015 2783 II.
1039 2768 1092 2789 pag.

243 2803 299 2829 901,
317 2806 369 2824 nota
388 2803 412 2829 5,
432 2808 473 2824 nec
490 2808 535 2824 11011
555 2802 685 2829 Bon-avent„
704 2802 810 2824 Ilexaem.
829 2807 898 2823 serm.
926 2802 942 2822 1.
962 2804 983 2823 et
1004 2802 1030 2828 6,
1052 2800 1092 2822 ubi

242 2847 396 2870 unaquaeqne
414 2842 496 2863 hnrum
514 2842 625 2863 virtutum
642 2841 771 2863 secundum
789 2840 954 2869 quadrifariam
976 2840 1037 2862 illam
1060 2840 1093 2862 di-

243 2881 386 2902 stinctionem
404 2880 569 2902 consideratur.
581 2892 611 2895 —
624 2880 665 2902 Pro
683 2879 740 2902 istae
759 2880 863 2909 qualitor
885 2879 983 2902 virtutes
1000 2879 1053 2901 edd.
1071 2881 1093 2901 et

243 2918 321 2945 plures
339 2919 406 2940 codd.
430 2919 487 2941 istae
509 2918 620 2946 virtutes,
646 2922 668 2941 et
690 2918 788 2941 subinde
812 2925 854 2946 pro
876 2917 1003 2947 recipiunt,
1029 2918 1092 2946 quod

244 2956 328 2979 habent
340 2957 406 2979 codd.
419 2958 437 2979 G
448 2958 465 2979 II
477 2958 482 2979 l
493 2958 509 2979 L
519 2958 535 2979 Ν
546 2958 564 2980 Τ
575 2958 591 2980 U
602 2959 618 2979 Z
629 2958 661 2980 hl)
679 2964 705 2980 nc
716 2957 876 2986 Supplement.
890 2958 953 2979 Sum.
970 2958 1030 2979 Alex.
1044 2957 1094 2979 Hal.

244 2995 316 3017 collat.
334 2996 371 3018 76.
389 3002 409 3018 a.
428 2997 448 3023 9,
467 2997 488 3018 in
507 2997 555 3018 aliis
572 3000 593 3018 01
611 2997 663 3019 edd⁴
681 2996 817 3026 respiciunt.
891 2987 892 2991 Ἰ

1154 997 1207 1025 trist
1229 997 1384 1026 invenitur:
1406 1006 1473 1034 ergo
1501 998 1614 1026 habitus
1645 998 1782 1026 virtutum
1814 998 2001 1027 cardinalium

1153 1044 1181 1072 in
1203 1044 1293 1081 patria
1315 1053 1368 1073 non
1391 1045 1551 1073 manebunt.
1877 1050 1879 1052 ’

1233 1092 1258 1119 2.
1282 1091 1363 1125 Item,
1386 1092 1504 1120 virtutes
1526 1091 1683 1120 cardinales
1700 1092 1794 1120 minus
1816 1092 1923 1121 nobiles
1938 1095 2003 1121 sunt

1154 1146 1238 1175 quam
1262 1138 1445 1175 theologicae:
1469 1139 1491 1167 si
1514 1146 1580 1175 ergo
1612 1139 1729 1168 virtutes
1751 1139 1922 1176 theologicae
1943 1147 2004 1168 eva-

1154 1188 1287 1218 cuantur,
1310 1188 1405 1222 utpote
1420 1185 1490 1214 fides
1511 1189 1537 1213 et
1558 1193 1621 1223 spes
1634 1185 1643 1198 ⁶
1653 1196 1660 1220 ;
1677 1186 1797 1220 videtur,
1812 1186 1888 1223 quod
1910 1189 1936 1215 et
1952 1186 2005 1215 vir-

1154 1233 1228 1259 tutes
1249 1231 1405 1260 cardinales
1427 1231 1563 1260 similiter.

1234 1278 1260 1306 3.
1282 1278 1364 1312 Item,
1388 1278 1506 1307 virtutes
1527 1279 1683 1308 cardinales
1698 1279 1802 1308 habent
1823 1287 1874 1316 pro
1896 1279 2003 1308 oblecto

1154 1333 1186 1354 ea
1207 1333 1279 1362 quae
1301 1325 1432 1354 ordinant
1453 1333 1482 1354 se
1507 1326 1542 1354 ad
1571 1326 1671 1361 finem,
1693 1329 1720 1355 et
1742 1334 1792 1364 per
1814 1334 1886 1364 quae
1908 1334 2004 1363 perve-

1154 1373 1230 1401 nitur
1252 1373 1287 1401 ad
1311 1372 1394 1401 finem
1409 1373 1434 1406 ⁷;
1455 1373 1505 1401 sed
1527 1381 1591 1401 cum
1614 1377 1780 1410 perventum
1803 1377 1845 1402 est
1859 1374 1894 1402 ad
1911 1374 1995 1403 finem

1155 1420 1210 1448 lam
1232 1428 1286 1448 non
1307 1423 1417 1457 oportet
1439 1420 1544 1449 versari
1569 1421 1595 1448 in
1618 1420 1661 1449 his
1683 1428 1755 1457 quae
1781 1420 1815 1449 ad
1839 1420 1922 1449 finem
1944 1429 2004 1457 per-

1154 1467 1275 1495 ducunt:
1299 1474 1365 1504 ergo
1388 1467 1514 1501 videtur,
1546 1467 1620 1504 quod
1653 1467 1707 1495 iam
1729 1467 1851 1504 amplius
1873 1475 1928 1496 non
1951 1475 2006 1496 rna—

1155 1517 1238 1542 neant
1259 1514 1378 1542 virtutes
1399 1514 1555 1543 cardinales
1577 1514 1603 1542 in
1633 1514 1692 1543 suis
1713 1514 1830 1543 actibus.
1853 1514 1905 1543 Sed
1929 1515 2005 1543 habi-

1154 1564 1200 1589 tus
1220 1561 1279 1590 sine
1300 1564 1364 1590 actu
1386 1564 1427 1590 est
1450 1561 1651 1598 incompletus3
1674 1561 1701 1589 in
1718 1561 1808 1598 patria
1823 1564 1917 1590 antem
1933 1561 2003 1590 nihil

1154 1612 1196 1637 est
1218 1609 1431 1646 Incompletum:
1455 1616 1521 1645 ergo
1543 1616 1655 1637 necesse
1677 1611 1727 1646 est,
1745 1608 1781 1637 ibi
1804 1609 1935 1637 evacuari
1957 1609 2004 1637 ha-

1155 1655 1230 1684 bitus
1253 1655 1389 1684 virtutum
1412 1655 1607 1684 cardinalium.

1233 1703 1259 1731 li.
1282 1703 1358 1735 Item,
1380 1702 1536 1731 secundum
1559 1702 1633 1739 quod
1656 1702 1723 1731 dicit
1737 1703 1899 1739 Apostolus,
1914 1702 2003 1732 scien-

1155 1749 1197 1778 tia
1228 1749 1434 1777 destruetur-⁸:
1464 1749 1486 1778 si
1519 1757 1585 1786 ergo
1618 1749 1731 1778 maioris
1763 1749 1940 1786 perfectionis
1961 1753 2003 1779 est

1154 1796 1268 1824 scientia
1290 1804 1374 1833 quam
1396 1796 1560 1832 prudentia,
1592 1804 1658 1833 ergo
1680 1796 1707 1824 in
1730 1797 1820 1833 patria
1841 1805 1895 1825 non
1919 1797 2003 1826 stabit
2027 1829 2028 1832 Ἰ

1154 1842 1312 1879 prudentia.
1344 1842 1396 1871 Sed
1429 1842 1578 1879 prudentia
1610 1846 1652 1871 est
1683 1843 1775 1880 prima
1807 1844 1878 1872 inter
1905 1851 2002 1873 omnes

1154 1890 1272 1918 virtutes
1293 1889 1464 1918 cardinales:
1488 1889 1510 1918 si
1542 1897 1609 1926 ergo
1631 1889 1691 1926 ipsa
1712 1898 1766 1918 non
1791 1890 1929 1925 manebit,
1951 1898 2001 1920 nec

1153 1937 1232 1965 aliae.

1469 2038 1682 2060 CONCLUSIO.

1160 2124 1284 2153 Virtutes
1305 2124 1475 2153 cardinales
1496 2124 1691 2153 excellentiori
1710 2125 1794 2153 modo
1809 2125 2001 2154 remanebunt

1272 2171 1303 2199 in
1320 2171 1440 2208 patria,
1463 2179 1552 2209 quam
1573 2175 1644 2200 stitit
1664 2172 1749 2200 modo
1771 2171 1802 2200 in
1823 2171 1882 2200 via.

1233 2266 1410 2294 Respoxnco:
1425 2265 1590 2299 Dicendum,
1605 2265 1679 2302 quod
1695 2265 1722 2293 in
1735 2265 1825 2302 patria
1839 2265 1933 2302 aliqua
1948 2266 2002 2294 vir-

1153 2316 1198 2341 tus
1220 2312 1322 2341 dicitur
1345 2320 1457 2340 manere
1479 2312 1679 2349 multipliciter.
1702 2312 1844 2348 Quaedam
1879 2320 2000 2350 namque
2013 2325 2086 2367 madia
2101 2331 2143 2344 ma·
2162 2342 2163 2348 ,

2012 2354 2050 2368 nen
2064 2355 2070 2367 1
2081 2355 2101 2368 m
2110 2354 2142 2373 pa·
2162 2357 2163 2361 ¹

1152 2360 1242 2387 virtus
1265 2361 1357 2387 manet
1378 2359 1404 2386 in
1428 2359 1517 2395 patria
1539 2361 1676 2395 quantum
1699 2358 1735 2387 ad
1752 2358 1940 2395 praemium,
1962 2359 2000 2387 ita

1151 2406 1227 2443 quod
1242 2406 1315 2443 ipsa
1335 2405 1393 2433 sibi
1414 2405 1472 2442 ipsi
1492 2409 1534 2433 est
1556 2405 1712 2442 praemium
1736 2405 1891 2434 secundum
1914 2406 2001 2442 perfe-

1213 2604 1222 2618 5
1240 2604 1279 2626 Hic
1302 2610 1321 2626 c.
1347 2605 1366 2625 I.
1386 2617 1415 2619 —
1433 2604 1455 2625 111
1479 2603 1523 2625 fine
1547 2610 1596 2631 arg.
1621 2610 1662 2631 pro
1685 2602 1816 2626 manebunt
1837 2603 1887 2625 cod.
1911 2603 1927 2624 Z
1947 2609 1987 2626 ‘ma

1149 2643 1217 2666 nebit.

1211 2682 1221 2697 ὃ
1240 2683 1297 2705 Vide
1314 2689 1385 2710 supra
1403 2682 1424 2704 d.
1443 2683 1479 2704 31.
1499 2688 1518 2704 a.
1537 2683 1557 2704 2.
1576 2688 1598 2710 q.
1621 2682 1637 2703 l.
1655 2688 1703 2710 seq.

1167 2716 1171 2718 i
1212 2721 1222 2735 ⁷
1239 2721 1283 2744 Cir.
1305 2728 1374 2749 supra
1393 2728 1415 2749 q.
1442 2722 1458 2743 1.
1477 2722 1499 2742 111
1522 2726 1585 2748 corp.
1607 2720 1675 2742 etad
1699 2721 1719 2742 3.
1737 2733 1767 2736 —
1786 2721 1807 2742 ln
1829 2719 1998 2748 Supplemento

1149 2761 1212 2783 Sum.
1231 2760 1292 2782 Alex.
1310 2760 1357 2781 Hal.
1376 2766 1423 2787 arg.
1442 2760 1474 2781 sic
1492 2760 1581 2787 incipit:
1599 2760 1668 2787 llam,
1688 2759 1788 2781 virtutes
1805 2758 1940 2781 cardinales
1963 2765 1998 2782 or-

1150 2799 1233 2822 dinant
1250 2805 1277 2821 ea
1295 2805 1355 2828 quae
1366 2800 1422 2821 snut
1439 2798 1471 2821 ad
1480 2798 1552 2828 finem
1569 2801 1610 2820 etc.
1625 2798 1674 2820 Vat.
1690 2804 1742 2820 cum
1757 2798 1834 2824 paucis
1852 2797 1919 2819 codd.
1933 2799 1996 2820 omit-

1150 2840 1174 2861 tit
1190 2845 1214 2861 se
1232 2842 1283 2866 post
1300 2837 1419 2861 ordinant.
1433 2838 1549 2860 Itlallemus
1567 2837 1717 2859 ordinantur.
1731 2836 1779 2857 Mox
1798 2841 1840 2862 pro
1858 2837 1998 2864 perventum

1149 2880 1183 2901 csl
1200 2878 1250 2900 cod.
1265 2880 1281 2899 Α
1291 2878 1432 2906 perventum
1443 2876 1523 2906 fucrit.
1537 2877 1604 2898 Paulo
1617 2876 1710 2897 inferius
1722 2881 1764 2902 pro
1776 2874 1931 2904 incomplecas
1944 2876 1997 2904 (cfr.

1149 2923 1219 2944 supra
1233 2923 1285 2944 pag.
1305 2917 1361 2943 310,
1376 2920 1426 2938 nota
1445 2916 1476 2943 3.)
1495 2916 1545 2937 cod.
1563 2916 1582 2937 R
1601 2914 1677 2937 virtus
1693 2913 1842 2942 incompleta.

1212 2956 1222 2970 ⁸
1240 2957 1308 2984 Epist.
1331 2956 1345 2977 I.
1367 2955 1417 2977 Cor.
1446 2955 1481 2981 13,
1500 2955 1520 2976 8.
1542 2966 1571 2969 ——
1592 2953 1623 2975 De
1644 2952 1741 2976 scientia
1764 2957 1785 2975 et
1806 2953 1932 2983 prudentia
1956 2955 1996 2977 cfr.

1149 2996 1247 3023 Ariston,
1266 2995 1301 3017 VI.
1319 2995 1388 3017 Ethic.
1407 3000 1425 3016 c.
1445 2994 1465 3015 5.
1483 2999 1548 3021 seqq.
