2166 3366
37 531 104 556 Opinio
121 531 138 549 ³.

21 1418 26 1437 i
28 1424 51 1438 on
69 1418 136 1442 proba-

56 1444 92 1460 tur.

33 2165 101 2189 Opinio

69 1978 105 1997 via
117 1978 135 1996 Ξ,

758 212 840 240 DlST.
863 212 929 240 XIV.
950 213 1023 241 ΛΒΤ.
1044 213 1072 241 ΙΙ.
1095 213 1231 250 QUAEST.
1253 214 1294 242 Ill.

155 289 268 318 scientia
295 297 350 317 non
378 289 541 318 attribuitur
566 289 611 318 alii
643 289 751 318 animae
772 297 857 326 quam
888 290 996 319 animae

154 335 263 364 Christi.
281 336 311 364 Et
329 340 496 372 praeterea,
512 336 601 364 virtus
622 335 699 364 finita
714 344 768 364 11011
790 336 901 365 videtur
916 345 996 373 posse

154 382 308 411 continuari
331 382 426 410 virtuti
449 382 571 411 infinitae
593 382 619 410 in
641 383 888 419 comprehensione
910 383 996 411 infini-

153 431 263 462 torum,
284 436 356 465 quae
377 428 491 465 quidem
513 432 555 457 est
575 429 699 465 operatio
723 429 837 457 infinita.

232 475 342 504 Tertius
363 475 463 503 modus
484 475 592 504 dicendi
615 479 671 507 est,
694 476 768 512 quod
787 476 877 504 anima
894 476 994 505 Christi

152 522 292 558 cognoscit
313 521 419 549 infinita
439 521 466 549 in
482 521 588 556 Verbo,
603 521 668 558 quia
690 530 740 558 per
754 522 877 550 Verbum
900 530 996 559 cogno-

153 568 204 597 scit
225 568 291 602 alia,
320 576 389 602 non,
418 569 548 605 inquam,
573 568 783 605 participando
812 569 994 605 sapientiam,

153 615 225 644 sicut
238 615 308 644 aliae
323 615 443 650 animae,
465 615 513 644 sed
526 615 699 652 possidendo
715 616 802 652 ipsam
822 616 994 653 sapientiam.

153 663 185 692 Et
206 662 275 691 illud
304 662 414 691 videtur
436 662 554 691 sensisse
583 662 715 698 magister
736 662 813 699 Hngo
841 662 875 691 de
901 665 995 691 sancto

153 710 262 739 Victore
276 710 303 738 in
325 709 418 738 libello
433 710 467 738 de
489 709 627 746 Sapientia
641 709 742 745 Christi
757 710 771 737 ¹.
790 710 919 738 Δ1116111111
943 709 994 737 sic:

158 757 295 786 «Plenam
317 765 348 785 ac
369 756 519 794 perfectam
544 764 575 785 ac
597 759 682 784 totam
704 756 751 784 Dei
782 756 944 793 sapientiam
967 756 994 784 111

151 805 244 833 anima
258 803 360 833 Christi
374 804 459 832 fuisse
481 803 635 837 credimus;
656 807 683 832 et
704 804 763 840 ipsa
785 803 919 840 sapientia
933 811 995 831 ean-

152 851 215 880 dem
237 852 357 880 animam
380 850 460 887 plene
481 858 513 879 ac
540 850 661 887 perfecte
683 850 853 887 sapientem,
882 858 935 878 non
957 857 993 878 ex

151 897 211 935 ipsa
232 897 437 934 participando.
460 897 507 926 sed
532 900 614 925 totam
638 897 820 934 possidendo,
843 904 926 933 quam
943 896 995 924 sin-

151 944 285 982 gulariter
306 944 428 981 possedit
449 947 476 972 et
497 943 708 980 comprehendit
730 943 946 972 ineffabiliter».
963 943 994 971 Ει

150 991 234 1028 paulo
255 994 331 1028 post:
358 991 438 1018 «Hoc
460 998 548 1019 unum
571 990 760 1019 indubitanter
780 989 903 1024 affirmo,
918 989 992 1025 quod

150 1042 199 1067 aut
219 1037 273 1066 alia
301 1037 435 1074 sapientia
463 1037 490 1065 111
512 1036 620 1065 Christo
649 1039 760 1073 praeter
788 1036 909 1064 divinam
939 1044 992 1064 11011

150 1084 217 1119 suit,
239 1088 286 1112 aut
308 1084 329 1112 si
352 1084 419 1118 fuit,
440 1083 565 1120 aequalis
586 1082 625 1111 illi
653 1091 707 1111 non
729 1082 781 1111 fuit
796 1094 822 1109 ».
847 1082 875 1110 Et
896 1082 934 1110 ita
955 1082 993 1110 di-

150 1132 201 1165 cit,
222 1131 298 1168 quod
318 1130 411 1158 anima
432 1130 532 1158 Christi
554 1130 646 1158 omnia
667 1128 838 1166 cognoscit2,
866 1129 932 1166 quia
954 1137 994 1157 sa-

149 1177 253 1214 pientia
273 1177 374 1205 Christi
389 1185 443 1205 non
466 1176 517 1205 fuit
531 1176 585 1204 alia
606 1184 690 1213 quam
706 1176 753 1204 illa
774 1176 921 1213 sapientia,
936 1184 993 1212 qua

150 1224 224 1253 Deus
244 1228 286 1252 est
307 1223 425 1260 sapiens.
441 1223 467 1251 111
491 1223 543 1251 1100
563 1226 654 1251 tamen
670 1226 712 1251 est
733 1222 901 1256 differentia,
917 1222 991 1259 quod

149 1271 224 1300 Deus
244 1273 286 1299 est
305 1270 352 1299 illa
367 1270 516 1306 sapientia,
537 1270 629 1298 anima
650 1272 743 1297 autem
759 1269 858 1298 Christi
881 1278 934 1298 non
951 1273 993 1298 est

149 1317 197 1346 illa
217 1317 363 1354 sapientia,
385 1316 432 1345 sed
459 1316 498 1344 illi
520 1316 669 1353 sapientiae
687 1316 869 1353 personaliter
898 1317 992 1345 unita.

148 1364 228 1398 Item,
249 1364 324 1392 Deus
345 1367 386 1392 est
407 1363 518 1400 sapiens
539 1363 585 1391 illa
607 1363 742 1400 sapientia
763 1371 813 1400 per
834 1366 991 1397 naturam,

148 1411 241 1447 anima
260 1414 355 1439 autem
383 1410 483 1438 Christi
506 1418 555 1447 per
581 1410 715 1447 qratiam
745 1410 991 1439 unionis—Sed

148 1457 269 1495 qualiter
290 1457 408 1485 verbum
430 1456 498 1485 illud
522 1456 643 1493 Hugonis
663 1456 807 1493 quaerenti
830 1456 991 1489 satisfaciat,

149 1503 261 1532 difficile
281 1506 323 1532 est
343 1503 461 1540 aperire.
483 1503 635 1539 Quoniam,
657 1502 728 1531 sicut
756 1503 783 1530 in
805 1503 992 1540 praecedenti-

148 1550 283 1579 bus³fuit
303 1553 459 1584 ostensum,
481 1549 516 1578 ad
538 1549 604 1584 hoc,
619 1550 692 1586 quod
715 1549 808 1578 anima
828 1549 929 1578 Christi
951 1557 993 1578 co-

148 1600 261 1634 gnoscat
282 1596 421 1631 Verbum,
443 1604 555 1625 necesse
577 1599 618 1625 est
639 1596 806 1625 intervenire
828 1596 990 1633 sapientiam

148 1647 297 1677 creatam,
318 1651 390 1680 quae
410 1643 523 1680 quidem
546 1646 587 1672 est
613 1643 767 1680 disponens
788 1647 815 1672 et
843 1644 991 1672 habilitans

148 1691 235 1728 ipsam
257 1691 378 1719 animam
400 1690 435 1718 ad
456 1690 639 1727 cognitionem
667 1690 769 1723 Verbi,
791 1698 841 1718 nec
869 1693 911 1718 est
932 1691 991 1727 ipsa

148 1745 258 1767 summa
272 1737 422 1774 sapientia,
443 1736 492 1765 sed
507 1736 651 1765 influentia
665 1736 700 1765 ab
722 1744 754 1765 ea
775 1737 936 1773 procedens.
953 1753 991 1757 ——

148 1784 179 1813 Et
207 1784 269 1813 ideo
289 1783 452 1812 tentandum
481 1786 541 1817 est,
562 1783 584 1811 si
613 1791 668 1820 quo
697 1783 780 1811 modo
808 1786 897 1819 potest
917 1783 990 1812 alius

147 1831 248 1860 modus
279 1829 480 1859 rationabiliter
510 1829 628 1858 inveniri
659 1837 744 1867 quam
771 1829 872 1867 aliquis
903 1829 989 1858 trium

146 1877 362 1915 praedictorum.

225 1923 427 1953 Attendendum
453 1926 495 1952 est
523 1922 619 1960 igitur,
641 1923 714 1960 quod
744 1923 790 1951 alii
812 1926 990 1952 tentaverunt

146 1970 317 2008 praedictam
339 1970 529 2007 quaestionem
551 1969 701 1998 terminare
722 1969 941 2007 distinquendm
962 1973 989 1998 et

147 2017 176 2045 hi
197 2016 421 2045 diversificantur
436 2015 589 2044 secundum
612 2015 748 2052 triplicem
765 2016 879 2044 modum
895 2016 989 2044 distin-

148 2063 258 2100 guendi

225 2109 343 2146 Quidam
365 2109 439 2138 enim
461 2109 554 2137 dicere
576 2109 740 2143 voluerunt,
761 2109 836 2146 quod
865 2109 891 2137 in
913 2109 989 2138 Chri-

116 2165 131 2183 t.
146 2159 188 2185 sto
208 2156 314 2193 duplex
336 2158 378 2184 est
399 2156 499 2184 modus
521 2156 716 2193 cognoscendi,
742 2163 826 2192 quem
855 2156 939 2184 habet
961 2156 986 2184 in

146 2203 250 2231 Verbo:
266 2210 341 2231 unus
355 2210 405 2239 per
417 2202 551 2240 qratiam
572 2202 703 2236 unionis,
719 2202 803 2237 alter,
818 2203 865 2239 qui
881 2206 923 2231 est
938 2211 988 2240 per

141 2249 275 2287 qratiam
291 2248 561 2286 comprehensionis.
578 2249 608 2277 Et
630 2249 677 2277 illo
692 2249 805 2286 quidem
829 2250 923 2284 modo,
939 2250 986 2287 qui

145 2298 186 2324 est
207 2303 257 2332 per
277 2296 395 2332 gratiam
410 2294 685 2332 comprehensionis,
701 2304 755 2324 non
778 2296 917 2333 cognoscit
932 2304 988 2325 om-

145 2342 190 2370 nia
211 2349 282 2379 quae
296 2342 436 2378 cognoscit
460 2342 596 2376 Verbum,
619 2342 667 2370 sed
695 2342 741 2370 illa
762 2350 834 2379 quae
862 2346 986 2379 spectant

144 2389 180 2417 ad
201 2388 317 2425 gloriam
338 2396 427 2417 suam.
449 2388 506 2417 Alio
528 2396 594 2417 vero
616 2388 711 2423 modo,
732 2389 779 2425 qui
795 2392 836 2417 est
857 2397 907 2426 per
919 2398 988 2426 yra-

207 2533 214 2548 ¹
232 2533 295 2556 Circa
314 2533 389 2555 finem.
410 2534 432 2555 in
455 2534 566 2555 testimon.
584 2533 650 2555 allato
672 2537 745 2556 textus
762 2535 842 2562 origin.
866 2538 917 2557 ante
933 2534 985 2563 ipsa

143 2569 258 2602 sapientia
275 2571 365 2594 exhibet
382 2573 573 2600 praepositionem
591 2578 634 2600 ex,
654 2572 736 2594 deinde
754 2572 858 2601 concepit
875 2579 916 2601 pro
932 2578 985 2602 pos-

143 2609 202 2633 sedit
216 2610 279 2638 (Vat.
296 2609 419 2639 possidet).
437 2610 534 2632 Alterius
551 2611 672 2632 testimonii
695 2610 765 2632 verba
788 2610 904 2638 originalia
922 2611 984 2633 vide-

143 2650 174 2671 sis
185 2655 253 2677 supra
267 2655 319 2677 pag.
338 2648 390 2676 297,
405 2651 455 2671 now
469 2648 490 2670 4.
503 2649 525 2670 ln
538 2649 600 2671 initio
613 2649 680 2671 huius
691 2649 784 2671 secundi
798 2650 919 2672 testimonii
931 2649 983 2672 edd.

144 2694 185 2716 pro
207 2693 283 2710 unum
304 2687 444 2710 substituunt
461 2686 549 2716 ipsum,
569 2690 591 2710 et
607 2687 690 2710 deinde
711 2689 817 2710 omittunt
837 2689 932 2717 praeter
952 2688 984 2711 di-

144 2726 231 2750 vinam.

204 2765 214 2780 ²
231 2764 303 2788 Codd.
321 2765 338 2787 G
349 2765 355 2787 i
365 2765 384 2787 K
395 2765 410 2786 L
421 2765 439 2787 Τ
450 2765 469 2786 V
480 2764 600 2793 coynovit;
618 2771 660 2792 pro
672 2764 752 2787 omnia
768 2766 788 2787 in
807 2765 875 2788 codd.
898 2767 915 2788 ll
926 2767 942 2788 Z
953 2767 983 2789 bb

142 2804 252 2831 scripturn
270 2803 383 2831 reperitur
399 2802 479 2825 omnia
496 2802 551 2825 alia.
570 2803 638 2825 Paulo
655 2803 748 2825 inferius
765 2807 816 2831 post
833 2809 880 2827 non
891 2806 924 2827 est
940 2804 982 2828 illa

141 2841 255 2871 sapientia
272 2841 323 2864 cod.
341 2841 358 2864 U
375 2841 488 2864 subnectit
502 2847 546 2870 pet·
563 2842 685 2864 naturam.

203 2880 213 2894 ³
230 2881 275 2903 Art.
295 2881 314 2902 i.
332 2887 354 2909 q.
376 2880 393 2902 1.
404 2892 433 2895 -
444 2880 538 2902 inferius
551 2886 592 2908 pro
603 2879 635 2903 (td
646 2880 800 2909 coqnitionem
812 2881 864 2904 edd.
876 2881 908 2904 ad
918 2881 983 2905 unio·

142 2925 202 2942 nem.
221 2919 269 2942 Mox
287 2925 329 2947 pro
346 2918 376 2942 ab
392 2925 420 2941 ea
435 2918 563 2948 procedens
581 2918 639 2941 benc
657 2919 719 2941 multi
737 2919 804 2941 codd.
827 2919 857 2942 ab
874 2926 899 2943 eo
917 2919 981 2950 [scil.

142 2964 153 2979 a
172 2957 265 2987 Verbo]
281 2957 421 2987 procedens,
446 2962 467 2981 ct
485 2957 568 2980 deinde
586 2964 627 2986 pro
645 2957 816 2981 rationabiliter
838 2959 890 2981 edd.
912 2959 982 2982 ratio-

142 2995 250 3019 nobilior.

1840 216 1895 245 315

1054 291 1125 319 tiam
1142 291 1275 325 unionis,
1290 292 1429 328 cognoscit
1454 293 1547 321 omnia
1565 301 1637 330 quae
1652 294 1791 331 cognoscit
1806 294 1898 331 ipsum

1054 338 1191 370 Verbum,
1213 338 1343 375 quoniam
1364 339 1467 376 ²qratia
1489 340 1608 368 unionis
1629 341 1735 369 ratione
1760 342 1897 376 extremi,

1053 385 1096 413 cui
1120 384 1232 419 unitur,
1254 388 1296 414 est
1317 387 1405 422 gratia
1437 386 1495 415 sine
1526 394 1658 415 mensura
1679 390 1706 415 et
1728 388 1815 424 gratia
1837 388 1898 417 infi-

1052 431 1120 464 nita;
1136 434 1162 460 et
1178 432 1239 460 ideo
1254 439 1307 460 non
1330 436 1372 460 est
1387 433 1503 467 mirum,
1519 433 1541 461 si
1561 434 1700 470 cognoscit
1711 434 1719 448 ⁴
1741 435 1895 464 secundum

1052 477 1127 506 illam
1150 478 1256 506 infinita
1277 482 1304 507 et
1324 479 1417 507 omnia
1448 487 1520 516 quae
1551 480 1674 509 Verbum
1697 482 1844 518 cognoscit.
1861 498 1897 502 —

1052 524 1105 552 Sed
1127 524 1177 552 iste
1199 525 1300 553 modus
1331 525 1439 554 dicendi
1472 534 1526 554 11011
1555 527 1666 556 videtur
1688 535 1748 557 esse
1770 528 1951 574 intelligi-Nm}
1971 533 2038 557 proba-

1052 569 1114 598 bilis
1136 570 1170 598 de
1186 571 1266 599 facili.
1284 571 1406 599 Primum
1422 572 1550 608 quidem,
1573 574 1650 610 quia,
1666 574 1688 602 si
1703 575 1796 603 anima
1816 575 1896 604 Chri·
1909 561 1994 602 tungri.

1052 616 1084 645 sti
1107 617 1258 653 cognoscit,
1280 617 1416 654 quidquid
1439 620 1590 655 cognoscit,
1611 628 1661 657 per
1681 621 1806 650 habitum
1823 630 1897 651 crea-

1052 665 1128 695 tum;
1150 670 1200 691 nec
1221 666 1263 691 est
1284 663 1396 692 babitus
1416 664 1489 693 alius
1521 669 1632 694 creatus
1659 666 1685 694 in
1707 667 1799 696 anima
1820 668 1896 697 Chri-

1052 710 1101 743 sti,
1123 718 1179 746 quo
1200 710 1293 738 omnia
1323 711 1463 747 cognoscit
1484 712 1556 748 per⁵
1580 713 1670 749 ipsum
1704 714 1827 743 Verbum
1850 716 1894 744 vel

1051 756 1079 784 in
1101 756 1160 792 ipso
1182 756 1273 784 Verbo
1294 757 1345 785 nisi
1374 757 1485 787 habitus
1507 758 1611 795 gloriae
1633 761 1893 797 comprehensoris,

1051 803 1116 839 quia
1142 802 1188 830 illo
1216 803 1443 840 circumscripte,
1475 805 1529 833 iam
1559 805 1629 833 nihil
1657 812 1835 843 cognosceret
1867 809 1894 837 in

1052 848 1143 876 Verbo
1164 865 1201 868 —
1223 849 1288 877 unio
1316 849 1389 878 enim
1419 858 1472 878 non
1503 851 1582 885 facit,
1611 852 1734 881 divinam
1764 858 1892 883 naturam

1051 896 1176 932 cognosci
1198 896 1234 924 ab
1255 896 1390 930 humana,
1423 897 1448 925 in
1471 901 1607 934 quantum
1629 899 1710 934 unio,
1732 901 1779 929 sed
1806 901 1894 937 gloria

1050 943 1307 979 comprehensoris;
1329 951 1392 971 nam
1414 952 1479 972 caro
1500 948 1541 973 est
1563 945 1639 973 unita
1666 946 1768 980 Verb0,
1800 956 1894 984 quam-

1050 989 1092 1017 vis
1107 997 1160 1016 non
1176 993 1322 1026 cognoscat
1344 990 1434 1026 ipsum
1452 991 1573 1020 Verbum
1588 991 1597 1004 ⁶
1620 1009 1657 1012 —-
1676 993 1698 1021 si
1720 1001 1786 1030 ergo
1800 994 1894 1032 aliquo

1051 1035 1148 1064 habitu
1169 1037 1309 1072 cognoscit
1329 1037 1422 1065 omnia
1444 1046 1515 1074 quae
1537 1040 1676 1075 cognoscit
1692 1040 1827 1075 Verbum,
1849 1049 1894 1070 ne-

1050 1090 1126 1110 cesse
1148 1086 1203 1117 est,
1235 1083 1310 1120 quod
1342 1088 1489 1121 cognoscat
1520 1093 1570 1122 per
1596 1086 1671 1114 illam
1694 1087 1894 1123 cognitionem,

1049 1137 1121 1166 quae
1142 1130 1254 1166 quidem
1277 1133 1318 1158 est
1340 1131 1452 1159 habitus
1466 1132 1730 1168 comprehensionis.
1745 1151 1785 1154 —
1806 1135 1895 1163 Prac-
1907 1139 1961 1158 Ratio
1974 1140 1991 1158 2-

1050 1179 1141 1210 terea,
1164 1177 1300 1213 quidquid
1323 1178 1358 1205 sit
1385 1178 1474 1214 gratia
1506 1179 1631 1213 unionis,
1663 1180 1721 1209 sive
1752 1184 1893 1216 creatum,

1049 1223 1107 1251 sive
1129 1223 1296 1258 increatum,
1317 1224 1409 1252 anima
1431 1225 1530 1253 Christi
1547 1233 1658 1263 semper
1672 1230 1713 1255 est
1734 1227 1806 1255 intra
1818 1229 1827 1242 ⁷
1842 1231 1894 1257 ter-

1050 1269 1138 1298 111111οε
1160 1273 1316 1299 creaturae:
1339 1271 1424 1307 igitur
1438 1271 1498 1300 eius
1514 1272 1603 1301 virtus
1618 1273 1803 1309 cognoscitiva
1824 1282 1893 1303 sem-

1049 1325 1099 1353 per
1120 1316 1197 1345 finita
1217 1320 1268 1351 est,
1291 1318 1375 1354 igitur
1396 1326 1539 1355 nunquam
1563 1321 1703 1356 cognoscit
1724 1321 1839 1350 infinita.
1862 1323 1892 1350 Et

1049 1364 1087 1392 sic
1108 1364 1180 1392 redit
1201 1365 1326 1401 quaestio
1348 1365 1426 1401 prius
1447 1366 1597 1402 proposita.

1126 1410 1202 1439 Alius
1223 1419 1290 1440 vero
1311 1412 1412 1440 modus
1433 1412 1541 1441 dicendi
1563 1416 1619 1447 est,
1636 1414 1710 1450 quod
1728 1415 1752 1442 111
1776 1415 1832 1443 Deo
1847 1424 1892 1452 po·
1903 1423 1971 1447 Opinio
1984 1424 2001 1442 5.

1048 1457 1124 1485 nitur
1144 1457 1249 1494 duplex
1273 1458 1373 1487 modus
1394 1459 1589 1495 cognoscendi,
1605 1468 1658 1488 non
1675 1465 1788 1498 propter
1803 1462 1892 1490 diver-

1049 1505 1157 1533 sitatem
1179 1513 1194 1533 a
1215 1509 1293 1541 parte
1323 1505 1442 1533 virtutis
1473 1507 1683 1543 eoqnoscentis,
1706 1509 1752 1536 sed
1776 1517 1791 1537 a
1813 1512 1891 1545 parte

1048 1551 1203 1580 connotati.
1226 1552 1332 1580 Dicitur
1354 1552 1426 1580 enim
1450 1552 1477 1580 in
1499 1561 1531 1581 eo
1553 1561 1612 1582 esse
1635 1555 1748 1583 scientia
1768 1555 1890 1584 visionis

1048 1601 1075 1626 et
1096 1598 1210 1626 scientia
1231 1598 1450 1635 intelliyentiae:
1472 1602 1499 1628 et
1521 1600 1634 1628 scientia
1648 1601 1770 1630 visionis
1788 1606 1829 1631 est
1850 1611 1891 1632 re-

1048 1646 1144 1680 spectu
1159 1644 1283 1672 omnium
1299 1652 1397 1672 eorum
1413 1653 1484 1681 quae
1499 1645 1589 1674 facere
1604 1646 1756 1683 disposuit,
1779 1648 1891 1677 scientia

1048 1690 1251 1727 intelliqentiae
1280 1694 1409 1727 respectu
1440 1693 1565 1720 omnium
1587 1701 1684 1722 eorum
1707 1702 1779 1731 quae
1800 1695 1891 1724 facere

1043 1741 1144 1774 potest.
1180 1737 1209 1765 Et
1236 1740 1354 1775 utraque
1385 1738 1488 1767 dicitur
1514 1739 1734 1774 omnz'sez'encia,
1760 1742 1889 1778 quamvis

1047 1783 1161 1812 scientia
1184 1783 1304 1811 visionis
1326 1784 1361 1812 sit
1381 1784 1534 1819 finitorum,
1556 1786 1671 1814 scientia
1686 1787 1890 1825 intelligentiae

1047 1830 1228 1858 infinitorum.
1250 1830 1403 1867 Disposuit
1422 1831 1495 1860 enim
1517 1832 1607 1861 facere
1623 1833 1715 1867 finita,
1738 1835 1785 1863 sed
1798 1839 1890 1872 potest

1046 1876 1137 1905 facere
1159 1876 1265 1905 infinita
1276 1877 1294 1905 ⁸.
1315 1878 1432 1914 Quando
1446 1886 1513 1915 ergo
1527 1879 1688 1916 quaeritur,
1703 1884 1798 1909 utrum
1814 1882 1890 1910 Chri-

1046 1927 1106 1952 stus
1127 1924 1195 1952 sciat
1225 1924 1318 1952 omnia
1345 1932 1416 1961 quae
1445 1925 1520 1954 novit
1553 1926 1692 1961 Verbum3
1714 1927 1735 1955 si
1759 1927 1891 1965 intelliga-

1046 1972 1093 1998 tur
1114 1970 1148 1998 de
1180 1970 1294 1999 scientia
1323 1971 1461 2005 visionis,
1493 1972 1648 2001 concedunt
1679 1973 1792 2010 utique,
1814 1974 1889 2011 quod

1045 2016 1138 2044 anima
1159 2016 1260 2045 Christi
1281 2017 1406 2046 omnium
1429 2018 1541 2046 illorum
1563 2027 1661 2056 capam
1676 2020 1742 2054 fuit,
1757 2023 1784 2048 et
1798 2021 1888 2049 eidem

1045 2063 1292 2092 οονηννηιηίοαυῑίΒ
1316 2064 1457 2093 scientiam
1479 2065 1604 2094 omnium
1627 2066 1738 2095 illorum
1761 2075 1832 2104 quae
1853 2067 1890 2096 fa-

1045 2117 1108 2138 cere
1130 2110 1275 2146 disposuit,
1297 2114 1412 2147 propter
1434 2119 1562 2148 magnam
1581 2112 1625 2140 sui
1647 2112 1839 2142 liberalitatem
1862 2117 1889 2143 et

1045 2156 1132 2193 ipsius
1153 2157 1262 2186 animae
1282 2158 1470 2194 capacitatem.
1492 2159 1518 2186 Si
1540 2161 1633 2187 autem
1661 2159 1832 2197 intelligatur
1853 2161 1887 2190 de
1917 2153 1922 2157 ’

1045 2203 1158 2232 scientia
1186 2203 1405 2241 intelliqentiae,
1428 2206 1466 2234 sic
1488 2206 1599 2240 dicunt,
1622 2207 1697 2243 quod
1719 2215 1772 2235 11011
1794 2208 1887 2236 onmia

1044 2250 1199 2287 cognoscit,
1220 2259 1292 2288 quae
1313 2252 1452 2288 cognoscit
1479 2252 1569 2289 ipsum
1594 2253 1733 2287 Verbum,
1753 2254 1818 2290 quia
1840 2254 1887 2282 illa·

1044 2304 1074 2326 se
1095 2297 1221 2326 extendit
1241 2297 1276 2326 ad
1299 2298 1420 2332 infinita,
1441 2301 1468 2327 et
1499 2299 1591 2327 anima
1619 2299 1718 2328 Christi
1742 2300 1768 2328 in
1791 2308 1887 2337 cogno-

1044 2344 1146 2372 scendo
1167 2351 1221 2372 non
1243 2347 1332 2380 potest
1353 2344 1404 2373 nisi
1421 2353 1505 2381 super
1520 2345 1613 2379 finita;
1629 2346 1702 2375 Deus
1724 2350 1815 2375 aut-em
1832 2355 1886 2375 non

1044 2390 1259 2418 communicavit
1281 2390 1318 2418 illi
1341 2391 1466 2425 animae,
1498 2392 1549 2420 nisi
1572 2396 1706 2429 quantum
1729 2393 1819 2430 potuit
1840 2401 1886 2422 ca-

1104 2534 1113 2549 ⁴
1131 2534 1185 2557 Cod.
1204 2535 1222 2557 U
1239 2536 1371 2565 cognoscat.

1106 2574 1115 2588 ⁵
1130 2574 1172 2595 Pro
1189 2580 1244 2603 per,
1265 2574 1327 2603 quod
1345 2575 1457 2602 reperitur
1474 2576 1495 2597 in
1514 2575 1580 2598 codd.
1599 2575 1642 2598 ct<
1656 2576 1673 2598 M
1685 2576 1738 2605 OS,
1760 2577 1812 2599 edd.
1835 2578 1852 2606 i,
1871 2578 1884 2600 2

1041 2612 1182 2640 secundum,
1202 2613 1251 2635 Vat.
1268 2612 1366 2639 scilicet,·
1384 2620 1395 2635 n
1421 2614 1525 2642 plurimis
1547 2614 1614 2637 codd.
1632 2614 1696 2637 abest
1711 2621 1761 2644 per.
1779 2616 1820 2638 Pro
1838 2622 1884 2646 quo

1041 2650 1121 2673 omnia
1139 2651 1205 2673 codd.
1228 2651 1316 2673 CGlK
1329 2652 1371 2680 LQ
1382 2652 1400 2674 V
1411 2659 1437 2674 aa
1459 2658 1519 2681 quae
1540 2652 1635 2681 omnia,
1660 2657 1682 2676 ct
1703 2660 1745 2681 pro
1767 2653 1885 2683 coquoscit

1041 2689 1109 2711 codd.
1126 2690 1143 2711 Α
1154 2689 1258 2711 HLZaa
1275 2691 1407 2719 coynoscal.
1426 2690 1528 2713 Subinde
1546 2697 1588 2718 pro
1605 2691 1809 2720 comprehensoris*
1833 2692 1882 2715 Vnt.

1041 2733 1094 2750 cum
1113 2729 1192 2756 paucis
1209 2728 1275 2751 codd.
1294 2728 1329 2751 bis
1345 2728 1565 2758 comprehensionis.

1102 2766 1112 2781 θ
1129 2766 1173 2789 Cir.
1191 2773 1260 2795 supra
1279 2774 1331 2796 pag.
1350 2769 1402 2795 296,
1420 2771 1470 2790 nota
1489 2769 1510 2791 5.

1103 2805 1112 2820 ⁷
1129 2805 1185 2828 Edd.
1203 2805 1270 2828 inter.

1104 2843 1113 2858 ⁸
1130 2844 1174 2867 Cir.
1193 2845 1207 2867 1.
1225 2845 1284 2868 Sent.
1303 2845 1325 2867 d.
1344 2845 1380 2868 39.
1397 2852 1416 2868 a.
1438 2846 1456 2868 1.
1474 2853 1495 2875 q.
1509 2847 1529 2868 3.
1548 2847 1569 2868 111
1587 2853 1650 2875 corp.
1662 2859 1694 2864 —
1706 2848 1747 2875 i‘ro
1764 2848 1883 2878 Disposuit

1042 2889 1085 2905 11011
1098 2884 1164 2911 pauci
1182 2883 1249 2906 codd.
1263 2883 1376 2913 Disponit.
1389 2885 1509 2914 Aliquanto
1526 2886 1632 2913 superius
1644 2892 1686 2914 pro
1698 2887 1818 2910 connotati
1830 2887 1881 2909 cod.

1041 2922 1059 2943 K
1078 2921 1175 2951 coqniti,
1195 2922 1245 2944 cod.
1263 2922 1281 2944 ii
1299 2929 1388 2946 rerum.

1102 2960 1112 2975 ⁹
1129 2960 1184 2983 Edd.
1202 2962 1309 2989 supplent
1327 2962 1396 2985 Deus.
