2166 3366
9 1984 82 2010 Duplex
95 1991 136 2006 sen-

55 2015 92 2028 SUS-

8 2264 107 2285 Conclusio
118 2266 135 2285 ί,

778 180 860 208 DlST.
886 181 924 209 vt.
947 181 1018 208 ART.
1041 181 1058 208 l.
1081 181 1217 217 QUAEST.
1240 182 1278 209 ΙΙΙ.

160 258 259 287 accidit
285 258 393 286 Christo
422 258 493 291 Deo,
522 260 570 286 aut
597 257 706 285 Christo
735 256 866 289 borbini,-
894 257 1003 286 Christo

160 305 272 334 homini
291 313 361 339 non,
385 304 451 341 quia
472 304 540 332 nulli
565 304 667 332 homini
690 307 731 332 est
751 304 920 332 accidentale
941 312 1002 332 esse

159 352 300 380 hominem
313 351 335 384 ¹;
356 350 481 384 Christo,
502 350 657 379 secundum
672 350 747 386 quod
762 350 853 383 Deus,
875 350 1002 379 similiter

158 398 284 427 accidere
312 405 365 425 non
395 399 496 433 potest,
524 396 590 433 quia
618 396 728 424 nullum
757 397 884 425 accidens
913 399 1002 433 potest

158 445 268 473 Christo
296 444 385 472 inesse
407 443 512 471 ratione
541 442 650 471 divinae
672 446 803 471 naturae:
832 451 899 480 ergo
924 443 1002 471 nullo

157 491 241 519 modo
262 490 391 524 videtur,
420 489 493 526 quod
517 489 603 526 possit
629 489 786 526 praedicari
808 498 858 526 per
887 490 1001 518 modum

158 537 316 566 accidentis.

236 585 262 612 [ι.
285 584 364 617 item,
386 583 454 611 nihil
475 586 517 611 est
538 582 687 611 univocum
713 583 884 612 substantiae
912 587 939 612 et
960 592 1002 612 ac-

158 630 308 660 cidentis²t
331 638 397 666 ergo
418 630 439 658 si
462 629 496 658 de
519 629 628 657 Christo
650 629 752 658 dicitur
778 630 934 659 secundum
956 639 1002 658 ac-

157 677 264 710 cidens,
279 680 306 705 et
323 677 358 705 de
372 676 433 705 aliis
449 676 609 705 hominibus
624 676 779 704 secundum
792 676 1000 709 substantiam,

156 732 223 761 ergo
245 732 297 752 uon
313 723 415 752 dicitur
437 723 571 756 'auz'uocffi
594 723 642 751 scd
658 723 819 760 aequivoce.
835 723 887 751 Sed
910 723 931 751 si
949 723 1000 751 hoc

156 779 254 800 verum
277 774 330 804 est,
352 778 406 798 non
428 770 552 803 videtur,
575 770 648 806 quod
665 770 699 798 sit
720 770 754 798 de
770 772 865 798 nostro
886 777 1000 806 genere,

155 825 206 846 nec
228 825 303 845 mors
324 817 384 845 eius
405 820 515 845 nostrae
538 816 719 853 redemptioni
744 816 888 852 proficere.

235 865 261 892 5.
282 864 362 897 ltem,
378 863 532 892 substantia
547 863 665 891 nobilior
680 866 721 891 est
742 863 883 891 accidente
896 863 917 890 ³:
933 870 1000 899 ergo

155 911 177 940 si
200 910 282 939 homo
304 910 338 939 de
359 910 420 938 aliis
441 909 544 938 dicitur
559 917 609 946 per
625 909 739 937 modum
757 909 950 942 substantiae,
972 912 1000 937 et

155 957 190 986 de
211 957 320 986 Christo
335 965 384 993 per
407 956 520 985 modum
537 955 667 989 liabitas,
688 963 755 991 ergo
776 964 835 983 esse
856 954 1000 983 hominem

155 1004 249 1033 minus
269 1003 398 1032 nobiliter
419 1002 547 1032 convenit
568 1002 677 1030 Christo
699 1010 782 1038 quam
802 1001 871 1029 aliis.
895 1002 998 1038 Quodsi

154 1051 207 1079 hoc
234 1053 276 1079 est
304 1050 420 1086 impium
449 1049 557 1082 dicere,
589 1051 675 1076 restat
703 1048 788 1084 igitur
822 1047 895 1075 idem
924 1047 999 1084 quod

154 1097 248 1133 prius,
271 1096 345 1133 quod
367 1096 450 1123 homo
475 1103 529 1122 non
551 1094 660 1123 dicatur
682 1094 716 1122 de
738 1094 846 1122 Christo
874 1102 923 1131 per
945 1102 999 1122 mo-

154 1143 222 1172 dum
245 1142 376 1175 liabitas,
398 1141 446 1170 sed
469 1149 518 1178 per
541 1141 654 1169 modum
677 1140 866 1169 substantiae.

233 1190 259 1217 6.
280 1189 363 1223 Item,
384 1188 458 1225 quod
479 1188 656 1224 praedicatur
677 1195 726 1224 per
744 1187 859 1216 modum
882 1186 999 1215 liabitas

153 1239 180 1265 et
201 1235 362 1269 accidentis,
384 1243 437 1263 non
460 1234 637 1271 praedicatur
660 1242 709 1271 per
731 1234 845 1263 modum
867 1234 999 1262 substan-

155 1283 211 1312 tiae
225 1282 352 1311 —unde
374 1281 503 1319 quamvis
531 1281 614 1309 homo
636 1281 746 1310 dicatur
774 1281 908 1314 vestitas,
931 1290 999 1309 nun-

153 1337 238 1367 quam
259 1333 351 1358 tamen
380 1329 483 1357 dicitur
503 1328 704 1356 vestimentum
722 1345 760 1348 ——
778 1336 844 1364 ergo
866 1328 887 1356 si
914 1328 998 1357 Filius

153 1377 201 1406 Dei
223 1377 363 1405 diceretur
378 1375 560 1404 humanatus
580 1383 630 1412 per
646 1375 761 1403 modum
784 1376 909 1409 habitus,
930 1383 998 1403 nun-

153 1432 236 1462 quam
259 1423 399 1452 diceretur
421 1422 522 1455 lzomo‚·
553 1422 651 1459 quodsi
674 1422 726 1451 hoc
758 1422 859 1451 salsum
881 1426 936 1457 est,
958 1430 998 1451 re-

152 1474 206 1500 stat
226 1470 300 1499 idem
321 1469 396 1507 quod
418 1469 526 1507 prius&

466 1569 678 1591 CONCLUSIO.

153 1655 303 1689 Cltrz'stuS,
323 1655 484 1684 secandam
505 1655 583 1693 qaod
603 1654 700 1689 homo,
722 1659 763 1684 est
783 1655 949 1684 substantia
971 1659 996 1684 et

229 1702 344 1740 aliquid
351 1725 360 1736 ,
382 1705 407 1730 et
428 1702 512 1730 homo
532 1702 566 1730 ae
590 1710 620 1730 eo
638 1702 835 1739 praedicatur
863 1702 996 1731 substan-

230 1749 358 1783 tialiter,
381 1757 440 1777 non
461 1757 513 1786 per
534 1749 653 1777 modam
684 1749 843 1778 accidentis
864 1753 889 1778 et
917 1748 996 1778 liabi-

230 1800 276 1825 tas
296 1796 358 1824 nisi
376 1804 428 1833 per
449 1796 601 1834 quandam
623 1794 866 1833 conformitatem.

228 1890 402 1919 Rsssrounsso:
425 1889 595 1923 Dicendum,
617 1889 691 1926 quod
707 1897 770 1918 cum
793 1889 904 1924 dicitur,
919 1890 994 1927 quod

150 1935 233 1965 homo
254 1936 356 1965 dicitur
377 1936 412 1965 de
434 1936 543 1964 Christo
564 1944 614 1973 per
636 1936 749 1965 modum
772 1937 885 1965 habitus
906 1940 933 1965 et
953 1945 996 1966 ac-

150 1983 279 2018 cidentis,
293 1983 442 2020 dupliciter
453 1987 544 2020 potest
557 1983 684 2020 intelligi:
701 1986 749 2011 aut
764 1983 813 2018 ita,
828 1984 902 2020 quod
918 1992 995 2021 prae-

149 2030 250 2059 dicatio
271 2030 318 2058 illa
333 2030 368 2058 sit
385 2038 461 2066 pare
476 2029 681 2063 accidentalis,
697 2029 734 2058 ita
756 2030 829 2066 quod
852 2038 907 2058 non
932 2030 996 2059 sub-

149 2076 296 2111 stantialis;
311 2080 360 2105 aut
375 2076 423 2111 ita,
438 2076 512 2113 quod
524 2076 623 2114 aliquo
637 2076 721 2104 modo
736 2076 836 2105 habeat
850 2077 994 2105 rationem

145 2123 378 2160 praedicationis
398 2122 604 2156 accidentalis,
623 2126 651 2151 et
666 2126 758 2151 tamen
781 2123 935 2152 secundum
952 2132 995 2152 ve-

147 2169 258 2198 ritatem
280 2169 315 2198 sit
334 2169 547 2197 substantialis.

227 2216 253 2244 Si
275 2216 327 2245 hoc
349 2216 451 2244 ultimo
474 2216 555 2244 modo
577 2216 761 2253 intelligatur,
784 2217 822 2245 sic
848 2217 993 2246 veritatem

149 2262 245 2297 habet,
267 2271 318 2300 pro
338 2270 371 2291 eo
392 2263 467 2300 quod
489 2263 612 2292 humana
633 2267 733 2292 natura
756 2263 782 2291 in
805 2263 914 2292 Christo
929 2272 995 2300 quo-

213 2414 219 2429 ¹
236 2414 281 2438 err.
299 2416 397 2443 Aristot.‚
416 2415 461 2438 Vll¹
474 2416 571 2444 metaph.
585 2420 635 2438 text.
654 2417 674 2439 2.
687 2419 709 2439 et
721 2416 757 2439 46.
770 2416 817 2445 (Vl.
836 2424 855 2440 c.
873 2418 889 2439 l.
902 2420 924 2439 et
941 2418 990 2445 134.

209 2453 219 2467 ²
236 2453 280 2475 Csr.
298 2454 450 2482 Arist01.‚lv.
476 2455 572 2483 Metaph.
599 2458 649 2478 texi,
676 2457 702 2484 2;
721 2456 764 2478 Vll.
791 2458 842 2479 text.
873 2457 889 2478 l.
913 2463 989 2485 seqq.;

149 2492 186 2514 Xl.
204 2498 223 2514 c.
241 2493 261 2514 3.
280 2493 320 2515 till.
339 2499 358 2514 c.
377 2493 402 2520 ἒς
420 2493 456 2515 Vl.
474 2499 492 2515 c.
515 2494 539 2520 l;
558 2494 585 2516 X.
604 2501 622 2516 c.
641 2494 680 2522 3.).

210 2531 220 2546 ³
239 2531 296 2553 Vide
314 2532 407 2559 Aristot,
426 2532 469 2554 Vll.
497 2533 593 2560 Metaph.
611 2536 661 2556 text.
681 2533 700 2556 4.
719 2534 764 2561 (Vl.
791 2541 809 2556 c.
833 2534 867 2562 l.).
886 2547 917 2551 ——
933 2535 990 2557 suh-

147 2570 200 2592 inde
218 2576 259 2597 pro
277 2569 364 2592 (licitur
380 2574 401 2592 ct
419 2571 486 2598 paulo
504 2572 596 2593 inferius
617 2572 647 2596 (in
670 2572 823 2600 conclusione)
838 2579 879 2600 pro
897 2572 991 2595 dicutur

147 2608 198 2631 cod.
218 2609 233 2631 U
252 2609 287 2630 bis
301 2608 462 2637 praedicatur.
481 2610 502 2631 lu
529 2610 572 2631 tine
589 2616 637 2638 arg.
656 2614 706 2638 nost
721 2616 765 2639 per
781 2610 878 2633 modum
896 2610 990 2633 liabitas

148 2647 198 2670 cod.
224 2654 249 2669 aa
276 2648 308 2669 sic
334 2649 493 2676 prosequitur:
519 2649 540 2670 et
564 2648 703 2676 accidentis,
723 2649 764 2671 sed
779 2649 932 2678 praedicatur
948 2655 991 2679 per

147 2692 189 2716 per
205 2686 303 2709 modam
320 2686 473 2709 substantiae.

210 2724 219 2739 ⁴
236 2725 308 2747 Cndd.
327 2725 344 2747 Κ
355 2726 370 2747 Ζ
389 2725 420 2747 bh
438 2726 511 2748 restat
528 2725 591 2755 quod
606 2727 628 2748 et
642 2725 756 2755 primum.

212 2763 221 2778 ⁵
236 2763 280 2785 cfr.
297 2770 366 2791 supra·
385 2770 408 2792 (ι.
431 2764 447 2786 l.
466 2764 494 2785 ml
508 2764 530 2786 3.
542 2767 563 2786 vt
576 2761 598 2793 q}
612 2765 632 2786 2.
650 2765 678 2786 ad
698 2764 717 2786 Ιι.
730 2777 762 2781 -
773 2765 844 2787 Codd.
863 2766 878 2787 F
888 2765 904 2787 N
915 2766 932 2787 T
944 2765 989 2787 UX

149 2801 196 2824 iam
213 2801 325 2830 completo
343 2808 398 2824 esse.
417 2802 466 2824 Mox
485 2809 526 2830 pro
544 2802 568 2825 in
585 2802 665 2832 utiquo
682 2803 735 2825 edd.
753 2802 778 2826 in
795 2802 855 2826 albo.

209 2840 219 2855 ⁶
236 2840 342 2868 Advorte,
360 2841 422 2869 quod
441 2841 463 2863 B.
483 2841 573 2868 Allwrt,
587 2842 622 2863 liic
634 2841 655 2863 (l.
674 2841 695 2863 7.
713 2848 733 2863 a.
751 2842 771 2863 0.
790 2842 832 2864 uit:
850 2842 931 2864 Natura
951 2842 990 2863 liu-

148 2884 213 2900 mana
233 2879 293 2901 nullo
310 2879 379 2901 inodo
396 2883 430 2901 cst
446 2880 552 2901 acciitvns
570 2886 611 2902 nec
629 2880 752 2907 degenerat
769 2881 790 2902 iu
808 2880 924 2907 occiduum
949 2887 990 2902 ιιι-6

148 2918 233 2946 antiqui
251 2917 366 2946 dixerunt,
385 2918 447 2946 quod
465 2918 590 2948 ‹leynam-at
607 2920 627 2940 in
641 2919 759 2945 accidens,
777 2919 816 2941 sed
835 2919 897 2947 quud
916 2918 989 2948 veroa

148 2957 169 2978 iu
187 2956 304 2983 accidens,
322 2960 343 2979 et
362 2957 443 2979 now-lli
473 2957 545 2987 veryit
567 2961 713 2980 {nutaverunt
739 2958 759 2979 in
778 2957 915 2986 domuerat,
935 2964 987 2980 cuni

1059 258 1123 287 dam
1154 259 1235 287 modo
1265 259 1462 296 proprietatem
1492 259 1643 288 accidentis
1672 260 1770 294 habet,
1799 261 1825 288 in
1854 261 1906 290 hoc

1059 305 1200 336 videlicet,
1221 306 1295 342 quod
1310 305 1566 342 sicli-stantificatur
1582 306 1608 334 in
1624 307 1767 343 supposito
1788 307 1904 336 alterius

1059 355 1194 385 naturae,
1222 352 1258 380 ita
1286 353 1361 389 quod
1389 361 1442 392 non
1472 353 1518 381 dat
1540 353 1578 381 illi
1608 354 1752 390 supposito
1780 354 1904 391 primum

1059 406 1133 431 esse,
1156 399 1204 427 sed
1225 399 1338 427 advenit
1353 399 1406 427 iam
1429 400 1565 436 completo
1578 399 1597 428 ⁵.
1620 400 1695 429 Unde
1710 400 1781 428 sicut
1802 401 1902 429 albedo

1060 452 1112 472 uon
1136 445 1374 474 substantificatur
1404 446 1429 474 in
1452 446 1558 483 aliquo,
1588 446 1662 483 quod
1691 447 1773 475 sitin
1804 456 1904 484 genere

1058 491 1227 528 qualitatis,
1256 492 1305 520 sed
1335 493 1423 529 magis
1450 493 1476 521 in
1504 493 1685 527 substantia,
1715 502 1765 522 nec
1791 495 1829 523 illi
1856 495 1904 524 dat

1058 546 1130 571 esse,
1153 538 1199 566 sed
1224 539 1278 566 iam
1307 539 1444 575 completo
1465 540 1593 573 advenit3
1622 541 1661 569 sic
1690 549 1740 578 per
1762 542 1901 578 quandam

1058 585 1277 613 conformitatem
1300 589 1342 614 est
1370 586 1492 622 reperire
1521 586 1594 615 circa
1619 587 1719 616 Christi
1749 589 1905 617 humanita-

1059 634 1126 663 tem,
1148 639 1219 667 quae
1244 631 1501 668 substaritifioatar
1523 633 1549 660 in
1578 633 1672 661 divina
1694 642 1829 671 persona,
1859 636 1905 663 ha-

1058 677 1139 705 bente
1160 678 1314 714 perfectum
1336 687 1395 706 esso
1415 686 1449 706 ex
1473 679 1526 707 alia
1549 682 1649 708 natura
1673 689 1756 716 quam
1779 690 1814 709 ex
1844 682 1902 718 ipsa

1057 724 1243 757 humanitate,
1265 724 1393 753 videlicet
1414 733 1449 753 ex
1472 725 1574 753 divina.
1598 726 1628 754 Et
1647 731 1794 764 propterea
1815 730 1900 757 nostri
1917 731 2030 750 Notandum·

1058 769 1184 798 doctores
1206 770 1356 803 dixerunt,
1378 771 1451 807 quod
1475 771 1598 800 humana
1625 776 1725 801 natura
1746 774 1773 802 in
1795 775 1903 804 Christo

1057 815 1150 852 vergit
1170 815 1200 843 in
1222 815 1373 849 accidens,
1395 817 1552 845 secundum
1574 819 1714 855 quandam
1731 820 1904 850 conformita-

1058 864 1113 889 tem
1123 861 1142 889 ⁶.
1159 861 1189 889 Et
1201 862 1252 890 hoc
1267 862 1288 890 si
1307 862 1476 899 intelligatur
1492 871 1570 898 sane,
1586 868 1626 892 est
1642 865 1747 893 dictum
1763 867 1903 896 subtiliter

1057 912 1084 936 et
1099 908 1242 937 catholice.
1258 925 1296 929 —
1311 909 1430 938 Maxime
1445 914 1540 938 autem
1563 911 1633 939 inter
1653 920 1762 941 omnem
1786 914 1900 943 modum
1916 918 1942 936 De
1956 918 2027 936 habitu-

1056 955 1206 984 accidentis
1228 956 1341 984 modum
1364 955 1482 985 liabitas
1504 957 1599 992 habet,
1623 966 1672 994 pro
1687 967 1719 987 eo
1734 960 1807 996 quod
1826 959 1904 989 liabi-

1057 1006 1103 1030 tus
1126 1002 1248 1030 nominat
1270 1003 1452 1031 adiacentiam
1471 1004 1554 1032 unius
1576 1005 1747 1034 substantiae
1773 1011 1903 1044 respectu

1056 1049 1187 1081 alterins,
1202 1057 1273 1085 quae
1289 1049 1401 1086 quidem
1419 1053 1508 1086 potest
1523 1058 1599 1084 esse,
1623 1052 1770 1089 utriusque
1793 1057 1902 1082 servata

1056 1095 1233 1131 proprietate.
1258 1095 1287 1123 Et
1317 1095 1377 1124 ideo
1400 1096 1559 1132 Apostolus,
1581 1098 1816 1133 prudentissimus
1838 1101 1902 1129 [idei

1056 1142 1245 1177 praedicator,
1261 1145 1287 1170 et
1302 1142 1485 1178 Augustinus,
1504 1143 1704 1173 subtilissimus
1726 1145 1789 1174 lidei
1812 1147 1904 1175 defen-

1055 1196 1110 1222 sor,
1127 1188 1282 1222 insinuant,
1304 1189 1398 1225 aliquo
1414 1189 1495 1217 inodo
1514 1190 1655 1218 Christum
1672 1192 1724 1219 dici
1736 1192 1744 1206 ⁷
1761 1193 1902 1222 hominem

1055 1235 1209 1263 secundum
1232 1234 1380 1269 habitant,
1404 1244 1456 1264 non
1478 1236 1660 1266 excludentes
1677 1246 1726 1275 per
1748 1240 1812 1273 hoc,
1834 1241 1901 1278 quin

1055 1281 1138 1309 honio
1160 1282 1269 1310 dicatur
1290 1282 1324 1310 de
1345 1282 1454 1311 Christo
1476 1284 1630 1312 secundum
1653 1285 1860 1315 substantiam.

1132 1328 1190 1356 Alio
1212 1328 1294 1357 modo
1315 1332 1357 1357 est
1386 1329 1554 1366 intelligere,
1583 1331 1657 1367 quod
1679 1332 1806 1361 Christus
1828 1334 1900 1362 dica·
1922 1341 1992 1358 sensus
2005 1342 2029 1359 :11-

1054 1377 1100 1402 tur
1122 1374 1205 1403 liomo
1227 1376 1382 1404 secundum
1404 1376 1547 1411 accidens,
1570 1378 1607 1405 ita
1627 1379 1702 1415 quod
1732 1380 1832 1409 modus
1854 1381 1900 1410 ille
1915 1366 1949 1382 m

1054 1421 1232 1458 praedicandi
1255 1422 1371 1450 ommino
1393 1422 1428 1450 sit
1449 1423 1653 1458 accidentalis,
1676 1428 1703 1453 et
1729 1434 1781 1454 non
1805 1435 1901 1456 secun-

1054 1468 1121 1496 dum
1144 1468 1327 1497 substantiam
1341 1469 1360 1497 ⁸.
1384 1470 1413 1497 Et
1435 1470 1479 1498 hic
1503 1471 1602 1499 modus
1625 1471 1748 1506 dicendi,
1772 1473 1833 1502 licet
1854 1475 1900 1503 ali·
1913 1481 2011 1499 Conclusio
2022 1482 2039 1499 Ξ-

1053 1515 1165 1552 quando
1181 1515 1257 1544 visus
1277 1516 1362 1544 suerit
1376 1516 1480 1545 habere
1501 1517 1638 1554 opinionis
1662 1519 1898 1555 probabilitatem,

1055 1562 1197 1591 manifeste
1218 1566 1333 1599 apparet
1355 1563 1381 1591 in
1404 1571 1432 1591 se
1455 1563 1557 1592 habere
1579 1565 1683 1593 erroris
1706 1567 1897 1596 temeritatem.

1054 1609 1129 1637 Unde
1150 1612 1177 1637 et
1199 1609 1245 1637 illa
1267 1610 1347 1638 tertia
1369 1611 1476 1647 opium,
1499 1620 1571 1648 quae
1593 1613 1685 1648 posuit
1700 1613 1764 1647 hoc⁷
1786 1613 1822 1641 ab
1842 1614 1900 1643 Ale-

1053 1656 1162 1684 xandro
1184 1657 1331 1693 reprobata
1353 1661 1408 1690 est3
1439 1666 1488 1686 nec
1518 1658 1672 1693 immerito,
1695 1660 1760 1696 quia
1788 1661 1896 1689 veritati

1052 1703 1127 1731 illius
1149 1703 1258 1731 unionis
1281 1707 1425 1740 repugnat.
1448 1704 1501 1733 Hoc
1522 1705 1595 1733 enim
1618 1705 1685 1734 dicit
1713 1706 1782 1735 fides
1805 1711 1897 1742 recta,

1052 1749 1125 1786 quod
1148 1749 1242 1777 divina
1264 1752 1364 1777 natura
1381 1753 1408 1778 et
1422 1750 1546 1779 humana
1567 1752 1660 1780 unitae
1676 1756 1741 1780 sunt
1763 1753 1788 1781 in
1812 1762 1897 1782 unam

1052 1803 1217 1832 personam:
1247 1804 1313 1832 ergo
1341 1797 1419 1824 Deus
1440 1797 1543 1825 dicitur
1572 1798 1606 1826 de
1628 1798 1737 1827 Christo
1766 1803 1897 1836 tanquam

1052 1843 1086 1871 de
1108 1843 1220 1879 proprio
1242 1843 1401 1880 supposito,
1423 1846 1450 1871 et
1471 1843 1554 1871 ltomo
1581 1844 1718 1873 similiter.
1740 1846 1792 1874 Sed
1814 1846 1898 1874 homo

1052 1897 1115 1918 cum
1137 1890 1315 1926 praedicatur
1336 1890 1370 1918 de
1392 1890 1486 1927 aliquo
1507 1891 1579 1919 sicut
1601 1891 1635 1920 de
1659 1892 1772 1928 proprio
1798 1900 1898 1930 suppo-

1052 1936 1116 1971 sito,
1130 1936 1363 1965 substantialiter
1388 1937 1565 1974 praedicatur
1587 1942 1614 1966 et
1633 1938 1770 1975 significat
1792 1939 1897 1976 ipsum,
1911 1946 2037 1965 Conemsioss.

1051 1984 1086 2012 de
1107 1992 1162 2020 quo
1184 1983 1298 2014 dicitur,
1326 1991 1386 2012 esse
1407 1984 1528 2021 aliquam
1558 1985 1759 2018 stibstantia1113
1781 1990 1808 2015 et
1836 1987 1898 2015 ideo

1051 2038 1087 2059 ex
1109 2031 1168 2067 ipso
1190 2030 1253 2058 fidei
1279 2030 1459 2059 fundamento
1480 2032 1636 2060 necessario
1659 2032 1798 2069 sequitur,
1822 2034 1896 2070 quod

1051 2078 1086 2106 sit
1106 2077 1230 2115 aliquid,
1253 2078 1407 2106 secundum
1430 2078 1504 2114 quod
1528 2078 1612 2106 homo
1623 2079 1641 2106 ⁹.
1657 2096 1696 2099 —
1715 2079 1789 2107 Unde
1816 2080 1897 2108 ratio-

1051 2130 1100 2151 nes
1121 2123 1312 2152 concedendae
1334 2127 1414 2158 sunt,
1436 2132 1508 2161 quae
1529 2125 1564 2153 ad
1587 2125 1639 2154 hoc
1662 2125 1842 2154 inducuntur.

1134 2172 1154 2198 1.
1178 2171 1203 2198 ἱ).
1225 2170 1263 2198 Ad
1286 2170 1356 2198 illud
1378 2171 1452 2207 quod
1474 2171 1603 2200 obiicitur
1625 2172 1660 2200 ad
1682 2173 1839 2209 oppositum
1860 2173 1894 2202 de
1908 2179 1979 2211 Solimo
1993 2185 2025 2204 01³-

1050 2217 1213 2245 auctoritate
1235 2217 1354 2253 Apostoli
1376 2220 1403 2245 et
1424 2217 1584 2254 Augustini,
1606 2218 1659 2246 iam
1687 2222 1761 2256 patet
1783 2227 1894 2256 respon·
1909 2205 2019 2226 ¹³⁰⁵¹¹⁰rffl

1051 2264 1091 2292 sio
1112 2271 1148 2292 ex
1170 2264 1213 2292 his
1238 2271 1310 2301 quae
1328 2264 1380 2292 iam
1403 2264 1475 2293 dicta
1497 2268 1570 2293 sunt.
1595 2265 1661 2293 Nam
1678 2265 1728 2294 etsi
1750 2265 1832 2294 homo
1848 2266 1896 2295 ha-

1048 2418 1082 2439 illa
1100 2417 1167 2439 valde
1185 2417 1274 2439 diversa
1293 2418 1343 2439 sint.
1363 2417 1458 2439 Videtur
1475 2418 1536 2438 cuim
1563 2423 1659 2446 vcrqerc
1677 2418 1698 2439 in
1716 2418 1823 2440 accidens
1841 2425 1893 2446 pro-

1047 2459 1097 2484 pter
1114 2457 1295 2479 convenientiam
1322 2462 1374 2477 cum
1401 2455 1524 2478 accidentis
1547 2456 1692 2485 proprietate
1713 2457 1827 2485 quadani,
1847 2463 1891 2479 non

1048 2498 1142 2523 propter
1159 2495 1281 2517 accidentis
1298 2495 1425 2522 naturam,
1445 2495 1491 2517 scil.
1510 2495 1573 2523 quod
1591 2497 1665 2522 potest
1681 2494 1761 2517 abesse
1780 2495 1833 2517 Filio
1852 2495 1891 2517 Dei

1047 2534 1095 2556 sinc
1113 2533 1262 2556 diminutione
1281 2540 1391 2560 personae
1409 2537 1431 2555 et
1456 2533 1549 2555 adventi
1574 2534 1593 2555 ci
1617 2534 1665 2555 sinc
1682 2537 1830 2561 augmento...
1849 2535 1888 2556 sed

1047 2572 1118 2601 absit,
1145 2572 1206 2601 quod
1233 2572 1368 2601 deuoueret,
1397 2573 1448 2600 qui-*1
1476 2572 1551 2600 potius
1575 2578 1684 2599 gent-rosa
1703 2573 1732 2595 lit.
1759 2572 1802 2594 Cir.
1821 2579 1890 2600 supra

1049 2617 1100 2639 pag.
1122 2611 1171 2637 ¹50,
1190 2613 1239 2633 nuta
1260 2610 1280 2633 ti.

1109 2649 1119 2664 ⁷
1135 2649 1207 2672 Codd.
1226 2650 1244 2671 Κ
1255 2649 1270 2671 Ζ
1288 2649 1397 2672 adiiciunt
1414 2655 1469 2672 esse.

1109 2687 1119 2703 ὅ
1135 2688 1190 2711 Cod.
1209 2689 1226 2710 l<
1245 2689 1267 2710 et
1283 2694 1331 2710 non
1347 2687 1515 2710 substantialis.
1543 2688 1611 2709 Paulo
1636 2688 1729 2710 intr-rius
1755 2695 1797 2716 pro
1814 2688 1890 2711 muni-

1046 2726 1102 2756 feste
1119 2728 1217 2756 apparet
1233 2727 1285 2749 edd.
1304 2726 1425 2755 manifesta
1443 2727 1518 2748 lumen
1537 2727 1606 2755 patet.

1109 2765 1119 2779 ⁹
1135 2766 1179 2787 Ctr.
1199 2766 1307 2792 Apologia
1325 2765 1354 2786 (le
1373 2764 1449 2787 Verbo
1467 2766 1595 2792 incarnato,
1621 2768 1723 2792 auctoru,
1743 2769 1766 2787 ut
1784 2766 1888 2794 vitietur,

1047 2803 1129 2825 loanne
1145 2803 1307 2829 corinthiensi,
1335 2803 1355 2825 in
1382 2809 1426 2831 quii
1453 2806 1529 2825 contra
1552 2810 1592 2825 cos
1610 2804 1697 2831 agitur,
1715 2805 1754 2832 qui
1773 2804 1887 2827 Christum

1047 2841 1137 2871 aliquid
1153 2848 1202 2863 esse
1220 2845 1315 2869 urgunt,
1341 2842 1468 2863 secundum
1494 2842 1555 2870 quud
1582 2845 1615 2864 cst
1633 2843 1701 2864 honio
1727 2842 1795 2870 (iiiior
1817 2850 1887 2871 ‹nivi-zi

1048 2880 1105 2907 llug.
1124 2886 1144 2902 a.
1162 2881 1183 2902 S.
1203 2880 1276 2907 vict).
1303 2892 1331 2895 —-
1358 2880 1425 2902 Paulo
1450 2881 1557 2908 superius
1574 2887 1617 2908 pro
1634 2886 1665 2903 eir
1683 2880 1732 2909 ipso
1748 2881 1803 2910 sitlos
1819 2882 1887 2904 codd.

1048 2918 1063 2940 1,
1080 2926 1105 2939 :m
1124 2924 1154 2940 ea*
1172 2918 1244 2947 ipsius
1260 2918 1319 2948 [idei.
