2166 3366
133 311 247 329 Notandum.

132 1057 248 1077 Notandum.

121 2372 254 2390 Fundamenta.

264 180 319 208 560
940 177 1192 206 SENTENTIARUM
1213 178 1272 206 LlB.
1296 178 1336 205 lll.

262 260 375 285 actuum
408 255 511 284 diversi
534 258 600 283 sunt
631 254 759 288 babitus3
782 254 945 288 dicendum,
968 254 1044 291 quod
1067 262 1109 283 ve—

262 310 326 331 rum
348 305 405 335 est,
427 301 540 338 qnando
562 300 601 328 illi
630 303 709 328 actus
730 303 796 328 sunt
814 300 995 337 principales
1017 308 1109 337 respe-

262 351 309 378 ctu
331 348 493 381 habitunm;
515 347 562 375 sed
586 346 698 383 quando
720 347 759 375 sic
780 351 837 381 est,
853 347 928 384 quod
943 355 1022 375 itatis
1036 347 1110 383 prin-

261 395 387 432 cipaliter
415 394 529 431 respicit
556 394 683 422 habitum
716 394 844 428 virtutis,
873 398 902 422 et
923 394 1003 422 alias
1026 394 1110 422 habet

261 442 296 470 ad
318 441 397 470 illum
419 441 546 469 ordinem
569 443 595 469 et
616 441 818 469 connexionem
834 444 860 469 et
881 440 1107 478 consequentiam

262 488 435 522 naturalem,
458 496 511 515 non
533 491 657 524 oportet„
686 488 814 516 habitum
842 487 1025 516 diversificari
1048 496 1109 524 pro-

261 539 322 572 pter
344 535 457 563 illorum
479 538 592 563 actuum
616 534 814 563 diversitatem.
838 535 868 563 Et
889 535 927 563 sic
949 535 1032 563 estin
1049 543 1110 571 pro-

261 583 350 619 posito
382 582 514 619 reperire.
549 582 610 610 ideo
642 582 715 610 enim
748 590 811 619 spes
842 585 987 619 exspectat
1009 590 1109 619 magna

261 629 334 658 bona
355 629 508 666 promissa,
531 629 594 665 qnia
625 628 739 657 conlidit
767 629 801 657 de
823 629 959 657 immensa
981 629 1109 665 largitate

260 676 463 713 proniittenii53
485 676 560 704 unde
586 676 652 713 quia
683 684 758 705 unus
790 676 907 704 istorum
929 680 1044 705 actuum
1068 678 1110 704 est

262 723 332 751 ratio
353 723 484 757 alterius,
507 723 570 751 hinc
592 727 649 757 est,
671 724 745 760 quod
768 731 822 751 non
851 723 991 760 pertinent
1013 723 1047 752 ad
1071 723 1109 751 di-

262 777 357 799 versos
380 770 501 803 habitus²
517 770 565 798 sed
581 770 616 798 ad
632 778 729 798 unum.
746 770 822 799 Unde
837 778 911 799 unns
927 774 968 799 est
984 770 1106 804 babitus,

262 825 317 853 quo
339 824 486 853 speramus
506 816 537 844 in
561 817 682 845 Domino
704 820 731 846 et
752 826 808 854 quo
830 825 979 854 speramus
1001 816 1107 845 habere

264 863 437 897 Dominam,
460 863 532 892 sicut
553 871 645 898 unus,
667 872 723 900 quo
755 863 897 892 credimus
926 864 983 892 Deo
1006 867 1031 892 et
1053 872 1109 900 quo

262 910 403 938 credimus
425 910 517 938 Deam
530 910 549 937 ¹.

341 959 366 985 ἰ).
390 957 427 986 Ad
449 957 518 986 illud
541 958 616 995 quod
638 957 782 991 obiicitur,
816 958 890 995 quod
922 966 986 995 spes
1006 961 1048 986 est
1070 965 1109 986 re-

262 1008 360 1042 spectu
380 1005 471 1034 omnis
493 1005 571 1039 boni,
605 1013 669 1033 cum
701 1005 736 1033 sit
758 1008 886 1042 respectu
909 1005 1108 1039 beatitudinis;

263 1051 428 1086 dicendum,
450 1052 525 1089 quod
547 1052 619 1081 sicut
639 1052 710 1089 fides
732 1052 836 1087 credit,
859 1052 947 1081 iustos
968 1055 1108 1081 assecutu-

263 1107 309 1128 ros
340 1099 557 1134 beatitudinem,
579 1102 606 1128 et
637 1099 750 1128 caritas
781 1099 878 1128 illam²
909 1100 1106 1129 beatitudinem

261 1153 323 1174 cum
347 1146 484 1174 bonorum
507 1146 688 1174 universitate
710 1146 867 1179 desiderat3
889 1149 916 1174 et
931 1149 1022 1174 tamen
1037 1146 1108 1183 sides

261 1201 316 1220 una
338 1193 428 1221 virtus
449 1196 506 1226 est,
528 1193 594 1229 quia
616 1201 670 1221 non
693 1193 782 1221 fertur
804 1201 889 1230 super
906 1193 1106 1222 beatitudinem

261 1243 288 1268 et
306 1248 338 1268 ea
360 1247 431 1276 qnae
452 1239 487 1267 ad
511 1239 712 1268 beatitudinem
736 1243 879 1276 spectant,
908 1240 959 1269 nisi
983 1240 1036 1269 sub
1065 1249 1106 1268 ra-

261 1287 334 1315 tione
356 1295 426 1317 una:
449 1286 488 1315 sic
509 1286 590 1315 etiam
614 1290 640 1314 et
670 1295 735 1323 apes
764 1287 791 1314 in
820 1287 1009 1323 exspectando
1035 1295 1110 1315 sum-

261 1341 335 1361 mam
358 1333 572 1367 beatitudinem,
601 1337 627 1362 et
659 1333 797 1370 quidquid
830 1333 892 1361 boni
921 1334 946 1361 in
971 1334 1030 1371 ipsa
1052 1337 1108 1368 est,

261 1388 314 1409 non
338 1380 442 1409 recedit
463 1380 498 1408 ab
521 1381 626 1408 unitate
648 1381 761 1408 habitus
782 1384 809 1409 et
831 1381 956 1414 virtutis7
972 1381 1037 1418 quia
1053 1389 1109 1409 una

261 1430 302 1456 est
323 1428 350 1456 in
373 1428 431 1464 ipsa
453 1435 502 1464 spe
523 1428 602 1456 ratio
624 1428 828 1464 exspectandi,
850 1428 877 1456 in
893 1428 946 1457 hoc
968 1428 1108 1463 videlicet,

261 1475 335 1511 qnod
359 1475 510 1503 immensae
531 1478 558 1503 et
581 1475 746 1503 indeficienti
770 1475 897 1504 innititur
920 1475 1049 1512 largitati.
1071 1492 1109 1495 ——

261 1522 438 1555 Praeterea,
461 1522 535 1559 quod
551 1522 669 1556 dicitur,
685 1522 759 1559 quod
781 1522 948 1550 «beatitudo
964 1525 1005 1550 est
1020 1525 1109 1551 status

261 1569 386 1598 omnium
409 1569 545 1597 bonorum
562 1569 777 1606 aggregatione³
793 1569 971 1606 persectus1>3
986 1570 1039 1598 hoc
1055 1578 1108 1598 non

262 1617 364 1645 dicitur
385 1624 435 1654 per
457 1617 595 1645 bonorum
618 1616 836 1644 multitudinem
865 1620 891 1645 et
918 1617 1107 1650 varietatem,

262 1664 309 1693 sed
332 1664 384 1693 hoc
413 1664 515 1693 dicitur
543 1671 593 1701 per
621 1663 885 1702 aequivalentiam,
912 1663 978 1701 quia
1001 1667 1107 1692 tantum

262 1712 314 1740 erit
336 1711 404 1740 illud
426 1711 539 1739 unicum
564 1711 680 1745 bonum,
710 1711 785 1748 qnod
813 1714 1010 1748 exspectatur,
1034 1711 1108 1748 quod

261 1758 448 1795 aequivalebit
479 1758 554 1786 omni
586 1758 672 1792 bono;
706 1766 756 1795 per
787 1766 869 1795 quem
901 1758 1015 1787 modum
1038 1759 1110 1787 dixit

262 1805 396 1834 Dominus
418 1805 518 1842 Moysi,
543 1805 628 1833 Exodi
651 1805 794 1842 trigesimo
818 1805 898 1833 tertio
910 1805 927 1838 ⁴,
950 1812 1013 1833 cnm
1037 1809 1109 1842 pete-

262 1856 319 1887 ret,
342 1857 372 1881 ut
401 1852 561 1881 ostenderet
591 1852 615 1880 ei
645 1852 743 1881 faciem
766 1860 861 1880 suam:
899 1852 975 1889 Eyo,
1002 1852 1108 1888 inquit,

262 1899 411 1927 ostendam
444 1898 496 1927 tibi
526 1907 608 1926 omne
640 1898 761 1926 bonam:
788 1902 815 1927 et
836 1898 899 1927 ideo
920 1906 956 1927 ex
981 1898 1031 1926 boc
1053 1906 1107 1927 non

1166 255 1306 292 sequitur,
1330 256 1462 284 virtutem
1486 255 1543 292 spei
1567 255 1767 290 diversificari,
1783 256 1848 293 quia
1869 259 2013 293 exspectat

1166 302 1315 338 perfectam
1338 302 1548 331 beatitudinem.

1246 348 1271 376 3.
1294 349 1331 377 Ad
1355 349 1425 377 illud
1446 349 1520 386 quod
1543 349 1689 383 obiicitur,
1713 349 1788 386 qnod
1810 350 1900 378 omnis
1921 350 2012 378 virtus

1168 396 1256 424 tendit
1277 399 1303 424 et
1324 396 1435 424 ordinat
1455 397 1490 424 ad
1514 396 1596 425 finem
1620 404 1703 425 suum
1727 397 1952 433 assequendum3
1975 397 2014 425 di-

1168 443 1300 477 cendum,
1323 443 1397 479 qnod
1421 443 1534 472 tendere
1567 444 1593 471 in
1626 443 1709 472 finem
1733 447 1822 480 potest
1843 452 1902 472 esse
1924 444 2144 480 dupli-Notandum„

1168 489 1250 517 citer:
1284 494 1332 517 aut
1358 490 1551 526 promerendo
1580 494 1607 519 et
1637 490 1823 524 liabilitanclo,
1852 494 1900 518 aut
1921 499 2014 528 cat-spc-

1168 536 1282 564 ciconio.
1299 537 1423 564 Primus
1439 537 1539 566 modus
1556 537 1685 566 tendendi
1702 540 1744 566 est
1758 538 1915 566 communis
1929 538 2014 565 omni-

1168 583 1221 611 bus
1244 583 1411 617 virtutibus,
1432 583 1480 612 sed
1509 583 1588 612 alias
1615 584 1715 613 modus
1745 584 1877 621 proprius
1899 588 1941 613 est
1963 584 2014 621 ipsi

1168 630 1235 667 spei.
1258 630 1339 658 Nulla
1360 630 1433 658 enim
1457 631 1560 659 virtute
1581 635 1782 668 empcctamiis
1814 631 2014 660 beatitudinem

1168 676 1219 705 nisi
1243 676 1382 705 mediante
1404 677 1464 713 ipsa
1486 685 1549 714 spe,
1565 678 1693 715 quamvis
1715 678 1789 706 omni
1807 678 1910 707 virtute
1925 678 2014 715 ipsam

1168 724 1368 752 beatitudinem
1391 732 1567 752 mereamur.
1591 725 1680 754 Potest
1712 725 1825 762 quidem
1849 725 1902 753 alia
1925 725 2015 753 virtus

1168 773 1261 799 actum
1284 771 1464 808 exspectandi
1488 771 1668 808 iiiiperare⁵,
1691 772 1739 801 sed
1757 772 1834 800 nulla
1849 772 1941 801 virtus
1963 772 2014 801 nisi

1168 826 1231 854 spes
1253 821 1341 854 potest
1363 818 1479 851 elicere,
1502 818 1568 855 quia
1590 818 1665 848 illius
1680 819 1794 848 virtutis
1809 822 1850 848 est
1871 822 1964 853 actus,
1981 819 2016 847 lo-

1168 865 1279 902 quendo
1300 865 1463 893 formaliter.

1245 912 1272 940 [ι.
1295 912 1332 940 Ad
1356 912 1423 940 illud
1447 912 1520 949 quod
1544 912 1643 940 ultimo
1671 913 1816 947 obiicitur,
1845 912 1919 950 quod
1943 913 2014 941 sicut

1167 967 1196 987 se
1217 959 1301 987 habet
1321 959 1453 996 yaaclere
1474 959 1509 987 de
1532 959 1604 987 bono
1619 960 1757 996 praesenti
1774 959 1809 988 ad
1831 960 1906 996 ipsas
1928 959 2013 988 virtu-

1168 1009 1222 1039 tes,
1238 1006 1276 1034 sic
1292 1010 1458 1042 exspectare
1474 1006 1577 1034 bonum
1595 1006 1739 1039 futurum;
1756 1006 1915 1040 dicendum,
1938 1006 2013 1043 quod

1167 1061 1219 1081 non
1243 1056 1284 1081 est
1306 1053 1409 1081 simile:
1432 1053 1498 1090 quia
1517 1053 1665 1090 pataliam
1687 1053 1777 1090 surgit
1792 1061 1828 1082 ex
1845 1054 2015 1090 complacen-
2028 1062 2145 1081 Notandum.
2156 1065 2166 1104 Ἰ

1169 1099 1204 1127 tia
1227 1099 1288 1127 boni
1315 1100 1482 1137 praesentis;
1515 1100 1605 1128 omnis
1637 1103 1730 1129 autem
1754 1100 1858 1135 virtus,
1880 1100 1908 1128 in
1930 1108 2014 1138 quan-

1167 1149 1226 1174 tum
1250 1146 1424 1180 huiusmodi,
1457 1154 1521 1175 cum
1554 1147 1685 1175 consistat
1708 1147 1733 1175 in
1757 1147 1838 1184 plena
1861 1147 2012 1182 voluntate,

1167 1201 1238 1229 quae
1260 1194 1372 1230 quidem
1396 1194 1524 1222 voluntas
1546 1194 1699 1230 complacet
1715 1194 1766 1223 sibi
1789 1194 1815 1222 in
1832 1194 1954 1228 obiecto,
1972 1195 2015 1223 vel

1167 1244 1236 1269 accit
1257 1249 1327 1274 sao,
1350 1241 1433 1269 babet
1448 1241 1591 1277 quoddam
1607 1241 1741 1278 gaudium
1765 1241 1816 1270 sibi
1839 1241 2014 1276 adiunctum,

1168 1288 1239 1316 sicnt
1260 1288 1311 1316 sibi
1333 1288 1488 1316 essentiale.
1512 1288 1541 1316 Et
1563 1288 1614 1317 hoc
1643 1293 1685 1317 est
1716 1288 1789 1325 quod
1814 1289 1875 1316 vult
1896 1288 2016 1317 Philoso-

1168 1336 1241 1373 plius
1253 1335 1269 1369 ff,
1292 1335 1364 1372 quod
1389 1335 1484 1364 nullus
1506 1339 1547 1363 est
1569 1343 1633 1364 vere
1649 1338 1754 1370 castus,
1776 1335 1827 1364 nisi
1844 1335 2016 1372 complaceat

1168 1382 1218 1411 sibi
1242 1382 1317 1410 illius
1340 1381 1450 1410 virtutis
1481 1385 1560 1410 actus
1592 1385 1618 1410 et
1651 1390 1736 1416 usus3
1758 1386 1784 1410 et
1806 1382 1828 1411 si
1862 1382 2016 1419 complacet

1168 1429 1236 1463 sibi,
1261 1429 1310 1457 lios·
1334 1428 1392 1465 ipso
1425 1428 1542 1465 gaudet,
1576 1436 1639 1457 cum
1672 1429 1751 1457 illum
1778 1432 1871 1458 actum
1894 1433 2014 1457 exercet.

1168 1476 1252 1505 Secus
1273 1479 1365 1504 autem
1388 1479 1430 1504 est
1452 1476 1486 1504 de
1509 1475 1720 1512 exspectatione
1743 1476 1805 1504 boni
1829 1476 1934 1510 futuri3
1957 1483 2016 1513 pos-

1168 1526 1233 1551 sunt
1254 1523 1327 1551 enim
1349 1523 1472 1551 virentes
1493 1522 1519 1550 in
1550 1530 1615 1551 suos
1636 1526 1715 1552 actus
1737 1522 1832 1557 exire,
1854 1522 1923 1551 nihil
1945 1523 2016 1560 cogi-

1168 1570 1252 1598 tando
1274 1570 1307 1598 de
1330 1569 1562 1598 remuneratione.
1585 1569 1759 1603 Praeterea,
1786 1569 1960 1606 eit-spectatio
1976 1569 2015 1597 su-

1168 1617 1223 1645 turi
1247 1616 1309 1645 boni
1339 1620 1418 1645 actus
1449 1620 1491 1644 est
1523 1616 1654 1645 differens
1684 1616 1719 1644 ab
1751 1616 1859 1645 actibus
1887 1616 2013 1653 ipsarum

1168 1664 1320 1698 virtntnmg
1343 1663 1390 1692 sed
1414 1663 1625 1699 complacentia
1641 1662 1728 1699 ipsius
1743 1665 1822 1691 actus
1844 1662 1958 1691 virtutis
1973 1666 2014 1691 est

1168 1711 1255 1748 ipsius
1276 1714 1355 1739 actus
1377 1711 1493 1738 virtuosi
1521 1710 1756 1747 complementum
1771 1710 1788 1738 ⁷.
1812 1710 1875 1739 Ideo
1900 1718 1952 1739 non
1975 1710 2014 1739 sic

1168 1758 1349 1795 distinguitur
1378 1757 1512 1794 gaudium
1544 1757 1579 1785 ab
1610 1757 1671 1785 aliis
1697 1757 1842 1794 speciebus
1864 1757 2013 1792 virtutum,

1168 1805 1322 1833 secundum
1345 1804 1419 1841 quod
1450 1804 1508 1840 ipsa
1537 1811 1615 1840 spes;
1645 1811 1695 1832 nec
1723 1812 1787 1840 spes
1815 1807 1857 1833 est
1884 1804 2015 1832 omnibus

1168 1851 1324 1880 communis
1345 1855 1372 1879 et
1394 1850 1549 1887 generalis,
1573 1851 1728 1879 secundum
1752 1851 1826 1888 quod
1849 1851 2013 1887 gaudium&

1026 2009 1189 2045 QUAESTIO
1212 2009 1251 2037 111.

731 2108 833 2136 tim-zon
855 2116 919 2145 spes
940 2108 978 2136 sit
1001 2108 1095 2136 virttis·
1117 2107 1296 2141 cardinalis,
1319 2116 1359 2135 an
1382 2106 1549 2144 tlicoloyica.

341 2219 432 2247 Tertio
454 2218 608 2255 quaeritur,
624 2222 718 2247 utrum
742 2227 805 2255 spes
821 2219 855 2246 sit
874 2219 963 2246 virtus
986 2219 1110 2247 cardina-

262 2266 348 2300 nal'1s.
370 2274 403 2294 an
428 2266 588 2302 theologica.
613 2266 643 2294 Et
663 2266 736 2302 quod
761 2265 926 2302 theologica,
950 2265 1069 2294 videtur.

343 2314 366 2340 l.
389 2312 495 2341 Primae
517 2312 551 2340 ad
574 2312 730 2341 Corinthios
752 2312 859 2340 decimo
882 2312 962 2340 tertio
978 2312 1003 2340 ⁹:
1024 2311 1109 2340 Nunc

262 2364 379 2387 manent
399 2359 485 2396 ficies,
506 2368 585 2396 spes,
608 2359 736 2392 caritas,
760 2359 820 2387 iria
841 2358 928 2387 liaeo:
959 2359 1044 2396 igitur
1071 2360 1106 2387 ab

261 2407 388 2444 Apostolo
410 2414 473 2443 spes
496 2410 661 2435 numeratur
683 2406 754 2435 inter
776 2407 893 2435 virtutes
919 2406 1106 2443 theologicas:

261 2454 283 2481 si
305 2461 370 2490 ergo
393 2461 458 2481 vere
480 2456 506 2481 et
529 2453 655 2489 proprie.
677 2461 790 2481 necesse
812 2456 868 2486 est,
890 2460 968 2489 spem
990 2452 1106 2489 reperiri

261 2500 287 2527 in
310 2507 410 2536 genere
433 2499 542 2528 virtutis
566 2499 743 2535 theologicae.

1246 2220 1272 2246 ι).
1295 2218 1377 2251 ltem,
1400 2218 1447 2245 illa
1469 2218 1558 2246 virtus
1579 2221 1621 2246 est
1642 2217 1808 2254 theologica,
1837 2225 1908 2254 quae
1932 2218 2014 2247 babet

1168 2266 1250 2294 finem
1273 2265 1457 2294 cardinalium
1481 2265 1617 2293 virtutum
1640 2273 1690 2301 pro
1712 2264 1819 2293 obiecto
1831 2265 1863 2299 ¹⁰3
1880 2265 1928 2294 sed
1950 2273 2013 2302 spes

1166 2313 1250 2341 habet
1264 2312 1347 2341 finem
1363 2312 1487 2340 omnium
1506 2312 1641 2339 virtutum
1661 2320 1711 2348 pro
1730 2312 1837 2340 obiecto
1857 2328 1896 2331 —
1917 2312 2014 2349 exspe-

1166 2362 1221 2388 ctat
1235 2359 1307 2387 enim
1325 2366 1464 2387 summam
1481 2358 1681 2387 beatitudinem
1703 2362 1730 2387 et
1749 2359 1898 2395 perfectam
1921 2367 2012 2388 remu-

1165 2406 1335 2434 nerationem
1358 2422 1396 2425 —
1417 2413 1483 2441 ergo
1507 2409 1548 2433 est
1569 2405 1659 2433 virtus
1682 2405 1843 2442 theologica.

1244 2452 1269 2481 3.
1291 2453 1371 2486 ltem,
1401 2452 1506 2485 virtus=
1535 2460 1606 2489 quae
1636 2452 1758 2480 maxime
1785 2452 1925 2480 subservit
1951 2460 2012 2480 con-

1165 2499 1334 2536 templationi
1358 2502 1385 2527 et
1406 2499 1470 2527 facit
1491 2507 1605 2527 sursum
1628 2499 1754 2532 tendere,
1774 2502 1815 2527 est
1835 2498 1923 2527 virtus
1940 2499 2013 2527 theo-

325 2656 331 2670 ¹
351 2657 407 2679 Vide
425 2663 493 2684 supra
513 2657 534 2678 d.
554 2657 590 2678 213.
609 2664 628 2679 n.
652 2658 668 2678 Ι.
687 2664 708 2686 q,
727 2657 747 2679 3.
766 2657 794 2679 ad
818 2658 833 2679 1.
851 2661 873 2679 et
891 2657 945 2679 dub.
965 2658 1028 2679 3.-
1042 2658 1109 2680 Paulo

261 2696 367 2722 superius
385 2702 426 2722 pro
443 2695 484 2718 scd
500 2694 532 2717 [αἱ
549 2702 623 2717 linum.
641 2695 692 2717 cod.
711 2697 727 2717 A
746 2695 786 2717 sed
802 2695 870 2717 eliam
889 2695 921 2717 acl
937 2702 1021 2718 nizam.

322 2734 331 2748 ’ἲ
349 2734 404 2756 Coil.
423 2735 438 2756 Z
455 2741 497 2763 per
514 2734 581 2757 [llam
600 2734 679 2763 [sinnii
698 2735 750 2756 andi
768 2734 857 2764 sillem]
876 2736 997 2763 Aliquanto
1015 2736 1109 2757 inferius

260 2776 310 2794 ante
327 2778 374 2795 rnon
394 2772 479 2795 recedit
497 2773 545 2795 Vnt.
565 2774 669 2795 interiit-it
686 2773 745 2796 ideo.

324 2811 333 2825 ³
350 2812 391 2833 Pro
409 2812 577 2842 nqyreyntione
604 2813 695 2840 plurimi
721 2813 788 2835 codd.
816 2813 1010 2842 concrepatione,
1030 2819 1108 2842 qnem-

260 2850 387 2873 admodum
405 2852 471 2873 etiam
491 2852 511 2872 in
531 2855 589 2873 textu
608 2852 689 2879 origin.
708 2852 797 2879 legitur.
817 2852 866 2873 Mox
884 2858 926 2880 pro
936 2858 980 2881 per
992 2852 1044 2874 cdd.
1056 2858 1108 2881 pro-

259 2890 318 2918 pter.
336 2890 439 2912 Subinde
458 2897 498 2918 pro
521 2890 720 2920 aequivalenliam
737 2891 805 2913 codd.
824 2891 867 2913 UZ
885 2891 1105 2920 aequipollentiam]

261 2928 311 2949 cod.
330 2929 345 2949 Ᾱ
363 2929 536 2957 aequalilatem.

324 2966 331 2979 ⁴
352 2967 414 2988 Vcrs.
438 2968 469 2988 19.

1228 2657 1238 2671 ⁵
1257 2658 1283 2680 Ut
1301 2657 1364 2683 tides,
1384 2658 1418 2678 vel
1438 2657 1526 2679 caritas.
1539 2656 1584 2679 Cfr.
1603 2660 1690 2685 quaest.
1709 2663 1756 2685 seq.
1775 2656 1803 2678 ad
1823 2656 1842 2677 5.
1863 2668 1892 2671 -—
1910 2656 1931 2677 ln
1949 2656 2011 2677 initio

1167 2697 1232 2719 scint⁴
1246 2703 1287 2724 pro
1305 2696 1400 2719 ordinat
1417 2696 1470 2718 cdd.
1489 2695 1624 2718 ordinatur.

1229 2736 1238 2750 ⁶
1257 2735 1313 2757 Vide
1338 2742 1407 2763 supra
1436 2741 1488 2763 pag.
1515 2735 1571 2762 5559,
1596 2738 1647 2756 nota
1665 2735 1685 2756 6.
1704 2747 1734 2750 -
1751 2734 1814 2757 Circa
1833 2734 1920 2755 initium
1944 2733 2010 2754 solut.

1167 2777 1217 2802 post
1234 2774 1343 2803 futnrnm
1365 2774 1413 2796 vat.
1432 2774 1494 2796 addit
1511 2773 1543 2796 ad
1559 2773 1629 2803 ipsas.

1229 2814 1238 2828 7
1255 2813 1299 2835 Csr.
1318 2814 1373 2835 int'rn
1393 2820 1411 2835 a.
1431 2815 1451 2835 2.
1470 2820 1490 2842 q.
1511 2813 1531 2835 4.

1229 2853 1238 2867 ⁸
1256 2853 1312 2875 Vide
1330 2853 1431 2875 scholion
1450 2852 1478 2874 nd
1497 2852 1671 2880 praecedentem
1690 2853 1778 2879 quaest.

1228 2892 1237 2906 ⁹
1256 2892 1319 2914 Vcrs.
1341 2892 1375 2914 13.
1530 2910 1533 2913 ,

1229 2930 1246 2944 ¹⁰
1263 2930 1307 2952 Csr.
1326 2931 1381 2952 infra
1401 2930 1422 2952 d.
1441 2930 1477 2952 33.
1495 2936 1516 2958 q.
1536 2930 1560 2957 l,
1579 2929 1702 2958 praecipue
1714 2927 1743 2949 ad
1756 2927 1776 2949 3.
1791 2927 1844 2949 lbid.
1863 2927 1891 2949 ad
1910 2927 1930 2949 4.
1948 2927 2010 2949 vidc-

1165 2970 1195 2991 sis
1214 2969 1241 2991 dc
1258 2968 1346 2991 maiori·
1362 2975 1410 2996 arg.
1429 2975 1476 2996 seq.

2157 1118 2159 1128 i

2158 1223 2161 1230 ι
