2166 3366
243 196 299 223 75⁹2

243 272 317 301 venit
349 271 495 300 ostendere
517 273 544 299 et
566 270 675 299 docere.
709 270 740 299 Ut
768 277 834 306 ergo
864 269 1089 297 manifestaretur

242 320 360 353 veritas,
382 319 464 352 dicit,
486 326 551 346 eum
573 317 674 354 spiritu
696 317 804 345 timoris
826 317 966 353 repletum
987 317 1089 351 fuisse,

243 367 308 404 quia
330 367 412 394 timor
435 366 506 394 inter
525 365 618 393 omnia
633 365 705 393 dona
721 365 844 393 maxime
859 364 974 401 expedit
989 364 1024 393 ad
1040 364 1090 393 hu-

243 413 387 441 militatem
400 413 415 439 ¹.
438 411 547 449 Duplici
563 419 630 448 ergo
645 419 680 440 ex
696 419 781 440 causa
798 411 914 440 verbum
932 410 1002 439 illud
1017 410 1090 439 dono

243 460 350 488 timoris
371 459 565 496 appropriat,
588 458 717 495 quamvis
739 458 869 486 omnibus
884 457 1037 496 conveniat,
1053 458 1090 485 vi-

242 507 342 535 delieet
364 510 477 543 propter
498 506 612 534 erroris
633 505 827 534 emotusiouem
849 508 875 533 et
890 507 1004 541 propter
1018 504 1091 532 veri-

243 554 311 582 tatis
343 552 627 590 metuifestrttiouem,
650 560 722 589 quae
744 555 809 581 sunt
830 552 903 580 duae
925 559 1026 580 causae
1054 551 1091 579 fa-

243 600 332 629 ciendi
354 599 626 637 appropriationem
639 598 658 626 2.

320 646 359 675 Ad
389 646 458 674 illud
488 646 562 683 quod
591 645 738 680 obiicitur„
768 645 843 682 quod
866 645 955 682 magis
977 645 1092 673 deberet

243 694 287 723 isti
316 693 492 730 appropriari
524 693 644 722 verbum
674 692 896 731 requie.s·eemli;
924 692 1091 726 dicendum,

243 741 318 778 quod
340 741 445 769 donum
468 740 584 768 timendi
600 742 750 777 praeparat
765 740 856 769 locum
877 739 960 773 alii³;
976 743 1002 768 et
1026 739 1092 776 quia

244 788 324 817 loeus
346 796 399 816 non
422 780 524 816 dicitur
554 788 667 824 proprie
688 787 853 825 quiescere,
876 787 924 815 sed
946 787 1035 823 magis
1057 786 1093 814 lo-

244 839 342 864 catum
372 835 399 863 in
421 835 498 863 loeo:
521 835 586 863 hino
607 837 664 869 θεῖ,
687 834 762 871 quod
787 834 904 863 verbum
927 833 1094 872 quiescendi

246 883 333 920 magis
355 882 483 911 attribuit
504 882 618 919 Spiritui
643 883 669 910 in
691 882 753 910 aliis
774 882 855 911 donis
876 889 961 918 quam
978 882 1003 909 in
1020 881 1093 910 dono

245 930 362 958 timoris.

608 1071 676 1099 DUB.
698 1071 726 1099 ΙΙ.

324 1213 390 1241 [tem
411 1212 558 1249 quaeritur
581 1212 615 1240 de
638 1211 689 1240 hoe
711 1211 785 1248 quod
809 1211 893 1239 dicit:
917 1210 1039 1239 Sei-uilis
1062 1210 1093 1238 ti-

245 1268 310 1288 mor
336 1259 518 1297 prineipimn
547 1263 587 1287 est
615 1258 784 1295 sapientiae.
809 1258 861 1286 Hoe
884 1258 958 1287 enim
981 1258 1093 1286 videtur

245 1307 362 1340 salsum,
384 1307 450 1344 quia.
470 1306 618 1343 sapientia
644 1314 697 1334 non
720 1308 762 1334 est
792 1305 819 1333 in
847 1308 1009 1342 peccatore,
1037 1313 1095 1333 ser-

247 1354 311 1382 uilis
332 1357 426 1382 autem
449 1353 537 1382 timor
560 1353 585 1381 in
609 1353 801 1389 peccatoribus
824 1352 1002 1389 reperitur⁴2
1026 1360 1093 1389 ergo

246 1401 317 1429 male
340 1401 458 1435 dieitur,
479 1400 552 1437 quod
578 1400 665 1428 linior
686 1399 802 1428 servilis
818 1399 852 1428 sit
868 1399 1036 1436 principium
1054 1407 1094 1428 sa-

245 1448 372 1485 pientiae.
388 1464 427 1468 —
441 1448 524 1481 item,
540 1447 660 1475 nobilius
675 1450 717 1475 est
732 1446 900 1483 principium
922 1454 1006 1483 quani
1022 1446 1096 1482 prin-

245 1494 394 1531 cipiatum,
417 1494 461 1523 vel
483 1494 580 1523 saltem
603 1501 692 1531 aeque
708 1494 840 1528 nobile⁵;
862 1493 911 1522 sed
934 1493 1022 1522 timor
1036 1501 1094 1521 ser-

248 1541 312 1570 vitis
334 1550 387 1569 non
409 1545 452 1570 est
480 1541 568 1578 magis
594 1541 695 1569 nobilis
723 1548 773 1569 nee
802 1543 927 1574 tantum,
957 1543 1094 1577 quantum

245 1588 411 1625 sapientia:
434 1596 500 1625 ergo
523 1588 594 1616 male
616 1588 735 1622 dieitur,
764 1587 839 1625 qnod
869 1587 904 1616 sit
924 1586 1093 1624 principium

246 1636 405 1673 sapientiae.

326 1683 506 1711 RESPONDEo:
529 1682 699 1715 Dicendum.
722 1682 795 1719 quod
817 1682 900 1710 timor
917 1681 1020 1710 dicitur
1035 1689 1097 1710 esse

118 1736 232 1754 Notandum·
246 1730 416 1767 principium
438 1730 605 1767 sapientiae,
629 1738 679 1766 pro
701 1738 733 1759 eo
754 1729 830 1766 quod
852 1729 980 1766 disponit
1002 1729 1034 1757 ad
1052 1736 1096 1757 su-

247 1777 418 1814 scipiendam
441 1777 605 1814 sapientiam
628 1780 654 1805 et
676 1776 864 1806 recedendum
880 1784 897 1804 a
912 1776 1002 1813 culpa.
1021 1775 1095 1804 Unde

247 1824 319 1853 sicut
340 1824 484 1861 dispositio
506 1827 595 1861 potest
617 1823 738 1860 quodam
756 1823 838 1851 niodo
853 1822 906 1851 dici
923 1822 1092 1859 principium

247 1874 377 1907 respectu
398 1871 473 1905 eius,
495 1871 530 1898 ad
552 1870 627 1907 quod
650 1870 790 1906 disponit;
806 1869 845 1898 sie
861 1869 942 1897 etiam
960 1869 1043 1897 timor
1058 1869 1097 1897 di-

247 1918 320 1946 citur
342 1917 492 1954 sapientiae
513 1925 573 1946 esse
595 1917 762 1954 principium
777 1916 795 1943 ⁸.

327 1964 365 1992 Ad
388 1964 457 1992 illud
479 1971 546 2000 ergo
567 1964 642 2001 quod
658 1963 803 1997 obiicitur,
826 1963 900 2000 quod
925 1963 1092 1999 principium

247 2015 274 2039 et
295 2010 492 2048 principiatnm
522 2013 637 2047 possunt
665 2018 695 2039 se
716 2010 834 2047 compati
859 2010 885 2038 in
908 2010 1025 2044 eodemg
1057 2010 1096 2038 di-

128 2067 233 2086 nisnucno.
248 2058 384 2092 cendum,
406 2058 480 2094 quod
502 2061 543 2086 est
566 2057 733 2095 principium
766 2057 847 2085 intra
875 2061 902 2086 et
923 2057 1092 2094 principium

920 191 1173 233 SENTENTIARUM
1194 191 1257 233 Llss.
1275 191 1316 219 ΙΙΙ.

1148 273 1241 298 eoecrct.
1265 270 1303 298 De
1325 269 1460 307 principio
1490 269 1571 298 intra
1598 269 1683 298 habet
1708 270 1870 304 veritatem;
1899 270 1934 299 de
1962 278 1994 299 eo

1149 320 1258 351 aulem,
1280 317 1355 354 quod
1378 320 1419 346 est
1445 316 1613 354 principium
1635 320 1736 351 extra,
1758 317 1934 346 solummodo
1959 317 1995 345 lo-

1149 372 1211 392 cum
1235 372 1421 401 praeparans,
1444 363 1588 392 veritatem
1612 371 1665 391 non
1681 363 1773 392 habet.
1791 364 1820 392 Et
1836 364 1887 392 boe
1903 364 1994 398 modo,

1148 419 1202 439 non
1225 411 1316 448 primo
1338 411 1440 439 dicitur
1461 410 1545 438 timor
1565 410 1734 447 principium
1757 411 1907 448 sapientiae
1918 412 1935 438 ⁷.

1228 458 1267 487 Ad
1288 458 1359 486 illud
1381 458 1456 495 qnod
1485 457 1629 491 obiicitur.
1659 458 1734 494 quod
1763 457 1930 494 principium
1953 460 1995 486 est

1150 505 1237 541 magis
1259 505 1367 539 nobile,
1389 505 1434 533 vel
1456 512 1544 541 aeque
1559 512 1642 541 quam
1666 504 1883 541 principiatum;
1905 504 1995 533 dicen-

1150 552 1234 585 dum,
1256 552 1330 589 quod
1353 555 1394 581 est
1415 551 1584 589 principium
1604 551 1758 588 disponens
1780 555 1807 580 et
1827 551 1996 589 principium
2009 556 2115 576 Distinetio-

1150 598 1273 637 efficiens
1295 602 1320 627 et
1337 598 1513 635 perficiens;
1541 598 1611 627 illud
1641 601 1734 626 autem
1764 606 1862 627 verum
1892 602 1934 627 est
1962 598 1997 627 de

1150 646 1286 682 pi‘ineipio
1304 645 1487 682 perficiente,
1509 653 1563 673 non
1586 648 1679 673 autem
1704 653 1802 674 verum
1818 649 1859 674 est
1874 645 1909 674 de
1924 645 1997 682 prin-

1151 693 1221 729 cipio
1243 693 1409 729 disponente
1420 692 1438 720 ⁸.

1508 834 1577 862 Due.
1599 833 1639 861 Ill.

1231 975 1296 1004 item
1319 975 1465 1012 quaeritur
1480 975 1514 1004 de
1530 975 1582 1003 boe
1597 975 1670 1012 quod
1688 975 1772 1004 dicit:
1794 975 1923 1011 Quidam
1939 979 2000 1004 tan-

1152 1025 1212 1049 tum
1233 1022 1395 1050 seeundum
1422 1021 1551 1059 effectum
1574 1022 1707 1050 timorem
1730 1022 1761 1050 in
1784 1021 1899 1051 Christo
1921 1026 1947 1051 et
1968 1022 2000 1050 in

1153 1069 1271 1106 Ληρεῖτε
1285 1077 1344 1097 esse
1359 1069 1541 1097 contendunt.
1558 1070 1589 1097 Et
1603 1069 1729 1104 videtur,
1752 1069 1827 1106 quod
1849 1069 1942 1098 dicant
1957 1077 2001 1098 ve-

1152 1116 1277 1150 ritatem,
1299 1116 1378 1153 qnia,
1397 1116 1551 1144 secundum
1574 1116 1649 1153 quod
1672 1116 1774 1145 dieitur
1796 1116 1903 1153 primae
1925 1116 2000 1145 Ioan-

1152 1163 1194 1192 nis
1209 1166 1309 1200 quarto
1321 1163 1341 1197 ⁰,
1363 1163 1480 1192 affectus
1502 1163 1617 1192 timoris
1632 1172 1758 1200 poe-nam
1780 1163 1884 1197 haben
1906 1164 1999 1193 sedin

1152 1210 1261 1238 Christo
1282 1210 1335 1238 iani
1360 1210 1512 1247 glorificato
1534 1213 1560 1239 et
1582 1210 1609 1238 in
1633 1211 1741 1247 Angelis
1757 1210 1844 1239 beatis
1866 1210 1944 1239 nulla.
1958 1214 2000 1240 est

1152 1257 1259 1286 affectio
1281 1257 1423 1294 poenalis:
1452 1265 1518 1294 ergo
1547 1266 1601 1285 non
1629 1261 1671 1286 est
1700 1257 1782 1285 timor
1804 1261 1940 1294 quantum
1963 1258 1998 1287 ad

1150 1302 1297 1341 affectunt,
1313 1304 1360 1332 sed
1378 1304 1469 1332 solum
1485 1308 1622 1341 quantum
1638 1304 1672 1333 ad
1688 1303 1826 1341 effectum,
1844 1307 1875 1333 ut
1893 1304 1998 1333 dieunt.

1152 1367 1191 1371 —
1212 1351 1264 1380 Sed
1291 1351 1317 1379 in
1342 1351 1513 1379 contrarium
1539 1351 1624 1380 huius
1646 1352 1792 1388 arguitur:
1815 1352 1880 1389 quia
1902 1360 2001 1380 unum-

1153 1399 1285 1436 quodque
1307 1398 1411 1427 donum
1434 1398 1556 1427 nobilius
1575 1401 1617 1427 est
1631 1402 1767 1436 quantum
1790 1399 1825 1428 ad
1847 1399 1889 1428 sui
1911 1408 2001 1428 essen-

1154 1445 1227 1474 tiam
1257 1453 1341 1482 quam
1374 1449 1510 1482 quantum
1533 1445 1568 1473 ad
1591 1444 1740 1483 effectum:
1763 1446 1784 1474 si
1807 1454 1873 1483 ergo
1895 1446 2000 1475 donum

1154 1492 1261 1521 timoris
1282 1496 1324 1521 est
1346 1493 1372 1521 in
1395 1492 1504 1521 Christo
1526 1496 1553 1521 et
1575 1492 1602 1520 in
1623 1493 1733 1530 Angelis
1754 1496 1890 1530 quantum
1906 1493 1942 1521 ad
1963 1492 2001 1530 ef-

1153 1538 1281 1577 fectum,
1302 1540 1391 1569 multo
1421 1540 1519 1568 fortius
1541 1543 1582 1568 est
1604 1540 1630 1568 in
1652 1540 1707 1569 illis
1728 1543 1864 1578 quantum
1894 1540 1928 1569 ad
1957 1539 2002 1577 afi

1153 1585 1270 1624 sectum.

1234 1634 1413 1662 Responneo:
1436 1634 1606 1668 Dicendum,
1625 1634 1700 1671 quod
1723 1634 1749 1663 in
1772 1635 1871 1663 timore
1893 1634 2000 1672 duplex
2025 1642 2098 1666 Duplex
2114 1641 2140 1660 af-

1154 1684 1196 1709 est
1217 1680 1337 1718 affectus
1358 1684 1386 1709 et
1406 1681 1511 1718 duplex
1534 1681 1617 1709 etiam
1639 1680 1762 1719 effectus.
1785 1682 1830 1711 Est
1845 1682 1918 1711 enim
1933 1681 1999 1720 affe·
2013 1665 2142 1708 igssi3‡.⁶²⁴³f'

1154 1732 1217 1756 ctus
1239 1736 1328 1761 unus,
1350 1728 1398 1765 qui
1413 1728 1566 1757 attenditur
1582 1728 1609 1756 in
1624 1729 1745 1765 quadam
1761 1729 1912 1758 resilitione
1928 1737 2001 1758 men-

1154 1775 1188 1803 tis
1210 1783 1225 1803 a
1246 1775 1343 1807 mah»,-
1365 1775 1452 1809 alius,
1478 1775 1525 1812 qni
1548 1776 1701 1804 attenditur
1722 1776 1749 1804 in
1771 1776 1892 1813 quadam
1915 1776 2001 1805 resili-

1153 1822 1226 1850 tione
1248 1830 1264 1850 a
1292 1829 1402 1850 summe
1431 1822 1535 1850 arduo.
1566 1822 1648 1850 Primi
1678 1822 1786 1851 timoris
1813 1822 1929 1860 effectu-s
1957 1826 1999 1852 est

1154 1868 1258 1896 malum
1282 1876 1434 1904 respuere3
1456 1869 1571 1897 secundi
1595 1869 1701 1898 timoris
1722 1868 1837 1906 effeetus
1852 1873 1893 1898 est
1908 1870 1999 1899 facere

1153 1915 1209 1943 Deo
1231 1915 1376 1943 subiacere
1397 1918 1424 1943 et
1445 1915 1535 1943 eidem
1558 1915 1680 1944 obedire.
1704 1916 1778 1945 Unus
1800 1919 1893 1945 autem
1923 1917 1999 1946 solus

1153 1961 1270 1990 istorum
1293 1960 1451 1999 affectuum
1466 1962 1594 1990 convenit
1609 1963 1731 1999 patriae,
1755 1963 1815 1991 licet
1831 1967 1950 2000 uterque
1965 1964 2002 1992 af-

1152 2009 1241 2038 fectus
1256 2009 1400 2038 conveniat
1416 2009 1458 2037 isti
1475 2010 1558 2038 statui
1572 2009 1597 2037 ¹⁰.
1615 2010 1645 2038 Et
1660 2010 1699 2038 sie
1712 2010 1833 2039 rationes
1847 2011 1881 2039 ad
1899 2014 2002 2040 utram-

1152 2064 1207 2093 que
1222 2059 1329 2093 partem
1346 2060 1463 2093 possunt
1477 2056 1600 2085 dissolvi.

312 2601 318 2615 ¹
338 2600 383 2623 Csr.
402 2599 442 2630 liieJ
454 2601 484 2622 lit.
504 2601 615 2628 Magistri,
634 2606 653 2622 e.
667 2600 687 2622 3.
706 2600 764 2622 cirea
778 2599 858 2626 finem,
877 2602 899 2621 et
916 2605 984 2627 supra
1002 2605 1021 2621 a.
1041 2599 1061 2620 Ξ.
1074 2605 1096 2627 q.

251 2641 270 2663 3.
288 2640 317 2663 ad
335 2641 356 2662 8.
375 2646 416 2662 nee
434 2646 477 2662 non
496 2646 518 2668 p.
537 2640 559 2661 ll.
578 2646 598 2661 a.
617 2640 637 2661 2.
656 2646 677 2668 q.
696 2640 717 2661 ⁴2.
735 2640 756 2660 in
775 2644 838 2666 corp.

313 2678 322 2692 2
340 2678 397 2700 Vide
416 2679 428 2700 Ι.
447 2678 507 2700 Sciit.
526 2677 547 2699 d.
566 2677 602 2700 34.
621 2684 642 2706 q.
661 2678 682 2699 3.

313 2716 322 2731 ³
340 2717 366 2739 Ut
384 2717 483 2739 insinuat
499 2717 604 2744 August,
622 2717 658 2738 nic
675 2717 696 2738 in
716 2716 745 2739 lit.
765 2717 875 2744 Magistri,
888 2724 906 2738 c.
925 2716 946 2738 5.
959 2728 990 2732 —-—
1002 2716 1033 2737 De
1047 2721 1096 2743 pro-

251 2757 316 2783 posit.
335 2762 382 2784 seq.
401 2756 440 2778 cl'r.
459 2756 556 2783 Aristot„
569 2755 605 2778 lV.
623 2756 689 2783 Phys.
703 2758 754 2778 text.
773 2755 808 2777 30.
822 2761 886 2783 seqq.
905 2756 937 2781 (c.
958 2755 995 2783 4.).
1009 2768 1039 2770 -
1051 2754 1096 2777 Cir.

251 2794 279 2816 <le
296 2796 339 2817 boc
356 2795 428 2817 dubio
447 2795 468 2817 Β.
486 2794 578 2820 Albert..
597 2796 632 2817 liic
650 2801 669 2817 a.
688 2794 709 2816 5.
728 2795 868 2823 quaestione.
888 2795 913 2822 2;
932 2795 988 2816 Pctr.
1007 2800 1019 2816 a
1035 2794 1095 2821 Tar„

254 2833 288 2854 liic
306 2833 364 2854 circa
383 2833 412 2855 lit.

313 2871 322 2885 ⁴
340 2872 398 2894 Vide
415 2872 472 2894 iun-a
490 2878 511 2900 p.
531 2872 552 2894 ll.
565 2878 585 2894 a.
608 2873 624 2894 l.
643 2878 664 2900 q.
688 2872 704 2893 1.
722 2875 744 2894 et
761 2871 815 2893 ibid.
834 2871 889 2893 dub.
908 2872 928 2893 2.
947 2884 976 2886 —
994 2871 1097 2893 Proxime

253 2912 303 2936 post
321 2916 362 2937 pro
380 2909 466 2933 [licitur
483 2910 550 2933 codd.
569 2912 585 2932 A
597 2911 617 2932 X
635 2910 696 2933 dicit.

314 2948 323 2962 ⁵
341 2948 384 2970 Cir.
402 2955 472 2976 supra
489 2955 542 2977 pag.
560 2950 618 2976 722,
638 2953 689 2971 nota
707 2950 727 2971 8.

315 2985 324 2999 ‘3
341 2987 406 3008 ticoli.
429 2987 445 3014 l,
464 2988 505 3009 27:
524 2988 603 3010 Timor
621 2988 710 3010 Domini
724 2988 815 3016 expellit
827 2992 955 3016 peccalum.
970 2988 1027 3010 Vide
1040 2989 1095 3010 inl'i'tl

1154 2604 1176 2626 p.
1194 2598 1216 2619 ll.
1234 2604 1254 2620 a.
1277 2598 1294 2619 l.
1312 2604 1334 2626 q.
1357 2597 1373 2619 l.
1392 2596 1421 2619 ad
1443 2597 1459 2618 1.
1480 2608 1511 2613 —
1529 2596 1577 2618 Mox
1595 2596 1668 2618 vei-ho
1685 2594 1794 2618 obiicitur
1811 2595 1862 2617 cod.
1881 2595 1902 2617 X
1919 2595 1999 2623 praefi-

1154 2638 1186 2665 git
1202 2637 1286 2666 primo.

1219 2675 1228 2689 ⁷
1243 2675 1287 2698 Csr.
1306 2676 1342 2697 liic
1354 2675 1383 2697 lit.
1397 2675 1508 2703 Magistri,
1522 2681 1539 2697 c.
1558 2675 1579 2702 ὅ,
1592 2678 1614 2697 et
1625 2675 1646 2696 7.
1660 2680 1701 2697 nec
1719 2680 1762 2696 non
1776 2674 1832 2695 insrn
1846 2680 1868 2701 p.
1882 2674 1896 2695 ll
1909 2673 1964 2695 dub.
1977 2673 1999 2696 5.

1216 2715 1225 2729 s
1239 2715 1274 2737 'De
1292 2716 1335 2737 hoc
1353 2714 1425 2736 dubio
1442 2714 1482 2736 cfr.
1498 2715 1520 2736 S.
1534 2714 1624 2742 Tuom„
1643 2715 1679 2736 liic
1696 2715 1754 2736 cii-cn
1773 2714 1814 2741 lit.;
1833 2714 1889 2735 Pelr.
1907 2719 1919 2735 ει
1938 2713 1999 2739 Tar„

1154 2755 1190 2777 bic
1207 2755 1265 2776 circa
1283 2754 1314 2776 lit.

1216 2792 1226 2807 9
1244 2793 1308 2814 Vers.
1330 2793 1367 2814 ¹8:
1381 2792 1460 2814 Timor
1472 2797 1570 2819 poenam
1589 2791 1664 2813 habt-t.
1677 2803 1706 2806 —-
1719 2791 1741 2812 ln
1753 2789 1842 2812 minori
1853 2796 1895 2818 pro
1907 2790 1998 2820 affectio

1153 2831 1259 2861 poenalis
1277 2831 1328 2854 cod.
1347 2832 1365 2853 li
1384 2830 1475 2861 affectio
1495 2836 1590 2860 poenae.

1218 2870 1236 2885 ¹⁰
1254 2870 1311 2893 Vide
1328 2870 1384 2892 intra
1403 2876 1424 2898 p.
1444 2870 1466 2891 ΙΙ.
1484 2876 1503 2891 a.
1522 2870 1543 2891 2.
1567 2875 1588 2897 q.
1607 2870 1627 2891 3.
1645 2871 1666 2890 et
1683 2867 1738 2890 dub.
1760 2868 1776 2889 1.
1794 2879 1824 2883 —-
1840 2868 1882 2890 Pro
1898 2868 1999 2891 istorum

1154 2909 1282 2939 affectuum
1300 2908 1352 2931 odd.
1370 2908 1471 2931 istorum
1488 2908 1618 2937 efflvtumn.
1632 2919 1661 2921 —
1674 2906 1705 2928 De
1717 2907 1761 2928 lioe
1777 2905 1848 2928 <lubio
1866 2907 1906 2928 cir.
1924 2907 1947 2928 B.
1966 2907 1999 2928 ..xl-

1155 2948 1219 2976 bert.,
1238 2949 1273 2970 liic
1290 2948 1350 2970 ;1.·”3.
