2166 3366
256 170 314 198 470

335 246 466 274 Similiter
488 246 535 273 illa
556 245 679 274 secunda
704 253 785 281 pars,
814 245 840 272 in
869 252 925 281 qua
953 243 1101 279 explanat,

256 293 375 330 qualiter
397 292 451 320 fide
473 292 628 320 creduntur
649 299 721 328 quae
753 299 806 318 non
838 290 986 324 videntur,
1018 289 1103 318 babet

255 343 312 368 tres
333 343 435 376 partes.
457 339 485 367 In
507 346 628 375 quarum
652 337 742 375 prima
773 338 848 374 ponit
876 337 952 365 illius
983 336 1101 365 membri

256 385 489 423 explanationem.
512 386 539 413 In
561 385 684 414 secunda
699 392 765 413 vero
781 384 1006 421 explanationem
1022 391 1100 412 suam

256 433 402 461 confirmat
422 440 472 469 per
494 432 682 461 definitionem
704 431 841 468 Apostoli,
863 439 918 468 qua
931 431 940 445 ¹
957 430 1041 459 fidem
1058 438 1104 458 no-

256 479 355 513 tificat,
377 479 429 507 ibi:
453 479 502 507 Ait
523 479 599 507 enim
621 478 792 515 Apostolus:
811 478 899 505 Fides
914 481 954 505 esi
969 476 1103 505 substan-

932 165 1183 194 SENTENTIARUM
1205 165 1265 193 LIB.
1288 165 1327 192 Ill.

1161 242 1202 270 tici
1223 251 1324 271 rerum
1346 242 1568 279 sperandarum
1590 245 1640 270 etc.
1663 241 1690 269 In
1713 241 1794 269 tertia
1810 248 1876 269 vero
1892 240 2007 278 inquirit

1160 289 1194 317 de
1209 289 1256 317 illa
1271 289 1471 326 descriptione,
1487 291 1584 316 utrum
1600 288 1636 316 sit
1647 287 1842 316 convenienter
1854 287 2004 323 assignata,

1160 336 1211 364 ibi:
1235 336 1268 364 S‘i
1287 344 1354 364 vero
1370 335 1542 373 quaeritur,
1558 343 1599 363 cm
1614 333 1683 362 lictec
1698 333 1853 370 descriptio
1868 334 1929 370 spei
1944 342 2008 362 con-

1159 383 1257 411 veniat
1277 386 1328 411 etc.
1350 383 1558 411 Subdivisiones
1580 384 1673 410 autem
1697 381 1817 417 partium
1846 380 2006 409 manifestae

1161 432 1226 458 sunt
1247 430 1274 457 in
1297 429 1396 458 littera.

907 575 1092 604 TRACTATIO
1114 575 1356 611 QUAESTIONUM.

335 677 373 706 Ad
396 676 604 713 intelligentiam
620 679 715 704 autem
736 675 822 704 huius
837 675 924 712 partis
947 674 1042 703 incidit
1057 674 1102 702 bic

256 724 381 761 quaestio
403 723 476 752 circa
498 723 561 751 duo.

336 771 425 798 Primo
447 770 519 799 enim
543 771 688 807 quaeritur
711 770 745 798 de
774 770 833 806 ipsa
855 768 909 797 fide
940 768 1101 805 simpliciter

256 818 329 847 dicta
351 818 409 846 sive
430 817 556 846 formata.
726 816 728 819 ’
891 830 893 832 -

334 864 460 893 Secundo
481 863 627 901 quaeritur
649 863 683 892 de
705 863 760 891 fide
782 862 903 900 quodam
920 862 1003 891 modo
1025 861 1103 890 dimi-

255 915 323 940 nuta
344 912 402 940 sive
423 911 543 939 informi.

335 958 413 987 Circa
434 958 557 994 primum
584 960 760 994 quaeruntur
782 957 914 994 quinque.

336 1005 426 1033 Primo
448 1005 602 1042 quaeritur,
617 1008 715 1032 utrum
736 1003 806 1032 fides
821 1004 856 1032 sit
878 1004 968 1031 virtus
992 1003 1105 1040 proprie

1160 673 1242 702 diota.

1239 720 1365 749 Secundo
1387 720 1550 756 quaeritur,
1571 722 1668 748 utrum
1694 720 1729 748 sit
1750 719 1776 747 in
1799 722 1877 756 parte
1899 718 2007 747 animae

1161 768 1317 804 cognitiva,
1339 767 1399 795 vel²
1420 767 1554 795 affectiva.

1241 814 1332 843 Tertio
1354 814 1509 851 quaeritur,
1531 817 1627 842 utrum
1651 813 1685 842 sit
1706 813 1795 841 virtus
1817 821 1881 841 una.

1240 862 1345 898 Quarto
1367 861 1521 898 quaeritur,
1536 863 1634 889 utrum
1656 860 1691 889 sit
1705 863 1797 888 tantae
1819 859 2009 895 certitudinis,

1161 911 1281 945 quantae
1302 908 1477 937 certitudinis
1499 910 1541 936 est
1562 907 1685 936 scientia.

1241 956 1342 991 Quinto
1364 955 1509 992 quaeritur
1538 954 1572 983 de
1598 954 1784 982 notificatione
1806 954 1867 982 eius
1887 954 1922 982 ab
1944 954 2010 990 Apo-

1162 1002 1232 1031 stolo
1254 1002 1402 1039 assignata.

992 1101 1227 1135 ARTICULUS
1253 1101 1275 1134 I.

810 1197 852 1224 De
865 1196 922 1233 fide
942 1196 1113 1233 simpliciter
1137 1195 1215 1224 (licta
1237 1195 1297 1223 sive
1315 1194 1458 1232 formata.

1032 1282 1194 1319 Qnansrio
1218 1283 1235 1310 1.

944 1370 1048 1398 Utrum
1067 1369 1139 1406 fides
1160 1369 1200 1397 sit
1222 1369 1324 1397 virtus.

335 1470 413 1499 Circa
425 1470 548 1506 primum
564 1470 603 1498 sic
619 1469 779 1506 proceditur
791 1472 818 1498 et
832 1469 992 1506 quaeritur,
1008 1471 1104 1496 utrum

256 1517 326 1546 fides
351 1518 386 1546 sit
406 1517 510 1549 virtus;
532 1520 558 1545 et
580 1517 724 1554 loquimur
746 1516 791 1544 bic
812 1516 846 1544 de
868 1515 939 1549 fide,
965 1523 1022 1552 qua
1042 1515 1105 1552 quis

256 1564 344 1593 credit
366 1564 397 1592 in
418 1564 520 1592 Deum.
543 1564 573 1592 Et
594 1564 669 1601 quod
692 1564 743 1597 sic,
764 1563 929 1592 ostenditur.

337 1613 360 1640 I.
383 1611 463 1647 Quod
491 1614 533 1640 est
564 1610 732 1647 prIncipium
762 1613 873 1638 nostrae
895 1609 994 1638 salutis
1022 1609 1107 1637 habet

117 1659 391 1688 Fundamenta.rationem
418 1658 548 1693 virtutis;
577 1658 625 1687 sed
648 1658 717 1686 fides
743 1661 784 1686 est
809 1657 988 1691 huiusmodi,
1010 1665 1106 1685 secun-

256 1706 325 1734 dum
347 1706 422 1743 quod
444 1713 526 1742 saepe
546 1706 650 1734 dicitur
679 1705 705 1733 in
729 1704 876 1741 Evangelio
890 1704 913 1732 ³:
940 1704 1027 1732 Fides
1054 1707 1105 1731 tua

256 1756 280 1781 te
300 1752 416 1781 salvum
437 1751 524 1789 fec-it:
546 1760 613 1788 ergo
634 1752 704 1780 fides
725 1754 766 1780 est
788 1751 886 1780 virtus.

335 1801 361 1828 Ξ.
384 1800 464 1833 Item,
486 1799 560 1836 quod
583 1802 624 1827 est
645 1799 815 1835 principium
831 1797 1033 1834 purificationis
1048 1805 1106 1826 cor-

256 1847 299 1876 dis
320 1847 404 1875 babet
433 1846 567 1874 rationem
598 1846 710 1874 virtutis
725 1861 763 1865 —
778 1845 850 1873 sicut
877 1844 951 1873 enim
974 1852 1021 1873 cor
1049 1851 1104 1872 non

254 1893 417 1930 inquinatur
439 1893 491 1921 nisi
513 1900 564 1929 per
586 1892 700 1926 vitium,
723 1892 762 1920 sic
787 1899 842 1919 non
863 1890 1030 1928 purificatur
1052 1890 1104 1919 nisi

254 1948 304 1977 per
326 1940 459 1968 virtutem
474 1956 513 1959 —
528 1939 577 1968 sed
598 1939 668 1967 fides
683 1942 724 1967 est
743 1938 912 1975 principium
934 1937 1105 1974 purificatio-

253 1987 296 2014 nis
317 1986 424 2016 cordis.
447 1986 603 2014 secundum
629 1986 705 2022 quod
727 1985 829 2014 dicitur
851 1986 969 2013 Actuum
997 1984 1105 2013 decimo

256 2033 352 2070 quinto
365 2033 387 2060 ⁴:
411 2032 483 2061 Fide
501 2032 669 2069 purificans
691 2032 783 2060 corda
804 2040 923 2060 eorum:
946 2040 1013 2068 ergo
1033 2034 1084 2059 etc.

335 2080 359 2108 3.
382 2080 465 2114 Item,
486 2080 576 2108 omnis
599 2079 723 2113 babitus,
745 2079 793 2115 qui
816 2081 857 2107 est
874 2078 1045 2115 prIncipium
1067 2077 1106 2106 di—

255 2128 336 2155 vinae
357 2126 540 2163 acceptionis,
564 2126 647 2154 babet
669 2126 803 2154 rationem
827 2125 955 2159 virtutis,
981 2125 1105 2153 maxime

254 2182 319 2203 cum
341 2174 454 2211 respicit
476 2173 694 2202 determinatum
717 2180 805 2209 genus
826 2173 936 2209 operis,
965 2172 1015 2201 sed
1036 2171 1106 2200 fides

257 2224 298 2250 est
319 2220 498 2255 huiusmodi,
520 2220 676 2249 secundum
698 2220 771 2257 quod
789 2219 892 2248 dicitur
907 2220 942 2248 ad
968 2219 1106 2248 Hebraeos

254 2268 403 2296 undecimo
417 2267 440 2295 ⁵:
464 2267 532 2295 Sine
552 2266 608 2303 side
629 2266 806 2302 impossibile
827 2269 869 2294 est
886 2265 1007 2302 plaeere
1034 2265 1105 2293 Deo:

254 2322 320 2351 ergo
341 2314 411 2343 fides
433 2314 544 2350 plenam
566 2317 593 2342 et
616 2314 767 2350 perfectam
790 2313 817 2340 in
832 2320 862 2341 se
883 2312 1004 2341 continet
1025 2311 1106 2339 ratio-

256 2369 320 2390 nem
343 2361 463 2389 virtutis.

1241 1468 1268 1496 [ι.
1291 1468 1373 1501 Item,
1396 1467 1471 1504 quod
1503 1467 1637 1495 directam
1670 1466 1754 1495 habet
1785 1466 2009 1495 contrarietatem

1162 1515 1196 1543 ad
1220 1515 1318 1543 vitium
1340 1518 1367 1543 et
1388 1517 1533 1551 peccatum
1557 1513 1646 1542 virtus
1668 1517 1721 1547 est,
1743 1513 1791 1542 sed
1815 1513 1885 1542 fides
1899 1516 1941 1541 est
1962 1513 2011 1541 hu-

1164 1562 1301 1595 iusmodi.
1323 1562 1454 1598 quoniam
1476 1561 1581 1590 directe
1603 1560 1753 1597 opponitur
1774 1560 1882 1589 haeresi
1905 1563 1932 1588 et
1954 1559 2011 1588 infi-

1164 1609 1285 1643 delitati,
1307 1616 1379 1646 quae
1401 1611 1466 1637 sunt
1487 1607 1554 1636 vitia.
1585 1610 1612 1636 et
1633 1611 1757 1644 peccata:
1791 1615 1857 1644 ergo
1880 1606 1949 1635 fides
1971 1609 2012 1635 est

1162 1656 1253 1685 virtus
1279 1656 1390 1693 proprie
1412 1655 1498 1689 dicta3
1530 1657 1556 1683 et
1586 1654 1639 1683 hoc
1670 1654 1763 1690 ipsum
1786 1657 1876 1691 potest
1898 1654 2010 1691 probari

1162 1710 1297 1739 expresse
1318 1710 1369 1739 per
1389 1701 1583 1730 auctoritatem
1606 1701 1751 1738 Augustini
1774 1701 1801 1729 in
1824 1701 1916 1729 littera
1927 1700 1945 1728 ⁶.

1242 1750 1294 1777 SED
1315 1757 1439 1777 CONTRA:
1471 1750 1495 1776 l.
1523 1748 1575 1776 «In
1607 1748 1704 1777 eodem
1737 1755 1839 1785 genere
1867 1751 1932 1776 sunt
1963 1756 2010 1777 ex.-
2022 1750 2051 1769 Ad
2059 1750 2145 1792 313111051-
2158 1756 2166 1766 ‘'-

1163 1798 1252 1824 trema
1273 1799 1300 1824 et
1321 1795 1485 1829 medium»,
1506 1803 1558 1832 pro
1579 1802 1612 1823 eo
1628 1794 1703 1831 quod
1723 1794 1847 1823 medium
1863 1794 2012 1831 participat

1162 1846 1291 1871 naturam
1321 1846 1528 1876 extremorum3
1560 1841 1609 1870 sed
1637 1841 1707 1870 fides
1738 1844 1780 1870 est
1814 1841 1905 1870 media
1941 1841 2012 1870 inter
2165 1868 2166 1874 ,

1162 1890 1319 1926 opinionem
1342 1893 1369 1918 et
1398 1889 1556 1923 scientiam,
1589 1889 1661 1918 sicut
1694 1889 1760 1918 dicit
1781 1888 1913 1925 magister
1935 1888 2012 1925 Hugo
2164 1894 2166 1928 j

1162 1936 1189 1964 in
1215 1936 1286 1964 libro
1307 1936 1342 1965 de
1364 1936 1549 1964 Sacramentis
1561 1936 1582 1970 ⁷,
1598 1935 1646 1964 ubi
1663 1935 1744 1969 dicit,
1760 1935 1835 1972 quod
1862 1934 1957 1963 «fides
1971 1937 2013 1963 est
2164 1929 2166 1938 '

1163 1983 1301 2012 certitudo
1321 1983 1356 2011 de
1379 1983 1463 2011 rebus
1494 1982 1674 2016 absentibus,
1697 1990 1784 2019 supra
1805 1982 1961 2019 opinionem
1984 1984 2011 2010 et
2164 1995 2166 2022 Ι

1163 2030 1235 2058 infra
1257 2030 1398 2059 scientiam
1422 2030 1572 2058 constituta
1583 2040 1608 2057 »ε
1631 2030 1653 2058 si
1676 2029 1760 2066 igitur
1783 2037 1833 2058 nec
1854 2029 1947 2065 opinio
1962 2036 2012 2057 nec
2164 2028 2166 2062 i

1164 2077 1275 2106 scientia
1301 2081 1342 2106 est
1364 2077 1390 2104 in
1413 2084 1514 2113 genere
1537 2076 1664 2111 virtutis,
1696 2076 1852 2105 necessario
1873 2076 1954 2113 sequi
1976 2075 2010 2104 vi-

1164 2124 1262 2158 detur,
1284 2124 1359 2160 quod
1381 2131 1431 2152 nec
1453 2123 1523 2152 fides
1539 2124 1566 2151 in
1582 2130 1683 2160 genere
1702 2122 1813 2151 virtutis
1829 2122 2012 2151 contineatur.
2161 2151 2162 2158 ,

1243 2172 1268 2199 2.
1293 2171 1376 2205 Item,
1403 2170 1541 2198 «habitus
1563 2170 1774 2206 distinguuntur
1797 2177 1846 2206 per
1872 2172 1964 2204 actus,
1986 2171 2013 2198 et
2161 2173 2166 2218 l:

1163 2221 1242 2247 actus
1262 2226 1312 2255 per
1335 2217 1480 2251 obiecta»,
1501 2217 1529 2245 in
1545 2217 1597 2246 hoc
1613 2220 1706 2245 autem
1724 2216 1905 2253 distinguitur
1922 2216 2012 2245 virtus
2161 2216 2166 2242 1

1164 2268 1191 2294 et
1212 2265 1326 2294 scientia
1358 2264 1513 2293 secundum
1543 2264 1741 2300 Philosophum
1753 2264 1771 2297 ⁸,
1797 2263 1869 2300 quod
1898 2263 2013 2292 «virtus
2161 2259 2166 2314 11

1164 2315 1206 2341 est
1227 2312 1255 2339 ln
1277 2312 1398 2345 bonum,
1420 2313 1447 2339 et
1468 2311 1582 2339 scientia
1604 2313 1645 2339 est
1666 2310 1694 2338 in
1716 2317 1814 2338 verum
1827 2320 1855 2344 »ς
1877 2309 1925 2338 sed
1942 2309 2011 2337 fides
2161 2309 2166 2348 l

1164 2361 1206 2387 est
1226 2359 1253 2386 in
1284 2366 1383 2386 verum
1413 2358 1466 2386 sub
1487 2357 1593 2385 ratione
1615 2357 1685 2385 veri:
1709 2364 1776 2393 ergo
1797 2356 1867 2385 fides
1896 2364 1949 2384 non
1972 2358 2014 2384 est
2161 2364 2162 2388 l

2165 2395 2166 2420 1

2165 2427 2166 2442 1

322 2494 329 2508 ¹
348 2494 419 2517 Codd.
439 2495 454 2515 L
467 2501 492 2516 aa
510 2500 577 2524 quae.
596 2494 665 2516 Paulo
688 2495 781 2516 informs
799 2500 841 2522 pro
862 2493 889 2516 [Ie
909 2493 951 2516 illa
975 2493 1025 2516 cod.
1045 2494 1060 2515 A
1079 2493 1108 2516 de

257 2533 350 2562 prima,
370 2536 392 2555 et
408 2533 506 2555 subinde
524 2539 566 2561 pro
584 2532 747 2556 convenienter
764 2533 814 2555 cod.
833 2533 849 2554 Z
867 2534 1032 2562 congruenter.

319 2572 328 2586 ἵ
346 2572 387 2594 Pro
405 2571 442 2594 vel
459 2572 525 2594 codd.
544 2573 560 2593 Α
572 2572 588 2593 Κ
601 2572 616 2593 Ζ
634 2578 666 2594 an.
683 2571 714 2593 iu.

318 2611 328 2625 3
346 2612 412 2633 Marc.
435 2612 472 2638 10,
491 2611 535 2638 523
554 2611 607 2633 Luc⁴
630 2610 668 2638 ¹7,
691 2611 732 2638 19;
754 2611 795 2637 18,
810 2610 845 2631 42.
864 2610 908 2632 Csr.
927 2610 1003 2632 Matth.
1022 2610 1047 2637 9,
1061 2610 1107 2637 ‘225

256 2651 323 2672 Marc.
342 2650 366 2677 5,
387 2650 431 2675 34:
449 2651 502 2672 Luc.
520 2650 547 2677 7,
566 2650 611 2676 50;
630 2650 656 2677 8,
675 2649 711 2671 48.
730 2662 760 2665 —
778 2650 809 2671 De
828 2649 914 2671 iuniori
926 2650 995 2671 liuius
1008 2655 1048 2671 nec
1060 2655 1104 2671 non

256 2696 320 2718 seqq.
339 2695 404 2717 argg.
422 2689 475 2711 vide
492 2689 549 2710 infra
567 2695 630 2716 corp.
649 2692 737 2717 quaest.

319 2728 327 2742 ⁴
346 2728 410 2750 Vers.
429 2729 450 2750 9.
468 2740 499 2743 —
517 2728 537 2749 ln
556 2727 644 2750 maiori
660 2727 727 2749 codd.
746 2727 843 2749 ILVaa
862 2728 913 2749 voci
932 2726 1010 2750 cordis
1028 2727 1107 2749 adiun-

257 2769 315 2795 gunt
330 2766 415 2789 nostri.

322 2806 332 2820 ⁵
347 2806 412 2827 Vers.
431 2806 452 2827 6.
470 2818 499 2821 —
517 2806 539 2827 ln
558 2805 644 2828 mffl‘ori
661 2812 702 2833 pro
720 2804 860 2834 acceptionis
882 2805 933 2827 eod.
952 2804 983 2827 bb
1001 2806 1107 2833 accepta-

258 2844 333 2867 tionis.

320 2883 329 2896 ⁶
348 2883 387 2904 Hic
404 2889 423 2905 c.
442 2884 462 2904 2.
480 2890 528 2911 seq.
545 2895 576 2899 —
594 2883 648 2906 Cod.
667 2884 688 2906 X
705 2883 816 2913 Maqi'szrz·
833 2883 857 2906 in
875 2883 959 2906 littera.

321 2921 330 2934 ⁷
349 2921 408 2942 Libr.
427 2922 442 2942 1.
460 2928 482 2948 p.
501 2922 529 2943 X.
548 2929 566 2944 c.
585 2924 605 2944 2.
617 2934 649 2938 —
663 2923 693 2944 De
705 2922 805 2951 maiori,
825 2923 890 2944 cuius
909 2922 1018 2944 sententia
1030 2924 1104 2944 sumta

259 2962 293 2981 cst
309 2965 336 2980 ex
353 2959 456 2987 Aristot.,
475 2960 502 2981 X.
522 2961 618 2988 Melapli.
637 2964 687 2983 text.
706 2962 742 2983 22.
760 2968 808 2989 seq.
827 2962 873 2989 (lx.
892 2967 911 2983 c.
924 2961 969 2989 7.),
982 2962 1021 2983 csr.
1034 2967 1104 2988 supra

1166 2500 1218 2521 pag.
1230 2481 1295 2519 dTO,
1315 2496 1365 2514 nota
1384 2493 1404 2514 2.
1424 2492 1446 2513 ln
1464 2492 1522 2514 dicta
1546 2492 1655 2519 proposit.
1674 2497 1716 2518 pro
1734 2491 1848 2512 naturam
1867 2490 1932 2512 codd.
1952 2489 2015 2511 GIL

1166 2533 1184 2555 V
1195 2539 1220 2554 aa
1239 2533 1345 2554 exhibent
1363 2531 1485 2554 rationem.
1505 2531 1572 2552 Panlo
1590 2530 1684 2552 inferius
1702 2536 1744 2557 pro
1761 2529 1827 2559 sequi
1840 2528 1931 2551 ridetur
1943 2528 2010 2551 codd.

1165 2572 1210 2593 AR
1229 2571 1343 2601 sequitur.

1229 2610 1238 2624 ⁸
1255 2611 1297 2638 Qui
1317 2610 1338 2632 ll.
1358 2610 1426 2631 Etliic.
1445 2615 1464 2631 c.
1483 2609 1502 2630 6.
1523 2609 1598 2636 (locet,
1625 2609 1733 2630 virtutem
1760 2613 1810 2629 esse
1827 2606 1941 2633 habitum,
1965 2614 1974 2625 r<
1986 2612 2013 2628 ex

1166 2656 1212 2677 quo
1230 2654 1251 2671 et
1268 2649 1344 2671 bonus
1362 2650 1431 2670 homo
1448 2649 1496 2675 ipse
1515 2648 1625 2670 efficietur
1637 2649 1658 2669 et
1670 2646 1728 2669 bene
1741 2652 1801 2674 opus
1818 2651 1885 2667 suum
1899 2644 2013 2667 reddet».

1165 2688 1220 2710 lbid.
1240 2688 1275 2710 Vl.
1294 2694 1312 2710 c.
1333 2688 1361 2709 2:
1379 2687 1574 2714 Contemplativae
1592 2689 1667 2708 aulem
1686 2685 1841 2713 ςοςίῑῑιῑίοηῑε,
1860 2688 1881 2706 et
1898 2689 1942 2705 non
1960 2684 2011 2705 acti-

1164 2734 1208 2749 vae
1226 2734 1301 2756 neque
1318 2727 1446 2753 effectivae,
1472 2726 1530 2748 bene
1548 2729 1569 2748 et
1586 2726 1645 2747 male
1663 2730 1711 2747 esse
1729 2727 1763 2746 est
1780 2730 1861 2746 verum
1879 2726 1900 2745 et
1922 2723 2012 2744 falsum.

1166 2767 1189 2787 Et
1208 2766 1230 2788 ll.
1248 2766 1344 2793 Met-apli.
1371 2769 1422 2787 text.
1441 2765 1460 2787 3.
1481 2765 1503 2791 (l.
1522 2764 1627 2792 brevior,
1645 2770 1663 2786 c.
1686 2765 1729 2792 1,);
1748 2763 1904 2790 §pecul-ativae
1928 2762 2010 2783 etenim

1165 2805 1216 2827 finis
1233 2806 1329 2833 veritas,
1348 2805 1461 2832 practicae
1479 2806 1554 2826 aulem
1572 2809 1638 2830 opus.
1657 2815 1687 2817 —
1705 2802 1726 2823 ln
1744 2800 1831 2823 maiori
1847 2802 1896 2827 post
1911 2801 1933 2822 et
1943 2801 2011 2823 actus

1165 2843 1232 2866 codd.
1245 2845 1262 2865 A
1273 2844 1288 2865 F
1298 2844 1316 2865 II
1326 2844 1344 2865 R
1355 2843 1372 2864 N
1383 2843 1401 2864 T
1412 2843 1429 2864 U
1439 2843 1454 2864 Z
1464 2842 1495 2865 bb
1508 2844 1614 2869 repetunt
1623 2840 1816 2869 clianyumztum
1826 2839 1951 2866 propositio
1962 2839 2010 2866 ipsa

1165 2883 1292 2904 insiiiuatnr
1309 2882 1338 2904 ab
1356 2882 1459 2909 Aristot,
1479 2881 1502 2903 ll.
1521 2881 1589 2902 Etliic.
1608 2886 1626 2901 c.
1645 2880 1664 2900 1.
1683 2881 1704 2900 et
1722 2878 1745 2900 ΙΙ.
1763 2877 1792 2899 de
1804 2877 2013 2904 Aniiiia71ext.33.

1166 2922 1194 2949 (c.
1213 2921 1251 2950 4,).
1270 2920 1314 2943 Csr.
1332 2923 1386 2942 tom.
1405 2921 1427 2942 ll.
1446 2926 1499 2948 pag.
1518 2919 1575 2946 561,
1594 2921 1645 2940 nota
1664 2918 1684 2939 3.
1703 2920 1723 2939 et
1740 2923 1793 2944 pag.
1813 2916 1869 2945 653,
1889 2919 1938 2938 nota
1958 2916 1977 2938 6.
