2166 3366
723 178 806 206 DIST.
828 178 892 206 xlv.
916 177 987 205 ΛΒΤ.
1010 177 1027 205 1.
1050 177 1185 213 ΩΗΑΕΞΤ.
1208 177 1236 205 ΙΙ.

109 259 136 285 et
150 256 202 285 hoc
223 264 276 284 non
299 258 341 284 est
355 256 432 284 aliud
447 263 531 293 quam
547 254 801 292 comprehendere:
817 264 884 292 ergo
899 258 949 284 etc.

187 303 213 330 2.
236 302 318 336 ltem,
340 302 392 330 hoc
414 302 507 338 ipsum
523 301 588 330 dicit
603 301 791 330 Damascenus
804 302 826 329 ¹:
847 302 897 330 «In
913 302 951 330 in-

109 349 267 378 carnatione
289 349 338 378 Dei
354 349 436 377 Verbi
458 349 550 377 aimus
570 356 682 376 omnem
705 352 834 377 naturam
850 349 951 377 Divini-

109 396 172 424 tatis
193 396 220 423 in
242 404 297 423 una
318 403 435 424 suarum
458 396 641 432 hypostaseon
658 395 828 423 incarnatam
845 404 905 424 esse
918 408 950 427 υ,

76 468 79 470 .
107 450 173 479 ergo
194 445 282 470 totum
306 442 497 478 DeiAVerbum
519 442 629 470 unitum
651 446 692 470 est
714 442 853 471 humanae
875 446 952 471 natu-

108 497 156 518 rae
178 489 203 516 in
225 489 351 522 Christ03
372 489 420 517 sed
443 496 475 517 eo
497 488 580 517 modo
601 492 697 516 natum
720 492 762 517 est
793 489 828 517 ab
859 489 952 517 anima

107 536 207 564 Christi
230 535 373 572 cognosci,
396 543 445 572 per
476 543 560 572 quem
594 535 706 564 modum
740 536 829 573 potuit
861 536 950 564 uniri:

106 590 173 619 ergo
194 582 216 611 si
239 585 326 610 totum
350 582 438 618 potnit
460 582 550 614 uniri,
572 582 699 615 videtur,
722 583 796 619 quod
820 583 845 611 in
862 586 951 611 totum

107 629 208 657 habeat
229 629 364 665 cognosci.
386 628 439 657 Sed
461 629 513 656 hoc
532 632 573 657 est
588 629 803 666 comprehendi:
819 637 886 665 ergo
900 633 951 658 etc.

186 675 212 703 3.
234 675 316 709 ltem,
338 675 460 703 Isidorus
481 675 515 703 de
538 675 705 703 Trinitate²:
733 676 878 704 «Trinitas
900 676 951 704 sibi

107 722 158 750 soli
180 726 244 750 nota
264 725 306 750 est
327 724 354 749 et
374 721 479 749 homini
500 725 626 750 assumto
637 733 671 751 u:
692 725 741 750 aut
768 730 834 759 ergo
867 723 952 759 loqui-

106 771 154 796 tur
174 768 209 796 de
231 768 326 796 notitia
347 768 567 805 quamcumque
589 768 717 802 visionis,
739 772 787 796 aut
805 767 952 805 perfectae

107 814 370 851 comprehensionis.
393 815 419 842 Si
442 814 533 851 primo
556 815 638 843 modo
670 815 817 852 loquatur,
849 815 951 843 falsum

107 864 161 895 est,
176 861 242 898 quia
258 861 352 889 multis
374 861 482 897 Angelis
497 865 524 889 et
539 862 700 890 hominibus
715 865 756 890 est
771 865 848 889 nota:
867 861 951 898 loqui·

107 911 154 936 tur
174 915 241 944 ergo
262 908 296 936 de
317 908 472 944 cognitione
493 907 770 945 comprehmzst'onz's:
793 916 859 944 ergo
880 911 931 936 etc.

183 954 209 982 lt.
232 954 315 988 item,
336 955 472 991 simplex,
494 963 558 983 cum
581 955 742 991 attingitur,
765 958 852 983 toturn
872 954 952 982 attin-

105 1001 195 1038 gitur,
217 1009 268 1038 pro
290 1009 322 1029 eo
344 1002 417 1038 quod
440 1009 493 1029 non
516 1001 600 1030 habet
621 1005 729 1038 partem
751 1005 778 1029 et
805 1001 949 1038 partem3:

95 1048 125 1081 si
149 1056 216 1085 ergo
239 1048 362 1077 Verbum
384 1049 540 1077 increatum
563 1051 604 1077 est
625 1048 881 1085 simplicissimum,
914 1048 951 1075 vi-

105 1095 203 1129 detur,
225 1095 300 1132 quod
324 1098 410 1123 totum
434 1098 461 1123 et
483 1095 603 1123 totaliter
624 1095 660 1123 ab
681 1094 774 1123 anima
796 1094 896 1123 Christi
913 1098 950 1122 at-

104 1141 244 1178 tingatur,
270 1141 292 1170 si
314 1141 408 1178 aliquo
430 1141 513 1169 modo
533 1142 688 1178 attingitur.
720 1141 771 1170 Sed
804 1141 950 1178 attingitur

104 1188 198 1225 aliquo
219 1188 316 1216 modo:
339 1196 406 1224 ergo
433 1188 689 1225 comprehenditur.
723 1187 756 1216 Si
787 1191 818 1216 tu
849 1187 948 1221 dieas,

104 1235 178 1272 quod
199 1243 253 1263 non
276 1234 363 1269 valet,
385 1235 451 1271 quia
474 1234 612 1263 infinitum
634 1237 691 1263 est.
713 1238 740 1263 et
761 1234 823 1263 ideo
849 1235 950 1263 incom-

103 1281 307 1318 prehensibile;
329 1285 450 1309 contra:
472 1282 544 1310 sicut
565 1289 630 1310 vere
652 1285 694 1310 est
726 1281 880 1315 inlinitum,
913 1281 949 1309 ita

104 1335 170 1356 vere
191 1331 233 1356 est
254 1328 374 1365 simplex
397 1328 465 1357 illud
489 1328 612 1357 Verbum
635 1331 796 1357 aeternum:
819 1336 886 1365 ergo
917 1328 950 1357 si-

104 1376 152 1402 cut
172 1373 286 1410 ponitur
307 1374 589 1411 incomprehensibile
610 1374 717 1403 ratione
738 1374 948 1408 immensitatis,

104 1420 142 1448 ita
162 1420 278 1449 deberet
298 1421 497 1458 comprehendi
520 1421 626 1449 ratione
648 1421 840 1458 simplicitatis.

184 1467 209 1494 ὃ.
225 1466 307 1501 Item,
322 1467 415 1495 anima
429 1467 529 1495 Christi
546 1467 685 1504 cognoscit
701 1467 792 1504 ipsum
809 1467 931 1495 Verbum
941 1478 948 1501 3

103 1516 152 1541 aut
173 1521 240 1550 ergo
261 1513 376 1551 aliquid
396 1517 439 1542 est
459 1514 494 1542 de
515 1514 641 1543 claritate
663 1517 689 1542 et
711 1514 828 1543 veritate
849 1518 876 1543 et
891 1514 949 1551 pul-

103 1560 257 1593 critudine,
279 1560 351 1597 quod
369 1568 422 1588 non
438 1564 600 1597 cognoscat,
615 1564 664 1589 aut
678 1560 759 1589 m'liz't.
775 1562 801 1589 Si
817 1561 947 1599 aliquid:

103 1615 170 1644 ergo
191 1607 218 1635 in
240 1607 296 1636 Deo
317 1610 358 1636 est
379 1607 485 1644 aliquid
507 1616 523 1636 a
544 1607 654 1636 Christo
676 1609 833 1645 cognitum,
854 1612 881 1637 et
902 1609 950 1636 ali-

104 1654 172 1691 quid
195 1654 381 1691 incognitum:
397 1662 464 1691 ergo
477 1654 583 1691 aliquid
605 1658 632 1682 et
653 1654 773 1691 aliquid,
788 1658 815 1683 et
831 1655 868 1683 ita
883 1663 948 1692 pars

103 1703 131 1729 et
151 1707 232 1737 pars;
254 1700 329 1737 quod
351 1708 404 1728 non
426 1703 468 1729 est
483 1700 656 1737 intelligibile
671 1700 689 1728 ⁴.
706 1701 732 1729 Si
746 1700 822 1729 nihil
836 1705 878 1730 est
893 1710 949 1730 om-

102 1745 183 1779 nino,
205 1745 280 1782 quod
302 1753 357 1773 non
378 1748 540 1782 cognoscat,
562 1745 628 1782 quia
643 1748 731 1773 totum
747 1749 789 1774 est
804 1745 877 1774 idem
894 1746 948 1780 ibi;

102 1791 229 1825 videtur,
244 1791 319 1828 quod
336 1791 455 1820 totaliter
472 1791 544 1820 intra
559 1799 639 1820 suam
655 1792 841 1828 cognitionem
858 1792 947 1821 Deum

102 1837 223 1867 claudat.
246 1838 277 1866 Et
299 1838 350 1867 hoc
365 1841 406 1866 est
424 1838 513 1867 Deum
536 1838 788 1875 comprehendere:
809 1846 876 1875 ergo
896 1842 947 1868 etc.

182 1886 207 1913 6.
230 1885 312 1920 ltem,
334 1886 357 1914 si
378 1885 472 1913 anima
493 1885 595 1914 Christi
616 1893 671 1913 non
693 1886 833 1922 cognoscit
854 1886 948 1922 ipsum

103 1931 226 1961 Verbum
250 1932 277 1960 in
305 1940 356 1961 sua
383 1936 440 1961 tota
469 1932 656 1969 plenitudine,
684 1932 778 1961 adhuc
809 1933 902 1962 deficit
932 1942 949 1961 a

102 1979 293 2015 cognoscendo
312 1979 418 2016 aliquid
440 1979 475 2007 de
496 1979 588 2007 Verbo
618 1979 817 2015 cognoscibile:
852 1983 948 2016 potens

102 2033 169 2062 ergo
189 2028 231 2054 est
251 2025 278 2053 in
300 2025 454 2062 cognitione
476 2025 523 2054 illa
544 2025 695 2062 proficere:
718 2033 785 2062 ergo
807 2034 871 2055 cum
903 2026 948 2055 de-

102 2071 206 2100 sideret
226 2072 314 2101 Deum
338 2072 457 2109 perfecte
478 2080 558 2101 nosse
572 2072 597 2107 ⁵,
620 2072 746 2107 videtur,
773 2073 847 2110 quod
879 2073 948 2102 desi-

102 2118 212 2147 derium
234 2119 343 2147 animae
364 2119 464 2147 Christi
487 2127 540 2147 non
563 2119 598 2147 sit
619 2119 783 2156 impletum,
814 2123 841 2148 et
871 2119 947 2156 quod

102 2165 162 2202 ipsa
176 2173 230 2193 non
246 2166 405 2202 pervenerit
419 2165 454 2194 ad
470 2165 649 2194 beatitudinis
664 2169 768 2194 statum
783 2167 946 2203 perfectum.

181 2213 208 2239 7.
229 2212 311 2247 Item,
333 2211 379 2240 ille
401 2212 477 2241 solus
498 2215 540 2241 est
562 2212 678 2247 beatus,
699 2213 747 2250 qui
769 2214 948 2250 comprehen-

166 2379 173 2394 ¹
191 2379 251 2402 Libr.
269 2380 301 2402 lll.
318 2379 347 2402 de
364 2380 417 2402 Fide
435 2380 525 2402 orthod.
543 2386 562 2402 c.
580 2381 601 2402 6.
618 2380 663 2403 Ctr.
681 2387 751 2409 supra
770 2381 792 2404 d.
812 2382 839 2404 V.
858 2382 887 2404 lit.
906 2382 947 2404 Ma—

103 2419 177 2446 gistri,
195 2425 214 2441 c.
236 2419 254 2441 1.
271 2419 293 2441 in
311 2419 462 2441 ssne.—Edd.
481 2420 525 2441 sie:
543 2418 597 2442 dicit
615 2419 777 2443 Damascenns
793 2420 821 2443 de
838 2420 947 2443 incarna-

103 2457 164 2480 tione
184 2456 253 2480 νει-[η’
277 2457 332 2480 Dei:
358 2457 441 2480 Aimus
466 2462 559 2480 onmem
582 2462 632 2485 etc,
651 2464 677 2481 ac
694 2459 712 2481 si
730 2460 773 2481 hoc
791 2460 945 2481 testimonium

102 2500 204 2519 sumtum
222 2500 281 2519 esset
297 2503 324 2519 ex
342 2497 445 2519 Damasc.
463 2497 521 2519 libro
544 2497 573 2519 de
599 2498 753 2520 incarnatione
771 2498 840 2520 Verbi
859 2498 905 2520 Dei.
924 2499 946 2520 ln

102 2536 208 2564 plurimis
223 2536 290 2558 codd.
309 2537 352 2558 hoc
377 2542 426 2564 arg.
451 2535 548 2558 habetur
565 2537 631 2558 tertio
650 2537 706 2558 loco.
725 2537 747 2558 ln
766 2537 810 2558 tine
828 2543 876 2564 arg.
895 2539 946 2558 ante

102 2574 128 2597 in
145 2575 219 2596 totum
236 2574 289 2596 edd.
307 2575 444 2596 interserunt
460 2574 543 2602 eliam,
560 2575 610 2596 cod.
629 2576 644 2596 Α
663 2581 719 2597 vero
736 2576 769 2602 et,
790 2576 875 2597 omisso
893 2581 945 2597 cum

103 2612 154 2635 cod.
172 2612 203 2634 bb
221 2612 249 2639 (Κ
268 2618 279 2633 a
297 2612 397 2634 secunda
416 2613 495 2641 manu)
512 2611 536 2634 in
553 2615 604 2634 ante
623 2614 704 2635 tolum.

166 2651 175 2665 ²
193 2651 322 2672 Distinctius
339 2650 353 2672 l.
371 2651 431 2672 sent.
449 2657 468 2672 c.
490 2650 510 2672 3.
530 2657 550 2672 n.
577 2651 602 2672 l:
625 2651 675 2672 Sola
699 2652 759 2673 onim
783 2651 881 2673 Trinitas
903 2651 946 2673 sibi

104 2689 191 2716 integre
209 2692 259 2710 nota
278 2692 322 2716 est,
340 2692 362 2711 et
379 2689 509 2711 humanitas
526 2695 537 2710 a
557 2688 646 2711 Christo
663 2693 781 2717 suscepta,
800 2696 859 2718 quae
882 2690 945 2712 tertia

103 2731 136 2750 est
153 2728 175 2749 in
194 2728 302 2749 TrInitate
321 2734 416 2755 persona
435 2727 461 2757 [i.
479 2735 498 2750 e.
518 2728 620 2750 Verbum
639 2729 788 2751 humanatum
806 2732 839 2751 est
857 2736 900 2751 una
919 2735 945 2751 ex

103 2767 177 2789 tribus
195 2766 317 2796 personis]
336 2767 420 2789 Eadem
438 2766 509 2789 verba
527 2771 649 2789 occurrunt
663 2768 684 2789 in
702 2768 805 2790 eiusdem
818 2768 944 2791 Comment.

103 2806 151 2828 sive
169 2806 298 2834 Quaestion.
317 2807 337 2827 in
357 2806 424 2828 Exod.
443 2813 462 2828 c.
481 2805 516 2828 42.
535 2813 555 2828 n.
569 2806 590 2828 3.
608 2807 672 2831 (alios
690 2807 749 2834 ³52),
769 2808 809 2829 nisi
823 2807 884 2835 quod
903 2814 945 2835 pro

103 2843 240 2867 humanitas
257 2850 272 2866 tt
290 2843 382 2867 Chrt'slo
399 2845 507 2873 suscepta
526 2845 613 2872 legatur
630 2844 776 2868 humanitati
791 2847 918 2874 susceptae.

165 2882 175 2897 ³
192 2883 289 2910 Aristot,
307 2883 335 2905 de
353 2883 426 2905 Lineis
449 2883 555 2910 insecnb„
573 2884 614 2906 ait:
633 2884 688 2910 lies,
714 2891 773 2913 quue
791 2885 894 2912 partibus
911 2892 945 2907 ca-

104 2924 147 2948 ret,
166 2923 237 2949 tangit
253 2928 301 2944 rem
327 2922 431 2950 partibus
456 2925 583 2950 rorantem,
602 2925 644 2944 tota
672 2926 752 2950 totam,
770 2929 827 2951 ergo
844 2923 943 2945 cundem

104 2959 179 2981 locum
199 2960 349 2988 possidebunt
365 2960 424 2990 [duo
449 2963 531 2988 puncta
557 2967 607 2983 sese
626 2960 758 2990 tangentia}
777 2963 879 2989 August„
899 2962 943 2984 vn.

1798 178 1853 205 299

1008 255 1048 292 dit
1076 255 1150 292 quod
1173 263 1223 283 nos
1254 255 1396 283 credimus
1417 258 1444 283 et
1466 262 1628 292 speramus3
1650 254 1698 283 sed
1721 263 1770 283 nos
1798 263 1855 284 cre-

1008 301 1102 330 dimus
1124 301 1212 338 ipsam
1235 301 1317 330 Verbi
1341 301 1571 329 immensitatem:
1594 301 1615 329 si
1638 309 1705 338 ergo
1725 301 1853 329 Christus
1882 294 1884 297 ⁸

1007 351 1049 376 est
1070 351 1097 376 et
1118 348 1170 376 tuit
1192 347 1305 382 beatus,
1328 347 1454 380 videtur,
1478 348 1551 384 quod
1575 347 1662 384 ipsam
1686 348 1854 376 immensita-

1009 397 1063 422 tem
1086 394 1168 423 Verbi
1190 395 1417 431 comprehendat.

1087 442 1139 469 Seu
1161 449 1284 469 CONTRA:
1313 443 1334 469 1.
1356 441 1575 470 Damascenus⁸t
1603 442 1681 470 «Hoc
1703 442 1792 471 solum
1818 443 1994 470 in-Fundamem-

1010 487 1145 524 telligitur
1166 488 1200 516 de
1222 488 1294 521 Deo,
1309 488 1383 524 quod
1401 488 1688 525 incomprehensibilis
1703 492 1768 517 est»
1783 500 1789 523 ;
1805 489 1853 518 sed

1010 535 1030 562 si
1053 535 1146 562 anima
1167 534 1267 562 Christi
1292 535 1381 571 ipsum
1405 535 1670 571 comprehenderet,
1686 535 1853 573 intelligeret

1009 581 1101 618 ipsum
1124 589 1177 609 non
1205 581 1529 617 incomprehensibilem,
1550 581 1598 609 sed
1620 583 1854 619 comprehensibi-

1011 627 1076 655 lem:
1099 627 1119 655 si
1143 635 1210 663 ergo
1232 626 1283 655 lzoe
1304 635 1320 655 a
1341 628 1451 656 nemine
1474 631 1563 664 potest
1584 628 1714 665 intelligi,
1737 637 1790 657 non
1811 638 1855 666 po-

1010 678 1062 702 test
1083 674 1205 702 Verbum
1228 674 1382 702 increatum
1411 675 1446 702 ab
1476 675 1569 702 anima
1600 675 1700 703 Christi
1733 684 1856 713 compre-

1010 720 1103 748 hendi.

1087 768 1113 794 2.
1137 766 1218 800 ltem,
1240 766 1410 803 Augustinus
1431 767 1465 795 de
1489 767 1614 796 Videndo
1636 768 1726 796 Deo':
1755 780 1767 794 a
1783 769 1853 798 lllud

1008 813 1273 850 comprehenditur,
1295 813 1375 841 cuius
1398 813 1466 842 fines
1482 814 1673 843 circumscribi
1691 819 1831 851 possunt»
1848 828 1854 850 3

1008 859 1057 888 sed
1084 859 1152 887 fines
1173 860 1283 888 divinae
1306 860 1500 888 immensitatis
1521 869 1537 889 a
1558 861 1635 889 nullo
1661 862 1853 891 circumscribi

1009 909 1138 942 possunt:
1162 914 1229 942 ergo
1250 906 1324 934 Deus
1345 914 1361 934 a
1383 906 1460 934 nulla
1490 907 1583 935 anima
1613 911 1702 944 potest
1733 916 1856 945 compre-

1009 952 1102 980 hendt

1087 999 1113 1027 3.
1136 999 1218 1033 ltem,
1239 1007 1321 1028 omne
1343 1000 1417 1037 quod
1439 1001 1703 1037 comprehenditur,
1725 1005 1766 1030 est
1798 1002 1856 1031 fini-

1008 1049 1067 1074 tum
1089 1047 1372 1083 comprehendenti&
1394 1055 1461 1084 ergo
1482 1048 1554 1085 quod
1572 1049 1821 1085 comprehenditur
1839 1058 1855 1078 a

1008 1092 1085 1121 finito
1106 1096 1147 1121 est
1168 1094 1192 1122 ei
1215 1093 1341 1127 finitum,
1364 1098 1391 1122 et
1412 1095 1481 1122 nihil
1503 1099 1545 1123 est
1566 1094 1675 1123 finitum
1693 1096 1786 1130 finito,
1801 1097 1853 1125 nisi

1007 1139 1082 1176 quod
1105 1143 1146 1168 est
1167 1140 1277 1168 finitum
1300 1141 1480 1178 slmpliciter3
1503 1142 1550 1170 sed
1574 1142 1647 1171 Deus
1668 1146 1709 1171 est
1729 1143 1854 1172 infinitus

1007 1186 1186 1223 simpliciter3
1207 1187 1300 1215 anima
1321 1188 1438 1222 Christi,
1460 1197 1523 1217 cum
1547 1189 1582 1217 sit
1603 1193 1747 1221 creatura,
1769 1194 1810 1219 est
1825 1190 1854 1218 fi-

1007 1233 1078 1261 nita:
1101 1241 1167 1270 ergo
1189 1242 1243 1262 non
1265 1238 1356 1271 potest
1377 1235 1616 1271 comprehendere
1638 1236 1852 1266 immensitatem

1007 1280 1089 1309 Verbi
1112 1281 1163 1309 sibi
1185 1281 1264 1309 uniti.

1085 1328 1111 1355 [ι.
1134 1327 1216 1361 ltem,
1238 1328 1312 1365 quod
1335 1329 1547 1365 comprehendit
1568 1329 1687 1358 alterum
1703 1334 1744 1359 est
1763 1331 1853 1360 maius

1006 1373 1069 1407 illo,
1092 1374 1134 1402 vel
1157 1374 1254 1403 saltem
1276 1375 1300 1403 ei
1322 1379 1475 1412 aequatur,
1501 1376 1624 1413 alioquin
1656 1377 1748 1413 ipsum
1780 1378 1853 1407 clau-

1006 1420 1073 1449 dere
1095 1421 1168 1449 intra
1190 1429 1218 1449 se
1240 1429 1294 1449 non
1317 1425 1425 1458 posset;
1448 1422 1496 1451 sed
1518 1422 1690 1459 impossibile
1705 1427 1762 1459 est,
1778 1433 1852 1453 crea—

1006 1469 1115 1501 turam,
1137 1475 1186 1496 nec
1209 1476 1258 1504 per
1280 1468 1410 1496 unionem
1433 1476 1483 1497 nec
1498 1477 1547 1506 per
1562 1469 1648 1498 alium
1665 1470 1796 1505 modum,
1811 1479 1854 1500 ae-

1006 1513 1085 1550 quari
1108 1513 1230 1542 Creatori
1243 1514 1266 1542 ⁹:
1282 1522 1349 1549 ergo
1366 1515 1535 1552 impossibile
1556 1519 1612 1550 est,
1634 1517 1709 1553 quod
1731 1525 1854 1555 compre-

1006 1559 1110 1588 hendat
1130 1560 1304 1589 Creatorem:
1327 1569 1393 1597 ergo
1414 1561 1507 1589 anima
1528 1561 1629 1591 Christi
1653 1563 1775 1592 Verbum
1798 1564 1850 1593 sibi

1006 1607 1115 1635 unitum
1138 1616 1191 1635 non
1214 1608 1434 1644 comprehendit.
1450 1625 1488 1629 —-
1505 1609 1549 1637 llis
1570 1609 1675 1638 eisdem
1697 1611 1851 1640 rationibus
1866 1619 1920 1638 Nota.

1005 1653 1113 1682 ostendi
1134 1658 1238 1690 potest,
1260 1655 1335 1691 quod
1358 1655 1435 1683 nulla
1456 1656 1558 1684 anima.

1085 1702 1110 1729 5.
1133 1701 1216 1735 ltem,
1237 1701 1361 1730 Verbum
1384 1702 1538 1730 increatum
1561 1703 1600 1731 sic
1616 1706 1657 1732 est
1671 1704 1780 1733 unitum
1797 1706 1852 1734 ani-

1006 1755 1067 1776 mae
1087 1747 1205 1782 Christi,
1227 1748 1302 1784 quod
1325 1751 1417 1785 posset
1438 1749 1511 1777 uniri
1535 1749 1614 1778 alteri
1630 1750 1663 1784 ¹⁰3
1685 1751 1724 1780 sic
1745 1751 1852 1781 habitat

1006 1794 1032 1822 in
1056 1794 1130 1830 ipsa,
1152 1795 1225 1831 quod
1248 1794 1274 1822 in
1298 1795 1393 1823 multis
1414 1795 1490 1824 aliis:
1513 1804 1579 1833 ergo
1601 1797 1639 1826 sic
1661 1800 1702 1826 est
1717 1798 1743 1826 in
1759 1799 1852 1827 anima

1006 1841 1056 1869 sibi
1079 1841 1171 1874 unita,
1193 1841 1268 1878 quod
1291 1841 1373 1870 etiam
1395 1845 1437 1871 est
1458 1846 1555 1877 extra,
1577 1851 1640 1872 cum
1663 1845 1698 1873 sit
1729 1845 1848 1882 ubique:

1005 1896 1072 1924 ergo
1093 1895 1204 1925 semper
1225 1889 1336 1917 excedit
1358 1889 1447 1926 ipsam
1462 1890 1582 1918 animam
1599 1895 1768 1920 assumtam:
1784 1901 1850 1930 ergo

1005 1934 1026 1962 si
1049 1937 1157 1962 tantum
1180 1935 1223 1963 vel
1246 1935 1309 1971 plus
1330 1938 1371 1964 est
1392 1939 1474 1964 extra
1495 1945 1578 1974 quam
1602 1937 1691 1971 intra,
1724 1938 1850 1973 videtur,

1005 1981 1079 2017 quod
1101 1981 1194 2010 anima
1215 1981 1315 2010 Christi
1339 1990 1393 2010 non
1415 1983 1540 2012 includat
1562 1983 1718 2020 ipsum‚ac
1733 1994 1783 2022 per
1799 1986 1850 2015 hoc

1004 2035 1059 2056 non
1081 2028 1308 2065 comprehendat.

1084 2075 1110 2102 6.
1132 2074 1214 2109 Item,
1237 2075 1258 2103 si
1274 2075 1367 2104 anima
1381 2076 1482 2105 Christi
1498 2081 1590 2113 posset
1605 2078 1728 2106 Verbum
1748 2079 1852 2108 increa-

1005 2124 1063 2149 tum
1086 2122 1339 2158 comprehendere,
1361 2126 1453 2159 posset
1474 2131 1524 2160 per
1545 2131 1718 2161 consequens
1742 2125 1848 2162 aliquid

1005 2168 1095 2196 maius
1116 2168 1237 2204 cogitare
1259 2185 1296 2189 —-
1311 2169 1384 2197 omni
1400 2169 1473 2198 enim
1484 2192 1491 2202 ,
1505 2170 1586 2199 cuius
1601 2171 1734 2200 terminos
1753 2180 1850 2209 cogno-

1005 2214 1124 2248 scimus,
1155 2222 1306 2251 possumus
1334 2215 1487 2253 intelligere
1515 2217 1621 2254 aliquid
1649 2218 1714 2246 addi
1736 2235 1775 2239 —-
1800 2219 1848 2248 sed

1004 2383 1032 2405 de
1049 2384 1104 2405 Gen.
1122 2383 1152 2405 ad
1168 2384 1198 2406 lit.
1217 2390 1236 2405 c.
1255 2384 1291 2406 21.
1310 2390 1332 2406 n.
1351 2384 1394 2412 28,
1413 2385 1523 2412 ostendit,
1550 2385 1612 2413 quod
1631 2386 1683 2414 quia
1702 2387 1777 2408 anima
1795 2388 1847 2409 sim-

1004 2421 1055 2448 plex
1072 2424 1117 2448 est,
1135 2427 1188 2444 cum
1205 2428 1229 2443 se
1248 2423 1321 2449 novit,
1340 2423 1436 2445 totaliter
1453 2429 1477 2445 se
1495 2424 1570 2450 novit,
1589 2429 1633 2446 non
1651 2425 1778 2447 secundum
1798 2433 1847 2454 par-

1004 2462 1057 2482 tem.
1074 2459 1118 2482 Csr.
1137 2460 1174 2482 lx.
1194 2460 1222 2482 de
1240 2460 1302 2482 'l'rin.
1320 2467 1339 2483 c.
1359 2460 1378 2482 t.
1397 2467 1419 2483 n.
1437 2461 1459 2483 7.

1066 2497 1075 2512 ⁴
1092 2498 1149 2526 Quia
1168 2498 1228 2521 Deus
1244 2505 1335 2521 summe
1352 2500 1448 2527 simplex
1470 2503 1515 2528 est,
1533 2501 1562 2523 de
1585 2507 1631 2530 quo
1649 2501 1734 2524 videsis
1752 2503 1766 2524 l.
1784 2504 1846 2526 Sent.

1004 2536 1025 2558 d.
1044 2537 1065 2559 8.
1083 2543 1105 2564 p.
1123 2537 1146 2559 ll.
1164 2544 1185 2565 q.
1208 2538 1225 2559 l.

1066 2574 1076 2589 ⁵
1093 2575 1148 2597 Edd.
1165 2581 1268 2599 noscere.

1065 2613 1074 2628 θ
1092 2614 1152 2636 Libr.
1170 2615 1183 2636 Ι.
1202 2614 1230 2636 de
1248 2615 1301 2636 Fide
1319 2615 1408 2637 orthod.
1426 2622 1445 2638 c.
1464 2615 1484 2638 4.

1065 2652 1074 2667 7
1092 2653 1144 2674 Sive
1166 2653 1233 2680 Epist.
1259 2653 1308 2675 147.
1330 2653 1398 2681 (alios
1417 2655 1478 2683 112.)
1502 2660 1520 2677 (·.
1543 2656 1564 2677 9.
1587 2661 1607 2677 n.
1632 2656 1674 2678 Ql:
1698 2656 1720 2678 ld
1742 2657 1844 2685 videtur,

1003 2690 1065 2718 quod
1079 2697 1186 2718 praesens
1199 2695 1324 2721 utcumque
1340 2693 1446 2719 sentitur,
1465 2696 1537 2715 totum
1552 2697 1628 2716 autem
1642 2696 1845 2722 comprehenditur

1003 2730 1114 2756 videndo,
1133 2730 1195 2759 quod
1213 2732 1240 2753 ita
1259 2731 1360 2759 videtur,
1379 2734 1403 2753 ut
1425 2732 1477 2753 nihil
1500 2733 1549 2754 cius
1568 2733 1633 2755 lateat
1656 2734 1784 2762 videntem,
1806 2739 1845 2758 aut

1002 2770 1067 2791 cuius
1086 2769 1141 2791 tlnos
1159 2771 1303 2798 circumspici
1322 2775 1424 2798 possunt.

1064 2807 1074 2822 ⁸
1091 2809 1193 2836 August,
1212 2809 1257 2830 xit.
1275 2809 1303 2831 de
1320 2809 1367 2831 Civ.
1381 2810 1431 2836 Dei,
1450 2816 1468 2831 c.
1486 2810 1524 2832 ¹8:
1542 2810 1659 2839 Quidquid
1672 2812 1763 2834 scientio
1781 2818 1845 2835 com-

1003 2847 1161 2874 prehenditur,
1179 2848 1270 2869 scientis
1287 2849 1492 2875 comprehensione
1509 2849 1592 2871 sinitur.

1063 2884 1073 2899 ⁹
1092 2885 1148 2907 Vide
1167 2886 1251 2913 lsidmn,
1270 2887 1283 2908 l.
1301 2887 1362 2909 Sent.
1380 2894 1399 2909 e.
1418 2887 1439 2909 3.
1457 2893 1478 2909 n.
1497 2888 1517 2915 2,
1535 2891 1557 2910 et
1575 2888 1610 2910 hic
1627 2889 1656 2910 lit.
1670 2889 1776 2917 Magistri,
1789 2896 1808 2912 c.
1825 2890 1842 2912 1.

1065 2923 1083 2938 ¹⁰
1100 2923 1143 2946 Csr.
1156 2931 1225 2952 supra
1238 2925 1260 2947 d.
1277 2926 1294 2947 1.
1307 2932 1326 2947 a.
1344 2926 1360 2948 1,
1374 2932 1395 2954 q.
1410 2926 1430 2948 3.
1443 2926 1471 2948 ad
1490 2927 1510 2948 2.
1525 2939 1554 2943 —
1567 2927 1598 2949 Dc
1610 2926 1738 2957 ubiquitale
1750 2928 1789 2950 Dci
1802 2929 1842 2951 cfr.

1003 2963 1016 2984 1.
1034 2963 1093 2986 Sent.
1112 2963 1134 2985 d.
1152 2963 1188 2986 37.
1207 2970 1228 2992 p.
1247 2965 1261 2986 l.
1280 2971 1321 2992 pcr
1338 2968 1414 2987 totam.
