2166 3366
784 167 866 195 DlST.
888 167 929 195 ix.
951 167 1023 195 ΛΒΤ.
1044 167 1062 195 l.
1084 167 1220 204 QUAEST.
1242 168 1259 196 1.
1841 171 1894 199 199

465 298 903 346 COMMENTARIUS
937 299 999 345 IN

1031 299 1469 348 DISTINCTIONEM
1503 301 1578 348 IX.

425 409 533 442 Utrum
560 408 694 442 humana
719 414 828 441 natura
854 408 883 441 in
910 408 1030 442 Christo
1057 409 1094 442 sit
1119 409 1276 443 adoranda
1300 410 1475 445 adoratione
1500 411 1613 445 latriae.

745 502 904 530 Praeterea
925 502 1100 539 iuvestzfflzri
1120 507 1229 539 oportet
1250 507 1300 532 etc.

880 588 1003 617 DlVlSIO
1025 589 1162 617 TEXTUS.

228 688 318 724 Supra
340 687 395 724 egit
421 686 549 723 Magister
581 686 615 715 de
647 687 852 723 comparatione
884 687 994 715 divinae

150 738 267 763 naturae
288 734 322 762 ad
346 733 544 770 proprietatem
567 733 705 762 humanae
721 736 853 765 naturae3
868 734 912 762 hic
927 742 994 762 vero

149 782 204 819 agit
220 781 253 810 de
268 780 474 817 comparatione
494 780 634 808 humanae
650 783 766 808 naturae
787 780 821 809 ad
845 780 995 817 proprieta-

150 832 204 857 tem
227 828 353 862 divinae,
377 827 536 864 inquirens,
568 830 664 855 utrum
697 827 821 856 humana
844 830 945 855 natura
966 827 993 855 in

149 875 258 904 Christo
290 875 325 903 sit
356 874 498 903 adoranda
531 874 694 903 adoratione
727 874 832 902 latriae.
854 873 994 902 Dividitur

148 925 240 951 autem
264 929 330 958 pars
352 921 402 950 ista
425 921 451 949 in
476 924 570 958 partes
595 921 673 949 duas.
696 921 724 949 ln
756 929 876 958 quarum
903 921 993 957 prima

148 969 329 1006 prosequitur
350 968 429 997 Istam
453 968 642 1005 quaestionem
665 968 819 997 secundum
835 967 991 1005 opinionem

148 1023 334 1044 communem.
357 1015 385 1042 In
417 1014 540 1043 secunda
574 1022 639 1043 vero
671 1013 851 1051 prosequitur
871 1021 932 1042 eam
954 1022 992 1043 se-

148 1061 270 1091 cundum
293 1061 449 1098 opinionem
472 1060 591 1089 aliorum
614 1064 641 1089 et
662 1061 826 1089 Sanctorum
847 1060 993 1089 auctorita-

149 1111 205 1143 tes,
227 1108 278 1136 ibi:
302 1107 378 1136 Aliis
397 1107 492 1144 placet
515 1106 627 1136 Christi
647 1106 858 1136 humanitatem
887 1111 939 1136 etc.

226 1154 314 1182 Prima
339 1162 404 1191 pars
426 1153 561 1182 dividitur
583 1154 610 1182 iu
632 1154 703 1183 duas
723 1156 826 1191 partes.
851 1154 878 1182 In
900 1154 992 1191 prima

1051 690 1130 724 parte
1152 688 1273 724 opponit.
1297 688 1325 716 In
1347 689 1470 717 secunda
1488 689 1670 725 determinat,
1686 691 1737 720 ihi:
1754 692 1820 721 Ideo
1835 693 1895 731 qui-

1052 733 1176 762 busdam
1199 734 1313 762 videtur
1341 738 1391 763 etc.
1414 736 1542 765 Secunda
1573 745 1638 773 pars
1670 738 1695 765 in
1725 738 1795 767 duas
1827 739 1895 767 divi-

1051 780 1136 808 ditur.
1158 781 1185 808 In
1208 789 1329 818 quarum
1361 782 1451 819 prima
1483 783 1627 820 subiungit
1652 785 1770 813 aliorum
1793 786 1895 822 opinio-

1051 834 1122 855 nem.
1145 827 1172 855 In
1195 828 1319 856 secunda
1340 836 1406 856 vero
1428 829 1535 857 inducit
1550 829 1626 858 illius
1641 831 1777 867 opinionis
1798 832 1895 861 contir-

1051 874 1199 902 mationem
1222 882 1272 911 per
1294 874 1478 911 multiplicem
1496 876 1660 905 Sanctorum
1681 879 1894 913 attestationem,

1050 919 1103 948 ihi:
1126 920 1167 948 De
1188 919 1239 948 hoc
1261 920 1385 949 Ioannes
1406 921 1448 949 ita
1471 921 1530 949 ait:
1554 922 1638 950 Duae
1668 928 1737 951 sant
1766 928 1894 953 milwae

1052 965 1171 995 Christi.
1204 966 1252 995 llla
1284 967 1407 996 secunda
1438 976 1503 1004 pars
1525 972 1617 1005 posset
1638 970 1731 999 adhuc
1753 971 1894 1000 subdividi

1051 1013 1077 1041 in
1100 1014 1178 1042 duas
1201 1014 1229 1042 ln
1252 1014 1343 1051 prima
1364 1015 1510 1044 confirmat
1531 1017 1694 1045 auctoritate
1717 1017 1812 1047 Graeci
1825 1019 1843 1046 ¹.
1866 1019 1893 1047 ln

1050 1060 1173 1089 secunda
1194 1060 1358 1089 auctoritate
1380 1061 1483 1097 Latini,
1505 1057 1633 1091 videlicet
1659 1064 1818 1101 Augustini,
1841 1065 1892 1093 ihi:

1051 1108 1091 1135 De
1112 1106 1163 1136 hoo
1185 1108 1372 1145 Aztgyusanus
1403 1117 1437 1136 ex
1463 1118 1594 1138 sermone
1616 1110 1751 1145 Domini,
1783 1111 1835 1140 ubi
1854 1112 1894 1140 di-

1049 1154 1088 1183 cit
1109 1158 1160 1184 ete.

796 1240 981 1269 TRACTATIO
1002 1241 1244 1278 QUAESTIONUM.

225 1328 264 1356 Ad
286 1327 493 1364 intelligentiam
516 1335 582 1363 ergo
604 1327 689 1356 huius
717 1327 804 1364 partis
830 1327 926 1355 incidit
947 1327 992 1356 hie

147 1375 272 1412 quaestio
293 1374 327 1403 de
348 1374 508 1402 adoratione
529 1373 644 1408 Christi,
667 1375 740 1403 eirca
755 1382 838 1411 quam
855 1382 992 1411 quaerun-

147 1424 193 1450 tur
214 1420 405 1458 principaliter
427 1420 491 1449 duo.

224 1468 316 1496 Primo
337 1468 484 1505 quaeritur
505 1467 540 1496 de
563 1467 622 1504 ipsa
637 1468 798 1496 adoratione
813 1476 863 1504 per
884 1476 992 1505 compa-

146 1516 281 1544 rationem
304 1515 339 1543 ad
360 1514 448 1543 εειιιῐι2
471 1515 514 1543 cui
537 1518 578 1543 est
599 1515 767 1543 exhibenda.

225 1561 352 1590 Secundo
367 1568 434 1589 vero
449 1560 595 1597 quaeritur
617 1561 644 1589 in
667 1561 873 1598 comparatione
887 1561 922 1589 ad
940 1561 992 1589 vir-

145 1612 249 1643 tutem,
272 1616 321 1645 per
343 1615 427 1644 quain
449 1607 609 1636 exhibetur.

224 1655 303 1683 Circa
324 1655 447 1691 primum
470 1656 646 1691 quaeruntur
667 1661 726 1682 sex.

225 1702 316 1730 Primo
337 1701 498 1738 quaeritur,
521 1705 616 1729 utrum
645 1701 754 1734 cultus,
776 1701 824 1738 qui
846 1704 887 1730 est
909 1701 990 1729 latria

1049 1328 1160 1356 debitus
1182 1328 1292 1362 deitati,
1315 1328 1349 1357 sit
1371 1328 1549 1358 exhibendus
1570 1330 1671 1359 Christi
1694 1331 1868 1360 humanitati.

1127 1375 1254 1404 Secundo
1275 1375 1436 1412 quaeritur,
1458 1379 1554 1404 utrum
1577 1376 1612 1405 sit
1633 1377 1811 1407 exhibendus
1832 1379 1893 1408 eius

1048 1421 1170 1458 imagini.

1127 1468 1218 1497 Tertio
1239 1469 1400 1506 quaeritur,
1431 1473 1529 1498 utrum
1560 1470 1595 1499 sit
1627 1471 1805 1500 exhibendus
1831 1473 1892 1502 eius

1048 1515 1134 1544 Matri.

1126 1563 1246 1598 Quart0‚
1268 1566 1364 1592 utrum
1386 1563 1421 1592 sit
1442 1564 1620 1593 exhibendus
1640 1565 1702 1594 eius
1723 1566 1808 1595 cruci.

1126 1610 1239 1645 Quinto,
1261 1613 1356 1638 utrum
1380 1610 1414 1639 sit
1435 1610 1613 1640 exhibendus
1634 1612 1695 1640 eius
1717 1612 1843 1641 membro
1853 1613 1871 1641 ³.

1126 1656 1210 1684 Sexto
1231 1659 1258 1685 et
1280 1656 1393 1691 uitium,
1415 1660 1510 1685 utrum
1534 1657 1593 1686 sine
1622 1662 1734 1695 peccato
1762 1660 1892 1689 exhiberi

1047 1702 1133 1738 possit
1154 1702 1215 1730 eius
1236 1702 1407 1731 adversario.

876 1799 1111 1833 ARTICULUS
1137 1800 1149 1833 I
1154 1827 1159 1833 .

450 1894 490 1922 De
513 1894 578 1931 ipsa
600 1893 773 1922 adoratione
791 1902 845 1931 per
866 1894 1116 1931 comparationem
1137 1895 1178 1923 ad
1199 1903 1264 1923 eam
1286 1895 1336 1923 cui
1356 1899 1397 1924 est
1417 1895 1585 1925 exhibenda..

918 1992 1080 2029 QUAESTIO
1103 1993 1119 2020 1.

451 2078 554 2106 Utrum
576 2077 672 2106 cultas
694 2078 801 2106 latriae
821 2078 860 2106 sit
880 2077 1058 2107 exhibendus
1079 2077 1261 2107 humanitati
1280 2079 1340 2108 sive
1361 2080 1449 2108 carni
1471 2079 1588 2109 Christi.

223 2177 301 2206 Circa
316 2177 439 2214 primum
455 2177 493 2205 sie
508 2177 669 2214 proceditur
683 2180 710 2205 et
721 2177 876 2214 quaeritur,
891 2181 987 2205 utrum

144 2224 237 2253 cultus
259 2223 355 2252 latriae
377 2223 412 2251 sit
433 2223 611 2252 exhibendus
643 2223 808 2251 humanitati
831 2224 890 2252 sive
911 2223 988 2252 carni

144 2271 254 2300 Christi.
278 2271 308 2299 Et
328 2270 400 2307 quod
425 2271 479 2305 sic,
501 2271 626 2299 videtur:

226 2319 249 2346 ⁴..
281 2317 372 2345 Primo
402 2317 567 2345 auctoritate
600 2317 800 2346 Damasceni⁴z
838 2317 989 2346 «Christus

5 2368 186 2395 fundament-test
207 2364 345 2401 perfectus
366 2364 441 2392 Deus
462 2367 489 2392 et
510 2364 649 2400 perfectus
671 2364 767 2399 homo,
789 2372 871 2401 quem
893 2364 989 2393 adora-

144 2419 207 2439 mus
228 2418 284 2439 una
304 2410 465 2439 adoratione
487 2418 550 2438 eum
573 2410 652 2438 Patre
673 2413 700 2438 et
721 2410 825 2446 Spiritu
847 2413 875 2438 et
899 2410 985 2438 incon·

144 2457 276 2486 taminata
297 2464 380 2485 carne
401 2457 498 2485 eius»:
521 2465 587 2493 ergo
609 2457 630 2485 si
654 2464 773 2493 persona
799 2456 900 2485 Christi
926 2456 990 2484 ado-

145 2503 233 2532 randa
254 2506 295 2532 est
317 2503 412 2537 latria,
434 2503 566 2537 videtur,
588 2503 663 2540 quod
685 2503 812 2531 similiter
833 2511 898 2531 caro
919 2503 988 2531 eius.

224 2552 249 2578 2.
273 2550 355 2584 item,
377 2558 461 2586 super
485 2549 553 2578 iliud
576 2549 711 2578 Psahni⁵z
735 2549 864 2577 Δᾶον-(ιω
884 2548 989 2577 scabel—

1046 2177 1105 2205 lum
1129 2178 1237 2214 pedum
1268 2178 1347 2211 eius,
1380 2178 1520 2216 quoniam
1548 2183 1685 2208 tranetzim
1716 2184 1774 2214 απ,-
1797 2181 1891 2210 Glossa

1045 2224 1204 2261 Augustini:
1232 2225 1285 2253 «ln
1307 2225 1416 2253 Christo
1437 2228 1528 2260 terra,
1550 2226 1577 2254 id
1599 2229 1641 2255 est
1662 2235 1741 2261 caro,
1763 2227 1821 2256 sine
1844 2228 1888 2256 im-

1045 2271 1146 2308 pietate
1168 2271 1302 2300 adoratur
1323 2280 1339 2300 a
1361 2272 1455 2305 nohis.
1487 2273 1553 2309 quia
1586 2281 1668 2301 nemo
1696 2282 1808 2302 caruem
1830 2274 1891 2303 eius

1046 2317 1228 2354 spiritualiter
1250 2318 1415 2352 manducat,
1437 2319 1489 2347 nisi
1511 2319 1590 2355 prius
1612 2319 1746 2348 adoret».

1125 2364 1150 2392 3.
1173 2364 1256 2399 item,
1277 2365 1375 2393 eodem
1392 2365 1491 2394 timore
1506 2365 1620 2394 timetur
1642 2366 1712 2402 ignis
1733 2369 1760 2395 et
1782 2366 1889 2396 ferrum

1046 2410 1162 2447 ignitum
1196 2411 1272 2447 igne:
1305 2419 1371 2448 ergo
1402 2411 1423 2440 si
1456 2411 1544 2448 magis
1574 2412 1652 2440 uuita
1683 2415 1724 2441 est
1758 2413 1889 2442 divinitas

1045 2457 1119 2485 carni
1143 2465 1226 2494 quam
1250 2457 1320 2493 ignis
1342 2458 1432 2491 serro;
1453 2458 1580 2493 videtur,
1603 2459 1677 2496 quod
1693 2459 1790 2488 eadem
1813 2468 1890 2489 reve-

1046 2503 1134 2531 rentia
1155 2503 1190 2531 sit
1210 2503 1370 2532 exhibenda
1395 2503 1456 2533 eius
1478 2504 1660 2539 humanitati,
1682 2513 1753 2542 quae
1775 2506 1888 2535 exhihe-

1045 2552 1090 2577 tur
1112 2549 1249 2578 divinitati
1261 2549 1277 2577 ⁸.

209 2683 215 2698 ¹
234 2683 290 2706 Edd.
308 2683 395 2705 addunt
411 2682 498 2706 scilicet
515 2682 663 2706 Dama-sueni.
707 2678 711 2681 “

207 2722 216 2736 ²
235 2722 262 2745 lta
280 2722 344 2750 eda,
362 2721 429 2744 codd.
448 2722 522 2743 miuus
539 2725 592 2748 apte
611 2721 691 2744 Deum.

208 2760 218 2775 ³
235 2762 283 2784 Vnt.
302 2762 349 2788 hic,
366 2764 388 2783 et
405 2761 473 2783 codd.
491 2761 546 2783 intra
564 2761 585 2782 iu
604 2761 651 2788 ipsa
670 2763 756 2789 quaest.
774 2760 892 2783 memhris.

209 2799 218 2814 ⁴
234 2800 294 2823 Libr.
312 2800 343 2822 lli.
361 2800 390 2822 de
408 2800 461 2822 Fide
478 2799 567 2822 orthod.
586 2806 605 2821 c.
623 2800 644 2821 8.
662 2798 705 2821 Csr.
725 2800 760 2821 hic
778 2799 807 2822 lit.
825 2800 930 2827 Magistri.

208 2838 218 2853 ⁵
236 2839 316 2861 psalm.
335 2839 375 2866 98,
393 2838 414 2860 5.
431 2851 462 2855 —
480 2839 501 2860 lu
514 2839 606 2866 Glossa,
618 2844 644 2860 ex
657 2839 752 2865 August.
771 2839 791 2860 in
805 2839 866 2860 huuc
878 2839 912 2861 i‘s.
931 2845 951 2860 u.
964 2839 984 2860 9.

146 2877 255 2906 delibata,
272 2880 294 2900 et
311 2884 322 2899 a
340 2877 421 2900 Str-'ibo
439 2877 575 2906 Lyranoque
592 2883 633 2898 (που
651 2876 774 2899 ordinaria
787 2878 862 2905 allata,
882 2877 930 2899 Vat.
944 2884 985 2905 pro

145 2916 301 2946 spiritualiter
317 2916 433 2939 substituit
449 2915 529 2945 (lique,
549 2916 589 2937 sed
607 2916 700 2943 iniuria,
718 2915 831 2944 siquidem
844 2917 985 2943 Augustinus

146 2955 187 2977 loe.
205 2956 240 2977 cit.
258 2955 359 2983 (exponit
381 2955 411 2977 ibi
438 2955 491 2977 iilud
519 2955 615 2977 verbum
635 2955 722 2976 homini
741 2954 801 2982 apud
821 2955 880 2977 ioan.
897 2955 923 2983 6,
942 2954 984 2977 ot:

1044 2682 1148 2711 Spiritus
1164 2684 1199 2705 est
1215 2682 1256 2712 qui
1273 2682 1382 2712 vivificat)
1401 2684 1442 2705 ait:
1461 2682 1536 2705 Verba
1547 2701 1552 2711 ,
1566 2690 1625 2712 [piae
1637 2684 1726 2707 locutus
1742 2691 1793 2707 sum
1811 2685 1885 2714 vobis,

1043 2722 1137 2749 spii-itus
1153 2726 1187 2744 est
1204 2725 1225 2744 ot
1243 2723 1295 2744 vita.
1313 2721 1475 2751 Spirituntiler
1491 2723 1607 2751 intelligite
1632 2723 1695 2752 quod
1713 2724 1802 2747 locutus
1819 2731 1885 2753 sum;

1044 2766 1087 2782 non
1107 2761 1149 2782 hoe
1166 2767 1263 2788 corpus,
1281 2761 1344 2789 quod
1360 2761 1455 2789 vim-tis,
1473 2761 1632 2784 manducaturi
1659 2763 1735 2786 ostis...
1753 2764 1886 2787 Sam-amen-

1043 2802 1090 2822 tum
1108 2800 1199 2828 aliquod
1217 2799 1284 2822 vobis
1301 2800 1473 2828 commendavi,
1491 2800 1647 2830 spiritualiter
1659 2803 1795 2825 intellectum
1814 2804 1886 2826 viun-

1042 2838 1103 2861 cabit
1119 2845 1161 2860 vos
1178 2841 1220 2861 etc.

1103 2877 1113 2891 ⁶
1130 2878 1298 2903 Argumentum
1323 2879 1367 2900 huc
1391 2880 1425 2900 est
1449 2879 1577 2901 secundum
1604 2879 1718 2908 Damaso„
1738 2880 1768 2903 ill.
1786 2880 1814 2903 de
1832 2881 1886 2903 Fide

1042 2916 1131 2938 orthod.
1149 2923 1167 2938 c.
1186 2917 1212 2944 8,
1231 2917 1296 2939 cuius
1313 2917 1383 2939 verba
1410 2917 1495 2939 videsis
1513 2918 1548 2939 hie
1566 2918 1587 2940 in
1605 2918 1635 2940 iit.
1654 2919 1752 2946 Magistri
1770 2923 1791 2942 et
1808 2920 1830 2942 d.
1849 2920 1884 2943 tv.

1041 2962 1060 2978 c.
1079 2956 1099 2977 3.
