2166 3366
764 185 846 213 DlST.
869 185 887 213 l.
908 185 972 213 ΛΒΤ

131 266 231 295 Christi
254 266 325 294 facta
345 268 387 294 est
408 273 461 293 non
477 264 623 301 principali
647 263 808 296 intentione,
827 262 875 291 sed
891 262 969 300 quasi

129 313 250 351 quadam
272 312 422 340 occasione.
444 311 470 339 Si
485 318 551 347 ergo
573 310 768 339 inconveniens
786 312 839 343 est,
862 309 971 337 nobilis-

130 360 228 389 simam
256 361 413 387 creaturam
443 357 651 386 occasionaliter
679 364 739 385 esse
768 356 970 390 introductam,

129 413 193 435 cum
215 413 299 442 agens
330 404 520 442 principaliter
552 403 675 432 intendat
707 410 791 440 opera
823 402 970 436 nobiliora,

131 451 249 486 videtur,
271 451 345 488 quod
360 450 556 479 inconveniens
577 450 611 479 sit
626 449 731 483 dicere,
754 448 969 477 incarnationem

130 498 228 527 factam
251 506 310 527 esse
331 500 446 535 propter
467 497 587 525 hominis
609 496 820 533 reparationem.

209 545 234 572 6.
256 544 335 578 11001,
364 543 391 572 10
413 543 602 572 incarnatione
631 542 688 570 Filii
711 542 758 570 Dei
781 542 905 570 humana
926 549 970 569 na·
999 565 1001 571 1

130 594 194 620 tura
214 590 367 627 plurimum
390 593 431 619 est
452 589 573 618 exaltata
588 589 608 617 ¹:
631 589 653 617 si
672 597 738 625 ergo
754 589 827 617 Deus
850 588 971 616 incarna-

132 641 177 666 tur
198 645 233 666 ex
256 637 320 672 hoc,
340 637 416 674 quod
432 637 554 665 humana
575 640 675 664 natura
690 635 828 673 peccavit:
851 634 970 668 videtur,

130 684 205 722 quod
226 684 309 712 homo
331 687 453 721 reportet
468 683 646 712 commodum
668 683 702 711 de
721 682 834 710 malitia.
858 681 927 717 Ergo
949 680 970 708 si

131 731 182 759 hoc
203 738 257 758 non
279 730 357 759 decet
378 730 504 759 divinum
527 729 737 763 retributorem,
758 731 833 765 patet
855 731 904 756 etc.

209 778 234 805 7.
257 777 336 810 ltem,
351 776 478 805 Christus
492 780 534 805 est
555 779 638 813 caput
654 775 789 804 Ecclesiae
807 782 860 802 non
880 773 970 802 solum

129 823 283 853 secundum
306 823 428 851 divinam
457 826 600 854 naturam,
623 822 671 851 sed
698 822 781 850 etiam
803 821 970 853 humanam,

130 870 201 898 sicut
228 869 348 898 ostendit
376 869 545 906 Augustinus
573 876 658 906 super
687 868 812 896 loannem
828 866 850 901 ἢ
876 866 923 895 sed
949 866 970 894 si

132 917 213 945 homo
235 925 288 945 non
311 920 463 953 peccasset,
485 916 577 945 adhuc
603 918 675 944 esset
696 922 798 951 corpus
821 913 970 943 Ecclesiae:

131 964 215 1000 igitur
237 963 279 992 vel
311 963 357 992 Dei
382 963 465 991 Filius
497 963 705 995 incarnaretur,
727 964 776 989 aut
803 968 905 997 corpus
928 960 974 988 Ec-

131 1010 230 1039 clesiae
245 1013 401 1038 remaneret
422 1009 597 1046 acephalum.
620 1008 705 1045 Igitur
727 1008 749 1037 si
771 1007 841 1036 illud
862 1010 904 1035 est
926 1006 973 1034 im-

131 1056 273 1093 possibile,
296 1059 396 1089 restat,
418 1055 492 1093 quod
514 1055 588 1084 Deus
616 1055 823 1088 incarnaretur,
844 1054 865 1082 si
889 1054 972 1082 homo

132 1111 183 1131 000
206 1105 357 1139 peccasset:
379 1110 445 1139 ergo
467 1102 540 1130 idem
562 1101 637 1139 quod
659 1101 746 1138 prius.

209 1150 235 1177 8.
258 1149 337 1183 item,
359 1149 379 1178 si
397 1149 479 1177 1101110
494 1149 589 1185 lapsus
611 1156 665 1176 non
683 1151 768 1181 esset,
791 1147 973 1176 nihilominus

132 1196 228 1225 fuisset
253 1196 462 1224 Sacramentum
493 1194 678 1223 matrimonii:
710 1194 731 1223 si
762 1194 846 1231 igitur
878 1194 971 1221 Sacra-

133 1246 256 1272 mentum
286 1242 452 1270 matrimonii
482 1242 508 1270 10
537 1241 730 1270 coniunctione
758 1248 880 1269 sexuum
908 1240 973 1269 dicit

132 1289 190 1318 sive
223 1288 358 1325 significat
389 1287 609 1316 coniunctionem
643 1287 742 1316 Christi
779 1290 805 1316 et
839 1287 973 1316 Ecclesiae

132 1339 267 1373 quantum
288 1335 323 1364 ad
346 1338 511 1363 naturarum
531 1335 678 1368 unionem,
700 1338 813 1371 propter
836 1334 975 1371 insepara-

133 1383 280 1416 bilitatem,
302 1386 333 1410 ut
353 1381 455 1410 dicitur
480 1381 516 1409 ad
544 1381 675 1418 Ephesios
696 1381 792 1418 quinto
805 1380 826 1408 ³:
843 1381 903 1409 Hoc
925 1380 976 1409 Sa-

131 1433 315 1458 cramentum
329 1437 472 1466 magnum
496 1432 553 1461 est5
578 1437 628 1465 eqo
649 1432 747 1456 autem
762 1428 826 1456 dico
848 1428 879 1456 in
895 1427 975 1456 Clu-i-

132 1481 175 1506 sto
196 1481 222 1505 et
242 1477 273 1505 in
295 1476 439 1505 Ecclesia:
461 1483 527 1512 ergo
548 1475 569 1503 si
598 1475 681 1503 1101110
702 1476 834 1509 stetisset,
863 1478 912 1503 aut
933 1475 977 1503 Sa-

133 1526 307 1552 cramentum
334 1522 501 1550 matrimonii
524 1525 596 1550 esset
618 1521 734 1555 falsum,
756 1525 804 1549 aut
825 1521 872 1550 Dei
893 1521 977 1550 Filius

133 1573 206 1598 esset
226 1569 394 1598 incarnatus.
416 1567 470 1597 Sed
491 1567 615 1604 primum
636 1570 678 1595 est
703 1567 888 1604 impossibile:
910 1574 976 1604 ergo

134 1619 219 1645 restat
239 1619 291 1644 etc.

213 1664 239 1691 9.
261 1663 342 1696 Item,
358 1661 536 1699 quadruplex
559 1664 600 1689 est
623 1661 722 1690 modus
737 1661 872 1690 educendi
892 1661 978 1689 110011-

135 1717 198 1739 nem
220 1709 246 1738 in
269 1717 336 1737 esse.
363 1719 376 1734 «
395 1707 532 1744 Contingit
560 1707 647 1739 euim,
669 1707 808 1736 hominem
839 1708 920 1737 educi
943 1708 977 1737 de

134 1757 194 1785 viro
215 1759 242 1785 et
263 1755 396 1789 muliere;
424 1754 557 1791 contingit
585 1754 665 1783 educi
689 1754 746 1783 siue
776 1755 836 1783 viro
864 1758 891 1783 et
920 1762 978 1783 mu-

134 1803 217 1837 liere;
238 1802 370 1839 contingit
398 1801 480 1830 educi
502 1801 536 1829 de
566 1801 625 1830 viro
647 1801 705 1830 sine
732 1801 863 1836 muliere3
888 1805 915 1830 et
944 1801 977 1830 de

134 1849 252 1878 muliere
267 1849 325 1878 sine
341 1849 401 1877 viro
414 1848 423 1861 ⁴
433 1858 445 1874 »
458 1859 464 1881 ;
480 1848 528 1877 5011
548 1851 604 1877 tres
619 1847 735 1877 istorum
752 1848 899 1877 modorum
915 1848 979 1877 fuis-

134 1900 207 1931 sent,
228 1896 250 1925 si
273 1896 356 1924 bomo
378 1895 510 1929 stetisset,
540 1895 611 1924 sicut
632 1895 747 1932 planum
769 1898 824 1924 est:
855 1903 921 1932 ergo
941 1894 979 1923 vi-

135 1944 230 1978 detur,
251 1942 325 1980 quod
348 1946 375 1971 et
396 1945 514 1979 quartus
536 1941 645 1975 fuisset,
668 1950 723 1978 quo
741 1941 860 1971 eductus
881 1945 922 1971 est
944 1942 978 1970 de

135 1991 193 2019 sola
215 1990 340 2018 muliere.
368 1989 421 2018 Sed
443 1989 488 2018 hic
516 1992 634 2026 quartus
656 1992 697 2017 est
725 1989 750 2017 in
774 1989 977 2018 incarnatione:

135 2045 201 2074 ergo
219 2037 240 2065 si
264 2037 346 2065 homo
362 2036 494 2070 stetisset,
509 2034 661 2064 incarnatio
683 2036 791 2070 suisset,
807 2039 855 2064 aut
873 2036 894 2064 si
911 2044 978 2070 non,

136 2087 201 2113 tunc
222 2091 295 2112 unus
324 2083 424 2111 modus
446 2082 637 2120 productionis
665 2082 809 2111 hominum
832 2082 978 2116 deficeret,

135 2134 163 2160 et
183 2131 222 2160 sic
250 2130 413 2159 universum
443 2129 596 2166 perfectum
619 2138 671 2158 non
700 2132 787 2163 esset;
809 2132 836 2157 et
864 2129 916 2157 hoc
938 2132 979 2158 est

137 2177 292 2206 maximum
314 2176 516 2205 inconveniens.
533 2176 602 2205 Dicit
617 2176 689 2205 enim
706 2175 888 2213 Augustinus,
903 2176 978 2213 quod

135 2225 300 2253 universum
322 2224 405 2252 habet
433 2226 537 2251 tantam
560 2222 768 2259 perfectionem,
794 2222 868 2259 quod
897 2230 978 2251 nemo

137 2274 226 2309 potest
247 2271 272 2300 in
295 2279 327 2300 eo
349 2270 542 2308 imperfectum
565 2269 764 2298 rationabiliter
778 2269 882 2306 aliquid
907 2269 979 2298 inve-

138 2427 185 2452 rat,
204 2424 372 2452 praet'ormante
386 2423 431 2446 Deo
444 2424 545 2451 primum
558 2423 680 2445 animalem
693 2423 821 2450 hominem,
834 2422 940 2444 videlicet
957 2426 981 2444 ut

138 2469 150 2485 a
162 2462 272 2491 spirituali
284 2462 416 2484 salvaretur.
429 2461 486 2484 Cum
500 2463 561 2483 enim
574 2462 736 2490 praeexisteret
747 2461 849 2488 salvans,
861 2460 981 2488 oportebat

138 2505 160 2524 et
171 2501 233 2531 quod
246 2501 373 2524 salvaretur
384 2501 439 2528 fleri,
453 2503 476 2523 ut
488 2507 532 2523 non
546 2506 646 2522 vacuum
659 2501 686 2522 sit
698 2500 795 2522 salvans.
809 2512 839 2515 —
848 2499 918 2521 Simili
931 2506 980 2527 arg.

139 2547 194 2564 usus
210 2543 244 2563 est
264 2540 339 2568 Cyrill.
357 2540 425 2567 Alex„
449 2540 559 2561 Thesaur.
578 2541 656 2561 assert.
678 2538 711 2560 15.
725 2538 788 2565 (altas
810 2537 848 2560 lib.
868 2538 893 2560 V.
912 2544 931 2559 c.
949 2538 980 2565 3.)

138 2583 214 2602 contra
228 2579 330 2607 Arianos,
343 2578 484 2600 divinitatem
496 2578 542 2600 Filii
556 2578 594 2599 Dei
612 2582 729 2605 negantes.

202 2618 208 2632 ¹
229 2618 285 2640 Vide
303 2619 412 2645 August„
436 2617 490 2639 xm.
513 2616 541 2638 de
559 2616 621 2638 Triu.
646 2622 665 2638 c.
687 2616 720 2637 17.
738 2622 759 2637 n.
778 2616 819 2642 223
842 2615 948 2643 Ansebn„
967 2615 980 2637 Ι.

140 2656 185 2680 Cur
202 2657 262 2680 Deus
280 2657 356 2685 homo,
374 2662 393 2678 c.
411 2656 432 2678 8.

200 2695 209 2710 ²
226 2695 301 2718 Tract.
319 2696 355 2717 66.
374 2701 394 2716 0.
413 2695 439 2716 2:
460 2694 522 2716 «Per
548 2693 602 2722 quid
629 2697 704 2716 autern
729 2694 798 2720 caput
819 2696 853 2715 est
870 2692 981 2714 Ecclesiae

141 2734 182 2756 nisi
200 2740 241 2762 per
258 2734 387 2760 hominem,
406 2732 469 2762 quod
491 2731 591 2755 Verbum
604 2737 660 2755 caro
677 2730 832 2760 factumest?
850 2730 871 2753 id
889 2734 929 2759 cst,
943 2730 981 2752 Dei

141 2772 211 2795 Patris
228 2772 361 2800 Unigenitus
378 2771 438 2793 Deus
450 2771 520 2793 horno
532 2771 603 2792 factus
615 2772 679 2791 est».
698 2769 718 2791 ln
734 2769 801 2797 Epist.
821 2769 834 2791 1.
849 2769 907 2791 10110.
921 2772 946 2791 tr.
964 2769 980 2791 1.

141 2817 162 2833 0.
180 2811 201 2833 2.
218 2810 283 2833 dicit:
305 2809 405 2833 Verbum
422 2815 479 2833 caro
495 2808 587 2838 fuctum
604 2809 637 2831 cst
654 2807 801 2831 ethabitavit
817 2807 841 2830 in
859 2807 932 2831 uobis.
952 2808 981 2830 ltli

142 2850 204 2872 carni
221 2849 353 2878 adiungitur
371 2849 475 2876 Ecclesia,
493 2852 515 2870 et
532 2848 555 2871 111
573 2848 675 2870 Christus
693 2850 759 2875 totus,
777 2850 878 2875 caputet
890 2853 981 2875 corpus.

142 2887 186 2911 Cfr.
204 2888 232 2911 de
249 2888 339 2911 Catcch.
357 2887 433 2911 rudib.
450 2894 470 2910 c.
488 2888 509 2909 3.
528 2894 548 2909 0.
567 2888 589 2909 6.
601 2890 623 2909 ct
635 2893 653 2909 c.
671 2887 703 2909 19,
716 2892 737 2908 n.
756 2886 792 2914 33,
810 2892 851 2908 nec
868 2892 912 2908 non
925 2886 980 2908 infra

143 2927 165 2949 d.
190 2927 223 2950 13.
246 2934 266 2950 a.
288 2928 308 2950 2.
331 2933 353 2956 q.
375 2928 392 2949 1.
411 2939 434 2943 -
462 2926 565 2949 Christus
588 2929 655 2954 caput
674 2925 785 2947 Ecclesiae
808 2928 903 2947 vocatur
926 2925 981 2953 lipb.

146 2966 164 2993 1,
183 2964 426 2993 2‘2;5,23;(1010ss.
449 2966 466 2992 l,
489 2965 521 2987 18.

975 207 980 212 .
1003 185 1030 213 11.
1054 184 1188 220 QUAEST.
1211 184 1239 212 11.
1833 182 1869 211 Ε.)3

1028 263 1087 290 nire
1110 270 1158 291 nec
1182 261 1381 290 rationabiliter
1401 261 1506 298 aliquid
1529 260 1647 289 addere.
1670 261 1740 289 sicut
1762 264 1788 289 et
1811 260 1867 296 ipse

1028 309 1094 337 dicit
1116 309 1141 337 in
1166 309 1235 337 libro
1250 308 1284 337 cle
1306 308 1404 336 Libero
1425 308 1544 336 Arbitrio
1557 307 1575 341 ⁵,
1599 307 1672 344 quod
1692 307 1758 335 nihil
1782 310 1870 343 potest

1029 355 1184 383 intellectus
1206 359 1299 383 noster
1326 354 1490 391 intelligere,
1517 353 1591 390 1111011
1615 353 1819 389 subterfugeret
1843 353 1871 380 il-

1029 401 1083 429 lam
1107 409 1256 438 supernam
1279 404 1377 429 artem.

1343 501 1555 522 CONCLUSIO.

1031 587 1196 624 Praecipua
1227 587 1304 616 ratio
1331 587 1546 615 incarnationis
1575 587 1687 614 uidetur
1713 585 1805 623 fuisse
1831 594 1872 613 rc-

1106 634 1230 670 (Ieuiplio
1252 633 1377 661 1111010111
1394 634 1523 671 generis,
1539 633 1673 671 quamvis
1696 632 1803 661 multae
1823 641 1872 660 ra—

1109 681 1197 709 tiones
1228 680 1305 708 aliae
1336 680 1543 717 congruentiae
1576 679 1643 707 lzm‘c
1672 679 1783 707 rationi
1813 678 1872 707 sint

1106 736 1247 755 annexae.

1107 821 1282 849 Respoxmzo:
1306 820 1343 848 Ad
1366 820 1573 857 praedictorum
1600 819 1809 856 intelligentiam
1832 822 1873 848 est

1029 867 1195 896 notandum.
1217 867 1289 903 quod
1313 867 1386 895 circa
1408 867 1458 895 hoc
1481 866 1587 903 duplex
1609 869 1650 895 est
1672 866 1868 903 magistrorum

1028 914 1128 951 opinio.

1108 960 1226 997 Quidam
1248 960 1321 988 001111
1343 959 1436 988 dicere
1455 959 1618 993 voluerunt,
1640 959 1714 997 quod
1731 959 1764 987 de
1787 959 1874 987 incar·
1886 968 1954 991 Opinio
1969 968 1986 985 1.

1028 1007 1138 1035 natione
1160 1010 1201 1035 est
1223 1006 1297 1043 loqui
1313 1006 1471 1043 dupliciter.
1495 1007 1539 1035 Est
1553 1006 1625 1035 enim
1649 1006 1801 1035 incarnatio
1817 1013 1873 1034 car-

1028 1054 1071 1082 nis
1092 1053 1239 1087 assumtio:
1263 1053 1296 1081 de
1318 1060 1401 1082 carne
1417 1055 1509 1081 autem
1532 1056 1657 1081 assumta
1671 1056 1712 1081 est
1734 1052 1808 1089 loqui
1825 1052 1873 1081 du-

1029 1100 1151 1137 pliciter:
1168 1104 1215 1127 aut
1231 1102 1367 1136 quantum
1382 1099 1417 1127 ad
1438 1098 1650 1131 substantiam,
1666 1101 1714 1126 aut
1734 1101 1870 1135 quantum
1885 1108 1991 1126 nanneno.

1029 1148 1064 1176 ad
1086 1146 1228 1184 defectum
1246 1146 1454 1183 passibilitatis
1466 1146 1484 1174 ⁶.
1514 1146 1539 1174 Si
1563 1146 1610 1175 fiat
1632 1154 1724 1175 sermo
1753 1145 1787 1174 110
1817 1145 1875 1182 ipsa

1030 1198 1166 1231 quantum
1181 1193 1215 1222 ad
1233 1192 1373 1231 defectum
1393 1192 1601 1230 passibilitatis
1623 1197 1647 1221 et
1668 1192 1873 1225 mortalitati&

1030 1241 1139 1273 dicunt,
1161 1240 1234 1278 quod
1265 1240 1461 1269 lncarnationis
1483 1239 1634 1277 praecipua
1656 1239 1725 1267 ratio
1753 1239 1805 1267 fuit
1827 1239 1876 1267 hu-

1030 1288 1104 1316 mani
1127 1288 1236 1324 generis
1262 1287 1425 1323 redemptio.
1448 1286 1502 1315 Nisi
1531 1286 1604 1315 enim
1628 1286 1710 1314 homo
1735 1288 1875 1322 peccasset

1031 1337 1058 1363 et
1088 1334 1184 1371 lapsus
1214 1337 1240 1362 et
1262 1333 1444 1362 redimendus
1475 1336 1547 1362 esset
1560 1333 1578 1365 ⁷,
1606 1332 1733 1361 Christus
1763 1339 1875 1360 carnem

1031 1381 1176 1409 mortalem
1196 1389 1250 1409 non
1272 1380 1457 1409 assumsisset.
1470 1380 1544 1408 —Si
1560 1384 1653 1409 autem
1676 1380 1825 1417 loquamur
1841 1380 1875 1408 de

1032 1427 1232 1461 incarnatione,
1255 1427 1409 1455 secundum
1425 1427 1500 1464 quod
1516 1427 1582 1455 dicit
1597 1427 1806 1455 assumtionem
1823 1425 1877 1454 lta-

1032 1482 1139 1502 manae
1158 1477 1296 1507 natm-ae,
1319 1473 1457 1510 loquendo
1472 1473 1650 1510 simpliciter3
1673 1473 1711 1502 sic
1727 1473 1876 1506 dixerunt,

1033 1520 1107 1557 quod
1120 1521 1285 1558 praecipua
1301 1520 1370 1549 ratio
1393 1520 1589 1549 incarnationis
1610 1528 1663 1548 non
1686 1523 1727 1548 est
1749 1519 1876 1548 liberatio

1034 1568 1142 1605 generis
1165 1567 1298 1601 humani,
1327 1567 1404 1604 quia,
1426 1567 1507 1596 etiam
1531 1567 1551 1594 si
1576 1567 1658 1595 homo
1687 1575 1740 1594 non
1770 1574 1877 1603 peccas-

1034 1619 1087 1645 set.
1109 1615 1236 1643 Christus
1258 1615 1418 1643 incarnatus
1444 1617 1530 1647 esset:
1554 1614 1601 1642 sed
1624 1614 1709 1642 liuius
1737 1613 1807 1641 ratio
1835 1616 1951 1642 esthamo.

1034 1661 1165 1699 perfectio
1186 1661 1334 1698 multiplex
1354 1668 1471 1697 surgens
1486 1668 1522 1689 ex
1537 1660 1670 1697 dignitate
1687 1660 1761 1688 illius
1777 1659 1877 1696 operis.

1034 1707 1187 1736 lucarnatio
1208 1707 1281 1735 enim
1304 1707 1367 1736 facit
1388 1707 1422 1735 ad
1447 1707 1642 1743 perfectionem
1664 1706 1835 1735 liominis—
1852 1709 1879 1734 et

1034 1763 1083 1791 per
1105 1762 1276 1791 consequens
1291 1754 1326 1782 ad
1343 1754 1537 1790 perfectionem
1554 1754 1639 1782 totius
1661 1753 1784 1782 universi
1796 1769 1834 1773 —
1852 1753 1878 1781 in

1035 1802 1086 1831 hoc
1108 1802 1180 1839 quod
1204 1801 1324 1838 complet
1345 1804 1371 1829 et
1392 1801 1603 1838 completionem
1626 1800 1673 1829 dat
1695 1801 1817 1828 humano
1836 1808 1879 1837 ge-
1903 1808 2007 1833 incarnatio

1035 1848 1110 1883 neri,
1139 1848 1293 1877 secundum
1323 1847 1394 1876 illud
1422 1847 1497 1885 quod
1526 1847 1638 1884 respicit
1666 1851 1823 1881 naturam,
1852 1831 2009 1878 etssffifitcssifn'

1035 1895 1189 1924 secundum
1219 1894 1287 1923 illud
1317 1894 1392 1931 quod
1421 1894 1533 1931 respicit
1559 1893 1707 1931 qratiam,
1736 1897 1763 1922 et
1784 1901 1879 1922 secun-

1036 1943 1103 1971 dum
1127 1942 1195 1971 illud
1224 1941 1299 1979 quod
1328 1941 1440 1978 respicit
1458 1940 1596 1978 gloriam.
1625 1940 1784 1969 Secundum
1807 1940 1876 1968 illud
1886 1947 2020 1970 Primoquuact

1035 1989 1109 2027 quod
1135 1989 1247 2026 respicit
1274 1992 1432 2021 naturam,
1454 1988 1519 2025 quia
1548 1987 1574 2015 in
1597 1987 1784 2015 incarnatione
1813 1986 1876 2015 051Β
1892 1973 1985 1989 'mmm'

1035 2036 1237 2066 consummatio
1259 2035 1407 2063 modorum
1433 2035 1570 2063 educendi
1592 2034 1732 2062 hominem
1764 2034 1791 2062 10
1813 2042 1879 2062 csse.

1036 2083 1081 2112 Est
1101 2082 1183 2111 etiam
1211 2081 1414 2110 consummatio
1444 2081 1468 2109 in
1499 2081 1705 2118 comparatione
1728 2081 1762 2109 ad
1791 2081 1880 2118 perfe-

1034 2130 1151 2159 ctionem
1173 2129 1279 2166 agentis
1302 2128 1327 2156 111
1351 2128 1505 2165 1100,(11101ῑ1
1529 2128 1555 2156 10
1579 2128 1768 2156 incarnatione
1784 2128 1880 2161 homo,

1035 2176 1081 2214 qui
1114 2180 1155 2204 est
1187 2175 1321 2209 ultimus,
1354 2175 1531 2211 coniungitur
1564 2182 1628 2203 cum
1660 2182 1711 2203 suo
1742 2173 1879 2211 principio

1034 2222 1148 2253 unione,
1170 2230 1224 2259 qua
1243 2221 1296 2250 sub
1311 2221 1367 2250 Deo
1388 2221 1466 2249 nulla
1486 2225 1527 2250 est
1550 2221 1696 2249 maior.—
1709 2221 1780 2249 Facit
1794 2221 1877 2249 etiam
1922 2227 2009 2245 seeundo

1033 2269 1066 2297 ad
1084 2268 1279 2306 perfectionem
1295 2268 1427 2298 hominis,
1443 2271 1578 2305 quantum
1600 2268 1633 2295 ad
1652 2267 1720 2295 illud
1740 2267 1814 2304 quod
1837 2250 1952 2295 10-1Ἦῗιῗῗι
1969 2255 2011 2273 ω’

1101 2421 1111 2435 3
1130 2421 1193 2443 Vct-s,
1212 2422 1248 2442 32.
1266 2432 1297 2437 -—
1310 2421 1365 2442 infra
1379 2423 1429 2448 post
1441 2421 1499 2443 esset
1514 2419 1605 2449 falsam
1619 2420 1667 2441 Vat.
1680 2420 1756 2442 adiicit
1767 2419 1880 2449 siquam,-

1038 2460 1121 2483 deinde
1138 2466 1180 2488 pro
1198 2459 1244 2483 Sed
1260 2459 1310 2482 cod.
1329 2460 1344 2481 E
1362 2459 1477 2481 substituit
1493 2458 1520 2482 Si
1536 2464 1605 2488 erqo,
1626 2459 1676 2481 cod.
1696 2459 1710 2481 Ρ
1728 2458 1775 2482 Sed
1790 2458 1818 2481 si.

1102 2498 1110 2512 ⁴
1127 2498 1273 2526 Quadruplex
1296 2498 1379 2519 modus
1396 2497 1508 2519 educendi
1527 2498 1643 2519 bominem
1662 2498 1683 2519 in
1701 2503 1764 2525 esse,
1789 2497 1818 2519 de
1835 2503 1882 2526 quo

1038 2538 1059 2559 in
1078 2538 1120 2559 hoc
1145 2544 1193 2565 arg.
1219 2543 1295 2559 sermo
1321 2540 1365 2564 est,
1392 2540 1532 2558 memoratur
1550 2537 1570 2558 111
1589 2536 1713 2564 opusculo,
1732 2537 1767 2558 cui
1792 2536 1881 2558 titulus:

1038 2577 1160 2598 Sermones
1178 2575 1206 2597 ad
1224 2576 1303 2598 fratres
1321 2576 1342 2597 in
1360 2582 1438 2597 eremo
1456 2576 1522 2601 (iuter
1539 2581 1609 2603 opera
1623 2576 1735 2603 August),
1757 2581 1826 2597 serui.
1845 2576 1880 2603 28,

1039 2621 1080 2637 nec
1098 2621 1141 2637 non
1160 2616 1181 2637 in
1200 2615 1297 2637 Anselmi
1317 2614 1375 2637 libro
1392 2614 1437 2637 Cur
1455 2614 1514 2636 Deus
1532 2615 1614 2642 homo,
1634 2615 1656 2636 ll.
1674 2621 1692 2637 c.
1712 2615 1737 2642 8,
1756 2614 1795 2637 ubi
1812 2616 1880 2637 etiam

1039 2660 1081 2682 pro
1097 2653 1199 2676 secundo
1220 2653 1288 2676 inodo
1310 2654 1330 2675 in
1350 2653 1482 2681 exemplum
1502 2653 1621 2676 subiicitur
1643 2654 1726 2676 creatio
1744 2653 1819 2681 Adae,
1839 2660 1882 2682 pro

1039 2693 1103 2715 tertio
1121 2693 1241 2721 productio
1259 2693 1326 2714 Evae.

1100 2731 1110 2746 ⁵
1129 2731 1188 2754 Libr.
1208 2731 1236 2753 lll.
1255 2737 1274 2753 c.
1293 2731 1313 2754 5.
1332 2738 1352 2753 n.
1375 2731 1413 2753 13:
1432 2731 1505 2754 Potest
1522 2737 1578 2759 crgo
1595 2738 1644 2754 esse
1660 2731 1745 2760 aliquid
1764 2732 1785 2753 in
1804 2737 1880 2753 rerum

1039 2773 1130 2798 natura,
1149 2770 1211 2799 (111011
1235 2773 1270 2792 tua
1297 2771 1382 2793 ratione
1409 2776 1453 2792 non
1478 2771 1572 2798 cogitas.
1591 2771 1638 2793 Non
1656 2777 1706 2793 esse
1724 2774 1799 2793 autem
1818 2770 1881 2799 quod

1038 2816 1092 2831 vera
1111 2810 1196 2831 ratione
1214 2810 1307 2837 cogitas,
1326 2815 1370 2831 nou
1388 2811 1467 2837 potest.
1492 2809 1568 2838 Neque
1586 2810 1647 2831 enim
1666 2813 1689 2832 tu
1708 2812 1772 2837 potes
1795 2809 1881 2838 aliquid

1039 2848 1120 2870 melius
1138 2848 1158 2869 111
1177 2852 1278 2870 creatura
1297 2848 1404 2875 cogitare,
1422 2847 1484 2876 quod
1502 2852 1619 2870 creaturae
1637 2848 1745 2870 artificem
1764 2848 1855 2875 fugerit.

1100 2886 1110 2899 ‘³
1127 2886 1230 2908 Nonnulli
1248 2886 1315 2908 codd.
1333 2889 1354 2908 et
1373 2887 1421 2909 Vat.
1440 2886 1527 2909 addunt
1543 2888 1564 2909 et
1581 2886 1740 2909 mortalitatis.

1101 2923 1110 2938 ⁷
1127 2923 1182 2946 Cod.
1201 2924 1216 2946 N
1235 2923 1304 2947 homo
1320 2925 1437 2953 peccasse!
1453 2925 1475 2947 et
1491 2930 1538 2947 non
1556 2924 1705 2948 redimendus
1722 2925 1786 2947 esset.

1102 2962 1111 2977 ⁸
1129 2964 1170 2985 Pro
1183 2962 1238 2993 qaia
1251 2963 1274 2986 in
1287 2962 1450 2986 incarnatione
1462 2964 1495 2986 est
1510 2963 1559 2986 cod.
1579 2964 1593 2985 1⁴*
1611 2963 1745 2986 incarnatio
1762 2963 1824 2986 enim
1841 2965 1882 2986 est.
