2166 3366
83 607 182 626 Conclusio
196 607 213 625 3.

86 1547 184 1566 Conclusio
195 1547 213 1565 so.

119 2158 215 2182 Epilogus.

100 2532 172 2559 Solutio
185 2538 218 2556 op-

101 2559 210 2579 positorum.

226 195 283 224 b'lili
903 192 1155 221 SENTENTIARUM
1176 193 1236 221 LlB.
1258 193 1297 221 Ill.

226 273 283 301 ficit
304 273 386 300 modo
407 271 506 301 alicui,
528 270 574 307 qui
599 270 683 298 habet
704 277 787 298 usum
808 270 937 302 rationis,
955 270 979 297 in
996 277 1075 306 gene-

226 320 277 348 rali
301 319 416 347 credere
439 317 650 353 Redemptorem
674 320 700 345 et
723 317 969 345 Remuneratorem
984 327 990 349 ;
1005 316 1075 355 adeo

227 367 299 395 enim
324 365 421 393 notitia
441 364 619 401 quorundam
642 363 826 392 articulorum
851 363 996 392 manifesta
1018 367 1075 397 est,

226 413 300 450 quod
333 412 428 440 nullus
461 411 566 439 babens
594 418 678 439 usum
709 411 823 439 rationis
846 410 925 439 illos¹
949 411 1074 447 ignoret,

226 460 277 488 nisi
299 459 412 487 omnino
435 458 553 495 negligat
576 462 603 487 et
624 462 783 487 contemnat
804 458 851 486 Dei
872 458 980 486 cultum
995 461 1022 486 et
1037 466 1076 486 sa-

227 507 312 535 lntem
335 514 424 535 suam.

305 553 426 582 Credere
457 556 550 581 autem
583 553 727 590 quosdam
750 552 902 589 implicite,
932 552 1074 590 (sito-Silam

228 600 376 637 explicite,
399 600 450 628 boc
482 602 523 627 est
555 599 616 628 fidei
650 599 691 627 ad
720 599 845 627 salutem
872 599 1077 631 necessariam

226 651 316 685 potest
337 647 409 675 enim
433 646 497 675 fidei
520 646 688 683 simplicium
712 646 848 675 sufficere.
865 646 903 674 Ad
926 646 987 674 illos
1002 646 1075 674 enim

227 697 357 723 tenentur
378 693 509 730 eocplicitc
525 693 694 728 credendos,
710 701 780 731 quos
796 693 953 722 manifestat
967 693 1007 722 eis
1022 701 1075 721 non

227 742 318 771 solum
348 742 534 778 praedicatio,
556 741 603 770 sed
626 741 710 770 etiam
732 741 937 770 ecclesiasticus
959 748 1028 769 usus
1050 744 1077 769 et

226 789 419 817 consuetudo:
443 788 515 817 sicut
535 791 577 816 est
599 788 633 816 de
649 788 756 817 Unitate
777 792 804 816 et
825 788 974 822 'l'rinitate,
990 796 1074 824 quam

227 839 345 872 possunt
360 843 440 864 nosse
455 843 491 864 ex
507 836 566 872 ipso
581 838 645 864 actu
661 835 892 872 consignationis,
914 835 1077 872 consignant

227 883 301 912 enim
325 891 354 911 se
376 883 403 911 in
425 882 536 911 nomine
560 883 646 911 Patris
668 885 694 911 et
716 882 772 910 Filii
796 886 823 911 et
838 883 958 919 Spiritus
973 882 1076 915 sancti;

226 930 298 958 sicut
321 933 362 959 est
395 930 429 958 de
461 930 618 964 nativitate,
650 930 794 967 passione,
816 930 1022 958 resurrectione
1050 932 1077 958 et

227 981 404 1014 peccatorum
428 977 606 1012 remissione,
629 985 699 1014 qnos
721 984 887 1013 cognoscere
908 980 1025 1014 possunt
1040 984 1074 1005 ex

226 1024 294 1061 ipsis
316 1024 555 1059 solemnitatibus,
578 1032 648 1061 quas
671 1024 790 1053 Ecclesia
812 1024 949 1058 celebrat,
971 1027 998 1052 et·
1013 1024 1074 1052 acti-

226 1070 280 1100 bus
302 1071 489 1100 sacerdotum.
513 1071 575 1099 ideo
596 1071 631 1099 ab
652 1071 752 1099 borum
769 1070 924 1107 cognitione
939 1073 965 1099 et
980 1071 1077 1099 notitia

226 1118 322 1147 nullus
345 1118 451 1147 ratione
474 1122 554 1146 utens
576 1119 736 1155 excipitur3
769 1125 818 1147 nec
850 1118 1005 1154 ignorantia
1030 1126 1076 1146 ex-

226 1169 357 1199 cusatur,
379 1165 445 1202 quia
467 1173 520 1193 non
543 1168 633 1202 potest
654 1173 714 1194 esse
743 1165 806 1194 talis
834 1165 989 1202 ignorantia
1017 1165 1076 1194 sine

226 1212 394 1249 negligentia
415 1215 442 1241 et
473 1216 642 1249 contemptu.
666 1229 704 1232 —
725 1212 797 1241 Alios
828 1213 910 1241 etiam
943 1212 1076 1241 articulos

226 1268 281 1288 non
303 1259 341 1287 ita
362 1259 523 1287 manifestos
539 1262 668 1287 tenentur
683 1259 781 1296 utique
797 1259 912 1287 credere
929 1259 1075 1295 implicite.

227 1306 371 1343 Implicitc
392 1309 485 1334 autem
515 1314 584 1334 voco
605 1306 738 1339 credere,
760 1309 792 1333 ut
813 1305 843 1333 iii
862 1305 996 1342 generali
1021 1313 1078 1334 cre-

228 1354 295 1382 dant
316 1353 513 1382 universaliter
534 1360 616 1382 omne
638 1353 713 1390 quod
728 1353 817 1381 credit
832 1356 1007 1381 sacrosancta
1025 1360 1078 1380 ma-

228 1405 269 1430 ter
292 1400 427 1435 Ecclesia,
448 1401 485 1428 ita
501 1400 574 1437 quod
592 1400 623 1428 in
635 1400 820 1437 particulari
833 1408 849 1428 a
864 1399 941 1428 nullo
964 1399 1077 1428 illorum

228 1447 392 1476 dissentiant
419 1454 469 1475 nec
490 1447 613 1483 aliquem
635 1446 819 1475 articulorum
842 1446 1010 1475 discredam.

306 1495 426 1523 Credere
448 1497 541 1523 autem
564 1502 661 1523 omnes
680 1493 813 1523 articulos
838 1493 970 1531 explicite
990 1497 1017 1522 et
1039 1493 1079 1522 cli-

227 1541 329 1569 stiizcte
356 1545 398 1569 est
421 1540 492 1578 fidei
519 1541 581 1569 iam
604 1545 766 1577 provectae.
790 1540 843 1569 Hoc
864 1541 938 1569 enim
961 1549 1014 1569 non
1037 1544 1078 1569 est

228 1589 262 1617 de
284 1588 406 1625 generali
427 1588 491 1617 fidei
515 1588 696 1623 necessitate,
719 1588 777 1622 sed,
794 1588 815 1617 si
831 1588 1020 1617 necessarium
1037 1591 1078 1617 est

227 1635 325 1670 alicui,
349 1636 402 1665 illis
424 1640 465 1665 est
487 1635 694 1669 necessarium,
716 1636 764 1672 qui
786 1635 813 1663 in
836 1635 991 1672 cognitione
1013 1635 1076 1664 fidei

228 1684 417 1720 profecerunt,
443 1686 469 1712 et
489 1683 543 1711 illis
558 1683 713 1720 potissime,
735 1683 782 1720 qui
798 1683 881 1711 sidem
904 1683 966 1712 aliis
988 1683 1075 1720 expli-

227 1739 290 1760 care
312 1734 339 1760 et
361 1731 538 1759 manifestare
554 1733 693 1763 tenentur,
715 1730 759 1759 vel
779 1730 863 1759 etiam
882 1731 928 1767 qui
952 1730 1076 1759 officium

227 1778 343 1807 docendi
366 1781 393 1806 et
414 1777 593 1815 praedicandi
616 1780 779 1811 assumunt,
802 1777 872 1805 sicut
896 1781 961 1806 sunt
976 1777 1078 1806 haben-

227 1829 268 1854 tes
289 1833 387 1854 curam
409 1825 568 1853 animarum
593 1828 621 1853 et
641 1824 850 1861 praedicatores
878 1824 958 1853 verbi
980 1824 1028 1852 Dei
1051 1828 1078 1853 et

228 1872 355 1900 doctores
376 1879 472 1900 sacrae
493 1871 653 1908 scripturae
675 1874 702 1899 et
726 1870 792 1905 alii,
814 1878 935 1907 qnorum
965 1878 1077 1899 conver-

227 1919 296 1948 satio
309 1918 318 1934 ‘²
341 1922 470 1947 versatur
492 1919 566 1947 circa
588 1918 651 1947 fidei
675 1918 829 1947 veritatem.
851 1934 889 1938 —
909 1918 961 1946 lloc
984 1921 1077 1946 tamen

227 1974 281 1994 non
297 1966 381 1994 credo
403 1974 463 1994 esse
489 1968 679 2002 opportunum
702 1965 833 1993 omnibus
854 1965 900 2002 qui
923 1965 1077 1993 salvantur.

228 2012 304 2041 Multi
326 2013 399 2041 enim
423 2015 487 2041 sunt
510 2012 571 2040 boni
596 2012 752 2049 simplices,
774 2012 842 2049 qui,
865 2012 994 2049 quamvis
1023 2012 1077 2040 sint

229 2067 332 2096 parvae
354 2059 535 2095 cognitionis,
557 2062 622 2087 sunt
646 2062 736 2087 tamen
766 2065 882 2094 magnae
904 2058 1077 2091 devotioni-53

229 2110 256 2134 et
272 2106 339 2134 tales
354 2106 430 2143 pium
448 2109 489 2134 est
504 2106 619 2134 credere
634 2105 667 2134 ad
685 2105 802 2134 salutem
819 2105 976 2142 pervenire.
992 2122 1030 2126 —
1047 2106 1077 2134 Et

229 2156 377 2190 propterea
399 2153 608 2182 concedendum
629 2156 686 2187 est,
708 2152 783 2189 quod
806 2152 869 2181 licet
886 2156 1076 2189 opportunum

230 2200 265 2229 sit
286 2200 416 2229 omnibus
438 2208 492 2228 non
514 2199 604 2228 solum
627 2199 743 2228 credere
761 2207 858 2227 omnes
879 2199 1012 2227 articulos
1028 2199 1079 2227 im-

226 2247 341 2284 plicite,
364 2247 412 2276 sed
431 2247 513 2275 etiam
537 2246 674 2284 quosdam
696 2246 827 2283 explicite
843 2249 903 2283 post
925 2246 1077 2274 adventum

230 2295 348 2329 Cliristi3
370 2303 423 2323 non
446 2298 537 2323 tamen
567 2297 608 2323 est
630 2293 818 2322 necessarium
847 2293 995 2327 omnibus,
1025 2301 1079 2321 ma-

230 2341 307 2369 xime
329 2341 517 2378 simplicibus,
539 2340 655 2369 credere
677 2348 774 2369 omnes
794 2339 984 2376 explicite-
1004 2339 1079 2369 Unde

230 2388 424 2417 concedendae
460 2391 525 2416 sunt
556 2387 697 2421 rationes,
731 2395 802 2424 quae
838 2390 903 2415 sunt
931 2387 966 2415 ad
999 2387 1079 2415 istam

230 2438 348 2472 partem.

314 2483 336 2509 l.
357 2482 397 2510 Ad
418 2481 488 2510 illud
518 2489 584 2510 vero
605 2481 679 2518 quod
710 2481 800 2518 primo
821 2481 951 2509 obiicitur
974 2481 999 2509 in
1016 2489 1079 2509 con-

232 2529 379 2561 trariam,
401 2528 476 2565 quod
492 2536 577 2565 snper
594 2528 700 2565 lapides
723 2528 843 2556 debebat
861 2528 946 2556 sci-ibi
970 2528 1025 2556 Lex
1041 2527 1081 2556 lu-

230 2576 310 2610 cide;
342 2575 512 2609 dicendum,
540 2575 616 2612 quod
649 2574 717 2603 illud
751 2575 914 2603 mandatum
943 2582 997 2602 non
1020 2577 1079 2602 erat

1132 270 1229 298 datum
1263 271 1354 305 laicis,
1388 272 1433 300 sed
1469 271 1522 300 iliis
1551 272 1599 308 qui
1635 271 1773 300 debebant
1804 280 1852 301 eos
1880 273 1979 309 Legem

1133 317 1241 346 docere.
1258 318 1333 346 Unde
1348 326 1384 346 ex
1407 319 1459 347 boc
1473 326 1527 347 non
1550 322 1640 355 potest
1654 319 1799 353 concludi,
1821 319 1895 356 quod
1918 320 1980 348 sim-

1133 363 1219 400 plices
1241 368 1387 392 teneantur
1409 365 1525 394 credere
1547 373 1643 394 omnes
1668 365 1801 394 articulos
1823 366 1904 400 fidei,
1932 367 1978 395 sed

1133 410 1208 446 quod
1230 410 1267 438 illi
1292 412 1339 448 qui
1363 412 1465 440 babent
1486 420 1584 440 curam
1600 413 1757 440 animarum
1782 412 1922 449 ipsorum,
1945 417 1982 442 te-

1134 461 1236 485 nentur
1258 457 1339 486 fidem
1371 459 1547 488 manifestare
1563 459 1571 472 ³
1595 459 1686 488 lucide
1707 463 1734 488 et
1754 463 1858 496 aperte.

1212 505 1238 532 Q.
1261 504 1298 532 Ad
1315 505 1383 533 illud
1399 506 1472 542 quod
1495 506 1634 540 obiicitur,
1654 506 1726 543 qnod
1743 507 1894 535 sextat-iiis
1916 507 1981 536 fidei

1134 551 1259 579 consistit
1274 552 1299 579 in
1322 552 1403 588 plena
1419 552 1589 581 confessione
1604 553 1704 590 ipsius;
1727 553 1890 588 dicendum,
1906 554 1981 591 quod

1135 598 1276 627 sextarius
1297 598 1358 632 ille,
1381 599 1427 636 qui
1451 599 1586 636 significat
1608 600 1808 629 consessionem
1831 601 1911 635 fidei,
1934 601 1983 630 im-

1134 645 1204 681 pleri
1228 645 1311 674 babet
1332 645 1505 682 plenitudine
1526 647 1717 684 sufficientiae
1739 651 1765 676 et
1788 648 1980 685 plenitudine⁴
1994 652 2124 694 flumme-*gisse-

1135 692 1241 728 copiae.
1278 693 1355 720 Tunc
1390 693 1522 729 impletur
1557 694 1733 730 plenitudine*
1769 694 1981 733 sufficientiae,
2018 681 2057 694 Μ
2072 681 2089 694 ο’

1135 739 1247 776 quando
1268 739 1331 776 quis
1352 748 1448 768 omnes
1470 740 1603 769 articulos
1631 741 1737 776 credit,
1760 742 1797 770 ita
1825 743 1899 780 quod
1924 743 1983 771 nul-

1136 786 1193 815 lum
1223 786 1372 821 discredit3
1409 787 1517 824 aliquos
1547 791 1638 817 tamen
1670 789 1759 817 credit
1795 789 1928 826 implicite
1956 794 1983 819 et

1134 833 1243 870 aliquos
1264 834 1413 870 explicite,
1442 834 1479 862 ita
1504 834 1579 871 quod
1601 834 1627 862 in
1648 835 1813 865 credulitate
1835 844 1905 871 sua,
1925 837 1983 866 sive

1135 880 1162 908 in
1184 880 1244 909 istis
1265 888 1335 917 qnos
1357 881 1446 909 credit
1467 881 1615 918 implicite,
1638 882 1696 910 sive
1718 883 1745 910 in
1768 883 1811 911 bis
1832 891 1902 920 qnos
1927 892 1985 913 cre-

1135 927 1175 956 dit
1206 928 1352 965 explicite,
1379 928 1447 956 nihil
1476 928 1554 957 addit
1580 936 1630 957 nec
1655 929 1756 958 minuit
1784 930 1818 958 de
1840 930 1884 959 bis
1912 938 1984 968 quae

1134 974 1223 1002 credit
1245 978 1339 1003 sancta
1366 974 1485 1003 Ecclesia
1506 978 1533 1003 et
1562 975 1628 1004 dicit
1649 979 1744 1004 sancta
1766 976 1928 1013 Scriptura;
1957 980 1984 1006 et

1135 1021 1210 1049 hunc
1232 1021 1387 1050 sextarium
1411 1021 1449 1050 sic
1465 1021 1611 1058 impletum
1634 1022 1737 1051 debent
1758 1031 1855 1052 omnes
1873 1024 1983 1053 offerre.

1135 1069 1211 1097 Tunc
1233 1072 1327 1097 autem
1350 1073 1391 1097 est
1413 1069 1556 1106 plenitudo
1578 1069 1696 1106 copiae,
1718 1070 1830 1107 quando
1852 1071 1916 1108 quis
1947 1071 1985 1100 di-

1135 1115 1233 1144 stincte
1255 1119 1281 1144 et
1302 1116 1433 1153 explicite
1455 1117 1531 1145 novit
1553 1120 1580 1145 et
1600 1118 1689 1146 credit
1710 1126 1742 1146 ea
1766 1126 1838 1155 quae
1859 1121 1984 1155 spectant

1134 1162 1169 1191 ad
1198 1163 1331 1192 articulos
1352 1163 1416 1191 fidei
1429 1186 1436 1197 ‚
1458 1166 1485 1192 et
1505 1171 1538 1192 ea
1559 1172 1631 1200 quae
1652 1164 1687 1192 ad
1717 1164 1790 1201 ipsos
1812 1172 1986 1202 consequun-

1135 1212 1200 1242 tur3
1222 1212 1248 1238 et
1270 1210 1338 1238 baec
1361 1218 1493 1239 mensura
1515 1219 1567 1239 non
1590 1214 1632 1239 est
1652 1211 1794 1245 omnium,
1817 1212 1866 1240 sed
1896 1212 1985 1249 magis

1135 1257 1287 1293 capacium.

1215 1304 1240 1332 3.
1262 1305 1289 1333 [ι.
1312 1305 1350 1333 Ad
1373 1305 1442 1333 illud
1464 1306 1539 1342 quod
1561 1305 1691 1334 obiicitur
1719 1306 1798 1335 tertio
1820 1310 1847 1335 et
1867 1310 1985 1344 quarto,

1135 1351 1210 1387 quod
1232 1351 1304 1380 sicut
1325 1359 1355 1380 se
1385 1352 1468 1380 babet
1488 1352 1645 1381 obedientia
1675 1356 1804 1390 respectu
1826 1357 1985 1391 praecepto-

1136 1405 1216 1432 rum,
1238 1401 1265 1426 et
1286 1398 1387 1427 caritas
1409 1402 1538 1436 respectu
1561 1398 1787 1436 diligendorum,
1810 1400 1848 1428 sic
1870 1404 1897 1429 et
1916 1400 1985 1429 fides

1137 1447 1265 1481 respectu
1281 1445 1504 1479 credendorum3
1527 1446 1690 1482 responderi
1710 1449 1800 1483 potest
1821 1447 1982 1484 dupliciter:
1996 1456 2067 1475 sonno
2080 1457 2100 1474 ι.

1137 1492 1227 1529 primo
1242 1492 1368 1526 dicende,
1390 1493 1463 1530 quod
1480 1501 1538 1521 non
1553 1497 1594 1521 est
1608 1493 1719 1522 simile.-
1732 1494 1812 1531 quia,
1835 1502 1898 1523 cum
1913 1494 1985 1531 sides

1136 1539 1267 1567 consistat
1289 1539 1316 1567 in
1338 1539 1493 1576 cognitione
1506 1540 1524 1574 5,
1546 1544 1573 1569 et
1594 1540 1719 1578 coynitio
1735 1544 1825 1578 potest
1846 1542 1917 1570 scire
1938 1542 1985 1570 ali-

1136 1586 1204 1623 quid
1233 1586 1259 1614 in
1288 1586 1465 1621 universali,
1496 1587 1533 1615 ita
1563 1590 1654 1616 tamen
1682 1588 1758 1625 quod
1787 1596 1840 1616 non
1867 1589 1935 1618 sciat
1957 1589 1985 1617 in

1133 1634 1327 1670 particulari,
1349 1638 1376 1663 et
1398 1634 1435 1662 ita
1456 1635 1527 1663 scire
1550 1643 1606 1663 uno
1628 1635 1710 1664 modo
1739 1639 1766 1664 et
1782 1636 1910 1673 ignorare
1930 1636 1985 1665 alio

1136 1681 1232 1715 modo;
1254 1685 1344 1718 potest
1362 1685 1389 1710 et
1410 1682 1470 1719 ipsa
1483 1681 1555 1719 sides
1576 1682 1683 1719 aliquid
1699 1683 1814 1712 credere
1836 1683 1983 1720 implicite,

1135 1728 1264 1764 quamvis
1287 1736 1339 1756 non
1362 1728 1457 1757 credat
1479 1728 1617 1765 explicite.
1640 1729 1697 1757 Non
1720 1730 1759 1758 sic
1780 1733 1875 1758 autem
1893 1733 1935 1759 est
1949 1731 1984 1760 de

1136 1775 1309 1809 obedientia,
1340 1784 1411 1812 quae
1440 1776 1565 1804 consistit
1586 1776 1613 1804 in
1642 1776 1839 1805 mandatorum
1869 1785 1984 1806 exsecu-

1136 1822 1224 1856 tione3
1246 1831 1300 1850 non
1329 1822 1402 1850 enim
1425 1825 1514 1859 potest
1543 1823 1706 1851 mandatnm
1729 1823 1839 1860 impleri
1869 1824 1895 1852 in
1922 1824 1985 1852 uni-

1134 1869 1245 1897 versati
1252 1892 1260 1903 ,
1282 1870 1348 1906 quin
1372 1870 1521 1906 impleatur
1544 1870 1570 1898 in
1590 1870 1781 1906 particulari.
1803 1871 1936 1900 Similiter
1952 1879 1985 1900 ea

1136 1924 1207 1953 quae
1228 1916 1342 1945 caritas
1371 1916 1472 1953 diligit,
1495 1917 1533 1945 ita
1562 1920 1627 1945 sunt
1650 1917 1810 1952 manifesta,
1833 1918 1907 1955 quod
1930 1926 1985 1947 non

1135 1966 1252 2000 possunt
1284 1963 1377 1992 latere.
1400 1980 1438 1984 -
1463 1964 1546 1992 Aliter
1576 1968 1665 2000 potest
1697 1964 1877 2001 responderi,
1908 1965 1983 2002 quod
1999 1976 2070 1996 Seiano
2082 1975 2100 1995 2.

1135 2010 1263 2048 quodam
1278 2010 1362 2038 modo
1376 2010 1414 2038 sit
1429 2010 1542 2038 simile:
1565 2011 1631 2048 quia
1652 2010 1813 2039 ohedientia
1835 2020 1888 2039 non
1912 2014 1984 2040 tene-

1136 2060 1183 2085 tur
1204 2057 1297 2085 omnia
1323 2057 1454 2086 mandata
1475 2058 1592 2095 exsequi
1619 2058 1646 2085 in
1668 2066 1752 2095 opere
1778 2059 1829 2087 nisi
1852 2067 1903 2095 pro
1926 2058 1983 2088 loco

1136 2107 1163 2132 et
1186 2107 1322 2141 tempore,
1344 2105 1393 2133 sed
1409 2104 1524 2137 sufficit,
1546 2105 1621 2141 quod
1636 2108 1797 2142 promptum
1821 2105 1942 2134 reddat⁶
1957 2108 1985 2134 et

1137 2151 1327 2180 voluntarium
1350 2152 1386 2180 ad
1401 2152 1614 2188 exsequendum
1635 2152 1741 2185 omnia,
1763 2160 1827 2180 cum
1849 2152 1934 2181 suerit
1949 2152 1986 2181 lo-

1137 2206 1186 2227 cus
1208 2202 1234 2227 et
1257 2202 1376 2235 tempus.
1399 2198 1530 2227 Similiter
1551 2206 1601 2227 nec
1623 2198 1737 2226 carita-5
1766 2199 1923 2236 specialiter
1945 2199 1983 2228 di-

1138 2245 1196 2282 ligit
1219 2253 1463 2282 unumquemque,
1486 2245 1534 2273 sed
1556 2253 1653 2274 omnes
1672 2245 1861 2274 *communiter
1882 2246 1985 2283 ample-

1137 2293 1230 2327 ctitur,
1252 2292 1332 2321 illurn
1355 2296 1448 2321 autem
1471 2292 1627 2328 specialiter
1649 2292 1753 2329 diligit,
1775 2300 1858 2329 quem
1881 2293 1984 2330 specia-

1138 2339 1200 2368 liter
1230 2339 1376 2376 cognoscit.
1406 2339 1468 2368 ldeo
1497 2346 1533 2367 ex
1564 2339 1614 2367 hoc
1642 2347 1696 2366 non
1726 2342 1816 2376 potest
1841 2339 1985 2373 concludi,

1138 2386 1213 2423 quod
1242 2386 1346 2423 aliquis
1374 2394 1424 2423 per
1452 2386 1535 2415 fidem
1564 2389 1691 2415 teneatur
1723 2394 1820 2415 omnes
1851 2386 1984 2415 articulos

1138 2433 1269 2470 explicite
1296 2433 1427 2467 credere,
1455 2433 1501 2461 sed
1533 2433 1692 2470 implicite;
1720 2433 1853 2470 explicite
1873 2437 1983 2468 autem,

1139 2488 1203 2509 cum
1232 2488 1261 2509 se
1289 2481 1369 2509 offert
1390 2480 1599 2517 opportunitas,
1628 2483 1724 2517 utpote
1749 2480 1861 2517 quando
1883 2480 1984 2518 aliquis

1138 2527 1275 2556 articulus
1297 2527 1335 2555 illi
1366 2527 1544 2563 praedicatur
1572 2530 1599 2555 et
1625 2526 1784 2563 explicatur
1817 2527 1853 2555 ab
1878 2535 1910 2555 eo
1939 2527 1984 2556 cui

1139 2574 1222 2602 debet
1243 2574 1366 2602 credere.

295 2733 301 2747 ¹
321 2734 350 2755 Ex
369 2734 417 2755 Vat.
436 2735 572 2756 retinuimus
589 2733 655 2761 illos,
676 2740 745 2762 qnam
765 2734 871 2755 voculam
890 2733 957 2756 codd.
977 2740 1017 2755 nec
1035 2739 1079 2755 non

231 2772 283 2794 edd.
306 2773 326 2799 l,
345 2774 358 2794 2
377 2773 435 2795 male
453 2774 565 2795 omittunt.
584 2773 652 2795 Panlo
670 2773 763 2795 interius
780 2779 822 2800 pro
835 2772 878 2796 hoc
890 2772 1030 2802 estficleiarl
1044 2778 1080 2795 sa-

231 2810 300 2833 lutem
319 2811 465 2835 necessariae
482 2812 535 2834 edd.
553 2811 597 2835 lioc
614 2813 647 2834 est
664 2811 696 2834 sul
716 2811 772 2842 fidei
793 2811 894 2834 satutem
919 2811 1079 2835 necessarium

232 2853 253 2871 et
270 2850 367 2872 subinde
385 2849 421 2873 Ad
437 2850 490 2873 illos
508 2851 588 2873 [tillem
606 2857 648 2878 pro
666 2849 702 2873 Ad
719 2849 773 2873 illos
785 2850 853 2873 enim.
868 2851 916 2872 Mox
930 2856 972 2878 pro
985 2850 1080 2873 creden-

232 2887 273 2910 dos
291 2888 357 2910 codd.
376 2889 427 2910 Laa
444 2889 569 2912 credente-s.

294 2926 303 2939 ²
321 2926 376 2948 Cod.
395 2928 411 2948 Α
429 2926 532 2949 intenlio.

296 2964 305 2978 ³
321 2965 376 2986 Edd.
394 2966 503 2987 tenentur
520 2965 614 2988 credere
631 2967 653 2988 et
669 2966 728 2989 scire
745 2966 814 2996 sidem
832 2966 898 2996 [Vnt.
916 2967 993 2989 adiicit
1010 2968 1031 2989 et
1048 2966 1079 2996 ip-

232 3002 302 3032 sum]
319 3003 478 3032 iiiunifpstaiw.

1200 2732 1208 2747 ⁴
1227 2732 1282 2754 Edd.
1305 2733 1327 2760 l,
1347 2733 1359 2754 2
1377 2738 1430 2754 cum
1449 2733 1563 2754 nonnullis
1580 2732 1647 2754 codd.
1667 2738 1708 2760 pro
1732 2731 1876 2761 plenitudine
1901 2732 1937 2753 hic
1962 2735 1984 2753 et

1137 2773 1240 2800 proxime
1257 2774 1308 2793 ante
1325 2771 1504 2800 plenitudinem,
1524 2775 1546 2794 et
1563 2772 1631 2799 paulo
1648 2772 1755 2799 superius
1772 2777 1814 2799 pro
1836 2770 1930 2799 impleri·
1953 2770 1983 2792 di-

1137 2814 1185 2833 ctae
1203 2810 1255 2833 edd.
1273 2811 1335 2833 solae
1351 2810 1375 2833 iii
1388 2810 1489 2839 plurali.
1507 2811 1628 2838 Aliquanto
1645 2810 1738 2832 interius
1756 2809 1806 2831 cod.
1826 2808 1844 2830 V
1857 2809 1938 2831 omittit
1950 2808 1983 2832 sic

1137 2850 1269 2879 impletam,
1290 2853 1311 2872 et
1329 2856 1381 2872 mox
1399 2850 1491 2878 plurimi
1509 2849 1577 2872 codd.
1595 2850 1700 2871 omittunt
1718 2847 1770 2877 quis
1788 2850 1840 2875 post
1857 2847 1960 2877 quando.

1199 2889 1208 2903 ⁵
1225 2888 1269 2911 Cir.
1287 2895 1357 2916 supra
1375 2889 1397 2911 d.
1415 2889 1451 2910 ⁴23.
1470 2895 1489 2910 a.
1512 2889 1528 2910 1.
1547 2895 1569 2916 q.
1589 2889 1609 2909 2.

1199 2928 1208 2942 ⁶
1225 2927 1279 2950 Cod.
1299 2928 1314 2949 Z
1333 2928 1369 2949 bic
1386 2927 1476 2950 subiicit
1492 2927 1601 2949 animam
1618 2929 1639 2948 et
1651 2926 1719 2953 paulo
1731 2926 1838 2953 superius
1852 2931 1893 2953 pro
1906 2924 1982 2948 Aliter

1134 2968 1210 2997 potest
1225 2966 1293 2996 [edd.
1312 2966 1400 2989 addunt
1416 2965 1504 2995 eliam]
1522 2965 1637 2988 substituit
1653 2964 1728 2987 Aliter
1744 2965 1828 2993 posset.
