<?xml version="1.0" encoding="UTF-8"?>
<!DOCTYPE html PUBLIC "-//W3C//DTD XHTML 1.0 Transitional//EN"
    "http://www.w3.org/TR/xhtml1/DTD/xhtml1-transitional.dtd">
<html xmlns="http://www.w3.org/1999/xhtml" xml:lang="en" lang="en">
 <head>
  <title>
</title>
<meta http-equiv="Content-Type" content="text/html;charset=utf-8" />
  <meta name='ocr-system' content='tesseract 3.04.00' />
  <meta name='ocr-capabilities' content='ocr_page ocr_carea ocr_par ocr_line ocrx_word'/>
</head>
<body>
  <div class='ocr_page' id='page_1' title='image "./doctorisseraphic03bona/doctorisseraphic03bona_0423.png"; bbox 0 0 2166 3366; ppageno 0'>
   <div class='ocr_carea' id='block_1_1' title="bbox 8 525 132 573">
    <p class='ocr_par' dir='ltr' id='par_1_1' title="bbox 8 525 132 573">
     <span class='ocr_line' id='line_1_1' title="bbox 28 525 132 548; baseline -0.019 -4"><span class='ocrx_word' id='word_1_1' title='bbox 28 525 132 548; x_wconf 75' lang='lat' dir='ltr'>Explicatur</span> 
     </span>
     <span class='ocr_line' id='line_1_2' title="bbox 8 548 132 573; baseline -0.016 -6"><span class='ocrx_word' id='word_1_2' title='bbox 8 549 30 569; x_wconf 79' lang='lat' dir='ltr'>de</span> <span class='ocrx_word' id='word_1_3' title='bbox 42 548 132 573; x_wconf 78' lang='lat' dir='ltr'><em>passione.</em></span> 
     </span>
    </p>
   </div>
   <div class='ocr_carea' id='block_1_2' title="bbox 0 897 133 941">
    <p class='ocr_par' dir='ltr' id='par_1_2' title="bbox 0 897 133 941">
     <span class='ocr_line' id='line_1_3' title="bbox 0 897 133 924; baseline 0.008 -10"><span class='ocrx_word' id='word_1_4' title='bbox 0 897 35 924; x_wconf 20' lang='grc' dir='ltr'>Ηυξ</span> <span class='ocrx_word' id='word_1_5' title='bbox 52 902 133 916; x_wconf 76' lang='lat' dir='ltr'>resurre-</span> 
     </span>
     <span class='ocr_line' id='line_1_4' title="bbox 0 923 74 941; baseline -0.027 0"><span class='ocrx_word' id='word_1_6' title='bbox 0 929 1 936; x_wconf 58' lang='lat'>¹</span> <span class='ocrx_word' id='word_1_7' title='bbox 9 923 74 941; x_wconf 77' lang='lat' dir='ltr'>ctione.</span> 
     </span>
    </p>
   </div>
   <div class='ocr_carea' id='block_1_3' title="bbox 10 1509 136 1528">
    <p class='ocr_par' dir='ltr' id='par_1_3' title="bbox 10 1509 136 1528">
     <span class='ocr_line' id='line_1_5' title="bbox 10 1509 136 1528; baseline -0.008 0"><span class='ocrx_word' id='word_1_8' title='bbox 10 1509 136 1528; x_wconf 82' lang='lat' dir='ltr'>Corollariuui.</span> 
     </span>
    </p>
   </div>
   <div class='ocr_carea' id='block_1_4' title="bbox 0 1930 139 1974">
    <p class='ocr_par' dir='ltr' id='par_1_4' title="bbox 0 1930 139 1974">
     <span class='ocr_line' id='line_1_6' title="bbox 23 1930 139 1953; baseline -0.026 -4"><span class='ocrx_word' id='word_1_9' title='bbox 23 1930 52 1949; x_wconf 79' lang='lat' dir='ltr'>Ad</span> <span class='ocrx_word' id='word_1_10' title='bbox 66 1930 139 1953; x_wconf 76' lang='lat' dir='ltr'>quaest.</span> 
     </span>
     <span class='ocr_line' id='line_1_7' title="bbox 0 1953 131 1974; baseline -0.023 -1"><span class='ocrx_word' id='word_1_11' title='bbox 0 1970 1 1974; x_wconf 72' lang='grc'>,</span> <span class='ocrx_word' id='word_1_12' title='bbox 11 1953 131 1972; x_wconf 72' lang='lat' dir='ltr'>incidentem.</span> 
     </span>
    </p>
   </div>
   <div class='ocr_carea' id='block_1_5' title="bbox 25 2211 141 2259">
    <p class='ocr_par' dir='ltr' id='par_1_5' title="bbox 25 2211 141 2259">
     <span class='ocr_line' id='line_1_8' title="bbox 25 2211 141 2238; baseline -0.017 -8"><span class='ocrx_word' id='word_1_13' title='bbox 25 2211 95 2238; x_wconf 70' lang='lat' dir='ltr'>Salutio</span> <span class='ocrx_word' id='word_1_14' title='bbox 108 2215 141 2234; x_wconf 84' lang='lat' dir='ltr'>op-</span> 
     </span>
     <span class='ocr_line' id='line_1_9' title="bbox 25 2236 134 2259; baseline -0.018 -6"><span class='ocrx_word' id='word_1_15' title='bbox 25 2236 134 2259; x_wconf 77' lang='lat' dir='ltr'>positorum.</span> 
     </span>
    </p>
   </div>
   <div class='ocr_carea' id='block_1_6' title="bbox 769 201 1913 239">
    <p class='ocr_par' dir='ltr' id='par_1_6' title="bbox 769 201 1913 239">
     <span class='ocr_line' id='line_1_10' title="bbox 769 201 1913 239; baseline -0.003 -8"><span class='ocrx_word' id='word_1_16' title='bbox 769 203 850 231; x_wconf 86' lang='lat' dir='ltr'><em>DlST.</em></span> <span class='ocrx_word' id='word_1_17' title='bbox 873 203 937 232; x_wconf 80' lang='lat' dir='ltr'>xlx.</span> <span class='ocrx_word' id='word_1_18' title='bbox 960 203 1032 231; x_wconf 74' lang='grc' dir='ltr'><strong>ΛΒΤ.</strong></span> <span class='ocrx_word' id='word_1_19' title='bbox 1054 203 1071 230; x_wconf 89' lang='lat'><em>1.</em></span> <span class='ocrx_word' id='word_1_20' title='bbox 1094 202 1229 239; x_wconf 74' lang='lat' dir='ltr'><em>QUAEST.</em></span> <span class='ocrx_word' id='word_1_21' title='bbox 1252 202 1269 230; x_wconf 96' lang='grc'>1.</span> <span class='ocrx_word' id='word_1_22' title='bbox 1834 201 1886 228; x_wconf 74' lang='grc'>[401</span> <span class='ocrx_word' id='word_1_23' title='bbox 1912 233 1913 236; x_wconf 16' lang='lat'>¹</span> 
     </span>
    </p>
   </div>
   <div class='ocr_carea' id='block_1_7' title="bbox 223 281 993 312">
    <p class='ocr_par' dir='ltr' id='par_1_7' title="bbox 223 281 993 312">
     <span class='ocr_line' id='line_1_11' title="bbox 223 281 993 312; baseline -0.004 0"><span class='ocrx_word' id='word_1_24' title='bbox 223 283 348 312; x_wconf 76' lang='lat' dir='ltr'>Attamen</span> <span class='ocrx_word' id='word_1_25' title='bbox 371 283 441 312; x_wconf 86' lang='lat' dir='ltr'>ratio</span> <span class='ocrx_word' id='word_1_26' title='bbox 472 282 604 311; x_wconf 70' lang='lat' dir='ltr'>mer-emti</span> <span class='ocrx_word' id='word_1_27' title='bbox 624 281 845 310; x_wconf 81' lang='lat' dir='ltr'>iustificationem</span> <span class='ocrx_word' id='word_1_28' title='bbox 868 281 993 310; x_wconf 86' lang='lat' dir='ltr'>attribui-</span> 
     </span>
    </p>
   </div>
   <div class='ocr_carea' id='block_1_8' title="bbox 8 329 994 367">
    <p class='ocr_par' dir='ltr' id='par_1_8' title="bbox 8 329 994 367">
     <span class='ocr_line' id='line_1_12' title="bbox 8 329 994 367; baseline -0.003 -8"><span class='ocrx_word' id='word_1_29' title='bbox 8 338 102 359; x_wconf 74' lang='lat' dir='ltr'><em>Conclusio</em></span> <span class='ocrx_word' id='word_1_30' title='bbox 114 337 131 356; x_wconf 68' lang='lat' dir='ltr'>s».</span> <span class='ocrx_word' id='word_1_31' title='bbox 145 333 192 360; x_wconf 83' lang='lat' dir='ltr'>tut·</span> <span class='ocrx_word' id='word_1_32' title='bbox 213 330 263 359; x_wconf 82' lang='lat' dir='ltr'><em>soli</em></span> <span class='ocrx_word' id='word_1_33' title='bbox 284 330 435 367; x_wconf 75' lang='lat' dir='ltr'><em>passioni,</em></span> <span class='ocrx_word' id='word_1_34' title='bbox 458 338 511 358; x_wconf 88' lang='lat' dir='ltr'>non</span> <span class='ocrx_word' id='word_1_35' title='bbox 534 329 748 362; x_wconf 69' lang='lat' dir='ltr'>resurrectioni,</span> <span class='ocrx_word' id='word_1_36' title='bbox 771 329 841 357; x_wconf 88' lang='lat' dir='ltr'>ratio</span> <span class='ocrx_word' id='word_1_37' title='bbox 860 337 926 357; x_wconf 89' lang='lat' dir='ltr'>vero</span> <span class='ocrx_word' id='word_1_38' title='bbox 942 332 994 356; x_wconf 81' lang='lat' dir='ltr'>ter-</span> 
     </span>
    </p>
   </div>
   <div class='ocr_carea' id='block_1_9' title="bbox 144 375 1000 2240">
    <p class='ocr_par' dir='ltr' id='par_1_9' title="bbox 144 375 996 1388">
     <span class='ocr_line' id='line_1_13' title="bbox 144 375 991 413; baseline -0.004 -7"><span class='ocrx_word' id='word_1_39' title='bbox 144 377 282 406; x_wconf 77' lang='lat' dir='ltr'>minandi</span> <span class='ocrx_word' id='word_1_40' title='bbox 301 380 328 405; x_wconf 88' lang='lat' dir='ltr'>et</span> <span class='ocrx_word' id='word_1_41' title='bbox 349 376 491 413; x_wconf 88' lang='lat' dir='ltr'>quietandi</span> <span class='ocrx_word' id='word_1_42' title='bbox 519 375 683 404; x_wconf 68' lang='lat' dir='ltr'>attribuitur</span> <span class='ocrx_word' id='word_1_43' title='bbox 704 375 916 404; x_wconf 78' lang='lat' dir='ltr'>resurrectioni</span> <span class='ocrx_word' id='word_1_44' title='bbox 927 398 934 408; x_wconf 83' lang='lat'><em>,</em></span> <span class='ocrx_word' id='word_1_45' title='bbox 956 375 991 404; x_wconf 83' lang='lat' dir='ltr'>ad</span> 
     </span>
     <span class='ocr_line' id='line_1_14' title="bbox 145 422 993 462; baseline -0.004 -10"><span class='ocrx_word' id='word_1_46' title='bbox 145 432 229 462; x_wconf 89' lang='lat' dir='ltr'>qnam</span> <span class='ocrx_word' id='word_1_47' title='bbox 251 423 399 452; x_wconf 84' lang='lat' dir='ltr'>ordinatur</span> <span class='ocrx_word' id='word_1_48' title='bbox 420 423 594 455; x_wconf 77' lang='lat' dir='ltr'>iustificatio,</span> <span class='ocrx_word' id='word_1_49' title='bbox 617 430 669 450; x_wconf 93' lang='lat' dir='ltr'>non</span> <span class='ocrx_word' id='word_1_50' title='bbox 693 422 827 458; x_wconf 81' lang='lat' dir='ltr'><em>passioni;</em></span> <span class='ocrx_word' id='word_1_51' title='bbox 848 422 905 450; x_wconf 89' lang='lat' dir='ltr'>duo</span> <span class='ocrx_word' id='word_1_52' title='bbox 927 430 993 450; x_wconf 87' lang='lat' dir='ltr'>vero</span> 
     </span>
     <span class='ocr_line' id='line_1_15' title="bbox 147 468 994 505; baseline -0.004 -6"><span class='ocrx_word' id='word_1_53' title='bbox 147 470 327 502; x_wconf 80' lang='lat' dir='ltr'>intermedia,</span> <span class='ocrx_word' id='word_1_54' title='bbox 342 470 446 499; x_wconf 82' lang='lat' dir='ltr'>scilicet</span> <span class='ocrx_word' id='word_1_55' title='bbox 461 469 598 497; x_wconf 64' lang='lat' dir='ltr'>excitatio</span> <span class='ocrx_word' id='word_1_56' title='bbox 619 472 646 497; x_wconf 88' lang='lat' dir='ltr'>et</span> <span class='ocrx_word' id='word_1_57' title='bbox 666 468 822 505; x_wconf 64' lang='grc' dir='ltr'>νθῃιιίαιίο,</span> <span class='ocrx_word' id='word_1_58' title='bbox 837 469 994 497; x_wconf 87' lang='lat' dir='ltr'>attribuun-</span> 
     </span>
     <span class='ocr_line' id='line_1_16' title="bbox 147 515 993 554; baseline -0.005 -7"><span class='ocrx_word' id='word_1_59' title='bbox 147 518 210 547; x_wconf 87' lang='lat' dir='ltr'>tur¹</span> <span class='ocrx_word' id='word_1_60' title='bbox 233 517 354 554; x_wconf 84' lang='lat' dir='ltr'>utrique.</span> <span class='ocrx_word' id='word_1_61' title='bbox 377 533 415 537; x_wconf 60' lang='lat'>›—</span> <span class='ocrx_word' id='word_1_62' title='bbox 437 516 503 544; x_wconf 82' lang='lat' dir='ltr'>Num</span> <span class='ocrx_word' id='word_1_63' title='bbox 523 516 625 553; x_wconf 74' lang='lat' dir='ltr'><em>passio</em></span> <span class='ocrx_word' id='word_1_64' title='bbox 647 516 750 544; x_wconf 83' lang='lat' dir='ltr'>excitat</span> <span class='ocrx_word' id='word_1_65' title='bbox 772 524 821 544; x_wconf 89' lang='lat' dir='ltr'>nos</span> <span class='ocrx_word' id='word_1_66' title='bbox 839 515 873 543; x_wconf 87' lang='lat' dir='ltr'>ad</span> <span class='ocrx_word' id='word_1_67' title='bbox 891 515 938 543; x_wconf 88' lang='lat' dir='ltr'>Dei</span> <span class='ocrx_word' id='word_1_68' title='bbox 955 515 993 543; x_wconf 91' lang='lat' dir='ltr'>di-</span> 
     </span>
     <span class='ocr_line' id='line_1_17' title="bbox 146 561 992 599; baseline -0.004 -6"><span class='ocrx_word' id='word_1_69' title='bbox 146 563 308 595; x_wconf 81' lang='lat' dir='ltr'>lectionem,</span> <span class='ocrx_word' id='word_1_70' title='bbox 330 566 357 592; x_wconf 92' lang='lat' dir='ltr'>et</span> <span class='ocrx_word' id='word_1_71' title='bbox 379 562 498 591; x_wconf 89' lang='lat' dir='ltr'>ulterius</span> <span class='ocrx_word' id='word_1_72' title='bbox 520 562 641 590; x_wconf 80' lang='lat' dir='ltr'>insinuat</span> <span class='ocrx_word' id='word_1_73' title='bbox 663 562 758 594; x_wconf 80' lang='lat' dir='ltr'><em>nobis,</em></span> <span class='ocrx_word' id='word_1_74' title='bbox 779 562 899 599; x_wconf 83' lang='lat' dir='ltr'>qualitor</span> <span class='ocrx_word' id='word_1_75' title='bbox 922 561 992 590; x_wconf 91' lang='lat' dir='ltr'>mori</span> 
     </span>
     <span class='ocr_line' id='line_1_18' title="bbox 145 609 993 648; baseline -0.006 -8"><span class='ocrx_word' id='word_1_76' title='bbox 145 611 298 641; x_wconf 84' lang='lat' dir='ltr'>debeamus</span> <span class='ocrx_word' id='word_1_77' title='bbox 320 610 459 648; x_wconf 82' lang='lat' dir='ltr'>peccatis;</span> <span class='ocrx_word' id='word_1_78' title='bbox 480 613 507 638; x_wconf 87' lang='lat' dir='ltr'>et</span> <span class='ocrx_word' id='word_1_79' title='bbox 529 610 564 638; x_wconf 85' lang='lat' dir='ltr'>ita</span> <span class='ocrx_word' id='word_1_80' title='bbox 586 613 628 637; x_wconf 83' lang='lat' dir='ltr'>est</span> <span class='ocrx_word' id='word_1_81' title='bbox 648 609 810 646; x_wconf 55' lang='lat' dir='ltr'>exemptum</span> <span class='ocrx_word' id='word_1_82' title='bbox 828 617 993 645; x_wconf 74' lang='lat' dir='ltr'><em>provocans</em></span> 
     </span>
     <span class='ocr_line' id='line_1_19' title="bbox 144 655 994 694; baseline -0.005 -7"><span class='ocrx_word' id='word_1_83' title='bbox 144 661 171 687; x_wconf 82' lang='lat' dir='ltr'>et</span> <span class='ocrx_word' id='word_1_84' title='bbox 192 658 342 694; x_wconf 73' lang='lat' dir='ltr'>exemplar</span> <span class='ocrx_word' id='word_1_85' title='bbox 362 656 511 694; x_wconf 68' lang='lat' dir='ltr'>requiam.</span> <span class='ocrx_word' id='word_1_86' title='bbox 536 657 565 684; x_wconf 82' lang='lat' dir='ltr'>Et</span> <span class='ocrx_word' id='word_1_87' title='bbox 586 656 660 693; x_wconf 87' lang='lat' dir='ltr'>quod</span> <span class='ocrx_word' id='word_1_88' title='bbox 683 657 718 684; x_wconf 87' lang='lat' dir='ltr'>sit</span> <span class='ocrx_word' id='word_1_89' title='bbox 746 656 925 692; x_wconf 66' lang='lat' dir='ltr'>coecmptum,</span> <span class='ocrx_word' id='word_1_90' title='bbox 949 655 994 683; x_wconf 85' lang='lat' dir='ltr'>ha-</span> 
     </span>
     <span class='ocr_line' id='line_1_20' title="bbox 146 701 993 742; baseline -0.006 -8"><span class='ocrx_word' id='word_1_91' title='bbox 146 705 228 734; x_wconf 90' lang='lat' dir='ltr'>betur</span> <span class='ocrx_word' id='word_1_92' title='bbox 249 712 284 734; x_wconf 85' lang='lat' dir='ltr'>ex</span> <span class='ocrx_word' id='word_1_93' title='bbox 308 704 415 742; x_wconf 78' lang='lat' dir='ltr'><strong>primae</strong></span> <span class='ocrx_word' id='word_1_94' title='bbox 447 703 517 732; x_wconf 83' lang='lat' dir='ltr'>Petri</span> <span class='ocrx_word' id='word_1_95' title='bbox 541 703 702 731; x_wconf 75' lang='lat' dir='ltr'>seelllldo²t</span> <span class='ocrx_word' id='word_1_96' title='bbox 730 701 865 730; x_wconf 73' lang='lat' dir='ltr'>Christus</span> <span class='ocrx_word' id='word_1_97' title='bbox 885 710 993 739; x_wconf 74' lang='lat' dir='ltr'><em>passus</em></span> 
     </span>
     <span class='ocr_line' id='line_1_21' title="bbox 145 748 992 789; baseline -0.006 -8"><span class='ocrx_word' id='word_1_98' title='bbox 145 755 186 781; x_wconf 81' lang='lat' dir='ltr'>est</span> <span class='ocrx_word' id='word_1_99' title='bbox 204 760 260 789; x_wconf 83' lang='lat' dir='ltr'>pro</span> <span class='ocrx_word' id='word_1_100' title='bbox 281 751 381 784; x_wconf 70' lang='lat' dir='ltr'><em>nobis,</em></span> <span class='ocrx_word' id='word_1_101' title='bbox 413 750 492 778; x_wconf 80' lang='lat' dir='ltr'><em>vobis</em></span> <span class='ocrx_word' id='word_1_102' title='bbox 522 749 687 787; x_wconf 56' lang='lat' dir='ltr'>relinquens¹</span> <span class='ocrx_word' id='word_1_103' title='bbox 712 749 882 786; x_wconf 63' lang='lat' dir='ltr'>exemplum.</span> <span class='ocrx_word' id='word_1_104' title='bbox 913 748 992 785; x_wconf 90' lang='lat' dir='ltr'>Quod</span> 
     </span>
     <span class='ocr_line' id='line_1_22' title="bbox 147 796 994 835; baseline -0.005 -7"><span class='ocrx_word' id='word_1_105' title='bbox 147 799 183 828; x_wconf 92' lang='lat' dir='ltr'>sit</span> <span class='ocrx_word' id='word_1_106' title='bbox 202 798 368 835; x_wconf 70' lang='lat' dir='ltr'>exemplar,</span> <span class='ocrx_word' id='word_1_107' title='bbox 392 797 511 826; x_wconf 87' lang='lat' dir='ltr'>habetur</span> <span class='ocrx_word' id='word_1_108' title='bbox 530 796 565 825; x_wconf 86' lang='lat' dir='ltr'>ad</span> <span class='ocrx_word' id='word_1_109' title='bbox 589 797 724 825; x_wconf 79' lang='lat' dir='ltr'><em>Romanos</em></span> <span class='ocrx_word' id='word_1_110' title='bbox 747 800 841 825; x_wconf 83' lang='lat' dir='ltr'>sexto:</span> <span class='ocrx_word' id='word_1_111' title='bbox 864 796 898 824; x_wconf 74' lang='lat' dir='ltr'>Si</span> <span class='ocrx_word' id='word_1_112' title='bbox 921 804 994 824; x_wconf 86' lang='lat' dir='ltr'><em>com-</em></span> 
     </span>
     <span class='ocr_line' id='line_1_23' title="bbox 144 843 994 884; baseline -0.005 -9"><span class='ocrx_word' id='word_1_113' title='bbox 144 845 275 884; x_wconf 81' lang='lat' dir='ltr'>plantati</span> <span class='ocrx_word' id='word_1_114' title='bbox 301 853 406 873; x_wconf 67' lang='lat' dir='ltr'>sitinus</span> <span class='ocrx_word' id='word_1_115' title='bbox 432 844 624 872; x_wconf 59' lang='lat' dir='ltr'>similitudini</span> <span class='ocrx_word' id='word_1_116' title='bbox 643 844 747 871; x_wconf 74' lang='lat' dir='ltr'>mortis</span> <span class='ocrx_word' id='word_1_117' title='bbox 769 843 863 880; x_wconf 71' lang='lat' dir='ltr'><em>ipsius</em></span> <span class='ocrx_word' id='word_1_118' title='bbox 884 846 935 872; x_wconf 79' lang='lat' dir='ltr'>etc.</span> <span class='ocrx_word' id='word_1_119' title='bbox 956 860 994 863; x_wconf 80' lang='lat'>—</span> 
     </span>
     <span class='ocr_line' id='line_1_24' title="bbox 147 890 995 927; baseline -0.006 -5"><span class='ocrx_word' id='word_1_120' title='bbox 147 893 278 922; x_wconf 78' lang='lat' dir='ltr'>Similiter</span> <span class='ocrx_word' id='word_1_121' title='bbox 299 895 326 921; x_wconf 84' lang='lat' dir='ltr'>et</span> <span class='ocrx_word' id='word_1_122' title='bbox 346 891 524 920; x_wconf 71' lang='lat' dir='ltr'>resurrectio</span> <span class='ocrx_word' id='word_1_123' title='bbox 548 890 630 919; x_wconf 82' lang='lat' dir='ltr'>habet</span> <span class='ocrx_word' id='word_1_124' title='bbox 646 891 779 919; x_wconf 84' lang='lat' dir='ltr'>rationem</span> <span class='ocrx_word' id='word_1_125' title='bbox 796 890 918 927; x_wconf 63' lang='lat' dir='ltr'>[mcttipli</span> <span class='ocrx_word' id='word_1_126' title='bbox 929 899 995 927; x_wconf 83' lang='lat' dir='ltr'>pro-</span> 
     </span>
     <span class='ocr_line' id='line_1_25' title="bbox 146 937 992 975; baseline -0.002 -7"><span class='ocrx_word' id='word_1_127' title='bbox 146 939 278 968; x_wconf 72' lang='lat' dir='ltr'>vocantis</span> <span class='ocrx_word' id='word_1_128' title='bbox 303 943 330 968; x_wconf 91' lang='lat' dir='ltr'>et</span> <span class='ocrx_word' id='word_1_129' title='bbox 358 938 535 975; x_wconf 62' lang='lat' dir='ltr'>exemplaris</span> <span class='ocrx_word' id='word_1_130' title='bbox 556 937 719 974; x_wconf 70' lang='lat' dir='ltr'>(tiriymitis.</span> <span class='ocrx_word' id='word_1_131' title='bbox 753 938 898 966; x_wconf 71' lang='lat' dir='ltr'>Provocat</span> <span class='ocrx_word' id='word_1_132' title='bbox 920 938 992 966; x_wconf 77' lang='lat' dir='ltr'>enim</span> 
     </span>
     <span class='ocr_line' id='line_1_26' title="bbox 146 985 994 1022; baseline -0.005 -6"><span class='ocrx_word' id='word_1_133' title='bbox 146 994 196 1016; x_wconf 88' lang='lat' dir='ltr'>nos</span> <span class='ocrx_word' id='word_1_134' title='bbox 217 986 252 1015; x_wconf 87' lang='lat' dir='ltr'>ad</span> <span class='ocrx_word' id='word_1_135' title='bbox 275 985 424 1019; x_wconf 82' lang='lat' dir='ltr'>iustitiam,</span> <span class='ocrx_word' id='word_1_136' title='bbox 447 993 497 1022; x_wconf 87' lang='lat' dir='ltr'>per</span> <span class='ocrx_word' id='word_1_137' title='bbox 519 993 603 1022; x_wconf 81' lang='lat' dir='ltr'>quam</span> <span class='ocrx_word' id='word_1_138' title='bbox 633 985 813 1021; x_wconf 68' lang='lat' dir='ltr'>acquiramus</span> <span class='ocrx_word' id='word_1_139' title='bbox 842 985 916 1013; x_wconf 88' lang='lat' dir='ltr'>illam</span> <span class='ocrx_word' id='word_1_140' title='bbox 940 985 994 1022; x_wconf 85' lang='lat' dir='ltr'><em>glo-</em></span> 
     </span>
     <span class='ocr_line' id='line_1_27' title="bbox 147 1031 996 1070; baseline -0.004 -8"><span class='ocrx_word' id='word_1_141' title='bbox 147 1033 233 1068; x_wconf 84' lang='lat' dir='ltr'>riam,</span> <span class='ocrx_word' id='word_1_142' title='bbox 255 1040 340 1070; x_wconf 81' lang='lat' dir='ltr'>quam</span> <span class='ocrx_word' id='word_1_143' title='bbox 362 1032 504 1061; x_wconf 87' lang='lat' dir='ltr'>credimus</span> <span class='ocrx_word' id='word_1_144' title='bbox 525 1031 666 1059; x_wconf 90' lang='lat' dir='ltr'>Christum</span> <span class='ocrx_word' id='word_1_145' title='bbox 690 1031 821 1060; x_wconf 85' lang='lat' dir='ltr'>habuisse</span> <span class='ocrx_word' id='word_1_146' title='bbox 844 1031 869 1059; x_wconf 92' lang='lat' dir='ltr'>in</span> <span class='ocrx_word' id='word_1_147' title='bbox 890 1040 940 1059; x_wconf 87' lang='lat' dir='ltr'>sua</span> <span class='ocrx_word' id='word_1_148' title='bbox 955 1039 996 1060; x_wconf 89' lang='lat' dir='ltr'>re—</span> 
     </span>
     <span class='ocr_line' id='line_1_28' title="bbox 148 1077 996 1114; baseline -0.004 -6"><span class='ocrx_word' id='word_1_149' title='bbox 148 1079 336 1113; x_wconf 86' lang='lat' dir='ltr'>surrectione,</span> <span class='ocrx_word' id='word_1_150' title='bbox 358 1081 390 1106; x_wconf 91' lang='lat' dir='ltr'>ut</span> <span class='ocrx_word' id='word_1_151' title='bbox 412 1078 476 1106; x_wconf 87' lang='lat' dir='ltr'>talia</span> <span class='ocrx_word' id='word_1_152' title='bbox 492 1077 546 1106; x_wconf 83' lang='lat' dir='ltr'>sint</span> <span class='ocrx_word' id='word_1_153' title='bbox 560 1085 678 1114; x_wconf 85' lang='lat' dir='ltr'><em>corpora</em></span> <span class='ocrx_word' id='word_1_154' title='bbox 693 1081 800 1111; x_wconf 87' lang='lat' dir='ltr'>nostra,</span> <span class='ocrx_word' id='word_1_155' title='bbox 816 1078 897 1114; x_wconf 72' lang='lat' dir='ltr'>qualo</span> <span class='ocrx_word' id='word_1_156' title='bbox 920 1077 996 1106; x_wconf 86' lang='lat' dir='ltr'>Chri-</span> 
     </span>
     <span class='ocr_line' id='line_1_29' title="bbox 147 1124 995 1156; baseline -0.004 -1"><span class='ocrx_word' id='word_1_157' title='bbox 147 1129 207 1155; x_wconf 90' lang='lat' dir='ltr'>stus</span> <span class='ocrx_word' id='word_1_158' title='bbox 229 1126 255 1154; x_wconf 93' lang='lat' dir='ltr'>in</span> <span class='ocrx_word' id='word_1_159' title='bbox 278 1133 328 1154; x_wconf 83' lang='lat' dir='ltr'>sua</span> <span class='ocrx_word' id='word_1_160' title='bbox 361 1125 565 1154; x_wconf 82' lang='lat' dir='ltr'>resurrectione</span> <span class='ocrx_word' id='word_1_161' title='bbox 594 1124 773 1156; x_wconf 81' lang='lat' dir='ltr'>monstravit,</span> <span class='ocrx_word' id='word_1_162' title='bbox 801 1125 872 1153; x_wconf 80' lang='lat' dir='ltr'>sicut</span> <span class='ocrx_word' id='word_1_163' title='bbox 893 1124 995 1153; x_wconf 70' lang='lat' dir='ltr'>divitur</span> 
     </span>
     <span class='ocr_line' id='line_1_30' title="bbox 148 1170 996 1210; baseline -0.004 -8"><span class='ocrx_word' id='word_1_164' title='bbox 148 1174 175 1202; x_wconf 93' lang='lat' dir='ltr'>in</span> <span class='ocrx_word' id='word_1_165' title='bbox 196 1172 318 1210; x_wconf 82' lang='lat' dir='ltr'>quadam</span> <span class='ocrx_word' id='word_1_166' title='bbox 338 1172 433 1200; x_wconf 74' lang='lat' dir='ltr'><em>(ilossa</em></span> <span class='ocrx_word' id='word_1_167' title='bbox 443 1171 462 1199; x_wconf 84' lang='lat'>³.</span> <span class='ocrx_word' id='word_1_168' title='bbox 478 1170 588 1208; x_wconf 72' lang='lat' dir='ltr'>Diriqz&#39;t</span> <span class='ocrx_word' id='word_1_169' title='bbox 609 1171 692 1199; x_wconf 80' lang='lat' dir='ltr'>etiam</span> <span class='ocrx_word' id='word_1_170' title='bbox 709 1179 774 1205; x_wconf 90' lang='lat' dir='ltr'><em>nos,</em></span> <span class='ocrx_word' id='word_1_171' title='bbox 789 1171 856 1199; x_wconf 89' lang='lat' dir='ltr'>dum</span> <span class='ocrx_word' id='word_1_172' title='bbox 879 1171 912 1199; x_wconf 87' lang='lat' dir='ltr'>ad</span> <span class='ocrx_word' id='word_1_173' title='bbox 936 1171 996 1199; x_wconf 91' lang='lat' dir='ltr'>eius</span> 
     </span>
     <span class='ocr_line' id='line_1_31' title="bbox 148 1217 995 1257; baseline -0.004 -8"><span class='ocrx_word' id='word_1_174' title='bbox 148 1219 295 1257; x_wconf 84' lang='lat' dir='ltr'>exemplar</span> <span class='ocrx_word' id='word_1_175' title='bbox 316 1226 451 1248; x_wconf 78' lang='lat' dir='ltr'>conamur</span> <span class='ocrx_word' id='word_1_176' title='bbox 472 1217 618 1246; x_wconf 85' lang='lat' dir='ltr'>ambulare</span> <span class='ocrx_word' id='word_1_177' title='bbox 635 1218 660 1246; x_wconf 94' lang='lat' dir='ltr'>in</span> <span class='ocrx_word' id='word_1_178' title='bbox 677 1218 797 1246; x_wconf 82' lang='lat' dir='ltr'>novitate</span> <span class='ocrx_word' id='word_1_179' title='bbox 814 1218 901 1252; x_wconf 89' lang='lat' dir='ltr'>vitae,</span> <span class='ocrx_word' id='word_1_180' title='bbox 918 1219 995 1247; x_wconf 84' lang='lat' dir='ltr'>iuxta</span> 
     </span>
     <span class='ocr_line' id='line_1_32' title="bbox 148 1264 996 1303; baseline -0.004 -8"><span class='ocrx_word' id='word_1_181' title='bbox 148 1266 217 1295; x_wconf 90' lang='lat' dir='ltr'>illud</span> <span class='ocrx_word' id='word_1_182' title='bbox 249 1265 324 1303; x_wconf 90' lang='lat' dir='ltr'>quod</span> <span class='ocrx_word' id='word_1_183' title='bbox 357 1264 460 1293; x_wconf 90' lang='lat' dir='ltr'>dicitur</span> <span class='ocrx_word' id='word_1_184' title='bbox 481 1264 516 1292; x_wconf 88' lang='lat' dir='ltr'>ad</span> <span class='ocrx_word' id='word_1_185' title='bbox 540 1264 676 1292; x_wconf 80' lang='lat' dir='ltr'><em>Romanos</em></span> <span class='ocrx_word' id='word_1_186' title='bbox 702 1264 818 1292; x_wconf 75' lang='lat' dir='ltr'>sexto‘:</span> <span class='ocrx_word' id='word_1_187' title='bbox 849 1264 996 1300; x_wconf 75' lang='lat' dir='ltr'>Quomodo</span> 
     </span>
     <span class='ocr_line' id='line_1_33' title="bbox 150 1311 996 1348; baseline -0.004 -6"><span class='ocrx_word' id='word_1_188' title='bbox 150 1312 285 1342; x_wconf 73' lang='lat' dir='ltr'>Christus</span> <span class='ocrx_word' id='word_1_189' title='bbox 305 1311 471 1341; x_wconf 64' lang='lat' dir='ltr'>resurrexit</span> <span class='ocrx_word' id='word_1_190' title='bbox 492 1320 512 1340; x_wconf 82' lang='lat' dir='ltr'><strong><em>a</em></strong></span> <span class='ocrx_word' id='word_1_191' title='bbox 526 1311 653 1339; x_wconf 75' lang='lat' dir='ltr'>mortuis</span> <span class='ocrx_word' id='word_1_192' title='bbox 664 1319 718 1347; x_wconf 78' lang='lat' dir='ltr'>per</span> <span class='ocrx_word' id='word_1_193' title='bbox 731 1311 859 1348; x_wconf 66' lang='lat' dir='ltr'>plot-iam</span> <span class='ocrx_word' id='word_1_194' title='bbox 877 1312 996 1345; x_wconf 77' lang='lat' dir='ltr'>Putris,</span> 
     </span>
     <span class='ocr_line' id='line_1_34' title="bbox 148 1357 818 1388; baseline -0.004 0"><span class='ocrx_word' id='word_1_195' title='bbox 148 1360 191 1388; x_wconf 83' lang='lat' dir='ltr'>ita</span> <span class='ocrx_word' id='word_1_196' title='bbox 212 1363 238 1388; x_wconf 84' lang='lat' dir='ltr'>ct</span> <span class='ocrx_word' id='word_1_197' title='bbox 258 1367 311 1387; x_wconf 78' lang='lat' dir='ltr'>nos</span> <span class='ocrx_word' id='word_1_198' title='bbox 332 1359 363 1387; x_wconf 78' lang='lat' dir='ltr'>in</span> <span class='ocrx_word' id='word_1_199' title='bbox 383 1358 510 1386; x_wconf 79' lang='lat' dir='ltr'>novitate</span> <span class='ocrx_word' id='word_1_200' title='bbox 532 1358 606 1386; x_wconf 75' lang='lat' dir='ltr'>vitae</span> <span class='ocrx_word' id='word_1_201' title='bbox 627 1357 818 1386; x_wconf 63' lang='lat' dir='ltr'>arnbutcmus.</span> 
     </span>
    </p>

    <p class='ocr_par' dir='ltr' id='par_1_10' title="bbox 148 1405 998 1860">
     <span class='ocr_line' id='line_1_35' title="bbox 228 1405 997 1443; baseline -0.003 -8"><span class='ocrx_word' id='word_1_202' title='bbox 228 1407 258 1436; x_wconf 85' lang='lat' dir='ltr'>Et</span> <span class='ocrx_word' id='word_1_203' title='bbox 280 1406 318 1435; x_wconf 84' lang='lat' dir='ltr'>sic</span> <span class='ocrx_word' id='word_1_204' title='bbox 341 1409 396 1434; x_wconf 87' lang='lat' dir='ltr'>tam</span> <span class='ocrx_word' id='word_1_205' title='bbox 419 1405 510 1443; x_wconf 84' lang='lat' dir='ltr'>passio</span> <span class='ocrx_word' id='word_1_206' title='bbox 531 1413 616 1442; x_wconf 81' lang='lat' dir='ltr'>quam</span> <span class='ocrx_word' id='word_1_207' title='bbox 649 1405 817 1433; x_wconf 86' lang='lat' dir='ltr'>resurrectio</span> <span class='ocrx_word' id='word_1_208' title='bbox 849 1405 931 1433; x_wconf 88' lang='lat' dir='ltr'>habet</span> <span class='ocrx_word' id='word_1_209' title='bbox 958 1413 997 1433; x_wconf 86' lang='lat' dir='ltr'>ra-</span> 
     </span>
     <span class='ocr_line' id='line_1_36' title="bbox 149 1452 997 1489; baseline -0.004 -6"><span class='ocrx_word' id='word_1_210' title='bbox 149 1454 251 1483; x_wconf 90' lang='lat' dir='ltr'>tionem</span> <span class='ocrx_word' id='word_1_211' title='bbox 283 1453 431 1482; x_wconf 84' lang='lat' dir='ltr'>excitantis</span> <span class='ocrx_word' id='word_1_212' title='bbox 452 1456 478 1481; x_wconf 84' lang='lat' dir='ltr'>et</span> <span class='ocrx_word' id='word_1_213' title='bbox 500 1452 653 1489; x_wconf 79' lang='lat' dir='ltr'>regulantis</span> <span class='ocrx_word' id='word_1_214' title='bbox 676 1455 804 1489; x_wconf 84' lang='lat' dir='ltr'>respectu</span> <span class='ocrx_word' id='word_1_215' title='bbox 827 1456 936 1481; x_wconf 82' lang='lat' dir='ltr'>nostrae</span> <span class='ocrx_word' id='word_1_216' title='bbox 959 1452 997 1480; x_wconf 93' lang='lat' dir='ltr'>iu-</span> 
     </span>
     <span class='ocr_line' id='line_1_37' title="bbox 150 1499 998 1536; baseline -0.004 -6"><span class='ocrx_word' id='word_1_217' title='bbox 150 1501 322 1531; x_wconf 81' lang='lat' dir='ltr'>stificationis</span> <span class='ocrx_word' id='word_1_218' title='bbox 344 1500 499 1529; x_wconf 87' lang='lat' dir='ltr'>secundum</span> <span class='ocrx_word' id='word_1_219' title='bbox 522 1500 591 1533; x_wconf 87' lang='lat' dir='ltr'>duo,</span> <span class='ocrx_word' id='word_1_220' title='bbox 610 1507 681 1536; x_wconf 83' lang='lat' dir='ltr'>quae</span> <span class='ocrx_word' id='word_1_221' title='bbox 704 1499 731 1527; x_wconf 91' lang='lat' dir='ltr'>in</span> <span class='ocrx_word' id='word_1_222' title='bbox 753 1502 847 1527; x_wconf 86' lang='lat' dir='ltr'>nostra</span> <span class='ocrx_word' id='word_1_223' title='bbox 869 1499 998 1527; x_wconf 72' lang='lat' dir='ltr'>iustifica-</span> 
     </span>
     <span class='ocr_line' id='line_1_38' title="bbox 149 1545 997 1581; baseline -0.005 -4"><span class='ocrx_word' id='word_1_224' title='bbox 149 1548 222 1577; x_wconf 89' lang='lat' dir='ltr'>tione</span> <span class='ocrx_word' id='word_1_225' title='bbox 245 1547 348 1576; x_wconf 87' lang='lat' dir='ltr'>habent</span> <span class='ocrx_word' id='word_1_226' title='bbox 364 1547 552 1581; x_wconf 86' lang='lat' dir='ltr'>considerari,</span> <span class='ocrx_word' id='word_1_227' title='bbox 573 1546 677 1575; x_wconf 85' lang='lat' dir='ltr'>scilicet</span> <span class='ocrx_word' id='word_1_228' title='bbox 691 1545 800 1574; x_wconf 82' lang='lat' dir='ltr'>ablatio</span> <span class='ocrx_word' id='word_1_229' title='bbox 817 1546 889 1574; x_wconf 69' lang='lat' dir='ltr'>mati</span> <span class='ocrx_word' id='word_1_230' title='bbox 902 1550 929 1574; x_wconf 88' lang='lat' dir='ltr'>et</span> <span class='ocrx_word' id='word_1_231' title='bbox 944 1546 997 1574; x_wconf 80' lang='lat' dir='ltr'>cot-</span> 
     </span>
     <span class='ocr_line' id='line_1_39' title="bbox 150 1593 996 1630; baseline -0.004 -6"><span class='ocrx_word' id='word_1_232' title='bbox 150 1595 220 1624; x_wconf 82' lang='lat' dir='ltr'>latio</span> <span class='ocrx_word' id='word_1_233' title='bbox 233 1594 316 1628; x_wconf 69' lang='lat' dir='ltr'><em>Imm,-</em></span> <span class='ocrx_word' id='word_1_234' title='bbox 331 1598 359 1623; x_wconf 88' lang='lat' dir='ltr'>et</span> <span class='ocrx_word' id='word_1_235' title='bbox 373 1594 482 1623; x_wconf 79' lang='lat' dir='ltr'>ablatio</span> <span class='ocrx_word' id='word_1_236' title='bbox 497 1593 572 1622; x_wconf 83' lang='lat' dir='ltr'>mati</span> <span class='ocrx_word' id='word_1_237' title='bbox 585 1593 784 1630; x_wconf 78' lang='lat' dir='ltr'>appropriatur</span> <span class='ocrx_word' id='word_1_238' title='bbox 800 1593 850 1630; x_wconf 90' lang='lat' dir='ltr'><em>ipsi</em></span> <span class='ocrx_word' id='word_1_239' title='bbox 868 1593 996 1630; x_wconf 83' lang='lat' dir='ltr'><em>passioni,</em></span> 
     </span>
     <span class='ocr_line' id='line_1_40' title="bbox 148 1640 995 1678; baseline -0.004 -7"><span class='ocrx_word' id='word_1_240' title='bbox 148 1642 263 1671; x_wconf 81' lang='lat' dir='ltr'>collatio</span> <span class='ocrx_word' id='word_1_241' title='bbox 286 1649 352 1670; x_wconf 88' lang='lat' dir='ltr'>vero</span> <span class='ocrx_word' id='word_1_242' title='bbox 374 1641 443 1670; x_wconf 85' lang='lat' dir='ltr'>boni</span> <span class='ocrx_word' id='word_1_243' title='bbox 457 1640 508 1678; x_wconf 92' lang='lat' dir='ltr'><em>ipsi</em></span> <span class='ocrx_word' id='word_1_244' title='bbox 525 1640 730 1670; x_wconf 78' lang='lat' dir='ltr'>resurrectioni.</span> <span class='ocrx_word' id='word_1_245' title='bbox 749 1641 777 1668; x_wconf 85' lang='lat' dir='ltr'>Et</span> <span class='ocrx_word' id='word_1_246' title='bbox 795 1640 844 1669; x_wconf 84' lang='lat' dir='ltr'>hoc</span> <span class='ocrx_word' id='word_1_247' title='bbox 861 1643 901 1669; x_wconf 87' lang='lat' dir='ltr'>est</span> <span class='ocrx_word' id='word_1_248' title='bbox 922 1640 995 1677; x_wconf 89' lang='lat' dir='ltr'>quod</span> 
     </span>
     <span class='ocr_line' id='line_1_41' title="bbox 148 1687 996 1724; baseline -0.005 -6"><span class='ocrx_word' id='word_1_249' title='bbox 148 1689 251 1718; x_wconf 81' lang='lat' dir='ltr'>(licitur</span> <span class='ocrx_word' id='word_1_250' title='bbox 273 1689 299 1718; x_wconf 93' lang='lat' dir='ltr'>in</span> <span class='ocrx_word' id='word_1_251' title='bbox 322 1689 418 1718; x_wconf 84' lang='lat' dir='ltr'><em>Glossa</em></span> <span class='ocrx_word' id='word_1_252' title='bbox 428 1689 437 1703; x_wconf 89' lang='lat'>⁵</span> <span class='ocrx_word' id='word_1_253' title='bbox 450 1699 455 1716; x_wconf 92' lang='lat'>:</span> <span class='ocrx_word' id='word_1_254' title='bbox 486 1687 628 1716; x_wconf 73' lang='lat' dir='ltr'>Traditus</span> <span class='ocrx_word' id='word_1_255' title='bbox 643 1691 684 1715; x_wconf 78' lang='lat' dir='ltr'>cst</span> <span class='ocrx_word' id='word_1_256' title='bbox 696 1691 816 1724; x_wconf 75' lang='lat' dir='ltr'>propter</span> <span class='ocrx_word' id='word_1_257' title='bbox 831 1687 935 1715; x_wconf 74' lang='lat' dir='ltr'>(leticia</span> <span class='ocrx_word' id='word_1_258' title='bbox 950 1696 996 1715; x_wconf 77' lang='lat' dir='ltr'>no-</span> 
     </span>
     <span class='ocr_line' id='line_1_42' title="bbox 149 1733 997 1771; baseline -0.004 -6"><span class='ocrx_word' id='word_1_259' title='bbox 149 1740 215 1765; x_wconf 81' lang='lat' dir='ltr'>stra</span> <span class='ocrx_word' id='word_1_260' title='bbox 229 1740 297 1765; x_wconf 83' lang='lat' dir='ltr'>etc.:</span> <span class='ocrx_word' id='word_1_261' title='bbox 318 1747 331 1762; x_wconf 87' lang='lat'>«</span> <span class='ocrx_word' id='word_1_262' title='bbox 348 1736 421 1764; x_wconf 91' lang='lat' dir='ltr'><em>Mors</em></span> <span class='ocrx_word' id='word_1_263' title='bbox 442 1735 543 1764; x_wconf 85' lang='lat' dir='ltr'>Christi</span> <span class='ocrx_word' id='word_1_264' title='bbox 567 1735 626 1763; x_wconf 83' lang='lat' dir='ltr'><em>sola</em></span> <span class='ocrx_word' id='word_1_265' title='bbox 648 1734 790 1763; x_wconf 87' lang='lat' dir='ltr'>interitum</span> <span class='ocrx_word' id='word_1_266' title='bbox 809 1733 880 1771; x_wconf 75' lang='lat' dir='ltr'>vitae</span> <span class='ocrx_word' id='word_1_267' title='bbox 895 1733 997 1762; x_wconf 88' lang='lat' dir='ltr'>veteris</span> 
     </span>
     <span class='ocr_line' id='line_1_43' title="bbox 150 1781 998 1820; baseline -0.005 -8"><span class='ocrx_word' id='word_1_268' title='bbox 150 1783 301 1820; x_wconf 80' lang='lat' dir='ltr'>significat,</span> <span class='ocrx_word' id='word_1_269' title='bbox 323 1786 350 1812; x_wconf 92' lang='lat' dir='ltr'>et</span> <span class='ocrx_word' id='word_1_270' title='bbox 372 1782 398 1811; x_wconf 92' lang='lat' dir='ltr'>in</span> <span class='ocrx_word' id='word_1_271' title='bbox 420 1783 478 1811; x_wconf 82' lang='lat' dir='ltr'><em>sola</em></span> <span class='ocrx_word' id='word_1_272' title='bbox 500 1781 705 1811; x_wconf 82' lang='lat' dir='ltr'>resurrectione</span> <span class='ocrx_word' id='word_1_273' title='bbox 732 1789 803 1810; x_wconf 84' lang='lat' dir='ltr'>nova</span> <span class='ocrx_word' id='word_1_274' title='bbox 834 1781 889 1809; x_wconf 84' lang='lat' dir='ltr'>vita</span> <span class='ocrx_word' id='word_1_275' title='bbox 918 1781 998 1817; x_wconf 76' lang='lat' dir='ltr'>signi-</span> 
     </span>
     <span class='ocr_line' id='line_1_44' title="bbox 150 1830 291 1860; baseline -0.014 0"><span class='ocrx_word' id='word_1_276' title='bbox 150 1830 291 1860; x_wconf 81' lang='lat' dir='ltr'>fleatur».</span> 
     </span>
    </p>

    <p class='ocr_par' dir='ltr' id='par_1_11' title="bbox 151 1875 999 2141">
     <span class='ocr_line' id='line_1_45' title="bbox 231 1875 997 1914; baseline -0.004 -8"><span class='ocrx_word' id='word_1_277' title='bbox 231 1878 271 1907; x_wconf 82' lang='lat' dir='ltr'>Ex</span> <span class='ocrx_word' id='word_1_278' title='bbox 293 1877 336 1906; x_wconf 91' lang='lat' dir='ltr'>his</span> <span class='ocrx_word' id='word_1_279' title='bbox 358 1877 457 1914; x_wconf 86' lang='lat' dir='ltr'>igitur,</span> <span class='ocrx_word' id='word_1_280' title='bbox 480 1884 552 1914; x_wconf 86' lang='lat' dir='ltr'>quae</span> <span class='ocrx_word' id='word_1_281' title='bbox 573 1876 647 1905; x_wconf 88' lang='lat' dir='ltr'>dicta</span> <span class='ocrx_word' id='word_1_282' title='bbox 669 1879 748 1909; x_wconf 90' lang='lat' dir='ltr'>sunt,</span> <span class='ocrx_word' id='word_1_283' title='bbox 765 1878 839 1912; x_wconf 79' lang='lat' dir='ltr'>patet</span> <span class='ocrx_word' id='word_1_284' title='bbox 855 1875 997 1913; x_wconf 76' lang='lat' dir='ltr'>responsio</span> 
     </span>
     <span class='ocr_line' id='line_1_46' title="bbox 152 1921 996 1962; baseline -0.006 -8"><span class='ocrx_word' id='word_1_285' title='bbox 152 1924 188 1954; x_wconf 88' lang='lat' dir='ltr'>ad</span> <span class='ocrx_word' id='word_1_286' title='bbox 209 1924 401 1962; x_wconf 88' lang='lat' dir='ltr'>quaestionem</span> <span class='ocrx_word' id='word_1_287' title='bbox 422 1923 609 1961; x_wconf 80' lang='lat' dir='ltr'>propositam,</span> <span class='ocrx_word' id='word_1_288' title='bbox 625 1922 753 1951; x_wconf 84' lang='lat' dir='ltr'>videlicet</span> <span class='ocrx_word' id='word_1_289' title='bbox 768 1921 887 1958; x_wconf 87' lang='lat' dir='ltr'>qualiter</span> <span class='ocrx_word' id='word_1_290' title='bbox 902 1924 996 1949; x_wconf 85' lang='lat' dir='ltr'>nostra</span> 
     </span>
     <span class='ocr_line' id='line_1_47' title="bbox 152 1968 997 2008; baseline -0.005 -8"><span class='ocrx_word' id='word_1_291' title='bbox 152 1971 309 2000; x_wconf 85' lang='lat' dir='ltr'>iustificatio</span> <span class='ocrx_word' id='word_1_292' title='bbox 330 1971 389 1999; x_wconf 87' lang='lat' dir='ltr'><em>sive</em></span> <span class='ocrx_word' id='word_1_293' title='bbox 410 1970 509 2008; x_wconf 84' lang='lat' dir='ltr'>culpae</span> <span class='ocrx_word' id='word_1_294' title='bbox 528 1969 629 1999; x_wconf 89' lang='lat' dir='ltr'>deletio</span> <span class='ocrx_word' id='word_1_295' title='bbox 651 1970 686 1998; x_wconf 87' lang='lat' dir='ltr'>sit</span> <span class='ocrx_word' id='word_1_296' title='bbox 707 1978 723 1997; x_wconf 82' lang='lat' dir='ltr'>a</span> <span class='ocrx_word' id='word_1_297' title='bbox 744 1969 871 2006; x_wconf 80' lang='lat' dir='ltr'><em>passione</em></span> <span class='ocrx_word' id='word_1_298' title='bbox 887 1968 997 1996; x_wconf 82' lang='lat' dir='ltr'>Christi.</span> 
     </span>
     <span class='ocr_line' id='line_1_48' title="bbox 153 2015 996 2054; baseline -0.005 -7"><span class='ocrx_word' id='word_1_299' title='bbox 153 2019 198 2048; x_wconf 84' lang='lat' dir='ltr'>Est</span> <span class='ocrx_word' id='word_1_300' title='bbox 218 2018 292 2047; x_wconf 91' lang='lat' dir='ltr'>enim</span> <span class='ocrx_word' id='word_1_301' title='bbox 313 2017 349 2046; x_wconf 86' lang='lat' dir='ltr'>ab</span> <span class='ocrx_word' id='word_1_302' title='bbox 370 2025 403 2046; x_wconf 86' lang='lat' dir='ltr'>ea</span> <span class='ocrx_word' id='word_1_303' title='bbox 424 2025 474 2054; x_wconf 87' lang='lat' dir='ltr'>per</span> <span class='ocrx_word' id='word_1_304' title='bbox 495 2017 610 2045; x_wconf 85' lang='lat' dir='ltr'>modum</span> <span class='ocrx_word' id='word_1_305' title='bbox 640 2016 731 2045; x_wconf 91' lang='lat' dir='ltr'>meriti</span> <span class='ocrx_word' id='word_1_306' title='bbox 760 2019 787 2044; x_wconf 83' lang='lat' dir='ltr'>et</span> <span class='ocrx_word' id='word_1_307' title='bbox 808 2023 858 2052; x_wconf 89' lang='lat' dir='ltr'>per</span> <span class='ocrx_word' id='word_1_308' title='bbox 882 2015 996 2043; x_wconf 90' lang='lat' dir='ltr'>modum</span> 
     </span>
     <span class='ocr_line' id='line_1_49' title="bbox 151 2061 999 2102; baseline -0.006 -8"><span class='ocrx_word' id='word_1_309' title='bbox 151 2064 323 2102; x_wconf 87' lang='lat' dir='ltr'>exemplaris</span> <span class='ocrx_word' id='word_1_310' title='bbox 343 2067 371 2093; x_wconf 89' lang='lat' dir='ltr'>et</span> <span class='ocrx_word' id='word_1_311' title='bbox 391 2064 471 2101; x_wconf 84' lang='lat' dir='ltr'><em>signi.</em></span> <span class='ocrx_word' id='word_1_312' title='bbox 494 2064 570 2092; x_wconf 85' lang='lat' dir='ltr'>Patet</span> <span class='ocrx_word' id='word_1_313' title='bbox 590 2063 690 2097; x_wconf 77' lang='lat' dir='ltr'>etiam,</span> <span class='ocrx_word' id='word_1_314' title='bbox 716 2062 837 2100; x_wconf 76' lang='lat' dir='ltr'>qualiter</span> <span class='ocrx_word' id='word_1_315' title='bbox 858 2061 893 2090; x_wconf 88' lang='lat' dir='ltr'>sit</span> <span class='ocrx_word' id='word_1_316' title='bbox 913 2070 930 2090; x_wconf 90' lang='lat' dir='ltr'>a</span> <span class='ocrx_word' id='word_1_317' title='bbox 958 2069 999 2090; x_wconf 88' lang='lat' dir='ltr'>re-</span> 
     </span>
     <span class='ocr_line' id='line_1_50' title="bbox 153 2112 334 2141; baseline -0.006 0"><span class='ocrx_word' id='word_1_318' title='bbox 153 2112 334 2141; x_wconf 82' lang='lat' dir='ltr'>surrectione.</span> 
     </span>
    </p>

    <p class='ocr_par' dir='ltr' id='par_1_12' title="bbox 154 2154 1000 2240">
     <span class='ocr_line' id='line_1_51' title="bbox 237 2154 1000 2195; baseline -0.005 -9"><span class='ocrx_word' id='word_1_319' title='bbox 237 2159 258 2186; x_wconf 89' lang='lat' dir='ltr'><em>l.</em></span> <span class='ocrx_word' id='word_1_320' title='bbox 282 2158 312 2187; x_wconf 87' lang='lat' dir='ltr'>Et</span> <span class='ocrx_word' id='word_1_321' title='bbox 332 2166 382 2195; x_wconf 91' lang='lat' dir='ltr'>per</span> <span class='ocrx_word' id='word_1_322' title='bbox 404 2158 456 2186; x_wconf 83' lang='lat' dir='ltr'>hoo</span> <span class='ocrx_word' id='word_1_323' title='bbox 486 2157 631 2186; x_wconf 79' lang='lat' dir='ltr'>manifesta</span> <span class='ocrx_word' id='word_1_324' title='bbox 652 2159 693 2186; x_wconf 87' lang='lat' dir='ltr'>est</span> <span class='ocrx_word' id='word_1_325' title='bbox 715 2156 857 2191; x_wconf 84' lang='lat' dir='ltr'><em>responsio</em></span> <span class='ocrx_word' id='word_1_326' title='bbox 882 2155 917 2184; x_wconf 87' lang='lat' dir='ltr'>ad</span> <span class='ocrx_word' id='word_1_327' title='bbox 945 2154 1000 2192; x_wconf 83' lang='lat' dir='ltr'>pri-</span> 
     </span>
     <span class='ocr_line' id='line_1_52' title="bbox 154 2201 1000 2240; baseline -0.005 -7"><span class='ocrx_word' id='word_1_328' title='bbox 154 2212 232 2233; x_wconf 89' lang='lat' dir='ltr'>mum</span> <span class='ocrx_word' id='word_1_329' title='bbox 253 2205 392 2233; x_wconf 81' lang='lat' dir='ltr'>obiectum</span> <span class='ocrx_word' id='word_1_330' title='bbox 414 2204 449 2233; x_wconf 90' lang='lat' dir='ltr'>de</span> <span class='ocrx_word' id='word_1_331' title='bbox 470 2204 634 2232; x_wconf 79' lang='lat' dir='ltr'>auctoritate</span> <span class='ocrx_word' id='word_1_332' title='bbox 656 2202 791 2240; x_wconf 76' lang='lat' dir='ltr'><em>Apostoli,</em></span> <span class='ocrx_word' id='word_1_333' title='bbox 816 2210 871 2239; x_wconf 80' lang='lat' dir='ltr'>qua</span> <span class='ocrx_word' id='word_1_334' title='bbox 893 2201 1000 2229; x_wconf 82' lang='lat' dir='ltr'>diceba-</span> 
     </span>
    </p>
   </div>
   <div class='ocr_carea' id='block_1_10' title="bbox 156 2409 1002 3021">
    <p class='ocr_par' dir='ltr' id='par_1_13' title="bbox 219 2409 555 2433">
     <span class='ocr_line' id='line_1_53' title="bbox 219 2409 555 2433; baseline 0 -1"><span class='ocrx_word' id='word_1_335' title='bbox 219 2410 225 2424; x_wconf 91' lang='lat'>¹</span> <span class='ocrx_word' id='word_1_336' title='bbox 245 2410 305 2433; x_wconf 84' lang='lat' dir='ltr'>ltlnlu</span> <span class='ocrx_word' id='word_1_337' title='bbox 323 2410 390 2432; x_wconf 81' lang='lat' dir='ltr'><em>codd.</em></span> <span class='ocrx_word' id='word_1_338' title='bbox 408 2409 555 2433; x_wconf 75' lang='lat' dir='ltr'>attribuitur.</span> 
     </span>
    </p>

    <p class='ocr_par' dir='ltr' id='par_1_14' title="bbox 218 2447 874 2478">
     <span class='ocr_line' id='line_1_54' title="bbox 218 2447 874 2478; baseline -0.006 -6"><span class='ocrx_word' id='word_1_339' title='bbox 218 2449 227 2464; x_wconf 70' lang='lat'>²</span> <span class='ocrx_word' id='word_1_340' title='bbox 246 2449 310 2472; x_wconf 74' lang='lat' dir='ltr'><em>Vei-s.</em></span> <span class='ocrx_word' id='word_1_341' title='bbox 328 2450 364 2471; x_wconf 80' lang='lat'><em>21.</em></span> <span class='ocrx_word' id='word_1_342' title='bbox 384 2461 414 2465; x_wconf 90' lang='lat'>--</span> <span class='ocrx_word' id='word_1_343' title='bbox 431 2450 483 2478; x_wconf 81' lang='lat' dir='ltr'>Seq.</span> <span class='ocrx_word' id='word_1_344' title='bbox 501 2449 583 2477; x_wconf 84' lang='lat' dir='ltr'>Script.</span> <span class='ocrx_word' id='word_1_345' title='bbox 601 2449 664 2471; x_wconf 83' lang='lat' dir='ltr'><em>locus</em></span> <span class='ocrx_word' id='word_1_346' title='bbox 680 2452 714 2470; x_wconf 79' lang='lat' dir='ltr'>est</span> <span class='ocrx_word' id='word_1_347' title='bbox 731 2448 796 2469; x_wconf 85' lang='lat' dir='ltr'><em>Rom.</em></span> <span class='ocrx_word' id='word_1_348' title='bbox 814 2448 835 2474; x_wconf 81' lang='grc'>6,</span> <span class='ocrx_word' id='word_1_349' title='bbox 853 2447 874 2468; x_wconf 99' lang='grc'>5</span> 
     </span>
    </p>

    <p class='ocr_par' dir='ltr' id='par_1_15' title="bbox 156 2487 1002 3021">
     <span class='ocr_line' id='line_1_55' title="bbox 218 2487 999 2516; baseline -0.004 -6"><span class='ocrx_word' id='word_1_350' title='bbox 218 2488 227 2503; x_wconf 79' lang='lat'>³</span> <span class='ocrx_word' id='word_1_351' title='bbox 245 2488 305 2510; x_wconf 90' lang='lat' dir='ltr'>Libr.</span> <span class='ocrx_word' id='word_1_352' title='bbox 323 2488 359 2510; x_wconf 89' lang='lat' dir='ltr'>lv.</span> <span class='ocrx_word' id='word_1_353' title='bbox 376 2488 437 2510; x_wconf 84' lang='lat' dir='ltr'>Sent.</span> <span class='ocrx_word' id='word_1_354' title='bbox 455 2488 477 2510; x_wconf 88' lang='lat' dir='ltr'>d.</span> <span class='ocrx_word' id='word_1_355' title='bbox 496 2487 532 2510; x_wconf 75' lang='lat'><em>43.</em></span> <span class='ocrx_word' id='word_1_356' title='bbox 550 2494 569 2510; x_wconf 78' lang='lat' dir='ltr'><em>a.</em></span> <span class='ocrx_word' id='word_1_357' title='bbox 593 2488 609 2510; x_wconf 93' lang='lat' dir='ltr'><em>l.</em></span> <span class='ocrx_word' id='word_1_358' title='bbox 628 2494 648 2516; x_wconf 88' lang='lat' dir='ltr'><em>q.</em></span> <span class='ocrx_word' id='word_1_359' title='bbox 668 2488 688 2509; x_wconf 85' lang='grc'>6.</span> <span class='ocrx_word' id='word_1_360' title='bbox 715 2488 737 2508; x_wconf 86' lang='lat' dir='ltr'>S.</span> <span class='ocrx_word' id='word_1_361' title='bbox 764 2487 845 2508; x_wconf 89' lang='lat' dir='ltr'>Doctor</span> <span class='ocrx_word' id='word_1_362' title='bbox 870 2491 999 2513; x_wconf 76' lang='lat' dir='ltr'><em>exponens,</em></span> 
     </span>
     <span class='ocr_line' id='line_1_56' title="bbox 156 2524 1000 2556; baseline -0.006 -6"><span class='ocrx_word' id='word_1_363' title='bbox 156 2527 275 2556; x_wconf 80' lang='lat' dir='ltr'><em>quomodo</em></span> <span class='ocrx_word' id='word_1_364' title='bbox 300 2527 437 2549; x_wconf 86' lang='lat' dir='ltr'>resurrectio</span> <span class='ocrx_word' id='word_1_365' title='bbox 462 2526 544 2549; x_wconf 82' lang='lat' dir='ltr'><em>Christi</em></span> <span class='ocrx_word' id='word_1_366' title='bbox 565 2527 594 2549; x_wconf 90' lang='lat' dir='ltr'>sit</span> <span class='ocrx_word' id='word_1_367' title='bbox 619 2532 687 2548; x_wconf 84' lang='lat' dir='ltr'><em>cansa</em></span> <span class='ocrx_word' id='word_1_368' title='bbox 706 2528 796 2547; x_wconf 83' lang='lat' dir='ltr'>nostrae</span> <span class='ocrx_word' id='word_1_369' title='bbox 813 2524 1000 2551; x_wconf 81' lang='lat' dir='ltr'>resurrectionis,</span> 
     </span>
     <span class='ocr_line' id='line_1_57' title="bbox 157 2563 1000 2595; baseline -0.006 -6"><span class='ocrx_word' id='word_1_370' title='bbox 157 2566 221 2589; x_wconf 85' lang='lat' dir='ltr'>dicit:</span> <span class='ocrx_word' id='word_1_371' title='bbox 239 2566 288 2588; x_wconf 82' lang='lat' dir='ltr'>Alio</span> <span class='ocrx_word' id='word_1_372' title='bbox 305 2565 375 2588; x_wconf 80' lang='lat' dir='ltr'><em>niodo</em></span> <span class='ocrx_word' id='word_1_373' title='bbox 392 2565 487 2595; x_wconf 79' lang='lat' dir='ltr'>[dicitur</span> <span class='ocrx_word' id='word_1_374' title='bbox 504 2572 572 2588; x_wconf 82' lang='lat' dir='ltr'><em>causa</em></span> <span class='ocrx_word' id='word_1_375' title='bbox 590 2563 746 2593; x_wconf 76' lang='lat' dir='ltr'>exemplarIs]‚</span> <span class='ocrx_word' id='word_1_376' title='bbox 759 2565 780 2585; x_wconf 92' lang='lat' dir='ltr'>in</span> <span class='ocrx_word' id='word_1_377' title='bbox 798 2569 844 2592; x_wconf 88' lang='lat' dir='ltr'>quo</span> <span class='ocrx_word' id='word_1_378' title='bbox 857 2569 893 2585; x_wconf 82' lang='lat' dir='ltr'>res</span> <span class='ocrx_word' id='word_1_379' title='bbox 911 2563 1000 2585; x_wconf 82' lang='lat' dir='ltr'><em>inchoa-</em></span> 
     </span>
     <span class='ocr_line' id='line_1_58' title="bbox 158 2601 1000 2633; baseline -0.006 -5"><span class='ocrx_word' id='word_1_380' title='bbox 158 2609 194 2628; x_wconf 92' lang='lat' dir='ltr'>tur</span> <span class='ocrx_word' id='word_1_381' title='bbox 210 2608 232 2628; x_wconf 86' lang='lat' dir='ltr'>et</span> <span class='ocrx_word' id='word_1_382' title='bbox 247 2605 440 2633; x_wconf 81' lang='lat' dir='ltr'>exemplificatur;</span> <span class='ocrx_word' id='word_1_383' title='bbox 458 2608 480 2627; x_wconf 90' lang='lat' dir='ltr'>et.</span> <span class='ocrx_word' id='word_1_384' title='bbox 496 2605 529 2627; x_wconf 89' lang='lat' dir='ltr'>sic</span> <span class='ocrx_word' id='word_1_385' title='bbox 546 2607 580 2627; x_wconf 80' lang='lat' dir='ltr'>est</span> <span class='ocrx_word' id='word_1_386' title='bbox 598 2604 734 2626; x_wconf 84' lang='lat' dir='ltr'>resurrectio</span> <span class='ocrx_word' id='word_1_387' title='bbox 752 2602 833 2625; x_wconf 78' lang='lat' dir='ltr'><em>Christi</em></span> <span class='ocrx_word' id='word_1_388' title='bbox 851 2601 1000 2631; x_wconf 80' lang='lat' dir='ltr'>[exemplaris</span> 
     </span>
     <span class='ocr_line' id='line_1_59' title="bbox 158 2640 1000 2673; baseline -0.005 -7"><span class='ocrx_word' id='word_1_389' title='bbox 158 2650 226 2666; x_wconf 84' lang='lat' dir='ltr'><em>causa</em></span> <span class='ocrx_word' id='word_1_390' title='bbox 243 2647 333 2666; x_wconf 84' lang='lat' dir='ltr'>nostrae</span> <span class='ocrx_word' id='word_1_391' title='bbox 350 2642 542 2673; x_wconf 61' lang='lat' dir='ltr'>resurrectionis}</span> <span class='ocrx_word' id='word_1_392' title='bbox 560 2644 625 2671; x_wconf 81' lang='lat' dir='ltr'>quia,</span> <span class='ocrx_word' id='word_1_393' title='bbox 639 2645 663 2664; x_wconf 89' lang='lat' dir='ltr'>ut</span> <span class='ocrx_word' id='word_1_394' title='bbox 675 2642 728 2665; x_wconf 88' lang='lat' dir='ltr'>dicit</span> <span class='ocrx_word' id='word_1_395' title='bbox 740 2641 893 2669; x_wconf 77' lang='lat' dir='ltr'>Augustinus,</span> <span class='ocrx_word' id='word_1_396' title='bbox 911 2640 939 2662; x_wconf 73' lang='lat' dir='ltr'><em>dc</em></span> <span class='ocrx_word' id='word_1_397' title='bbox 951 2640 1000 2663; x_wconf 84' lang='lat' dir='ltr'>Civ.</span> 
     </span>
     <span class='ocr_line' id='line_1_60' title="bbox 159 2678 999 2712; baseline -0.006 -7"><span class='ocrx_word' id='word_1_398' title='bbox 159 2683 198 2705; x_wconf 90' lang='lat' dir='ltr'>Dei</span> <span class='ocrx_word' id='word_1_399' title='bbox 215 2682 265 2712; x_wconf 82' lang='lat' dir='ltr'>[tx.</span> <span class='ocrx_word' id='word_1_400' title='bbox 283 2689 302 2705; x_wconf 88' lang='lat' dir='ltr'>c.</span> <span class='ocrx_word' id='word_1_401' title='bbox 324 2682 356 2704; x_wconf 83' lang='grc'>15.</span> <span class='ocrx_word' id='word_1_402' title='bbox 376 2689 395 2704; x_wconf 83' lang='lat' dir='ltr'><em>n.</em></span> <span class='ocrx_word' id='word_1_403' title='bbox 414 2683 435 2709; x_wconf 75' lang='lat'>2,</span> <span class='ocrx_word' id='word_1_404' title='bbox 449 2682 505 2704; x_wconf 81' lang='lat' dir='ltr'>xltl.</span> <span class='ocrx_word' id='word_1_405' title='bbox 523 2688 542 2704; x_wconf 87' lang='lat' dir='ltr'>c.</span> <span class='ocrx_word' id='word_1_406' title='bbox 561 2682 597 2703; x_wconf 72' lang='lat'><em>23.</em></span> <span class='ocrx_word' id='word_1_407' title='bbox 615 2684 637 2703; x_wconf 86' lang='lat' dir='ltr'>et</span> <span class='ocrx_word' id='word_1_408' title='bbox 649 2681 717 2703; x_wconf 55' lang='lat' dir='ltr'>xxn.</span> <span class='ocrx_word' id='word_1_409' title='bbox 731 2686 749 2702; x_wconf 91' lang='lat' dir='ltr'>c.</span> <span class='ocrx_word' id='word_1_410' title='bbox 770 2679 804 2701; x_wconf 81' lang='grc'>15.</span> <span class='ocrx_word' id='word_1_411' title='bbox 822 2678 907 2708; x_wconf 81' lang='lat' dir='ltr'><em>seqq.],</em></span> <span class='ocrx_word' id='word_1_412' title='bbox 928 2679 999 2701; x_wconf 72' lang='lat' dir='ltr'>«talia</span> 
     </span>
     <span class='ocr_line' id='line_1_61' title="bbox 158 2719 1000 2750; baseline -0.006 -6"><span class='ocrx_word' id='word_1_413' title='bbox 158 2724 225 2744; x_wconf 83' lang='lat' dir='ltr'>erunt</span> <span class='ocrx_word' id='word_1_414' title='bbox 235 2727 331 2749; x_wconf 85' lang='lat' dir='ltr'><em>corpora</em></span> <span class='ocrx_word' id='word_1_415' title='bbox 349 2724 425 2743; x_wconf 81' lang='lat' dir='ltr'>nostra</span> <span class='ocrx_word' id='word_1_416' title='bbox 435 2739 441 2748; x_wconf 85' lang='lat'><em>,</em></span> <span class='ocrx_word' id='word_1_417' title='bbox 454 2721 521 2750; x_wconf 77' lang='lat' dir='ltr'>qualo</span> <span class='ocrx_word' id='word_1_418' title='bbox 538 2720 641 2742; x_wconf 87' lang='lat' dir='ltr'>Christus</span> <span class='ocrx_word' id='word_1_419' title='bbox 659 2725 698 2741; x_wconf 85' lang='lat' dir='ltr'>sua</span> <span class='ocrx_word' id='word_1_420' title='bbox 710 2719 875 2740; x_wconf 86' lang='lat' dir='ltr'>resurrectione</span> <span class='ocrx_word' id='word_1_421' title='bbox 888 2721 1000 2740; x_wconf 86' lang='lat' dir='ltr'>monstra-</span> 
     </span>
     <span class='ocr_line' id='line_1_62' title="bbox 159 2757 1000 2788; baseline -0.007 -5"><span class='ocrx_word' id='word_1_422' title='bbox 159 2761 221 2783; x_wconf 81' lang='lat' dir='ltr'>vit».</span> <span class='ocrx_word' id='word_1_423' title='bbox 239 2759 303 2782; x_wconf 88' lang='lat' dir='ltr'>Unde</span> <span class='ocrx_word' id='word_1_424' title='bbox 314 2762 348 2782; x_wconf 85' lang='lat' dir='ltr'>est</span> <span class='ocrx_word' id='word_1_425' title='bbox 360 2760 425 2788; x_wconf 83' lang='lat' dir='ltr'><em>quasi</em></span> <span class='ocrx_word' id='word_1_426' title='bbox 437 2760 576 2788; x_wconf 84' lang='lat' dir='ltr'>exemplum,</span> <span class='ocrx_word' id='word_1_427' title='bbox 590 2759 612 2780; x_wconf 86' lang='lat' dir='ltr'>in</span> <span class='ocrx_word' id='word_1_428' title='bbox 624 2764 671 2786; x_wconf 88' lang='lat' dir='ltr'>quo</span> <span class='ocrx_word' id='word_1_429' title='bbox 684 2760 759 2779; x_wconf 84' lang='lat' dir='ltr'>nostra</span> <span class='ocrx_word' id='word_1_430' title='bbox 772 2757 908 2778; x_wconf 80' lang='lat' dir='ltr'>resurrectio</span> <span class='ocrx_word' id='word_1_431' title='bbox 920 2758 953 2778; x_wconf 88' lang='lat' dir='ltr'>est</span> <span class='ocrx_word' id='word_1_432' title='bbox 970 2757 1000 2777; x_wconf 91' lang='lat' dir='ltr'>in-</span> 
     </span>
     <span class='ocr_line' id='line_1_63' title="bbox 159 2794 1000 2827; baseline -0.005 -7"><span class='ocrx_word' id='word_1_433' title='bbox 159 2799 246 2826; x_wconf 83' lang='lat' dir='ltr'>choata,</span> <span class='ocrx_word' id='word_1_434' title='bbox 265 2801 373 2827; x_wconf 75' lang='lat' dir='ltr'>tanquam</span> <span class='ocrx_word' id='word_1_435' title='bbox 386 2798 545 2820; x_wconf 86' lang='lat' dir='ltr'>membrorum</span> <span class='ocrx_word' id='word_1_436' title='bbox 558 2798 579 2819; x_wconf 94' lang='lat' dir='ltr'>in</span> <span class='ocrx_word' id='word_1_437' title='bbox 591 2797 677 2824; x_wconf 83' lang='lat' dir='ltr'>eapite,</span> <span class='ocrx_word' id='word_1_438' title='bbox 695 2797 752 2818; x_wconf 87' lang='lat' dir='ltr'>sicut</span> <span class='ocrx_word' id='word_1_439' title='bbox 763 2795 846 2818; x_wconf 91' lang='lat' dir='ltr'>dicitur</span> <span class='ocrx_word' id='word_1_440' title='bbox 858 2795 913 2822; x_wconf 84' lang='lat' dir='ltr'><em>Eph.</em></span> <span class='ocrx_word' id='word_1_441' title='bbox 927 2795 952 2822; x_wconf 80' lang='lat'>2,</span> <span class='ocrx_word' id='word_1_442' title='bbox 971 2794 1000 2817; x_wconf 80' lang='lat'>5:</span> 
     </span>
     <span class='ocr_line' id='line_1_64' title="bbox 160 2833 1000 2866; baseline -0.006 -6"><span class='ocrx_word' id='word_1_443' title='bbox 160 2836 335 2866; x_wconf 77' lang='lat' dir='ltr'>Coucivificat·it</span> <span class='ocrx_word' id='word_1_444' title='bbox 349 2842 393 2859; x_wconf 80' lang='lat' dir='ltr'>nos</span> <span class='ocrx_word' id='word_1_445' title='bbox 410 2836 502 2860; x_wconf 71' lang='lat' dir='ltr'>Christo</span> <span class='ocrx_word' id='word_1_446' title='bbox 519 2837 540 2859; x_wconf 79' lang='lat' dir='ltr'>et</span> <span class='ocrx_word' id='word_1_447' title='bbox 557 2834 704 2858; x_wconf 76' lang='lat' dir='ltr'>resuscitavit</span> <span class='ocrx_word' id='word_1_448' title='bbox 720 2838 761 2856; x_wconf 82' lang='lat' dir='ltr'>etc.</span> <span class='ocrx_word' id='word_1_449' title='bbox 779 2833 823 2856; x_wconf 84' lang='lat' dir='ltr'>Csr.</span> <span class='ocrx_word' id='word_1_450' title='bbox 842 2833 896 2855; x_wconf 87' lang='lat' dir='ltr'><em>ibid.</em></span> <span class='ocrx_word' id='word_1_451' title='bbox 922 2833 945 2855; x_wconf 93' lang='lat' dir='ltr'>d.</span> <span class='ocrx_word' id='word_1_452' title='bbox 964 2833 1000 2855; x_wconf 72' lang='lat'><em>49.</em></span> 
     </span>
     <span class='ocr_line' id='line_1_65' title="bbox 160 2873 1000 2904; baseline -0.005 -6"><span class='ocrx_word' id='word_1_453' title='bbox 160 2883 182 2904; x_wconf 87' lang='lat' dir='ltr'>p.</span> <span class='ocrx_word' id='word_1_454' title='bbox 200 2876 223 2898; x_wconf 89' lang='lat' dir='ltr'>ll.</span> <span class='ocrx_word' id='word_1_455' title='bbox 241 2882 261 2898; x_wconf 83' lang='lat' dir='ltr'>a.</span> <span class='ocrx_word' id='word_1_456' title='bbox 279 2877 300 2898; x_wconf 78' lang='lat'>2.</span> <span class='ocrx_word' id='word_1_457' title='bbox 318 2877 414 2904; x_wconf 89' lang='lat' dir='ltr'><em>princip.</em></span> <span class='ocrx_word' id='word_1_458' title='bbox 432 2883 452 2898; x_wconf 82' lang='lat' dir='ltr'>a.</span> <span class='ocrx_word' id='word_1_459' title='bbox 471 2877 492 2898; x_wconf 74' lang='lat'><em>2.</em></span> <span class='ocrx_word' id='word_1_460' title='bbox 510 2882 532 2904; x_wconf 87' lang='lat' dir='ltr'>q.</span> <span class='ocrx_word' id='word_1_461' title='bbox 550 2876 571 2897; x_wconf 75' lang='lat'><em>2.</em></span> <span class='ocrx_word' id='word_1_462' title='bbox 589 2874 690 2896; x_wconf 85' lang='lat' dir='ltr'>fundam.</span> <span class='ocrx_word' id='word_1_463' title='bbox 713 2874 730 2901; x_wconf 94' lang='grc'>1,</span> <span class='ocrx_word' id='word_1_464' title='bbox 747 2876 769 2895; x_wconf 87' lang='lat' dir='ltr'>et</span> <span class='ocrx_word' id='word_1_465' title='bbox 781 2873 859 2895; x_wconf 82' lang='lat' dir='ltr'><em>Glossa</em></span> <span class='ocrx_word' id='word_1_466' title='bbox 871 2873 893 2894; x_wconf 93' lang='lat' dir='ltr'>in</span> <span class='ocrx_word' id='word_1_467' title='bbox 910 2873 945 2895; x_wconf 83' lang='lat' dir='ltr'>Ps.</span> <span class='ocrx_word' id='word_1_468' title='bbox 964 2873 1000 2899; x_wconf 75' lang='lat'>29,</span> 
     </span>
     <span class='ocr_line' id='line_1_66' title="bbox 160 2911 1001 2942; baseline -0.005 -6"><span class='ocrx_word' id='word_1_469' title='bbox 160 2915 182 2942; x_wconf 83' lang='lat'>6,</span> <span class='ocrx_word' id='word_1_470' title='bbox 194 2920 263 2942; x_wconf 86' lang='lat' dir='ltr'>supra</span> <span class='ocrx_word' id='word_1_471' title='bbox 281 2920 334 2942; x_wconf 84' lang='lat' dir='ltr'><em>pag.</em></span> <span class='ocrx_word' id='word_1_472' title='bbox 352 2914 409 2941; x_wconf 77' lang='lat'>247,</span> <span class='ocrx_word' id='word_1_473' title='bbox 428 2917 479 2936; x_wconf 88' lang='lat' dir='ltr'>nota</span> <span class='ocrx_word' id='word_1_474' title='bbox 493 2914 514 2935; x_wconf 87' lang='lat'>3.</span> <span class='ocrx_word' id='word_1_475' title='bbox 531 2913 634 2940; x_wconf 80' lang='lat' dir='ltr'>allegata.</span> <span class='ocrx_word' id='word_1_476' title='bbox 647 2912 728 2933; x_wconf 82' lang='grc' dir='ltr'>-Ριο</span> <span class='ocrx_word' id='word_1_477' title='bbox 745 2911 814 2941; x_wconf 79' lang='lat' dir='ltr'>quale</span> <span class='ocrx_word' id='word_1_478' title='bbox 830 2911 890 2938; x_wconf 84' lang='lat' dir='ltr'><em>edd.,</em></span> <span class='ocrx_word' id='word_1_479' title='bbox 903 2917 1001 2933; x_wconf 87' lang='lat' dir='ltr'>annuen-</span> 
     </span>
     <span class='ocr_line' id='line_1_67' title="bbox 160 2949 1002 2981; baseline -0.002 -7"><span class='ocrx_word' id='word_1_480' title='bbox 160 2952 222 2975; x_wconf 83' lang='lat' dir='ltr'>tibus</span> <span class='ocrx_word' id='word_1_481' title='bbox 238 2953 342 2980; x_wconf 87' lang='lat' dir='ltr'>plurimis</span> <span class='ocrx_word' id='word_1_482' title='bbox 354 2953 432 2981; x_wconf 73' lang='lat' dir='ltr'><em>codd,</em></span> <span class='ocrx_word' id='word_1_483' title='bbox 442 2953 481 2975; x_wconf 90' lang='lat' dir='ltr'>sed</span> <span class='ocrx_word' id='word_1_484' title='bbox 494 2951 662 2980; x_wconf 82' lang='lat' dir='ltr'>refragantibus</span> <span class='ocrx_word' id='word_1_485' title='bbox 679 2950 746 2973; x_wconf 91' lang='lat' dir='ltr'><em>codd.</em></span> <span class='ocrx_word' id='word_1_486' title='bbox 759 2950 778 2972; x_wconf 84' lang='lat' dir='ltr'>K</span> <span class='ocrx_word' id='word_1_487' title='bbox 789 2950 807 2972; x_wconf 79' lang='lat' dir='ltr'>M</span> <span class='ocrx_word' id='word_1_488' title='bbox 818 2949 848 2978; x_wconf 91' lang='grc' dir='ltr'>Ο,</span> <span class='ocrx_word' id='word_1_489' title='bbox 861 2951 937 2973; x_wconf 87' lang='lat' dir='ltr'>minus</span> <span class='ocrx_word' id='word_1_490' title='bbox 948 2956 1002 2973; x_wconf 91' lang='lat' dir='ltr'><em>con-</em></span> 
     </span>
     <span class='ocr_line' id='line_1_68' title="bbox 160 2991 734 3021; baseline -0.002 -8"><span class='ocrx_word' id='word_1_491' title='bbox 160 2997 218 3019; x_wconf 81' lang='lat' dir='ltr'>grue</span> <span class='ocrx_word' id='word_1_492' title='bbox 235 2991 400 3014; x_wconf 84' lang='lat' dir='ltr'>substituerunt</span> <span class='ocrx_word' id='word_1_493' title='bbox 416 2991 511 3021; x_wconf 77' lang='lat' dir='ltr'>qualia,</span> <span class='ocrx_word' id='word_1_494' title='bbox 530 2991 581 3013; x_wconf 87' lang='lat' dir='ltr'><em>eod.</em></span> <span class='ocrx_word' id='word_1_495' title='bbox 599 2991 614 3012; x_wconf 93' lang='lat' dir='ltr'>Z</span> <span class='ocrx_word' id='word_1_496' title='bbox 632 2991 734 3019; x_wconf 80' lang='lat' dir='ltr'>qualiter.</span> 
     </span>
    </p>
   </div>
   <div class='ocr_carea' id='block_1_11' title="bbox 285 3041 598 3065">
    <p class='ocr_par' dir='ltr' id='par_1_16' title="bbox 285 3041 598 3065">
     <span class='ocr_line' id='line_1_69' title="bbox 285 3041 598 3065; baseline -0.01 0"><span class='ocrx_word' id='word_1_497' title='bbox 285 3041 310 3065; x_wconf 80' lang='lat' dir='ltr'><em>S.</em></span> <span class='ocrx_word' id='word_1_498' title='bbox 327 3042 415 3065; x_wconf 75' lang='lat' dir='ltr'><em>Bomw.</em></span> <span class='ocrx_word' id='word_1_499' title='bbox 434 3055 464 3058; x_wconf 87' lang='lat'><strong>—</strong></span> <span class='ocrx_word' id='word_1_500' title='bbox 482 3042 547 3063; x_wconf 89' lang='lat' dir='ltr'><em>Tom.</em></span> <span class='ocrx_word' id='word_1_501' title='bbox 566 3041 598 3063; x_wconf 94' lang='lat' dir='ltr'>lll.</span> 
     </span>
    </p>
   </div>
   <div class='ocr_carea' id='block_1_12' title="bbox 1020 378 1030 2225">
    <p class='ocr_par' dir='ltr' id='par_1_17' title="bbox 1020 378 1030 2225">
     <span class='ocr_line' id='line_1_70' title="bbox 1020 378 1030 2225; baseline 0 0"><span class='ocrx_word' id='word_1_502' title='bbox 1020 378 1030 2225; x_wconf 95' lang='lat' dir='ltr'> </span> 
     </span>
    </p>
   </div>
   <div class='ocr_carea' id='block_1_13' title="bbox 1025 2415 1032 2998">
    <p class='ocr_par' dir='ltr' id='par_1_18' title="bbox 1025 2415 1032 2998">
     <span class='ocr_line' id='line_1_71' title="bbox 1025 2415 1032 2998; baseline 0 0"><span class='ocrx_word' id='word_1_503' title='bbox 1025 2415 1032 2998; x_wconf 95' lang='lat' dir='ltr'> </span> 
     </span>
    </p>
   </div>
   <div class='ocr_carea' id='block_1_14' title="bbox 1049 278 1900 1067">
    <p class='ocr_par' dir='ltr' id='par_1_19' title="bbox 1049 278 1897 411">
     <span class='ocr_line' id='line_1_72' title="bbox 1049 278 1897 317; baseline -0.004 -8"><span class='ocrx_word' id='word_1_504' title='bbox 1049 283 1110 314; x_wconf 93' lang='lat' dir='ltr'>tur,</span> <span class='ocrx_word' id='word_1_505' title='bbox 1132 280 1206 317; x_wconf 89' lang='lat' dir='ltr'>quod</span> <span class='ocrx_word' id='word_1_506' title='bbox 1228 283 1323 308; x_wconf 84' lang='lat' dir='ltr'>nostra</span> <span class='ocrx_word' id='word_1_507' title='bbox 1345 279 1502 308; x_wconf 81' lang='lat' dir='ltr'>iustificatio</span> <span class='ocrx_word' id='word_1_508' title='bbox 1517 282 1558 308; x_wconf 84' lang='lat' dir='ltr'>est</span> <span class='ocrx_word' id='word_1_509' title='bbox 1579 287 1593 307; x_wconf 86' lang='lat' dir='ltr'>a</span> <span class='ocrx_word' id='word_1_510' title='bbox 1619 279 1829 307; x_wconf 83' lang='lat' dir='ltr'>resurrectione.</span> <span class='ocrx_word' id='word_1_511' title='bbox 1852 278 1897 307; x_wconf 87' lang='lat' dir='ltr'>Est</span> 
     </span>
     <span class='ocr_line' id='line_1_73' title="bbox 1049 325 1896 363; baseline -0.004 -7"><span class='ocrx_word' id='word_1_512' title='bbox 1049 328 1121 356; x_wconf 86' lang='lat' dir='ltr'>enim</span> <span class='ocrx_word' id='word_1_513' title='bbox 1144 335 1160 356; x_wconf 82' lang='lat' dir='ltr'>a</span> <span class='ocrx_word' id='word_1_514' title='bbox 1182 327 1385 356; x_wconf 85' lang='lat' dir='ltr'>resurrectione</span> <span class='ocrx_word' id='word_1_515' title='bbox 1407 330 1434 356; x_wconf 82' lang='lat' dir='ltr'>et</span> <span class='ocrx_word' id='word_1_516' title='bbox 1455 326 1581 363; x_wconf 79' lang='lat' dir='ltr'><em>passione</em></span> <span class='ocrx_word' id='word_1_517' title='bbox 1601 326 1659 355; x_wconf 88' lang='lat' dir='ltr'><em>sine</em></span> <span class='ocrx_word' id='word_1_518' title='bbox 1674 325 1768 363; x_wconf 84' lang='lat' dir='ltr'>aliqua</span> <span class='ocrx_word' id='word_1_519' title='bbox 1790 329 1896 354; x_wconf 87' lang='lat' dir='ltr'>contra-</span> 
     </span>
     <span class='ocr_line' id='line_1_74' title="bbox 1049 374 1573 411; baseline -0.002 -9"><span class='ocrx_word' id='word_1_520' title='bbox 1049 374 1184 409; x_wconf 78' lang='lat' dir='ltr'><em>dictione,</em></span> <span class='ocrx_word' id='word_1_521' title='bbox 1206 377 1237 402; x_wconf 91' lang='lat' dir='ltr'>ut</span> <span class='ocrx_word' id='word_1_522' title='bbox 1258 374 1338 411; x_wconf 88' lang='lat' dir='ltr'>prius</span> <span class='ocrx_word' id='word_1_523' title='bbox 1359 377 1500 402; x_wconf 87' lang='lat' dir='ltr'>ostensum</span> <span class='ocrx_word' id='word_1_524' title='bbox 1523 376 1573 402; x_wconf 89' lang='lat' dir='ltr'>est.</span> 
     </span>
    </p>

    <p class='ocr_par' dir='ltr' id='par_1_20' title="bbox 1049 420 1900 683">
     <span class='ocr_line' id='line_1_75' title="bbox 1128 420 1896 458; baseline -0.001 -9"><span class='ocrx_word' id='word_1_525' title='bbox 1128 422 1154 449; x_wconf 66' lang='lat'><em>⁹2.</em></span> <span class='ocrx_word' id='word_1_526' title='bbox 1176 421 1213 449; x_wconf 67' lang='lat' dir='ltr'>Ad</span> <span class='ocrx_word' id='word_1_527' title='bbox 1231 421 1299 449; x_wconf 89' lang='lat' dir='ltr'>illud</span> <span class='ocrx_word' id='word_1_528' title='bbox 1322 421 1396 458; x_wconf 89' lang='lat' dir='ltr'>quod</span> <span class='ocrx_word' id='word_1_529' title='bbox 1412 420 1554 451; x_wconf 79' lang='lat' dir='ltr'>obiicitur.</span> <span class='ocrx_word' id='word_1_530' title='bbox 1569 420 1643 457; x_wconf 87' lang='lat' dir='ltr'>qnod</span> <span class='ocrx_word' id='word_1_531' title='bbox 1664 420 1741 448; x_wconf 82' lang='lat' dir='ltr'><em>solus</em></span> <span class='ocrx_word' id='word_1_532' title='bbox 1757 420 1830 448; x_wconf 82' lang='lat' dir='ltr'>Deus</span> <span class='ocrx_word' id='word_1_533' title='bbox 1845 423 1896 453; x_wconf 75' lang='lat' dir='ltr'>est,</span> 
     </span>
     <span class='ocr_line' id='line_1_76' title="bbox 1049 467 1897 505; baseline -0.004 -8"><span class='ocrx_word' id='word_1_534' title='bbox 1049 468 1096 505; x_wconf 88' lang='lat' dir='ltr'>qui</span> <span class='ocrx_word' id='word_1_535' title='bbox 1120 468 1193 497; x_wconf 88' lang='lat' dir='ltr'>delet</span> <span class='ocrx_word' id='word_1_536' title='bbox 1212 467 1370 505; x_wconf 85' lang='lat' dir='ltr'>iniquitates</span> <span class='ocrx_word' id='word_1_537' title='bbox 1385 471 1452 500; x_wconf 80' lang='lat' dir='ltr'>etc.;</span> <span class='ocrx_word' id='word_1_538' title='bbox 1468 467 1634 501; x_wconf 86' lang='lat' dir='ltr'>dicendum,</span> <span class='ocrx_word' id='word_1_539' title='bbox 1650 467 1724 504; x_wconf 91' lang='lat' dir='ltr'><em>qnod</em></span> <span class='ocrx_word' id='word_1_540' title='bbox 1742 474 1840 495; x_wconf 89' lang='lat' dir='ltr'>verum</span> <span class='ocrx_word' id='word_1_541' title='bbox 1856 470 1897 495; x_wconf 90' lang='lat' dir='ltr'>est</span> 
     </span>
     <span class='ocr_line' id='line_1_77' title="bbox 1050 513 1899 552; baseline -0.002 -9"><span class='ocrx_word' id='word_1_542' title='bbox 1050 523 1100 551; x_wconf 90' lang='lat' dir='ltr'>per</span> <span class='ocrx_word' id='word_1_543' title='bbox 1123 515 1237 543; x_wconf 89' lang='lat' dir='ltr'>modum</span> <span class='ocrx_word' id='word_1_544' title='bbox 1259 513 1427 552; x_wconf 71' lang='lat' dir='ltr'>efficientis;</span> <span class='ocrx_word' id='word_1_545' title='bbox 1449 522 1498 551; x_wconf 79' lang='lat' dir='ltr'>per</span> <span class='ocrx_word' id='word_1_546' title='bbox 1521 514 1571 542; x_wconf 76' lang='lat' dir='ltr'>hoc</span> <span class='ocrx_word' id='word_1_547' title='bbox 1595 518 1685 542; x_wconf 63' lang='lat' dir='ltr'>himen</span> <span class='ocrx_word' id='word_1_548' title='bbox 1703 522 1756 542; x_wconf 90' lang='lat' dir='ltr'>non</span> <span class='ocrx_word' id='word_1_549' title='bbox 1772 513 1899 542; x_wconf 83' lang='lat' dir='ltr'>excludi-</span> 
     </span>
     <span class='ocr_line' id='line_1_78' title="bbox 1051 560 1900 598; baseline -0.004 -8"><span class='ocrx_word' id='word_1_550' title='bbox 1051 565 1111 595; x_wconf 89' lang='lat' dir='ltr'>tur,</span> <span class='ocrx_word' id='word_1_551' title='bbox 1133 561 1207 598; x_wconf 90' lang='lat' dir='ltr'>quod</span> <span class='ocrx_word' id='word_1_552' title='bbox 1228 560 1274 589; x_wconf 89' lang='lat' dir='ltr'>alii</span> <span class='ocrx_word' id='word_1_553' title='bbox 1297 569 1350 589; x_wconf 91' lang='lat' dir='ltr'>non</span> <span class='ocrx_word' id='word_1_554' title='bbox 1373 560 1459 598; x_wconf 84' lang='lat' dir='ltr'><em>possit</em></span> <span class='ocrx_word' id='word_1_555' title='bbox 1480 561 1628 589; x_wconf 75' lang='lat' dir='ltr'>convenire</span> <span class='ocrx_word' id='word_1_556' title='bbox 1648 568 1697 597; x_wconf 86' lang='lat' dir='ltr'>per</span> <span class='ocrx_word' id='word_1_557' title='bbox 1712 560 1826 588; x_wconf 91' lang='lat' dir='ltr'>modum</span> <span class='ocrx_word' id='word_1_558' title='bbox 1843 568 1900 588; x_wconf 81' lang='lat' dir='ltr'>me-</span> 
     </span>
     <span class='ocr_line' id='line_1_79' title="bbox 1050 607 1899 644; baseline -0.001 -8"><span class='ocrx_word' id='word_1_559' title='bbox 1050 608 1141 636; x_wconf 73' lang='lat' dir='ltr'>rentis</span> <span class='ocrx_word' id='word_1_560' title='bbox 1161 611 1188 636; x_wconf 91' lang='lat' dir='ltr'>et</span> <span class='ocrx_word' id='word_1_561' title='bbox 1209 608 1381 641; x_wconf 68' lang='lat' dir='ltr'>excitantis,</span> <span class='ocrx_word' id='word_1_562' title='bbox 1404 608 1475 636; x_wconf 76' lang='lat' dir='ltr'>sicut</span> <span class='ocrx_word' id='word_1_563' title='bbox 1497 607 1602 636; x_wconf 83' lang='lat' dir='ltr'>dictum</span> <span class='ocrx_word' id='word_1_564' title='bbox 1618 611 1660 636; x_wconf 87' lang='lat' dir='ltr'>est</span> <span class='ocrx_word' id='word_1_565' title='bbox 1674 607 1822 636; x_wconf 85' lang='lat' dir='ltr'>convenire</span> <span class='ocrx_word' id='word_1_566' title='bbox 1839 615 1899 644; x_wconf 85' lang='lat' dir='ltr'><em>pas-</em></span> 
     </span>
     <span class='ocr_line' id='line_1_80' title="bbox 1050 654 1252 683; baseline -0.005 0"><span class='ocrx_word' id='word_1_567' title='bbox 1050 654 1118 683; x_wconf 88' lang='lat' dir='ltr'><em>sioni</em></span> <span class='ocrx_word' id='word_1_568' title='bbox 1141 654 1252 683; x_wconf 87' lang='lat' dir='ltr'>Christi.</span> 
     </span>
    </p>

    <p class='ocr_par' dir='ltr' id='par_1_21' title="bbox 1050 700 1900 972">
     <span class='ocr_line' id='line_1_81' title="bbox 1128 700 1898 737; baseline -0.001 -8"><span class='ocrx_word' id='word_1_569' title='bbox 1128 701 1153 730; x_wconf 81' lang='lat'>3.</span> <span class='ocrx_word' id='word_1_570' title='bbox 1177 701 1213 729; x_wconf 66' lang='lat' dir='ltr'>Ast</span> <span class='ocrx_word' id='word_1_571' title='bbox 1237 701 1305 729; x_wconf 91' lang='lat' dir='ltr'>illud</span> <span class='ocrx_word' id='word_1_572' title='bbox 1328 700 1402 737; x_wconf 88' lang='lat' dir='ltr'>quod</span> <span class='ocrx_word' id='word_1_573' title='bbox 1424 700 1570 734; x_wconf 79' lang='lat' dir='ltr'>obiicitur,</span> <span class='ocrx_word' id='word_1_574' title='bbox 1591 700 1665 737; x_wconf 89' lang='lat' dir='ltr'>quod</span> <span class='ocrx_word' id='word_1_575' title='bbox 1683 700 1841 729; x_wconf 86' lang='lat' dir='ltr'>iustilicatio</span> <span class='ocrx_word' id='word_1_576' title='bbox 1856 703 1898 728; x_wconf 86' lang='lat' dir='ltr'>est</span> 
     </span>
     <span class='ocr_line' id='line_1_82' title="bbox 1051 747 1900 785; baseline -0.002 -8"><span class='ocrx_word' id='word_1_577' title='bbox 1051 756 1100 785; x_wconf 90' lang='lat' dir='ltr'>per</span> <span class='ocrx_word' id='word_1_578' title='bbox 1121 748 1255 785; x_wconf 81' lang='lat' dir='ltr'>gratiam,</span> <span class='ocrx_word' id='word_1_579' title='bbox 1286 755 1358 785; x_wconf 88' lang='lat' dir='ltr'>quae</span> <span class='ocrx_word' id='word_1_580' title='bbox 1381 747 1559 775; x_wconf 75' lang='lat' dir='ltr'>infunditur⁰</span> <span class='ocrx_word' id='word_1_581' title='bbox 1581 756 1594 775; x_wconf 87' lang='lat' dir='ltr'>a</span> <span class='ocrx_word' id='word_1_582' title='bbox 1618 748 1677 775; x_wconf 87' lang='lat' dir='ltr'><em>solo</em></span> <span class='ocrx_word' id='word_1_583' title='bbox 1708 748 1779 781; x_wconf 90' lang='lat' dir='ltr'><em>Deo;</em></span> <span class='ocrx_word' id='word_1_584' title='bbox 1808 747 1900 776; x_wconf 84' lang='lat' dir='ltr'>dicen-</span> 
     </span>
     <span class='ocr_line' id='line_1_83' title="bbox 1050 794 1898 832; baseline -0.001 -9"><span class='ocrx_word' id='word_1_585' title='bbox 1050 795 1134 827; x_wconf 84' lang='lat' dir='ltr'>dum,</span> <span class='ocrx_word' id='word_1_586' title='bbox 1156 795 1231 832; x_wconf 89' lang='lat' dir='ltr'>quod</span> <span class='ocrx_word' id='word_1_587' title='bbox 1263 795 1313 823; x_wconf 91' lang='lat' dir='ltr'>etsi</span> <span class='ocrx_word' id='word_1_588' title='bbox 1342 794 1431 832; x_wconf 86' lang='lat' dir='ltr'>gratia</span> <span class='ocrx_word' id='word_1_589' title='bbox 1452 803 1468 823; x_wconf 80' lang='lat' dir='ltr'>a</span> <span class='ocrx_word' id='word_1_590' title='bbox 1490 794 1548 823; x_wconf 85' lang='lat' dir='ltr'><em>solo</em></span> <span class='ocrx_word' id='word_1_591' title='bbox 1570 795 1625 823; x_wconf 84' lang='lat' dir='ltr'>Deo</span> <span class='ocrx_word' id='word_1_592' title='bbox 1648 795 1749 823; x_wconf 81' lang='lat' dir='ltr'>habeat</span> <span class='ocrx_word' id='word_1_593' title='bbox 1771 794 1898 826; x_wconf 77' lang='lat' dir='ltr'>infundi,</span> 
     </span>
     <span class='ocr_line' id='line_1_84' title="bbox 1050 841 1900 878; baseline -0.002 -7"><span class='ocrx_word' id='word_1_594' title='bbox 1050 842 1232 871; x_wconf 88' lang='lat' dir='ltr'>nihilominus</span> <span class='ocrx_word' id='word_1_595' title='bbox 1253 845 1344 870; x_wconf 85' lang='lat' dir='ltr'>tamen</span> <span class='ocrx_word' id='word_1_596' title='bbox 1366 841 1493 870; x_wconf 89' lang='lat' dir='ltr'>Christus</span> <span class='ocrx_word' id='word_1_597' title='bbox 1515 849 1564 878; x_wconf 88' lang='lat' dir='ltr'>per</span> <span class='ocrx_word' id='word_1_598' title='bbox 1587 849 1665 870; x_wconf 85' lang='lat' dir='ltr'>suam</span> <span class='ocrx_word' id='word_1_599' title='bbox 1683 842 1838 878; x_wconf 83' lang='lat' dir='ltr'><em>passionem</em></span> <span class='ocrx_word' id='word_1_600' title='bbox 1855 849 1900 878; x_wconf 92' lang='lat' dir='ltr'>po-</span> 
     </span>
     <span class='ocr_line' id='line_1_85' title="bbox 1051 888 1898 926; baseline -0.001 -9"><span class='ocrx_word' id='word_1_601' title='bbox 1051 889 1104 918; x_wconf 89' lang='lat' dir='ltr'>tuit</span> <span class='ocrx_word' id='word_1_602' title='bbox 1124 897 1184 917; x_wconf 86' lang='lat' dir='ltr'>eam</span> <span class='ocrx_word' id='word_1_603' title='bbox 1208 889 1287 917; x_wconf 89' lang='lat' dir='ltr'><em>nobis</em></span> <span class='ocrx_word' id='word_1_604' title='bbox 1308 888 1482 926; x_wconf 84' lang='lat' dir='ltr'>pi·oinereri;</span> <span class='ocrx_word' id='word_1_605' title='bbox 1503 891 1530 917; x_wconf 91' lang='lat' dir='ltr'>et</span> <span class='ocrx_word' id='word_1_606' title='bbox 1545 888 1584 917; x_wconf 80' lang='lat' dir='ltr'>sic</span> <span class='ocrx_word' id='word_1_607' title='bbox 1603 888 1725 917; x_wconf 81' lang='lat' dir='ltr'>dicimur</span> <span class='ocrx_word' id='word_1_608' title='bbox 1739 896 1755 916; x_wconf 87' lang='lat' dir='ltr'>a</span> <span class='ocrx_word' id='word_1_609' title='bbox 1771 888 1898 925; x_wconf 80' lang='lat' dir='ltr'><em>passione</em></span> 
     </span>
     <span class='ocr_line' id='line_1_86' title="bbox 1052 935 1219 972; baseline -0.006 -8"><span class='ocrx_word' id='word_1_610' title='bbox 1052 935 1219 972; x_wconf 69' lang='lat' dir='ltr'>iustificari.</span> 
     </span>
    </p>

    <p class='ocr_par' dir='ltr' id='par_1_22' title="bbox 1053 982 1899 1067">
     <span class='ocr_line' id='line_1_87' title="bbox 1130 982 1899 1019; baseline 0.001 -9"><span class='ocrx_word' id='word_1_611' title='bbox 1130 983 1157 1011; x_wconf 76' lang='grc' dir='ltr'>[ι.</span> <span class='ocrx_word' id='word_1_612' title='bbox 1178 982 1216 1011; x_wconf 78' lang='lat' dir='ltr'>Ad</span> <span class='ocrx_word' id='word_1_613' title='bbox 1239 982 1308 1011; x_wconf 88' lang='lat' dir='ltr'>illud</span> <span class='ocrx_word' id='word_1_614' title='bbox 1330 982 1405 1019; x_wconf 90' lang='lat' dir='ltr'>quod</span> <span class='ocrx_word' id='word_1_615' title='bbox 1427 982 1572 1015; x_wconf 86' lang='lat' dir='ltr'>obiicitur,</span> <span class='ocrx_word' id='word_1_616' title='bbox 1587 982 1662 1019; x_wconf 91' lang='lat' dir='ltr'><em>qnod</em></span> <span class='ocrx_word' id='word_1_617' title='bbox 1679 982 1789 1010; x_wconf 89' lang='lat' dir='ltr'>nullum</span> <span class='ocrx_word' id='word_1_618' title='bbox 1805 990 1899 1019; x_wconf 82' lang='lat' dir='ltr'><em>corpo-</em></span> 
     </span>
     <span class='ocr_line' id='line_1_88' title="bbox 1053 1029 1899 1067; baseline -0.001 -9"><span class='ocrx_word' id='word_1_619' title='bbox 1053 1030 1110 1058; x_wconf 82' lang='lat' dir='ltr'>rale</span> <span class='ocrx_word' id='word_1_620' title='bbox 1134 1029 1224 1058; x_wconf 84' lang='lat' dir='ltr'>influit</span> <span class='ocrx_word' id='word_1_621' title='bbox 1245 1029 1376 1058; x_wconf 85' lang='lat' dir='ltr'>iustitiam</span> <span class='ocrx_word' id='word_1_622' title='bbox 1401 1029 1426 1058; x_wconf 92' lang='lat' dir='ltr'>in</span> <span class='ocrx_word' id='word_1_623' title='bbox 1449 1029 1613 1067; x_wconf 77' lang='lat' dir='ltr'>spirituale3</span> <span class='ocrx_word' id='word_1_624' title='bbox 1635 1029 1802 1063; x_wconf 84' lang='lat' dir='ltr'>dicendum,</span> <span class='ocrx_word' id='word_1_625' title='bbox 1823 1029 1899 1066; x_wconf 90' lang='lat' dir='ltr'>quod</span> 
     </span>
    </p>
   </div>
   <div class='ocr_carea' id='block_1_15' title="bbox 1052 1076 2029 1114">
    <p class='ocr_par' dir='ltr' id='par_1_23' title="bbox 1052 1076 2029 1114">
     <span class='ocr_line' id='line_1_89' title="bbox 1052 1076 2029 1114; baseline -0.001 -9"><span class='ocrx_word' id='word_1_626' title='bbox 1052 1077 1290 1114; x_wconf 80' lang='lat' dir='ltr'>quemadmodum</span> <span class='ocrx_word' id='word_1_627' title='bbox 1312 1084 1377 1105; x_wconf 87' lang='lat' dir='ltr'><em>caro</em></span> <span class='ocrx_word' id='word_1_628' title='bbox 1398 1076 1499 1105; x_wconf 85' lang='lat' dir='ltr'>Christi</span> <span class='ocrx_word' id='word_1_629' title='bbox 1529 1084 1578 1113; x_wconf 81' lang='lat' dir='ltr'>per</span> <span class='ocrx_word' id='word_1_630' title='bbox 1611 1084 1640 1104; x_wconf 78' lang='lat' dir='ltr'>se</span> <span class='ocrx_word' id='word_1_631' title='bbox 1673 1084 1726 1104; x_wconf 90' lang='lat' dir='ltr'>non</span> <span class='ocrx_word' id='word_1_632' title='bbox 1755 1080 1796 1105; x_wconf 88' lang='lat' dir='ltr'>est</span> <span class='ocrx_word' id='word_1_633' title='bbox 1821 1076 1901 1105; x_wconf 73' lang='lat' dir='ltr'>ribus</span> <span class='ocrx_word' id='word_1_634' title='bbox 1916 1082 2029 1101; x_wconf 64' lang='lat' dir='ltr'>Nomadum-</span> 
     </span>
    </p>
   </div>
   <div class='ocr_carea' id='block_1_16' title="bbox 1052 1123 1903 2239">
    <p class='ocr_par' dir='ltr' id='par_1_24' title="bbox 1052 1123 1903 1441">
     <span class='ocr_line' id='line_1_90' title="bbox 1052 1123 1899 1160; baseline -0.001 -8"><span class='ocrx_word' id='word_1_635' title='bbox 1052 1124 1176 1158; x_wconf 83' lang='lat' dir='ltr'>animae,</span> <span class='ocrx_word' id='word_1_636' title='bbox 1199 1124 1225 1151; x_wconf 94' lang='lat' dir='ltr'>in</span> <span class='ocrx_word' id='word_1_637' title='bbox 1247 1131 1276 1152; x_wconf 89' lang='lat' dir='ltr'>se</span> <span class='ocrx_word' id='word_1_638' title='bbox 1299 1126 1389 1152; x_wconf 85' lang='lat' dir='ltr'>tamen</span> <span class='ocrx_word' id='word_1_639' title='bbox 1412 1126 1454 1152; x_wconf 91' lang='lat' dir='ltr'>est</span> <span class='ocrx_word' id='word_1_640' title='bbox 1474 1123 1553 1152; x_wconf 82' lang='lat' dir='ltr'>cibus</span> <span class='ocrx_word' id='word_1_641' title='bbox 1574 1131 1610 1152; x_wconf 88' lang='lat' dir='ltr'>ex</span> <span class='ocrx_word' id='word_1_642' title='bbox 1632 1123 1734 1151; x_wconf 90' lang='lat' dir='ltr'>unione</span> <span class='ocrx_word' id='word_1_643' title='bbox 1757 1123 1844 1160; x_wconf 88' lang='lat' dir='ltr'><em>ipsius</em></span> <span class='ocrx_word' id='word_1_644' title='bbox 1865 1123 1899 1152; x_wconf 87' lang='lat' dir='ltr'>ad</span> 
     </span>
     <span class='ocr_line' id='line_1_91' title="bbox 1053 1170 1900 1207; baseline -0.001 -8"><span class='ocrx_word' id='word_1_645' title='bbox 1053 1171 1174 1199; x_wconf 84' lang='lat' dir='ltr'>divinam</span> <span class='ocrx_word' id='word_1_646' title='bbox 1198 1171 1367 1204; x_wconf 74' lang='lat' dir='ltr'>naturam⁷3</span> <span class='ocrx_word' id='word_1_647' title='bbox 1389 1170 1427 1199; x_wconf 80' lang='lat' dir='ltr'>sic</span> <span class='ocrx_word' id='word_1_648' title='bbox 1449 1173 1476 1199; x_wconf 86' lang='lat' dir='ltr'>ct</span> <span class='ocrx_word' id='word_1_649' title='bbox 1502 1170 1593 1207; x_wconf 82' lang='lat' dir='ltr'><em>passio</em></span> <span class='ocrx_word' id='word_1_650' title='bbox 1624 1170 1742 1203; x_wconf 85' lang='lat' dir='ltr'>Christi,</span> <span class='ocrx_word' id='word_1_651' title='bbox 1766 1170 1816 1199; x_wconf 90' lang='lat' dir='ltr'>etsi</span> <span class='ocrx_word' id='word_1_652' title='bbox 1846 1179 1900 1198; x_wconf 91' lang='lat' dir='ltr'>non</span> 
     </span>
     <span class='ocr_line' id='line_1_92' title="bbox 1054 1217 1901 1254; baseline 0 -9"><span class='ocrx_word' id='word_1_653' title='bbox 1054 1217 1154 1246; x_wconf 86' lang='lat' dir='ltr'>habeat</span> <span class='ocrx_word' id='word_1_654' title='bbox 1175 1217 1324 1254; x_wconf 85' lang='lat' dir='ltr'>potentiam</span> <span class='ocrx_word' id='word_1_655' title='bbox 1349 1217 1532 1251; x_wconf 73' lang='lat' dir='ltr'>iustfficandi,</span> <span class='ocrx_word' id='word_1_656' title='bbox 1555 1217 1580 1245; x_wconf 95' lang='lat' dir='ltr'>in</span> <span class='ocrx_word' id='word_1_657' title='bbox 1601 1220 1736 1254; x_wconf 89' lang='lat' dir='ltr'>quantum</span> <span class='ocrx_word' id='word_1_658' title='bbox 1753 1220 1794 1246; x_wconf 82' lang='lat' dir='ltr'>est</span> <span class='ocrx_word' id='word_1_659' title='bbox 1809 1218 1901 1254; x_wconf 83' lang='lat' dir='ltr'><em>passio</em></span> 
     </span>
     <span class='ocr_line' id='line_1_93' title="bbox 1054 1264 1900 1301; baseline 0 -8"><span class='ocrx_word' id='word_1_660' title='bbox 1054 1264 1221 1301; x_wconf 69' lang='lat' dir='ltr'><em>corporalis,</em></span> <span class='ocrx_word' id='word_1_661' title='bbox 1254 1264 1337 1293; x_wconf 89' lang='lat' dir='ltr'>hahet</span> <span class='ocrx_word' id='word_1_662' title='bbox 1369 1266 1477 1298; x_wconf 84' lang='lat' dir='ltr'>tamen,</span> <span class='ocrx_word' id='word_1_663' title='bbox 1507 1264 1532 1292; x_wconf 91' lang='lat' dir='ltr'>in</span> <span class='ocrx_word' id='word_1_664' title='bbox 1555 1267 1692 1301; x_wconf 89' lang='lat' dir='ltr'>quantum</span> <span class='ocrx_word' id='word_1_665' title='bbox 1714 1272 1730 1292; x_wconf 86' lang='lat' dir='ltr'>a</span> <span class='ocrx_word' id='word_1_666' title='bbox 1759 1264 1900 1293; x_wconf 84' lang='lat' dir='ltr'>voluntate</span> 
     </span>
     <span class='ocr_line' id='line_1_94' title="bbox 1053 1310 1899 1348; baseline 0 -9"><span class='ocrx_word' id='word_1_667' title='bbox 1053 1311 1157 1348; x_wconf 88' lang='lat' dir='ltr'>optima</span> <span class='ocrx_word' id='word_1_668' title='bbox 1188 1311 1356 1348; x_wconf 83' lang='lat' dir='ltr'><em>procedebat</em></span> <span class='ocrx_word' id='word_1_669' title='bbox 1377 1311 1437 1339; x_wconf 85' lang='lat' dir='ltr'>eius</span> <span class='ocrx_word' id='word_1_670' title='bbox 1459 1311 1621 1344; x_wconf 77' lang='lat' dir='ltr'>tolerantia,</span> <span class='ocrx_word' id='word_1_671' title='bbox 1643 1314 1670 1339; x_wconf 87' lang='lat' dir='ltr'>et</span> <span class='ocrx_word' id='word_1_672' title='bbox 1692 1310 1811 1339; x_wconf 82' lang='lat' dir='ltr'>habebat</span> <span class='ocrx_word' id='word_1_673' title='bbox 1840 1310 1899 1339; x_wconf 84' lang='lat' dir='ltr'>sieri</span> 
     </span>
     <span class='ocr_line' id='line_1_95' title="bbox 1054 1357 1903 1395; baseline -0.001 -9"><span class='ocrx_word' id='word_1_674' title='bbox 1054 1358 1127 1386; x_wconf 77' lang='lat' dir='ltr'>eirca</span> <span class='ocrx_word' id='word_1_675' title='bbox 1149 1365 1296 1395; x_wconf 85' lang='lat' dir='ltr'><em>personam</em></span> <span class='ocrx_word' id='word_1_676' title='bbox 1319 1358 1526 1394; x_wconf 82' lang='lat' dir='ltr'><em>dignissimam,</em></span> <span class='ocrx_word' id='word_1_677' title='bbox 1548 1366 1620 1395; x_wconf 87' lang='lat' dir='ltr'>quae</span> <span class='ocrx_word' id='word_1_678' title='bbox 1641 1361 1683 1386; x_wconf 87' lang='lat' dir='ltr'>est</span> <span class='ocrx_word' id='word_1_679' title='bbox 1707 1357 1798 1386; x_wconf 88' lang='lat' dir='ltr'><em>omnis</em></span> <span class='ocrx_word' id='word_1_680' title='bbox 1827 1357 1903 1386; x_wconf 89' lang='lat' dir='ltr'>iusti-</span> 
     </span>
     <span class='ocr_line' id='line_1_96' title="bbox 1055 1404 1679 1441; baseline -0.002 -8"><span class='ocrx_word' id='word_1_681' title='bbox 1055 1405 1107 1434; x_wconf 90' lang='lat' dir='ltr'>tiae</span> <span class='ocrx_word' id='word_1_682' title='bbox 1128 1408 1155 1433; x_wconf 88' lang='lat' dir='ltr'>et</span> <span class='ocrx_word' id='word_1_683' title='bbox 1177 1404 1329 1433; x_wconf 79' lang='lat' dir='ltr'>sanctitatis</span> <span class='ocrx_word' id='word_1_684' title='bbox 1350 1404 1517 1441; x_wconf 88' lang='lat' dir='ltr'>principium</span> <span class='ocrx_word' id='word_1_685' title='bbox 1540 1408 1567 1433; x_wconf 93' lang='lat' dir='ltr'>et</span> <span class='ocrx_word' id='word_1_686' title='bbox 1587 1412 1679 1433; x_wconf 81' lang='lat' dir='ltr'><em>causa.</em></span> 
     </span>
    </p>

    <p class='ocr_par' dir='ltr' id='par_1_25' title="bbox 1052 1451 1902 2136">
     <span class='ocr_line' id='line_1_97' title="bbox 1133 1451 1902 1488; baseline 0.003 -9"><span class='ocrx_word' id='word_1_687' title='bbox 1133 1453 1159 1479; x_wconf 91' lang='lat'><em>5.</em></span> <span class='ocrx_word' id='word_1_688' title='bbox 1181 1452 1218 1480; x_wconf 72' lang='lat' dir='ltr'>Ad</span> <span class='ocrx_word' id='word_1_689' title='bbox 1243 1451 1311 1480; x_wconf 90' lang='lat' dir='ltr'>illud</span> <span class='ocrx_word' id='word_1_690' title='bbox 1333 1451 1407 1488; x_wconf 87' lang='lat' dir='ltr'>quod</span> <span class='ocrx_word' id='word_1_691' title='bbox 1430 1451 1576 1485; x_wconf 82' lang='lat' dir='ltr'>obiicitur,</span> <span class='ocrx_word' id='word_1_692' title='bbox 1598 1452 1672 1488; x_wconf 89' lang='lat' dir='ltr'>quod</span> <span class='ocrx_word' id='word_1_693' title='bbox 1690 1451 1842 1480; x_wconf 82' lang='lat' dir='ltr'>iustificans</span> <span class='ocrx_word' id='word_1_694' title='bbox 1857 1452 1902 1481; x_wconf 87' lang='lat' dir='ltr'>de-</span> 
     </span>
     <span class='ocr_line' id='line_1_98' title="bbox 1054 1498 1901 1536; baseline 0 -8"><span class='ocrx_word' id='word_1_695' title='bbox 1054 1499 1100 1528; x_wconf 88' lang='lat' dir='ltr'>bet</span> <span class='ocrx_word' id='word_1_696' title='bbox 1121 1507 1181 1528; x_wconf 88' lang='lat' dir='ltr'><em>esse</em></span> <span class='ocrx_word' id='word_1_697' title='bbox 1213 1499 1390 1527; x_wconf 85' lang='lat' dir='ltr'>coniunctum</span> <span class='ocrx_word' id='word_1_698' title='bbox 1425 1498 1610 1533; x_wconf 71' lang='lat' dir='ltr'>iustificato⁸3</span> <span class='ocrx_word' id='word_1_699' title='bbox 1632 1498 1798 1534; x_wconf 77' lang='lat' dir='ltr'>dicendum,</span> <span class='ocrx_word' id='word_1_700' title='bbox 1826 1499 1901 1536; x_wconf 92' lang='lat' dir='ltr'>quod</span> 
     </span>
     <span class='ocr_line' id='line_1_99' title="bbox 1054 1545 1900 1583; baseline 0.001 -9"><span class='ocrx_word' id='word_1_701' title='bbox 1054 1545 1159 1583; x_wconf 83' lang='lat' dir='ltr'>aliquid</span> <span class='ocrx_word' id='word_1_702' title='bbox 1181 1545 1322 1582; x_wconf 74' lang='lat' dir='ltr'>conimzyi</span> <span class='ocrx_word' id='word_1_703' title='bbox 1342 1545 1397 1573; x_wconf 84' lang='lat' dir='ltr'>atii</span> <span class='ocrx_word' id='word_1_704' title='bbox 1417 1548 1507 1581; x_wconf 83' lang='lat' dir='ltr'>potest</span> <span class='ocrx_word' id='word_1_705' title='bbox 1527 1545 1690 1582; x_wconf 88' lang='lat' dir='ltr'>dupliciter,</span> <span class='ocrx_word' id='word_1_706' title='bbox 1707 1545 1835 1575; x_wconf 79' lang='lat' dir='ltr'>videlicet</span> <span class='ocrx_word' id='word_1_707' title='bbox 1850 1554 1900 1583; x_wconf 87' lang='lat' dir='ltr'>per</span> 
     </span>
     <span class='ocr_line' id='line_1_100' title="bbox 1053 1591 1900 1629; baseline 0.001 -9"><span class='ocrx_word' id='word_1_708' title='bbox 1053 1592 1249 1620; x_wconf 76' lang='lat' dir='ltr'>substantiam</span> <span class='ocrx_word' id='word_1_709' title='bbox 1271 1595 1299 1620; x_wconf 92' lang='lat' dir='ltr'>et</span> <span class='ocrx_word' id='word_1_710' title='bbox 1320 1599 1369 1628; x_wconf 90' lang='lat' dir='ltr'>per</span> <span class='ocrx_word' id='word_1_711' title='bbox 1390 1591 1528 1629; x_wconf 75' lang='lat' dir='ltr'>clfcctum.</span> <span class='ocrx_word' id='word_1_712' title='bbox 1551 1592 1685 1628; x_wconf 85' lang='lat' dir='ltr'>Quamvis</span> <span class='ocrx_word' id='word_1_713' title='bbox 1698 1596 1792 1621; x_wconf 87' lang='lat' dir='ltr'>autem</span> <span class='ocrx_word' id='word_1_714' title='bbox 1808 1593 1900 1629; x_wconf 87' lang='lat' dir='ltr'><em>passio</em></span> 
     </span>
     <span class='ocr_line' id='line_1_101' title="bbox 1054 1638 1901 1676; baseline 0.001 -9"><span class='ocrx_word' id='word_1_715' title='bbox 1054 1639 1155 1667; x_wconf 84' lang='lat' dir='ltr'>Christi</span> <span class='ocrx_word' id='word_1_716' title='bbox 1172 1639 1250 1668; x_wconf 91' lang='lat' dir='ltr'><em>nohis</em></span> <span class='ocrx_word' id='word_1_717' title='bbox 1264 1647 1318 1667; x_wconf 88' lang='lat' dir='ltr'>non</span> <span class='ocrx_word' id='word_1_718' title='bbox 1334 1639 1519 1676; x_wconf 78' lang='lat' dir='ltr'>coniungatur</span> <span class='ocrx_word' id='word_1_719' title='bbox 1541 1647 1591 1676; x_wconf 91' lang='lat' dir='ltr'>per</span> <span class='ocrx_word' id='word_1_720' title='bbox 1610 1638 1824 1673; x_wconf 78' lang='lat' dir='ltr'>substantiam,</span> <span class='ocrx_word' id='word_1_721' title='bbox 1840 1648 1901 1669; x_wconf 86' lang='lat' dir='ltr'><em>con-</em></span> 
     </span>
     <span class='ocr_line' id='line_1_102' title="bbox 1056 1686 1901 1724; baseline 0.001 -10"><span class='ocrx_word' id='word_1_722' title='bbox 1056 1686 1130 1723; x_wconf 83' lang='lat' dir='ltr'>iungi</span> <span class='ocrx_word' id='word_1_723' title='bbox 1160 1689 1251 1715; x_wconf 85' lang='lat' dir='ltr'>tamen</span> <span class='ocrx_word' id='word_1_724' title='bbox 1280 1689 1370 1723; x_wconf 87' lang='lat' dir='ltr'>polest</span> <span class='ocrx_word' id='word_1_725' title='bbox 1395 1694 1446 1723; x_wconf 91' lang='lat' dir='ltr'>per</span> <span class='ocrx_word' id='word_1_726' title='bbox 1473 1686 1644 1724; x_wconf 77' lang='lat' dir='ltr'><em>efficaciam.</em></span> <span class='ocrx_word' id='word_1_727' title='bbox 1675 1687 1754 1715; x_wconf 78' lang='lat' dir='ltr'>Etsi</span> <span class='ocrx_word' id='word_1_728' title='bbox 1774 1691 1805 1716; x_wconf 77' lang='lat' dir='ltr'>tu</span> <span class='ocrx_word' id='word_1_729' title='bbox 1833 1687 1901 1715; x_wconf 78' lang='lat' dir='ltr'>obii-</span> 
     </span>
     <span class='ocr_line' id='line_1_103' title="bbox 1054 1732 1899 1771; baseline 0.001 -10"><span class='ocrx_word' id='word_1_730' title='bbox 1054 1733 1134 1766; x_wconf 61' lang='grc' dir='ltr'>σίας,</span> <span class='ocrx_word' id='word_1_731' title='bbox 1162 1733 1237 1770; x_wconf 89' lang='lat' dir='ltr'>quod</span> <span class='ocrx_word' id='word_1_732' title='bbox 1260 1740 1313 1761; x_wconf 91' lang='lat' dir='ltr'>non</span> <span class='ocrx_word' id='word_1_733' title='bbox 1336 1732 1462 1767; x_wconf 89' lang='lat' dir='ltr'>videtur,</span> <span class='ocrx_word' id='word_1_734' title='bbox 1483 1733 1557 1770; x_wconf 88' lang='lat' dir='ltr'>quod</span> <span class='ocrx_word' id='word_1_735' title='bbox 1580 1733 1666 1770; x_wconf 86' lang='lat' dir='ltr'><em>possit</em></span> <span class='ocrx_word' id='word_1_736' title='bbox 1690 1734 1819 1771; x_wconf 79' lang='lat' dir='ltr'>coniungi</span> <span class='ocrx_word' id='word_1_737' title='bbox 1848 1742 1899 1771; x_wconf 90' lang='lat' dir='ltr'>per</span> 
     </span>
     <span class='ocr_line' id='line_1_104' title="bbox 1054 1780 1899 1818; baseline 0.002 -10"><span class='ocrx_word' id='word_1_738' title='bbox 1054 1780 1232 1818; x_wconf 72' lang='lat' dir='ltr'>efficaciam,</span> <span class='ocrx_word' id='word_1_739' title='bbox 1255 1780 1306 1808; x_wconf 91' lang='lat' dir='ltr'>nisi</span> <span class='ocrx_word' id='word_1_740' title='bbox 1327 1780 1421 1817; x_wconf 85' lang='lat' dir='ltr'>aliquo</span> <span class='ocrx_word' id='word_1_741' title='bbox 1453 1780 1535 1809; x_wconf 88' lang='lat' dir='ltr'><em>modo</em></span> <span class='ocrx_word' id='word_1_742' title='bbox 1556 1781 1742 1818; x_wconf 81' lang='lat' dir='ltr'>coniungatur</span> <span class='ocrx_word' id='word_1_743' title='bbox 1765 1790 1814 1818; x_wconf 92' lang='lat' dir='ltr'>per</span> <span class='ocrx_word' id='word_1_744' title='bbox 1835 1781 1899 1810; x_wconf 75' lang='lat' dir='ltr'>sub-</span> 
     </span>
     <span class='ocr_line' id='line_1_105' title="bbox 1054 1827 1900 1864; baseline 0.004 -9"><span class='ocrx_word' id='word_1_745' title='bbox 1054 1827 1218 1861; x_wconf 56' lang='lat' dir='ltr'>staminum</span> <span class='ocrx_word' id='word_1_746' title='bbox 1249 1827 1415 1862; x_wconf 84' lang='lat' dir='ltr'>dicendum,</span> <span class='ocrx_word' id='word_1_747' title='bbox 1447 1827 1521 1864; x_wconf 90' lang='lat' dir='ltr'>quod</span> <span class='ocrx_word' id='word_1_748' title='bbox 1544 1836 1598 1856; x_wconf 89' lang='lat' dir='ltr'>non</span> <span class='ocrx_word' id='word_1_749' title='bbox 1619 1832 1661 1857; x_wconf 92' lang='lat' dir='ltr'>est</span> <span class='ocrx_word' id='word_1_750' title='bbox 1682 1836 1810 1863; x_wconf 82' lang='lat' dir='ltr'><em>necesse,</em></span> <span class='ocrx_word' id='word_1_751' title='bbox 1838 1837 1900 1858; x_wconf 88' lang='lat' dir='ltr'>eam</span> 
     </span>
     <span class='ocr_line' id='line_1_106' title="bbox 1054 1873 1901 1913; baseline 0.002 -11"><span class='ocrx_word' id='word_1_752' title='bbox 1054 1873 1183 1911; x_wconf 83' lang='lat' dir='ltr'>coniungi</span> <span class='ocrx_word' id='word_1_753' title='bbox 1206 1881 1255 1911; x_wconf 92' lang='lat' dir='ltr'>per</span> <span class='ocrx_word' id='word_1_754' title='bbox 1270 1873 1484 1908; x_wconf 77' lang='lat' dir='ltr'>substantiam,</span> <span class='ocrx_word' id='word_1_755' title='bbox 1500 1874 1549 1903; x_wconf 89' lang='lat' dir='ltr'>sed</span> <span class='ocrx_word' id='word_1_756' title='bbox 1565 1874 1683 1909; x_wconf 83' lang='lat' dir='ltr'>sufficit,</span> <span class='ocrx_word' id='word_1_757' title='bbox 1698 1876 1771 1913; x_wconf 89' lang='lat' dir='ltr'>quod</span> <span class='ocrx_word' id='word_1_758' title='bbox 1789 1876 1901 1905; x_wconf 86' lang='lat' dir='ltr'>coniun—</span> 
     </span>
     <span class='ocr_line' id='line_1_107' title="bbox 1055 1920 1900 1960; baseline 0.004 -11"><span class='ocrx_word' id='word_1_759' title='bbox 1055 1923 1137 1957; x_wconf 84' lang='lat' dir='ltr'>gatur</span> <span class='ocrx_word' id='word_1_760' title='bbox 1157 1921 1297 1949; x_wconf 82' lang='lat' dir='ltr'>mediante</span> <span class='ocrx_word' id='word_1_761' title='bbox 1316 1920 1373 1957; x_wconf 78' lang='lat' dir='ltr'>ficte</span> <span class='ocrx_word' id='word_1_762' title='bbox 1387 1928 1438 1958; x_wconf 91' lang='lat' dir='ltr'>per</span> <span class='ocrx_word' id='word_1_763' title='bbox 1453 1921 1638 1950; x_wconf 88' lang='lat' dir='ltr'>dilectionem.</span> <span class='ocrx_word' id='word_1_764' title='bbox 1656 1922 1686 1950; x_wconf 87' lang='lat' dir='ltr'>Et</span> <span class='ocrx_word' id='word_1_765' title='bbox 1702 1922 1753 1951; x_wconf 86' lang='lat' dir='ltr'>hoc</span> <span class='ocrx_word' id='word_1_766' title='bbox 1768 1925 1809 1951; x_wconf 85' lang='lat' dir='ltr'>est</span> <span class='ocrx_word' id='word_1_767' title='bbox 1825 1923 1900 1960; x_wconf 88' lang='lat' dir='ltr'>quod</span> 
     </span>
     <span class='ocr_line' id='line_1_108' title="bbox 1055 1967 1900 2005; baseline 0.004 -9"><span class='ocrx_word' id='word_1_768' title='bbox 1055 1967 1157 1996; x_wconf 75' lang='lat' dir='ltr'>dIcitur</span> <span class='ocrx_word' id='word_1_769' title='bbox 1178 1967 1213 1996; x_wconf 87' lang='lat' dir='ltr'>ad</span> <span class='ocrx_word' id='word_1_770' title='bbox 1236 1968 1372 1996; x_wconf 78' lang='lat' dir='ltr'><em>Romanos</em></span> <span class='ocrx_word' id='word_1_771' title='bbox 1388 1967 1502 1997; x_wconf 79' lang='lat' dir='ltr'>tertio⁰z</span> <span class='ocrx_word' id='word_1_772' title='bbox 1526 1968 1614 2004; x_wconf 77' lang='lat' dir='ltr'>Quem</span> <span class='ocrx_word' id='word_1_773' title='bbox 1634 1969 1807 2005; x_wconf 77' lang='lat' dir='ltr'>praeposuit</span> <span class='ocrx_word' id='word_1_774' title='bbox 1823 1969 1900 1998; x_wconf 77' lang='lat' dir='ltr'>Deus</span> 
     </span>
     <span class='ocr_line' id='line_1_109' title="bbox 1052 2014 1899 2052; baseline 0.004 -10"><span class='ocrx_word' id='word_1_775' title='bbox 1052 2014 1276 2051; x_wconf 77' lang='lat' dir='ltr'>propitiatorem</span> <span class='ocrx_word' id='word_1_776' title='bbox 1294 2023 1348 2051; x_wconf 84' lang='lat' dir='ltr'>per</span> <span class='ocrx_word' id='word_1_777' title='bbox 1368 2014 1454 2051; x_wconf 79' lang='lat' dir='ltr'>sidem</span> <span class='ocrx_word' id='word_1_778' title='bbox 1470 2014 1501 2042; x_wconf 81' lang='lat' dir='ltr'>in</span> <span class='ocrx_word' id='word_1_779' title='bbox 1514 2015 1661 2052; x_wconf 68' lang='lat' dir='ltr'>scmyuz&#39;ne</span> <span class='ocrx_word' id='word_1_780' title='bbox 1681 2016 1761 2049; x_wconf 79' lang='lat' dir='ltr'>eius;</span> <span class='ocrx_word' id='word_1_781' title='bbox 1789 2016 1899 2045; x_wconf 82' lang='lat' dir='ltr'><em>Glossa:</em></span> 
     </span>
     <span class='ocr_line' id='line_1_110' title="bbox 1060 2061 1900 2101; baseline 0.005 -13"><span class='ocrx_word' id='word_1_782' title='bbox 1060 2061 1180 2089; x_wconf 81' lang='lat' dir='ltr'>«Fidem</span> <span class='ocrx_word' id='word_1_783' title='bbox 1202 2064 1229 2089; x_wconf 89' lang='lat' dir='ltr'>et</span> <span class='ocrx_word' id='word_1_784' title='bbox 1251 2062 1406 2098; x_wconf 82' lang='lat' dir='ltr'><em>passionem</em></span> <span class='ocrx_word' id='word_1_785' title='bbox 1439 2062 1522 2090; x_wconf 89' lang='lat' dir='ltr'>simul</span> <span class='ocrx_word' id='word_1_786' title='bbox 1551 2062 1658 2099; x_wconf 82' lang='lat' dir='ltr'>iungit,</span> <span class='ocrx_word' id='word_1_787' title='bbox 1680 2063 1746 2101; x_wconf 87' lang='lat' dir='ltr'>quia</span> <span class='ocrx_word' id='word_1_788' title='bbox 1768 2066 1900 2092; x_wconf 86' lang='lat' dir='ltr'>neutrum</span> 
     </span>
     <span class='ocr_line' id='line_1_111' title="bbox 1055 2107 1356 2136; baseline -0.003 0"><span class='ocrx_word' id='word_1_789' title='bbox 1055 2107 1113 2136; x_wconf 87' lang='lat' dir='ltr'><em>sine</em></span> <span class='ocrx_word' id='word_1_790' title='bbox 1134 2107 1222 2136; x_wconf 88' lang='lat' dir='ltr'>altero</span> <span class='ocrx_word' id='word_1_791' title='bbox 1243 2107 1356 2136; x_wconf 81' lang='lat' dir='ltr'>valet».</span> 
     </span>
    </p>

    <p class='ocr_par' dir='ltr' id='par_1_26' title="bbox 1055 2154 1901 2239">
     <span class='ocr_line' id='line_1_112' title="bbox 1134 2154 1901 2193; baseline 0.004 -11"><span class='ocrx_word' id='word_1_792' title='bbox 1134 2155 1160 2182; x_wconf 86' lang='grc'>6.</span> <span class='ocrx_word' id='word_1_793' title='bbox 1176 2154 1213 2183; x_wconf 77' lang='lat' dir='ltr'>Ad</span> <span class='ocrx_word' id='word_1_794' title='bbox 1226 2154 1295 2183; x_wconf 91' lang='lat' dir='ltr'>illud</span> <span class='ocrx_word' id='word_1_795' title='bbox 1311 2154 1386 2191; x_wconf 88' lang='lat' dir='ltr'>quod</span> <span class='ocrx_word' id='word_1_796' title='bbox 1402 2155 1557 2192; x_wconf 82' lang='lat' dir='ltr'>quaeritur,</span> <span class='ocrx_word' id='word_1_797' title='bbox 1573 2155 1599 2183; x_wconf 93' lang='lat' dir='ltr'>in</span> <span class='ocrx_word' id='word_1_798' title='bbox 1615 2164 1670 2193; x_wconf 88' lang='lat' dir='ltr'>quo</span> <span class='ocrx_word' id='word_1_799' title='bbox 1686 2163 1786 2193; x_wconf 87' lang='lat' dir='ltr'>genere</span> <span class='ocrx_word' id='word_1_800' title='bbox 1800 2164 1901 2185; x_wconf 81' lang='lat' dir='ltr'>causae</span> 
     </span>
     <span class='ocr_line' id='line_1_113' title="bbox 1055 2198 1901 2239; baseline 0.004 -10"><span class='ocrx_word' id='word_1_801' title='bbox 1055 2201 1147 2238; x_wconf 86' lang='lat' dir='ltr'><em>passio</em></span> <span class='ocrx_word' id='word_1_802' title='bbox 1168 2201 1268 2230; x_wconf 88' lang='lat' dir='ltr'>Christi</span> <span class='ocrx_word' id='word_1_803' title='bbox 1292 2202 1326 2230; x_wconf 89' lang='lat' dir='ltr'>sit</span> <span class='ocrx_word' id='word_1_804' title='bbox 1354 2198 1523 2239; x_wconf 88' lang='lat' dir='ltr'>principium</span> <span class='ocrx_word' id='word_1_805' title='bbox 1546 2206 1656 2231; x_wconf 84' lang='lat' dir='ltr'>nostrae</span> <span class='ocrx_word' id='word_1_806' title='bbox 1678 2203 1901 2238; x_wconf 76' lang='lat' dir='ltr'>iustilicationis3</span> 
     </span>
    </p>
   </div>
   <div class='ocr_carea' id='block_1_17' title="bbox 1056 2406 1902 2902">
    <p class='ocr_par' dir='ltr' id='par_1_27' title="bbox 1057 2406 1901 2468">
     <span class='ocr_line' id='line_1_114' title="bbox 1118 2406 1901 2436; baseline 0.001 -7"><span class='ocrx_word' id='word_1_807' title='bbox 1118 2406 1128 2421; x_wconf 85' lang='lat'><strong>⁴</strong></span> <span class='ocrx_word' id='word_1_808' title='bbox 1146 2407 1210 2429; x_wconf 84' lang='lat' dir='ltr'><em>Vers.</em></span> <span class='ocrx_word' id='word_1_809' title='bbox 1229 2406 1249 2429; x_wconf 71' lang='lat'><em>4.</em></span> <span class='ocrx_word' id='word_1_810' title='bbox 1268 2419 1297 2422; x_wconf 86' lang='lat'>—</span> <span class='ocrx_word' id='word_1_811' title='bbox 1315 2407 1384 2429; x_wconf 84' lang='lat' dir='ltr'>Paulo</span> <span class='ocrx_word' id='word_1_812' title='bbox 1409 2407 1502 2429; x_wconf 81' lang='lat' dir='ltr'>interius</span> <span class='ocrx_word' id='word_1_813' title='bbox 1527 2408 1578 2429; x_wconf 76' lang='lat' dir='ltr'><em>voci</em></span> <span class='ocrx_word' id='word_1_814' title='bbox 1603 2406 1682 2436; x_wconf 81' lang='lat' dir='ltr'><em>passio</em></span> <span class='ocrx_word' id='word_1_815' title='bbox 1708 2407 1758 2429; x_wconf 87' lang='lat' dir='ltr'><em>cod.</em></span> <span class='ocrx_word' id='word_1_816' title='bbox 1782 2408 1798 2429; x_wconf 86' lang='lat' dir='ltr'>N</span> <span class='ocrx_word' id='word_1_817' title='bbox 1817 2407 1901 2430; x_wconf 78' lang='lat' dir='ltr'>adtexit</span> 
     </span>
     <span class='ocr_line' id='line_1_115' title="bbox 1057 2445 1152 2468; baseline 0 0"><span class='ocrx_word' id='word_1_818' title='bbox 1057 2445 1152 2468; x_wconf 77' lang='lat' dir='ltr'>Christi.</span> 
     </span>
    </p>

    <p class='ocr_par' dir='ltr' id='par_1_28' title="bbox 1056 2484 1902 2592">
     <span class='ocr_line' id='line_1_116' title="bbox 1118 2484 1902 2513; baseline 0.004 -7"><span class='ocrx_word' id='word_1_819' title='bbox 1118 2484 1128 2499; x_wconf 87' lang='lat'>⁵</span> <span class='ocrx_word' id='word_1_820' title='bbox 1144 2485 1219 2512; x_wconf 85' lang='lat' dir='ltr'>Super</span> <span class='ocrx_word' id='word_1_821' title='bbox 1236 2485 1302 2507; x_wconf 81' lang='lat' dir='ltr'><em>Rom.</em></span> <span class='ocrx_word' id='word_1_822' title='bbox 1320 2484 1346 2512; x_wconf 73' lang='lat'>4,</span> <span class='ocrx_word' id='word_1_823' title='bbox 1365 2484 1401 2506; x_wconf 75' lang='lat'><em>25.</em></span> <span class='ocrx_word' id='word_1_824' title='bbox 1419 2485 1505 2513; x_wconf 77' lang='lat' dir='ltr'><em>Glossa,</em></span> <span class='ocrx_word' id='word_1_825' title='bbox 1524 2491 1592 2513; x_wconf 85' lang='lat' dir='ltr'>quam</span> <span class='ocrx_word' id='word_1_826' title='bbox 1612 2486 1656 2507; x_wconf 82' lang='lat' dir='ltr'>iam</span> <span class='ocrx_word' id='word_1_827' title='bbox 1675 2485 1783 2508; x_wconf 78' lang='lat' dir='ltr'>ltabanus</span> <span class='ocrx_word' id='word_1_828' title='bbox 1801 2487 1822 2508; x_wconf 89' lang='lat' dir='ltr'>in</span> <span class='ocrx_word' id='word_1_829' title='bbox 1841 2487 1902 2509; x_wconf 83' lang='lat' dir='ltr'>nune</span> 
     </span>
     <span class='ocr_line' id='line_1_117' title="bbox 1057 2523 1899 2552; baseline 0.002 -6"><span class='ocrx_word' id='word_1_830' title='bbox 1057 2525 1098 2547; x_wconf 89' lang='lat' dir='ltr'><em>loc.</em></span> <span class='ocrx_word' id='word_1_831' title='bbox 1116 2524 1191 2552; x_wconf 79' lang='lat' dir='ltr'>affert,</span> <span class='ocrx_word' id='word_1_832' title='bbox 1209 2523 1306 2546; x_wconf 85' lang='lat' dir='ltr'>habetur</span> <span class='ocrx_word' id='word_1_833' title='bbox 1324 2526 1348 2546; x_wconf 95' lang='lat' dir='ltr'>ut</span> <span class='ocrx_word' id='word_1_834' title='bbox 1364 2523 1489 2546; x_wconf 83' lang='lat' dir='ltr'>ordinaria</span> <span class='ocrx_word' id='word_1_835' title='bbox 1506 2524 1569 2552; x_wconf 86' lang='lat' dir='ltr'>apud</span> <span class='ocrx_word' id='word_1_836' title='bbox 1586 2524 1693 2547; x_wconf 79' lang='lat' dir='ltr'>Strabum</span> <span class='ocrx_word' id='word_1_837' title='bbox 1711 2528 1734 2547; x_wconf 74' lang='lat' dir='ltr'>ot</span> <span class='ocrx_word' id='word_1_838' title='bbox 1751 2525 1847 2548; x_wconf 80' lang='lat' dir='ltr'>formata</span> <span class='ocrx_word' id='word_1_839' title='bbox 1865 2529 1899 2548; x_wconf 87' lang='lat' dir='ltr'>est</span> 
     </span>
     <span class='ocr_line' id='line_1_118' title="bbox 1056 2563 1851 2592; baseline 0.001 -7"><span class='ocrx_word' id='word_1_840' title='bbox 1056 2570 1083 2585; x_wconf 80' lang='lat' dir='ltr'>ex</span> <span class='ocrx_word' id='word_1_841' title='bbox 1100 2563 1178 2585; x_wconf 84' lang='lat' dir='ltr'>verbis</span> <span class='ocrx_word' id='word_1_842' title='bbox 1195 2563 1298 2591; x_wconf 56' lang='lat' dir='ltr'>August„</span> <span class='ocrx_word' id='word_1_843' title='bbox 1316 2563 1389 2585; x_wconf 85' lang='lat' dir='ltr'>Serm.</span> <span class='ocrx_word' id='word_1_844' title='bbox 1407 2563 1460 2585; x_wconf 77' lang='lat'><em>236.</em></span> <span class='ocrx_word' id='word_1_845' title='bbox 1478 2563 1542 2591; x_wconf 78' lang='lat' dir='ltr'>(alias</span> <span class='ocrx_word' id='word_1_846' title='bbox 1560 2564 1596 2585; x_wconf 81' lang='lat'><em>88.</em></span> <span class='ocrx_word' id='word_1_847' title='bbox 1615 2563 1643 2586; x_wconf 86' lang='lat' dir='ltr'>de</span> <span class='ocrx_word' id='word_1_848' title='bbox 1662 2564 1772 2592; x_wconf 87' lang='lat' dir='ltr'><em>Diversis)</em></span> <span class='ocrx_word' id='word_1_849' title='bbox 1790 2571 1812 2586; x_wconf 95' lang='lat' dir='ltr'>n.</span> <span class='ocrx_word' id='word_1_850' title='bbox 1832 2565 1851 2587; x_wconf 83' lang='lat' dir='ltr'><em>l.</em></span> 
     </span>
    </p>

    <p class='ocr_par' dir='ltr' id='par_1_29' title="bbox 1119 2596 1851 2632">
     <span class='ocr_line' id='line_1_119' title="bbox 1119 2596 1851 2632; baseline 0.003 -8"><span class='ocrx_word' id='word_1_851' title='bbox 1119 2602 1128 2617; x_wconf 70' lang='grc' dir='ltr'><strong><em>ὃ</em></strong></span> <span class='ocrx_word' id='word_1_852' title='bbox 1145 2601 1200 2625; x_wconf 89' lang='lat' dir='ltr'><em>Cod.</em></span> <span class='ocrx_word' id='word_1_853' title='bbox 1219 2602 1240 2624; x_wconf 80' lang='lat' dir='ltr'>x</span> <span class='ocrx_word' id='word_1_854' title='bbox 1257 2596 1321 2632; x_wconf 71' lang='lat' dir='ltr'>quod</span> <span class='ocrx_word' id='word_1_855' title='bbox 1336 2601 1470 2632; x_wconf 74' lang='lat' dir='ltr'>iustificatio</span> <span class='ocrx_word' id='word_1_856' title='bbox 1484 2608 1529 2631; x_wconf 84' lang='lat' dir='ltr'>per</span> <span class='ocrx_word' id='word_1_857' title='bbox 1544 2602 1649 2632; x_wconf 68' lang='lat' dir='ltr'>qratiam</span> <span class='ocrx_word' id='word_1_858' title='bbox 1666 2602 1735 2626; x_wconf 73' lang='lat' dir='ltr'>habet</span> <span class='ocrx_word' id='word_1_859' title='bbox 1751 2602 1851 2632; x_wconf 74' lang='lat' dir='ltr'>infundi.</span> 
     </span>
    </p>

    <p class='ocr_par' dir='ltr' id='par_1_30' title="bbox 1058 2640 1901 2708">
     <span class='ocr_line' id='line_1_120' title="bbox 1119 2640 1901 2669; baseline 0.001 -6"><span class='ocrx_word' id='word_1_860' title='bbox 1119 2641 1129 2655; x_wconf 96' lang='lat'><strong>⁷</strong></span> <span class='ocrx_word' id='word_1_861' title='bbox 1146 2640 1190 2663; x_wconf 80' lang='lat' dir='ltr'>Csr.</span> <span class='ocrx_word' id='word_1_862' title='bbox 1208 2640 1278 2663; x_wconf 87' lang='lat' dir='ltr'>verba</span> <span class='ocrx_word' id='word_1_863' title='bbox 1296 2642 1404 2668; x_wconf 54' lang='lat' dir='ltr'>August„</span> <span class='ocrx_word' id='word_1_864' title='bbox 1421 2647 1491 2668; x_wconf 83' lang='lat' dir='ltr'>supra</span> <span class='ocrx_word' id='word_1_865' title='bbox 1513 2647 1566 2669; x_wconf 78' lang='lat' dir='ltr'><em>pag.</em></span> <span class='ocrx_word' id='word_1_866' title='bbox 1590 2641 1647 2669; x_wconf 67' lang='lat'>223,</span> <span class='ocrx_word' id='word_1_867' title='bbox 1671 2645 1722 2664; x_wconf 87' lang='lat' dir='ltr'>nota</span> <span class='ocrx_word' id='word_1_868' title='bbox 1749 2643 1765 2664; x_wconf 94' lang='lat' dir='ltr'><em>l.</em></span> <span class='ocrx_word' id='word_1_869' title='bbox 1789 2642 1858 2664; x_wconf 80' lang='lat' dir='ltr'>relata</span> <span class='ocrx_word' id='word_1_870' title='bbox 1871 2655 1901 2658; x_wconf 97' lang='lat'><strong>—</strong></span> 
     </span>
     <span class='ocr_line' id='line_1_121' title="bbox 1058 2678 1323 2708; baseline 0 -7"><span class='ocrx_word' id='word_1_871' title='bbox 1058 2679 1100 2701; x_wconf 74' lang='lat' dir='ltr'>Pro</span> <span class='ocrx_word' id='word_1_872' title='bbox 1118 2678 1192 2708; x_wconf 79' lang='lat' dir='ltr'><em>ipsius</em></span> <span class='ocrx_word' id='word_1_873' title='bbox 1208 2679 1261 2701; x_wconf 77' lang='lat' dir='ltr'><em>edd.</em></span> <span class='ocrx_word' id='word_1_874' title='bbox 1278 2678 1323 2701; x_wconf 80' lang='lat' dir='ltr'><em>sui.</em></span> 
     </span>
    </p>

    <p class='ocr_par' dir='ltr' id='par_1_31' title="bbox 1119 2717 1485 2748">
     <span class='ocr_line' id='line_1_122' title="bbox 1119 2717 1485 2748; baseline 0.003 -8"><span class='ocrx_word' id='word_1_875' title='bbox 1119 2717 1129 2732; x_wconf 75' lang='lat'>²³</span> <span class='ocrx_word' id='word_1_876' title='bbox 1145 2717 1200 2740; x_wconf 89' lang='lat' dir='ltr'><em>Cod.</em></span> <span class='ocrx_word' id='word_1_877' title='bbox 1219 2718 1236 2739; x_wconf 76' lang='grc' dir='ltr'>Α</span> <span class='ocrx_word' id='word_1_878' title='bbox 1253 2717 1312 2740; x_wconf 84' lang='lat' dir='ltr'>bene</span> <span class='ocrx_word' id='word_1_879' title='bbox 1329 2717 1485 2748; x_wconf 80' lang='lat' dir='ltr'>iustificando.</span> 
     </span>
    </p>

    <p class='ocr_par' dir='ltr' id='par_1_32' title="bbox 1057 2756 1902 2902">
     <span class='ocr_line' id='line_1_123' title="bbox 1119 2756 1900 2787; baseline 0.005 -9"><span class='ocrx_word' id='word_1_880' title='bbox 1119 2756 1129 2771; x_wconf 77' lang='lat'><strong>⁹</strong></span> <span class='ocrx_word' id='word_1_881' title='bbox 1147 2757 1210 2779; x_wconf 85' lang='lat' dir='ltr'><em>Vers.</em></span> <span class='ocrx_word' id='word_1_882' title='bbox 1229 2756 1269 2785; x_wconf 70' lang='lat'>25,</span> <span class='ocrx_word' id='word_1_883' title='bbox 1288 2756 1327 2779; x_wconf 89' lang='lat' dir='ltr'>ubi</span> <span class='ocrx_word' id='word_1_884' title='bbox 1350 2757 1448 2785; x_wconf 83' lang='lat' dir='ltr'>Vulgata</span> <span class='ocrx_word' id='word_1_885' title='bbox 1471 2763 1531 2780; x_wconf 87' lang='lat' dir='ltr'>nunc</span> <span class='ocrx_word' id='word_1_886' title='bbox 1548 2764 1590 2785; x_wconf 89' lang='lat' dir='ltr'>pro</span> <span class='ocrx_word' id='word_1_887' title='bbox 1606 2757 1786 2787; x_wconf 76' lang='lat' dir='ltr'>propitiatorem</span> <span class='ocrx_word' id='word_1_888' title='bbox 1804 2759 1845 2787; x_wconf 82' lang='lat' dir='ltr'><em>(sic</em></span> <span class='ocrx_word' id='word_1_889' title='bbox 1862 2759 1900 2783; x_wconf 85' lang='lat' dir='ltr'>ed.</span> 
     </span>
     <span class='ocr_line' id='line_1_124' title="bbox 1059 2796 1899 2827; baseline 0.005 -10"><span class='ocrx_word' id='word_1_890' title='bbox 1059 2796 1125 2824; x_wconf 83' lang='lat' dir='ltr'>Vulg.</span> <span class='ocrx_word' id='word_1_891' title='bbox 1143 2802 1178 2818; x_wconf 87' lang='lat' dir='ltr'>an.</span> <span class='ocrx_word' id='word_1_892' title='bbox 1200 2796 1257 2818; x_wconf 82' lang='grc'>1590</span> <span class='ocrx_word' id='word_1_893' title='bbox 1279 2798 1301 2818; x_wconf 86' lang='lat' dir='ltr'>et</span> <span class='ocrx_word' id='word_1_894' title='bbox 1319 2796 1374 2818; x_wconf 80' lang='lat' dir='ltr'>Petr.</span> <span class='ocrx_word' id='word_1_895' title='bbox 1393 2796 1515 2818; x_wconf 84' lang='lat' dir='ltr'>Lombard.</span> <span class='ocrx_word' id='word_1_896' title='bbox 1534 2799 1579 2818; x_wconf 78' lang='lat' dir='ltr'>tam</span> <span class='ocrx_word' id='word_1_897' title='bbox 1597 2798 1633 2819; x_wconf 88' lang='lat' dir='ltr'>hic</span> <span class='ocrx_word' id='word_1_898' title='bbox 1650 2798 1671 2819; x_wconf 95' lang='lat' dir='ltr'>in</span> <span class='ocrx_word' id='word_1_899' title='bbox 1690 2798 1720 2819; x_wconf 89' lang='lat' dir='ltr'>lit.</span> <span class='ocrx_word' id='word_1_900' title='bbox 1745 2804 1765 2820; x_wconf 89' lang='lat' dir='ltr'>c.</span> <span class='ocrx_word' id='word_1_901' title='bbox 1787 2799 1804 2826; x_wconf 87' lang='lat' dir='ltr'>l,</span> <span class='ocrx_word' id='word_1_902' title='bbox 1829 2805 1899 2827; x_wconf 81' lang='lat' dir='ltr'>quam</span> 
     </span>
     <span class='ocr_line' id='line_1_125' title="bbox 1057 2834 1899 2866; baseline 0.006 -11"><span class='ocrx_word' id='word_1_903' title='bbox 1057 2835 1079 2856; x_wconf 82' lang='lat' dir='ltr'>in</span> <span class='ocrx_word' id='word_1_904' title='bbox 1097 2834 1223 2856; x_wconf 86' lang='lat' dir='ltr'>Comment.</span> <span class='ocrx_word' id='word_1_905' title='bbox 1235 2840 1305 2862; x_wconf 88' lang='lat' dir='ltr'>super</span> <span class='ocrx_word' id='word_1_906' title='bbox 1317 2835 1378 2856; x_wconf 87' lang='lat' dir='ltr'>hunc</span> <span class='ocrx_word' id='word_1_907' title='bbox 1390 2835 1441 2862; x_wconf 82' lang='lat' dir='ltr'><em>loc.)</em></span> <span class='ocrx_word' id='word_1_908' title='bbox 1458 2834 1549 2857; x_wconf 82' lang='lat' dir='ltr'>exhibet</span> <span class='ocrx_word' id='word_1_909' title='bbox 1565 2835 1763 2864; x_wconf 78' lang='lat' dir='ltr'>propitiationem.</span> <span class='ocrx_word' id='word_1_910' title='bbox 1781 2837 1884 2860; x_wconf 83' lang='lat' dir='ltr'><em>Glossam</em></span> <span class='ocrx_word' id='word_1_911' title='bbox 1894 2856 1899 2866; x_wconf 78' lang='lat'>,</span> 
     </span>
     <span class='ocr_line' id='line_1_126' title="bbox 1057 2872 1902 2902; baseline 0.005 -7"><span class='ocrx_word' id='word_1_912' title='bbox 1057 2879 1117 2902; x_wconf 85' lang='lat' dir='ltr'>quae</span> <span class='ocrx_word' id='word_1_913' title='bbox 1141 2876 1176 2896; x_wconf 84' lang='lat' dir='ltr'>est</span> <span class='ocrx_word' id='word_1_914' title='bbox 1191 2872 1327 2901; x_wconf 78' lang='lat' dir='ltr'>ordinaria,</span> <span class='ocrx_word' id='word_1_915' title='bbox 1352 2877 1442 2901; x_wconf 85' lang='lat' dir='ltr'>praeter</span> <span class='ocrx_word' id='word_1_916' title='bbox 1465 2874 1522 2896; x_wconf 78' lang='lat' dir='ltr'>Petr.</span> <span class='ocrx_word' id='word_1_917' title='bbox 1542 2874 1664 2896; x_wconf 83' lang='lat' dir='ltr'>Lombard.</span> <span class='ocrx_word' id='word_1_918' title='bbox 1688 2876 1785 2898; x_wconf 82' lang='lat' dir='ltr'>asserunt</span> <span class='ocrx_word' id='word_1_919' title='bbox 1805 2876 1902 2899; x_wconf 84' lang='lat' dir='ltr'>Strabus</span> 
     </span>
    </p>
   </div>
   <div class='ocr_carea' id='block_1_18' title="bbox 1057 2912 1899 2974">
    <p class='ocr_par' dir='ltr' id='par_1_33' title="bbox 1057 2912 1899 2974">
     <span class='ocr_line' id='line_1_127' title="bbox 1057 2912 1899 2942; baseline 0.006 -9"><span class='ocrx_word' id='word_1_920' title='bbox 1057 2914 1079 2934; x_wconf 88' lang='lat' dir='ltr'>et</span> <span class='ocrx_word' id='word_1_921' title='bbox 1095 2912 1205 2939; x_wconf 75' lang='lat' dir='ltr'>Lyranus.</span> <span class='ocrx_word' id='word_1_922' title='bbox 1222 2924 1254 2928; x_wconf 97' lang='lat'><strong>—</strong></span> <span class='ocrx_word' id='word_1_923' title='bbox 1271 2912 1339 2934; x_wconf 80' lang='lat' dir='ltr'>Paulo</span> <span class='ocrx_word' id='word_1_924' title='bbox 1361 2913 1466 2941; x_wconf 78' lang='lat' dir='ltr'>superius</span> <span class='ocrx_word' id='word_1_925' title='bbox 1483 2919 1525 2940; x_wconf 93' lang='lat' dir='ltr'>pro</span> <span class='ocrx_word' id='word_1_926' title='bbox 1542 2919 1583 2942; x_wconf 83' lang='lat' dir='ltr'>per</span> <span class='ocrx_word' id='word_1_927' title='bbox 1600 2912 1746 2937; x_wconf 76' lang='lat' dir='ltr'>dilectionem</span> <span class='ocrx_word' id='word_1_928' title='bbox 1766 2915 1833 2938; x_wconf 88' lang='lat' dir='ltr'><em>codd.</em></span> <span class='ocrx_word' id='word_1_929' title='bbox 1852 2916 1899 2938; x_wconf 77' lang='grc' dir='ltr'>ΑΚ</span> 
     </span>
     <span class='ocr_line' id='line_1_128' title="bbox 1057 2950 1222 2974; baseline 0 -1"><span class='ocrx_word' id='word_1_930' title='bbox 1057 2951 1078 2973; x_wconf 86' lang='lat' dir='ltr'>et</span> <span class='ocrx_word' id='word_1_931' title='bbox 1095 2950 1222 2974; x_wconf 80' lang='lat' dir='ltr'>dilectione.</span> 
     </span>
    </p>
   </div>
   <div class='ocr_carea' id='block_1_19' title="bbox 1744 3043 1768 3064">
    <p class='ocr_par' dir='ltr' id='par_1_34' title="bbox 1744 3043 1768 3064">
     <span class='ocr_line' id='line_1_129' title="bbox 1744 3043 1768 3064; baseline 0 0"><span class='ocrx_word' id='word_1_932' title='bbox 1744 3043 1768 3064; x_wconf 74' lang='lat'>5!</span> 
     </span>
    </p>
   </div>
   <div class='ocr_carea' id='block_1_20' title="bbox 1914 1552 2043 1594">
    <p class='ocr_par' dir='ltr' id='par_1_35' title="bbox 1914 1552 2043 1594">
     <span class='ocr_line' id='line_1_130' title="bbox 1914 1552 2043 1579; baseline 0 -9"><span class='ocrx_word' id='word_1_933' title='bbox 1914 1552 2043 1579; x_wconf 45' lang='lat' dir='ltr'>Duplex-con-</span> 
     </span>
     <span class='ocr_line' id='line_1_131' title="bbox 1937 1578 2015 1594; baseline 0 -1"><span class='ocrx_word' id='word_1_934' title='bbox 1937 1578 2015 1594; x_wconf 77' lang='lat' dir='ltr'>iunctio.</span> 
     </span>
    </p>
   </div>
  </div>
 </body>
</html>
