2166 3366
752 213 835 241 DlST.
856 213 920 243 x'tv.
943 214 1014 242 ART.
1037 214 1065 241 ll.
1087 214 1222 250 QUAEST.
1245 214 1262 242 l.
1816 216 1871 245 309

138 291 204 323 erit,
219 298 268 327 per
283 290 356 327 quod
372 290 561 319 conformatur
579 291 735 319 intellectus
751 291 801 326 ipsi
818 290 922 325 Verbo,
938 298 976 319 se-

138 337 261 365 cundum
293 337 367 372 quod
396 337 464 371 tux,
486 341 513 365 et
534 337 687 366 secundum
710 337 784 373 quod
807 337 976 374 exemplam

138 384 302 415 dicendum,
324 383 398 420 quod
420 391 473 411 non
488 387 530 411 est
543 383 648 417 simile,
670 383 801 420 quoniam
822 383 891 411 ratio
905 384 976 411 'verz‘-

139 430 206 458 tatis
234 433 260 458 et
281 430 511 466 exemplar-itatis
533 430 558 457 in
581 430 677 458 eodem
700 434 742 458 est
762 430 893 459 differens
913 430 976 459 sola

138 476 362 513 comparatione.
384 476 476 513 lpsum
498 476 570 504 enim
593 476 741 513 exemplar
762 485 816 504 non
838 481 878 505 est
899 477 975 506 aliud

137 530 222 559 quam
245 523 352 551 ueritas
373 526 500 557 aeterna,
522 525 552 550 ut
573 525 614 551 est
635 522 704 550 ratio
720 523 899 559 cognoscendi
913 523 974 551 alia.

216 570 240 597 ὃ.
264 569 300 597 Ad
323 569 391 597 illud
414 569 489 606 quod
510 569 639 597 obiicitur
661 569 759 597 ultimo
780 569 814 598 de
831 569 975 604 memoria,

137 624 208 653 quae
229 618 372 648 remanet3
394 615 556 649 dicendum,
578 615 652 652 quod
668 615 689 644 si
705 615 806 652 aliquis
821 616 975 644 intellectus

137 662 211 691 videt
224 662 231 674 ¹
253 662 347 699 aliqua
368 661 395 690 in
417 662 508 690 Verbo
529 662 682 698 cognitione
697 661 801 698 gloriae
822 665 848 691 et
869 662 975 691 desinat

136 709 231 737 videre
252 708 390 743 Verbum,
413 717 465 736 non
495 712 668 737 memoratur
689 709 723 737 de
744 709 897 746 cognitione
919 709 976 737 illa-

135 763 200 783 rum
225 762 336 787 rerum,
357 754 408 783 nisi
430 757 559 788 eatenus,
580 758 718 791 quatenus
740 758 912 783 memoratur
940 755 974 783 de

135 801 287 838 cognitione
302 801 398 835 Verbi,
414 801 465 830 nisi
485 801 553 830 alias
569 801 698 830 habuerit
711 802 719 814 ²
741 802 924 838 cognitionem
946 801 975 829 il-

1034 291 1125 319 larum
1147 299 1240 320 rerum
1266 292 1445 328 impressam.
1467 292 1508 320 vel
1525 293 1577 321 nisi
1593 293 1667 322 Deus
1688 294 1711 322 ei
1733 294 1874 330 dispensa-

1034 337 1088 366 tive
1108 337 1300 374 impriineret;
1331 342 1396 367 tunc
1428 339 1479 367 hoc
1505 347 1558 367 non
1580 343 1652 368 esset
1673 344 1871 376 opportunum.

1032 383 1100 417 Sed,
1123 384 1193 412 sicut
1215 385 1319 413 dictum
1341 387 1397 418 est,
1419 385 1452 412 ad
1470 385 1535 419 hoc,
1551 386 1625 421 quod
1648 386 1748 423 aliquis
1769 386 1873 415 intelle-

1032 434 1093 458 ctus
1115 434 1225 459 creatus
1245 435 1392 467 cognoscat
1413 440 1457 460 res
1478 432 1505 460 in
1532 432 1637 467 Verbo,
1666 433 1724 461 sive
1751 432 1871 468 Christi,

1032 477 1090 505 sive
1114 477 1200 511 alius,
1223 477 1339 511 sufficit,
1361 478 1435 514 quod
1459 478 1558 507 habeat
1579 479 1792 508 deiformitatem
1818 480 1873 516 glo-

1032 523 1104 557 riae,
1126 531 1176 560 per
1197 532 1279 560 qnam
1302 524 1337 552 sit
1359 524 1456 553 similis
1478 525 1529 561 ipsi
1551 525 1660 559 Verb0;
1682 534 1731 554 nec
1746 529 1871 562 oportet,

1031 569 1055 598 ei
1078 569 1138 598 dari
1160 577 1255 598 rerum
1277 569 1501 604 similitudines,
1522 575 1571 599 aut
1593 570 1709 599 liabitas
1727 572 1873 608 particula-

1031 623 1091 650 res,
1115 616 1180 652 quia
1203 615 1289 652 magis
1310 616 1361 644 sibi
1384 616 1485 645 sufficit
1508 617 1567 654 ipsa
1588 626 1699 646 summa
1720 619 1822 647 veritas
1836 619 1871 647 ad

1032 662 1254 699 cognoscendum
1276 663 1383 697 omnia,
1405 671 1488 700 quam
1511 672 1607 692 omnes
1630 672 1724 693 rerum
1747 665 1873 694 similitu-

1032 709 1110 738 dines
1139 709 1280 747 speciales.
1313 709 1388 738 Unde
1411 709 1554 747 limpidius
1575 711 1714 748 cognoscit
1734 712 1871 749 Angelus,

1031 760 1058 784 et
1078 757 1161 784 etiam
1183 756 1274 784 anima
1296 756 1410 790 Christi,
1431 764 1476 785 res
1492 757 1518 784 in
1541 757 1645 792 Verbo,
1670 766 1754 794 quam
1775 766 1872 795 cogno-

1031 805 1088 830 scat
1109 802 1136 830 in
1158 810 1202 836 se,
1226 802 1267 831 vel
1290 802 1316 830 in
1338 803 1451 839 proprio
1473 810 1583 839 genere.

870 915 1128 951 SGHOLION.

196 1029 210 1052 1.
228 1029 360 1051 Secundum
378 1035 524 1051 communem
542 1028 668 1051 doctrinam
694 1035 743 1056 res,
764 1035 823 1057 quae
840 1030 861 1050 in
880 1029 973 1056 proprio

133 1074 217 1096 genere
235 1067 318 1090 habent
334 1073 383 1090 esse
400 1070 501 1090 creatum
518 1070 540 1089 et
557 1068 686 1095 limitatum,
705 1067 774 1089 modo
791 1067 973 1090 eminentissimo

133 1107 239 1130 dicuntur
255 1113 306 1129 esse
322 1107 344 1128 in
363 1106 420 1134 Deo,
438 1107 460 1128 in
479 1112 525 1134 quo
544 1114 554 1127 <i
569 1107 684 1134 tripliciter
700 1109 764 1134 sunt,
782 1106 887 1128 videlicet
908 1109 932 1128 ut
950 1107 971 1128 in

130 1145 247 1175 Iit-incipio
263 1144 416 1174 producente,
436 1147 458 1167 et
474 1145 506 1167 sic
523 1147 575 1167 sunt
594 1145 616 1166 in
641 1145 727 1166 ratione
754 1146 881 1172 potentiac;
905 1148 928 1167 ut
950 1146 972 1167 in

132 1183 266 1214 eoeemplart'
281 1183 439 1212 exprimente,
458 1187 480 1205 et
497 1183 529 1205 sic
546 1186 598 1205 sunt
615 1184 636 1205 in
654 1184 740 1206 ratione
752 1184 858 1211 notitiae;
876 1187 898 1206 et
915 1185 971 1206 utin

131 1223 177 1253 fine
188 1223 353 1250 conservante,
368 1223 389 1244 in
402 1223 487 1244 ratione
501 1222 622 1244 voluntatis
631 1231 640 1242 ι»
657 1223 682 1249 (l.
694 1222 754 1244 Sent.
767 1222 789 1244 d.
803 1222 839 1244 36.
852 1229 871 1244 a.
885 1223 906 1244 2.
918 1229 940 1251 q.
952 1223 971 1251 l;

132 1263 172 1285 cir.
189 1261 244 1284 ibid.
256 1268 278 1290 q.
291 1262 329 1290 2.).
343 1262 389 1283 Hoc
405 1267 482 1283 rerum
500 1267 548 1284 esse
564 1260 680 1289 eminens,
700 1263 812 1289 quatenus
828 1261 889 1282 idem
902 1265 935 1283 est
947 1267 973 1283 ac

131 1306 180 1324 esse
196 1300 314 1328 divinum,
333 1301 381 1322 sine
399 1300 470 1322 dnbio
487 1300 579 1322 videtur
603 1300 632 1322 ab
657 1306 684 1322 eo
707 1300 745 1328 qui
763 1299 826 1321 videt
842 1299 972 1322 immediate

131 1340 251 1362 essentiam
270 1339 378 1362 divinam.
396 1340 436 1361 llic
453 1343 527 1362 autem
547 1340 663 1368 quaeritur
680 1339 708 1361 de
720 1340 830 1361 creaturis
844 1339 972 1362 secundum

131 1385 210 1401 carum
228 1384 277 1400 esse
293 1378 395 1407 formale
412 1381 434 1400 et
452 1377 591 1407 premium,
610 1381 632 1400 et
649 1378 801 1400 communiter
826 1378 972 1405 conceditur,

131 1417 194 1446 quod
211 1418 278 1440 etiam
296 1417 324 1439 ad
344 1418 387 1439 hoc
405 1418 539 1440 terminetur
551 1418 641 1439 scientia
655 1417 789 1444 Beatorum,
807 1423 876 1445 quain
890 1417 973 1440 habent

131 1457 153 1478 in
170 1456 255 1478 Verbo.
272 1456 352 1484 Quoad
370 1455 466 1479 modam
483 1458 558 1478 autem
577 1457 644 1478 huius
661 1456 796 1484 cognitionis
817 1455 900 1478 Oceani
920 1462 972 1478 cum

131 1496 178 1518 suis
195 1495 351 1517 Nominalibus
367 1495 452 1517 recedit
469 1501 481 1516 a
500 1496 617 1517 communi
635 1495 731 1516 aliorum
749 1495 869 1517 doctorum
887 1497 973 1517 senten-

131 1535 159 1556 tia
178 1534 274 1560 docens,
294 1539 329 1555 res
346 1534 452 1561 cognosci
470 1540 481 1554 a
500 1533 573 1555 Beatis
589 1533 610 1554 in
629 1533 675 1555 Deo
701 1539 744 1555 non
770 1532 913 1561 immediate,
932 1532 973 1555 sed

131 1571 270 1599 causaliter,
294 1577 346 1594 cum
369 1574 433 1594 actus
454 1572 494 1593 has
516 1571 608 1593 videndi
631 1571 726 1593 totaliter
751 1575 856 1593 causetur
879 1577 890 1593 a
914 1571 972 1598 Deo,

131 1611 255 1633 intellectus
266 1617 291 1632 se
309 1610 390 1632 habeat
407 1616 463 1638 pure
482 1611 584 1637 passive,
601 1614 623 1632 et
639 1611 697 1631 visio
716 1610 836 1638 utriusque
852 1609 934 1632 obiecti
947 1610 974 1631 sit

131 1650 172 1672 alia
190 1652 212 1671 et
229 1650 270 1671 alia
283 1649 464 1677 (explicationem
476 1649 529 1670 vide
542 1649 602 1676 apud
616 1649 673 1675 Biel,
687 1649 723 1670 hic
740 1655 761 1677 q.
780 1649 863 1677 unica).
882 1661 911 1664 --
928 1648 972 1670 Sed

130 1689 166 1711 alii
183 1689 285 1716 magistri
303 1689 324 1710 in
342 1689 385 1710 hoc
402 1688 558 1716 consentiunt,
576 1687 637 1716 quod
656 1688 718 1709 Beati
736 1687 818 1709 eodem
837 1687 925 1710 lumine
937 1687 973 1709 vel

130 1726 212 1750 habita
228 1729 250 1749 et
266 1727 321 1749 acta
339 1727 360 1748 in
377 1727 472 1748 essentia
491 1725 566 1747 d1vina
585 1726 620 1747 vel
640 1725 795 1754 (appropriate
808 1726 933 1754 loquendo)
951 1726 972 1748 in

130 1765 208 1788 Verbo
225 1769 250 1788 ut
266 1766 287 1787 in
308 1766 382 1793 primo
400 1764 488 1786 obiecto
506 1765 596 1792 cognito
621 1767 760 1792 cognoscant
776 1765 843 1786 etiam
860 1767 896 1786 res
913 1770 973 1787 crea-

131 1808 172 1827 tas.
189 1804 342 1826 assertionem
361 1806 449 1831 tamen,
467 1803 529 1831 quod
547 1802 625 1825 eodem
637 1803 692 1826 actu
704 1802 820 1825 obiectum
837 1803 971 1830 primarium

130 1845 152 1866 et
168 1842 330 1865 secundarium
348 1842 463 1869 videatur,
490 1842 512 1864 S.
538 1842 622 1864 Bonav.
648 1842 762 1870 restringit
788 1841 885 1870 docens,
909 1842 972 1871 quod

130 1882 224 1905 actualis
240 1882 298 1903 visio
316 1888 355 1903 seu
374 1880 530 1904 consideratio
548 1884 705 1903 creaturarum
719 1887 762 1902 non
780 1887 804 1902 se
821 1880 926 1903 extendat
943 1880 972 1903 ad

131 1919 210 1942 omnia
223 1922 296 1942 creata
309 1923 331 1942 et
343 1919 457 1947 possibilia
472 1919 512 1941 nisi
524 1918 653 1942 successive
661 1927 671 1947 ;
683 1918 743 1941 unde
755 1919 882 1941 secundum
895 1919 970 1947 ipsum

130 1961 193 1981 actus
203 1958 295 1980 videndi
306 1959 388 1980 horum
397 1957 478 1987 aliqua
487 1959 587 1986 separari
598 1960 671 1986 potest
679 1957 708 1980 ab
718 1959 784 1980 unico
794 1960 815 1980 et
824 1961 971 1985 permanente

130 1999 180 2020 actu
198 1997 290 2019 videndi
309 1997 410 2019 divinam
428 1997 564 2024 essentiam;
582 1999 656 2019 tamen
674 1997 692 2018 si
710 1999 759 2019 actu
779 1997 834 2018 haec
856 1996 970 2024 videntur,

131 2039 184 2058 tunc
195 2035 301 2058 videntur
317 2041 364 2058 non
382 2034 428 2057 aleb
445 2039 465 2057 et
483 2035 588 2057 distincto
600 2037 651 2057 actu
669 2035 697 2057 ab
709 2041 748 2062 eo,
761 2041 808 2064 quo
820 2035 910 2058 videtur
922 2037 970 2063 ipsa

130 2075 225 2096 essentia
250 2073 300 2102 (cfr.
318 2074 353 2095 hie
371 2080 393 2102 q.
411 2074 431 2095 2.
454 2073 484 2095 ad
501 2073 521 2095 4.
547 2076 569 2096 et
593 2074 711 2101 explicatio
736 2074 876 2096 fundamenti
899 2074 970 2096 ultimi

130 2115 152 2135 et
168 2113 269 2135 scholion
287 2112 316 2135 ad
339 2119 387 2141 seq.
409 2112 512 2141 quaest).
531 2124 561 2128 ——
577 2112 637 2134 Hace
659 2113 757 2140 cognitio
779 2119 856 2134 rerum
879 2113 900 2134 in
925 2113 970 2135 Dco

129 2154 225 2173 vocatur
236 2151 265 2173 ab
277 2152 404 2179 Augustino
423 2150 546 2178 matutina,
570 2157 628 2179 quae
646 2151 793 2179 distinguitur
810 2158 821 2173 a
841 2151 970 2180 vespertina

131 2190 180 2217 (cfr.
198 2191 221 2212 ll.
240 2191 299 2212 Sent.
317 2190 338 2212 d.
358 2190 378 2212 4.
396 2196 415 2212 a.
439 2190 478 2218 3.).
495 2202 525 2206 —
543 2190 645 2212 Doctrina
668 2191 797 2212 communis
818 2190 895 2212 nititur
917 2190 970 2213 duo-

130 2229 174 2251 bus
196 2229 361 2256 fundamentis,
385 2229 469 2251 scilicet
491 2229 553 2257 quod
571 2230 619 2257 ipsa
637 2230 732 2251 essentia
750 2229 827 2251 divina
850 2229 923 2251 Beatis
943 2230 971 2251 sit

130 2267 192 2290 ratio
209 2267 378 2297 coqttoscendi‚
402 2270 423 2289 et
446 2267 508 2296 quod
531 2267 612 2289 eadem
630 2270 654 2290 ut
671 2268 743 2295 prima
761 2270 783 2290 et.
803 2273 892 2289 summa
913 2268 971 2289 veri-

130 2310 163 2329 tas
185 2313 229 2328 non
252 2310 338 2329 tantum
362 2308 474 2334 exprimat
495 2312 519 2329 se
540 2306 629 2336 ipsam,
653 2307 694 2329 sed
715 2307 782 2329 etiam
807 2306 970 2334 perfectissime

130 2344 208 2368 omnia
227 2344 275 2367 alia
291 2351 430 2374 omnemque
448 2346 565 2368 veritatem
587 2346 758 2373 participatam,
775 2346 833 2367 sicut
855 2345 914 2367 bene
935 2352 970 2368 ex-

131 2383 234 2411 planatur
256 2384 303 2411 hir,
323 2385 456 2412 praesertim
484 2385 504 2406 in
527 2383 678 2406 solutionibus
695 2384 861 2412 oppositorum.
882 2385 970 2412 Suppo-

131 2424 214 2444 nuntur
231 2425 305 2444 autem
324 2423 360 2444 hic
383 2422 458 2450 plura,
482 2428 541 2451 quae
561 2423 583 2444 in
607 2423 619 2444 l.
643 2422 701 2444 libro
718 2423 778 2444 Sent.
797 2422 854 2445 dicta
872 2426 924 2445 sunt
941 2423 969 2445 de

129 2460 226 2483 veritate
246 2460 277 2484 (d.
300 2461 320 2482 8.
343 2467 364 2488 p.
383 2461 396 2483 l.
419 2467 440 2489 q.
466 2461 504 2489 t),
526 2461 555 2483 de
578 2460 634 2483 ideis
655 2461 687 2488 (d.
710 2461 746 2483 35.
770 2467 810 2489 per
828 2463 918 2489 totam),
942 2462 969 2483 de

130 2498 225 2522 scientia
247 2498 325 2522 divina
349 2499 380 2526 (d.
404 2500 465 2528 39.);
484 2501 539 2522 haec
556 2501 678 2528 principia,
704 2506 730 2522 ex
748 2501 825 2522 multis
845 2500 899 2522 locis
919 2506 970 2522 con-

130 2541 212 2565 tracta,
229 2538 336 2565 leguntur
352 2538 373 2559 in
395 2538 480 2559 scholio
504 2538 533 2559 ad
559 2538 581 2560 d.
605 2538 640 2560 35.
667 2545 688 2566 q.
715 2539 732 2560 l.
751 2539 790 2560 llic
815 2539 855 2560 tria
883 2541 969 2560 tantum

130 2575 288 2598 observamus.

194 2861 200 2876 ¹
218 2860 290 2884 Codd.
309 2861 349 2884 FU
367 2861 460 2884 videret.

193 2899 201 2912 ¹
220 2901 248 2923 lta
266 2901 333 2924 codd.
351 2903 367 2923 (i
379 2902 395 2923 ll
407 2902 450 2923 NT
462 2901 500 2929 bb,
519 2903 539 2923 in
558 2901 606 2923 aliis
622 2904 644 2924 et
664 2901 717 2924 edd.
738 2901 826 2925 habuit.
851 2902 898 2924 Mox
919 2905 970 2930 post

133 2939 167 2962 vel
184 2940 235 2962 cod.
248 2940 265 2962 U
282 2940 372 2962 subiicit
383 2940 460 2963 etiam.
474 2940 558 2962 Deinde
571 2946 612 2968 pro
630 2941 685 2963 tuuc
697 2940 740 2963 hnc
753 2945 800 2963 nort
817 2942 875 2963 essee
886 2947 970 2970 oppor-

132 2979 216 3000 tunum
233 2977 263 3008 [i.
281 2985 300 3001 e.
319 2982 371 3001 tunc
384 2986 427 3001 non
440 2982 554 3007 oporteret
566 2980 687 3001 memorari
701 2979 728 3001 (lc
741 2980 869 3007 cognitione
883 2979 969 3009 Verbi]

1095 1030 1114 1051 l.
1135 1038 1144 1049 α
1158 1029 1312 1058 Unaquaeque
1336 1036 1371 1052 res
1393 1033 1467 1052 creata
1486 1030 1553 1053 habet
1570 1031 1742 1053 similitudinem
1759 1031 1804 1054 sibi
1816 1038 1872 1061 pro-

1029 1067 1109 1097 priam
1120 1069 1141 1090 in
1155 1074 1238 1096 genere
1251 1072 1367 1091 creaturae
1380 1077 1390 1088 ι»
1406 1069 1451 1095 (hic
1463 1069 1483 1091 5.
1498 1069 1622 1099 tundam),
1635 1076 1694 1099 quae
1706 1070 1826 1093 intellectui
1839 1073 1872 1093 est

1030 1108 1086 1129 ratio
1098 1107 1237 1135 intelligendi
1249 1113 1307 1129 eam.
1320 1107 1375 1129 Nam
1387 1113 1435 1135 res,
1447 1108 1506 1129 sicut
1518 1107 1586 1130 habet
1597 1114 1646 1131 esse
1662 1114 1674 1130 a
1688 1109 1747 1136 Deo,
1760 1109 1788 1131 ita
1802 1110 1871 1131 etiam

1030 1147 1137 1168 virtutem
1155 1152 1179 1168 se
1196 1147 1270 1174 ipsam
1287 1146 1430 1174 exprimendi
1450 1149 1474 1169 ut
1494 1148 1577 1169 veritas
1596 1147 1710 1176 quaedam
1731 1149 1872 1176 participata.

1029 1185 1090 1207 Haec
1103 1188 1176 1207 tamen
1190 1186 1317 1213 proprietas
1330 1185 1444 1213 duplicem
1458 1186 1616 1208 limitationem
1629 1186 1664 1208 vel
1677 1187 1872 1214 imperfectionem

1030 1223 1098 1246 habet
1115 1230 1238 1252 annexam,
1257 1230 1339 1252 nempe
1351 1224 1414 1253 qnod
1427 1225 1519 1252 proprie
1537 1231 1581 1247 non
1595 1225 1635 1247 nisi
1648 1231 1672 1247 se
1689 1225 1764 1254 ipsam
1776 1226 1804 1247 ad
1818 1226 1871 1248 noti-

1030 1263 1083 1285 tiam
1101 1262 1234 1290 pariendum
1252 1263 1379 1290 exprimere
1397 1265 1481 1291 potest,
1499 1265 1521 1285 et
1537 1262 1600 1292 quod
1618 1269 1645 1285 ne
1663 1264 1705 1286 hoc
1723 1264 1816 1292 quidem
1841 1265 1871 1287 to·

1029 1301 1108 1324 taliter
1124 1304 1145 1323 et
1160 1300 1260 1331 perfecte
1277 1305 1392 1329 praestare
1409 1302 1475 1325 valet.

1092 1341 1113 1362 ⁶2.
1131 1340 1190 1362 Haec
1208 1340 1309 1362 limitatio
1326 1343 1347 1362 et
1364 1340 1504 1368 imperfectio
1526 1347 1621 1368 prorsus
1646 1341 1786 1363 removenda
1808 1346 1841 1364 est
1858 1348 1870 1364 a

1030 1379 1112 1407 modo,
1130 1385 1176 1407 quo
1193 1379 1269 1401 divina
1287 1380 1382 1401 essentia
1401 1385 1425 1402 se
1449 1379 1492 1402 sibi
1518 1380 1638 1408 exprimit;
1662 1380 1722 1402 unde
1748 1381 1870 1403 tenendum

1030 1420 1074 1444 est,
1093 1417 1155 1446 quod
1173 1418 1220 1445 ipsa
1247 1420 1271 1439 ut
1291 1424 1381 1440 summa
1399 1422 1421 1440 et
1438 1419 1534 1441 increata
1553 1418 1641 1441 Veritas
1657 1419 1743 1442 infinito
1760 1423 1782 1441 et
1799 1420 1871 1447 perse-

1030 1456 1130 1477 ctissimo
1148 1456 1216 1478 modo
1229 1462 1253 1477 se
1270 1455 1312 1478 sibi
1330 1456 1463 1484 manifestat,
1481 1457 1595 1485 simulque
1612 1457 1729 1485 exemplar
1746 1461 1779 1480 est
1796 1459 1870 1480 omnis

1030 1495 1130 1516 veritatis
1148 1495 1304 1522 participatae,
1322 1495 1343 1516 in
1363 1495 1409 1522 ipsa
1428 1495 1548 1517 relucentis
1564 1498 1587 1517 et
1602 1502 1729 1523 expressae.

1093 1533 1114 1554 3.
1132 1533 1188 1555 Hinc
1205 1533 1285 1555 eadem
1303 1533 1379 1555 divina
1397 1534 1507 1561 essentia,
1525 1540 1585 1562 quae
1601 1537 1635 1556 est
1652 1534 1696 1557 lux
1712 1538 1734 1557 et
1750 1535 1837 1558 ver-itas
1849 1536 1870 1557 in

1030 1577 1066 1599 se,
1084 1575 1118 1594 est
1134 1572 1201 1594 etiam
1227 1572 1389 1599 perfectissima
1408 1574 1430 1594 et
1446 1572 1554 1594 illimitata
1572 1572 1633 1595 ratio
1651 1573 1806 1602 coynoscertdt'
1822 1576 1870 1596 tum

1031 1610 1102 1632 Deum
1121 1615 1170 1633 tum
1186 1611 1262 1633 omnia
1280 1611 1321 1632 alia
1339 1617 1350 1633 a
1369 1611 1426 1637 Deo,
1445 1617 1503 1639 quae
1520 1611 1648 1634 secundum
1667 1612 1776 1640 triplicem
1794 1619 1870 1635 causa-

1030 1649 1114 1671 litatem
1132 1650 1166 1675 (ut
1182 1655 1251 1677 supra
1269 1649 1310 1671 loe.
1328 1650 1364 1671 cit.
1383 1649 1467 1672 dictum
1485 1650 1527 1678 est>
1544 1651 1566 1671 in
1584 1650 1633 1678 ipso
1659 1655 1711 1673 sunt
1734 1651 1779 1678 (hic
1804 1651 1869 1674 solut.

1030 1687 1059 1709 ad
1077 1687 1115 1716 4.).
1134 1688 1190 1716 Quia
1208 1688 1269 1710 enim
1287 1689 1382 1710 essentia
1401 1688 1477 1710 divina
1496 1687 1677 1711 eminentissime
1694 1690 1791 1712 continet
1802 1696 1870 1713 omne

1030 1731 1078 1749 esse
1095 1727 1214 1754 creatum,
1233 1727 1285 1749 ideo
1302 1728 1369 1748 etiam
1387 1728 1513 1749 eminenter
1534 1728 1632 1750 continet
1649 1728 1765 1751 rationem
1781 1728 1870 1758 forma-

1030 1763 1075 1787 lem
1092 1765 1244 1793 cognoscendi
1263 1765 1330 1792 illud3
1348 1765 1408 1787 unde
1426 1766 1503 1788 altiore
1521 1766 1590 1788 modo
1608 1770 1642 1789 est
1658 1767 1714 1789 ratio
1732 1768 1816 1790 motiva
1836 1768 1870 1790 in-

1030 1803 1131 1825 tellectus
1148 1803 1176 1825 ad
1195 1803 1393 1831 cognoscendum,
1410 1810 1480 1832 quam
1498 1810 1548 1826 csse
1566 1805 1637 1832 possit
1650 1805 1752 1835 propria
1768 1807 1800 1828 rei
1812 1807 1869 1828 ratio

1029 1842 1078 1864 sive
1095 1842 1180 1870 species
1196 1841 1318 1872 impressa.
1336 1842 1391 1864 Nam
1409 1843 1513 1865 divinum
1529 1843 1652 1873 eoeemplar
1672 1845 1779 1872 importat
1794 1853 1804 1865 α
1816 1846 1870 1867 assi·

1029 1881 1167 1903 milationem
1187 1881 1257 1903 eoetra
1273 1886 1347 1910 genus
1359 1889 1369 1901 n
1391 1881 1414 1908 (l.
1432 1881 1492 1904 Sent.
1510 1881 1532 1904 d.
1551 1882 1587 1904 36.
1606 1888 1624 1904 a.
1643 1882 1664 1904 3.
1682 1888 1704 1910 q.
1722 1882 1760 1911 2.),
1786 1883 1869 1905 scilicet

1028 1925 1097 1947 supra
1110 1925 1208 1942 causam
1221 1919 1379 1942 universalem
1396 1921 1417 1942 et
1431 1920 1617 1949 particularem,
1636 1924 1657 1943 et
1675 1928 1742 1949 supra
1760 1921 1869 1944 similita-

1028 1958 1105 1981 clz'nem
1122 1964 1270 1982 communem
1287 1960 1308 1982 et
1323 1959 1459 1988 propriam,
1478 1961 1506 1981 ita
1525 1963 1549 1983 ut
1565 1960 1661 1983 minime
1677 1962 1770 1984 arctata
1793 1968 1817 1983 se
1834 1967 1869 1983 ex-

1029 1997 1104 2019 tendat
1122 2003 1165 2019 nna
1183 1997 1211 2019 ad
1230 1998 1313 2025 omnia,
1331 2001 1352 2019 et
1370 2000 1443 2020 tamen
1462 1997 1630 2021 distinctissime
1647 1999 1758 2027 exprimat
1775 2000 1869 2028 quemli-

1028 2035 1067 2058 bet
1085 2036 1190 2058 effectum
1209 2036 1285 2064 quoad
1303 2042 1383 2058 omnes
1400 2036 1547 2059 conditiones.
1566 2038 1612 2059 Hoc
1634 2038 1750 2065 praeclare
1775 2038 1869 2062 docetur

1028 2075 1042 2097 l.
1060 2076 1119 2097 Sent.
1137 2075 1159 2097 d.
1177 2075 1213 2097 35.
1232 2082 1253 2104 q.
1272 2076 1292 2097 2.
1310 2075 1339 2098 ad
1357 2076 1377 2098 2.
1395 2076 1415 2098 3.
1434 2075 1455 2098 4.

1091 2114 1113 2136 ll.
1132 2114 1173 2136 Pro
1191 2114 1334 2142 intelligentia
1361 2114 1458 2137 duarum
1484 2121 1547 2144 seqq.
1566 2117 1725 2144 quaestionum
1744 2118 1867 2145 praecipue

1028 2152 1125 2174 notanda
1143 2155 1195 2174 sunt
1212 2158 1271 2181 quac
1289 2153 1325 2175 hic
1341 2152 1416 2181 (solut.
1434 2153 1463 2175 ad
1481 2153 1512 2182 2.)
1530 2154 1635 2176 dicuntur
1652 2155 1681 2177 de
1693 2156 1772 2183 triplici
1785 2156 1866 2184 modo,

1027 2197 1073 2219 quo
1092 2197 1234 2218 cognoscens
1251 2192 1369 2213 assimilari
1388 2194 1462 2220 potest
1480 2192 1643 2221 cognoscibili;
1661 2194 1714 2215 item
1732 2194 1770 2220 (ad
1788 2194 1826 2223 3.),
1840 2195 1868 2217 de

1028 2230 1152 2252 differentia
1171 2230 1256 2257 speculi
1274 2229 1373 2253 increati
1390 2237 1401 2252 a
1419 2231 1513 2258 speculo
1530 2232 1609 2254 creato
1627 2231 1675 2260 (cfr.
1688 2233 1755 2254 etiam
1773 2233 1787 2255 l.
1807 2234 1867 2256 Scnt.

1028 2269 1049 2291 d.
1068 2269 1089 2291 3.
1107 2275 1129 2297 p.
1148 2269 1161 2291 l.
1180 2275 1202 2297 q.
1221 2270 1241 2291 2.
1260 2269 1306 2298 3.);
1332 2269 1431 2298 denique
1448 2269 1487 2297 (ad
1505 2269 1549 2298 4.)‚
1567 2271 1630 2298 quod
1648 2271 1750 2293 Verbum
1768 2274 1802 2294 est
1818 2278 1867 2300 spe-

1027 2308 1103 2330 culum
1120 2307 1253 2330 voluntarie
1270 2310 1450 2335 repraesentans.

1089 2346 1120 2368 tlt.
1138 2346 1197 2368 Alex.
1217 2346 1276 2373 Hah,
1302 2346 1324 2368 S.
1346 2352 1368 2374 p.
1388 2346 1420 2368 ΙΙΙ,
1438 2352 1460 2375 q.
1480 2347 1514 2368 ta.
1532 2352 1562 2368 m.
1580 2346 1601 2369 5.
1619 2353 1639 2369 a.
1658 2347 1678 2369 ι1.
1697 2360 1726 2363 —
1743 2348 1813 2377 scot,
1838 2349 1866 2371 de

1027 2385 1069 2407 hac
1085 2387 1107 2406 et
1124 2385 1145 2406 2.
1163 2390 1226 2413 seqq.
1245 2391 1282 2413 qq.
1301 2385 1322 2406 in
1341 2388 1437 2413 utroque
1455 2386 1543 2413 Scripto
1561 2386 1596 2408 hic
1613 2392 1634 2414 q.
1653 2386 1673 2408 2.
1692 2386 1754 2408 —S.
1773 2386 1865 2415 Thom.,

1027 2424 1062 2445 hic
1080 2429 1099 2445 a.
1118 2423 1137 2444 l.
1155 2424 1295 2451 quaestiunc.
1314 2423 1343 2451 4;
1361 2424 1382 2445 S.
1401 2424 1431 2445 tlt.
1449 2430 1471 2452 q.
1491 2424 1526 2446 l0.
1549 2430 1568 2446 a.
1587 2425 1615 2452 2;
1633 2423 1661 2446 de
1679 2424 1748 2446 Verit.
1761 2431 1782 2453 q.
1796 2425 1832 2447 20.
1846 2431 1866 2447 a.

1027 2461 1039 2483 4
1070 2468 1091 2490 q.
1110 2462 1130 2483 8.
1149 2468 1168 2483 a.
1187 2461 1207 2483 4.
1226 2474 1255 2477 —
1274 2461 1296 2482 B.
1315 2461 1409 2488 Albert.,
1434 2461 1463 2483 de
1480 2462 1522 2484 hac
1538 2464 1560 2483 et
1576 2468 1640 2490 seqq.
1658 2468 1696 2491 qq.
1713 2463 1750 2485 hic
1766 2469 1785 2485 a.
1808 2464 1825 2485 l.
1844 2464 1865 2485 2.

1027 2512 1057 2515 -—
1074 2500 1129 2522 Petr.
1148 2507 1159 2521 a
1178 2500 1242 2526 Tan,
1262 2500 1297 2522 hic
1320 2506 1339 2522 a.
1358 2501 1378 2522 2.
1396 2501 1536 2528 quaestiunc.
1558 2501 1575 2522 l.
1592 2512 1624 2517 ——
1641 2501 1745 2524 Richard.
1762 2508 1774 2523 a
1792 2502 1865 2530 ttted.,

1027 2539 1062 2560 hic
1079 2545 1098 2560 a.
1117 2539 1137 2560 2.
1155 2545 1176 2567 q.
1196 2539 1216 2560 2.
1233 2550 1264 2554 —
1280 2538 1393 2565 Durand.,
1419 2538 1448 2561 de
1470 2540 1511 2561 hac
1527 2542 1549 2561 et
1565 2546 1629 2568 seqq.
1648 2546 1686 2568 qq.
1705 2541 1741 2562 hic
1758 2547 1779 2569 q.
1798 2542 1818 2563 2.
1835 2554 1866 2557 —

1026 2577 1118 2604 Dionys.
1136 2576 1221 2604 Carnu,
1240 2577 1268 2600 de
1285 2578 1327 2599 hac
1343 2581 1364 2600 et
1382 2583 1445 2606 seqq.
1464 2583 1502 2606 qq.
1520 2578 1556 2600 hic
1573 2584 1594 2606 q.
1614 2579 1634 2600 2.
1652 2590 1681 2594 —
1699 2579 1756 2607 Biel,
1769 2579 1810 2602 loc.
1829 2580 1864 2602 cit.

1026 2870 1069 2886 non
1082 2865 1147 2892 pauci
1165 2864 1232 2887 codd.
1245 2865 1301 2888 tunc
1317 2864 1360 2889 hoc
1377 2865 1443 2895 [cod.
1456 2867 1473 2888 Α
1489 2867 1544 2890 tanc
1561 2866 1604 2891 hoc
1616 2867 1705 2897 tamen]
1722 2874 1771 2891 non
1782 2869 1815 2891 est
1827 2874 1864 2898 op-

1024 2903 1161 2931 portunum.
1180 2903 1248 2925 Paulo
1266 2904 1358 2926 inferius
1375 2904 1535 2928 substituimus
1552 2912 1578 2928 cx
1600 2906 1668 2929 codd.
1685 2907 1702 2928 G
1713 2907 1772 2929 lllL
1783 2907 1863 2930 VZaa

1025 2941 1057 2964 bb
1075 2941 1162 2964 Christi
1177 2949 1219 2970 pro
1236 2942 1350 2965 Christus.
1368 2943 1465 2966 Demum
1484 2950 1526 2972 pro
1542 2950 1584 2974 per
1600 2951 1673 2974 quam
1689 2945 1719 2968 sit
1739 2946 1789 2968 cod.
1807 2947 1824 2968 G
1842 2950 1865 2970 et

1025 2980 1077 3002 edd.
1099 2981 1116 3007 1,
1135 2981 1147 3002 2
1159 2987 1201 3010 per
1217 2987 1290 3010 quam
1304 2981 1343 3011 fit,
1362 2985 1384 3004 et
1395 2988 1437 3010 pro
1449 2982 1470 3005 ei
1485 2982 1541 3006 dari
1556 2983 1607 3006 cod.
1625 2984 1642 3005 G
1660 2984 1721 3006 solus
1737 2983 1759 3007 ei
1774 2984 1838 3008 dara
