2166 3366
275 213 331 242 318
951 213 1203 243 SENTENTIARUM
1224 213 1285 242 LIB.
1306 214 1345 242 Ill.

273 292 329 314 salsa
347 298 358 314 a
377 291 543 320 posterioribus
568 292 684 319 magistris
706 293 838 319 reputatur,
856 296 898 313 nec
915 290 944 313 ab
962 291 1013 318 ipso
1030 291 1123 313 Alexan-

273 331 316 353 dro
333 332 381 354 Hal.
400 332 470 360 (qui,
490 333 515 353 ut
531 331 577 352 iam
603 330 702 352 diximus
719 331 740 352 in
767 330 868 358 scholio,
886 336 956 357 supra
976 336 996 352 a.
1015 330 1035 352 ll.
1053 336 1075 358 q.
1094 330 1102 351 ι1
1116 348 1121 358 ,

273 372 332 394 hanc
350 371 465 398 duplicem
483 370 600 392 scientiam
619 369 746 397 distinguit)
763 369 844 391 eadem
863 368 892 391 ad
909 369 1045 391 solvendam
1063 369 1122 391 hane

273 410 428 432 difficultatem
448 409 576 431 adhibetur.
594 408 650 430 Nam
668 409 717 436 ipse
735 408 855 436 distinguit
871 408 902 436 (S.
921 414 943 436 p.
961 408 994 430 111.
1007 414 1028 436 q.
1044 408 1121 430 13.111.

273 449 304 477 7.)
322 449 439 471 scientiam
458 448 498 470 Dei
516 448 644 470 secundum
671 446 759 470 obiecta
776 447 847 475 scita,
867 448 926 469 sicut
942 448 1019 475 opinio
1038 447 1063 475 5,
1081 448 1122 469 sci-

273 488 324 510 licet
345 496 355 507 a
367 490 472 515 respectu
491 486 582 508 divinae
599 485 713 509 essentiae
724 486 745 508 et
757 485 852 508 virtutis
864 484 969 515 infinitae
981 488 1003 507 et
1014 489 1120 513 respectu

272 528 443 550 ereaturarum
456 534 479 553 »,-
497 532 567 554 porro
585 525 650 553 (ibid.
668 532 698 547 m.
717 525 749 553 2.)
767 526 874 547 scientiae
898 524 994 548 unionis
1020 524 1122 547 attribuit

272 572 297 588 ea
321 574 330 586 a
343 572 402 594 quae
420 565 564 593 pertinebant
581 565 610 587 ad
627 566 762 592 mysterium
781 565 953 593 incarnationis,
970 565 1083 592 passionis
1100 568 1122 587 et

271 605 437 632 redemptionis
450 613 470 633 n,
488 605 595 626 scientiae
607 610 663 626 vero
676 603 891 633 comprehensionis
907 610 933 626 ea
952 610 1011 632 quae
1032 612 1042 623 (ι
1056 604 1121 631 perti-

272 647 326 666 nent
342 644 371 666 ad
389 650 455 666 suam
473 643 570 671 gloriam
589 646 610 665 et
627 649 736 671 suorum,
762 642 785 665 id
811 646 856 671 est,
874 643 965 664 illorum
983 649 1042 671 quae
1060 642 1122 665 ordi*-

271 686 355 706 nantur
372 683 402 705 ad
419 683 480 704 illam
493 691 514 704 ».

335 721 417 749 Opinio
435 721 462 749 5,
475 727 535 749 quae
553 721 672 749 distinguit
689 722 711 743 in
730 721 776 743 Deo
794 720 883 743 obiecta
901 721 1008 743 scientiae
1025 719 1121 743 visionis

271 764 293 783 et
310 759 423 789 simplicis
440 759 623 789 intelliqeiztz'ae,
651 762 685 782 est
711 760 733 782 S.
760 760 863 781 Thomae
887 762 909 781 et
927 760 985 781 inter
1003 759 1121 787 theologos

271 800 424 823 communior.
442 800 529 821 Tamen
548 805 576 821 ne
594 800 650 821 haec
672 799 767 827 quidem
793 801 854 821 caret
878 798 1050 820 difficultatibus
1072 800 1121 820 tum

271 839 349 868 quoad
366 838 526 862 extensionem
543 838 647 860 eiusdem
665 837 693 859 ad
706 838 782 859 omnia
795 843 855 866 quae
871 837 910 859 Dei
922 838 1014 859 scientia
1026 837 1121 859 visionis

271 878 458 906 comprehendit,
476 881 524 900 tum
542 877 620 906 quoad
638 876 813 905 limitationem,
833 883 877 905 qua
891 876 1043 898 excluduntur
1061 875 1121 898 obie-

270 919 305 940 cta
323 916 436 946 simplicis
461 915 578 939 scientiae.
604 916 717 944 Respectu
735 916 796 938 enim
815 916 922 938 scientiae
938 914 1034 937 visionis
1052 916 1120 943 primi

270 957 339 979 huius
357 957 471 984 opinionis
489 956 621 978 defensores
639 955 761 983 putabant,
774 955 848 977 Deum
862 961 903 982 per
923 955 1041 977 scientiam
1054 954 1121 976 visio-

270 997 306 1018 nis
321 996 449 1018 nullatenus
467 1001 607 1023 cognoscere
624 994 733 1022 infinita,
748 994 789 1016 sed
800 994 934 1022 simpliciter
949 993 1034 1024 sinito,
1049 999 1120 1022 quam

270 1036 409 1063 positionem
427 1035 449 1056 S.
468 1035 550 1056 Thom.
563 1035 607 1056 iam
621 1035 642 1056 in
661 1033 789 1056 Comment.
802 1033 848 1061 (hic
866 1040 885 1055 a.
904 1034 925 1055 2.
943 1034 1085 1062 quaestiunc.
1099 1034 1119 1055 2.

270 1073 300 1096 ad
318 1073 349 1102 2.)
368 1074 483 1101 restringit
500 1073 602 1095 addens:
616 1080 626 1093 (1
639 1074 707 1095 sciret
723 1075 799 1094 tamen
817 1072 911 1101 (scilicet
928 1072 1031 1100 infinita),
1049 1073 1067 1094 si
1084 1078 1121 1100 ge-

270 1113 358 1135 neratio
370 1113 392 1134 in
405 1112 507 1134 futurum
523 1118 642 1140 nunquam
655 1114 765 1139 cessaret,
784 1111 847 1140 quod
866 1111 912 1133 Deo
929 1115 963 1134 est
981 1111 1119 1139 possibile».

272 1151 317 1173 Sed
335 1151 396 1173 idem
414 1153 492 1178 postea
510 1151 531 1172 in
550 1151 641 1178 Quaest.
660 1150 720 1178 disp.
730 1150 758 1172 de
771 1150 840 1172 Verit.
859 1150 891 1178 (q.
910 1150 946 1171 20.
964 1156 984 1171 a.
1003 1149 1023 1172 4.
1042 1149 1071 1171 ad
1093 1150 1119 1177 l.)

271 1193 293 1212 et
310 1191 331 1211 in
350 1190 412 1212 Sum.
432 1189 473 1217 (111.
491 1196 513 1218 q.
533 1190 568 1211 10.
586 1196 606 1211 a.
626 1189 657 1217 3.)
675 1192 735 1211 recte
758 1190 849 1216 asserit,
876 1189 940 1218 quod
966 1189 1005 1211 Dei
1028 1189 1119 1211 scientia

270 1229 366 1251 visionis
383 1230 451 1251 etiam
469 1229 490 1250 in
509 1230 551 1250 hac
577 1228 721 1256 providentia
740 1234 764 1250 se
781 1228 888 1250 extendat
904 1229 981 1256 aliquo
999 1228 1069 1250 modo
1091 1228 1119 1250 ad

271 1267 379 1297 infinita,
397 1268 415 1289 si
433 1267 607 1290 considerantur
623 1273 649 1289 ca
668 1273 727 1295 quae
739 1268 761 1288 in
772 1266 876 1296 potentia
889 1269 1046 1289 creaturarum
1059 1270 1119 1294 sunt,

270 1310 293 1330 et
309 1306 423 1329 volubiles
441 1307 589 1334 cogitationes
607 1306 748 1328 daemonum
766 1312 808 1334 per
821 1309 890 1328 totam
903 1307 1059 1328 aeternitatem
1072 1312 1121 1328 suc-

271 1347 359 1369 cessive
376 1346 517 1368 continuatae
535 1348 556 1367 et
573 1351 619 1367 uno
637 1348 688 1367 actu
706 1351 717 1367 a
736 1345 783 1367 Deo
800 1345 845 1366 iam
863 1346 933 1367 visae.
948 1345 1070 1373 Quomodo
1083 1352 1121 1367 au-

270 1389 316 1408 tem
334 1386 434 1413 potentia
454 1385 544 1406 animae
570 1384 651 1406 Christi
677 1384 810 1412 simpliciter
835 1383 896 1406 finita
922 1385 977 1407 actu
1003 1385 1121 1412 cognoscit

270 1424 358 1446 obiecta
376 1429 473 1445 numero
498 1423 603 1445 infinita?
630 1422 687 1444 Huic
704 1422 825 1444 obiectioni
843 1423 913 1444 variis
930 1422 1121 1450 responsionibus

270 1466 394 1485 occurrunt
406 1462 513 1489 theologi,
526 1462 566 1490 qui
579 1465 708 1490 sequuntur
721 1462 778 1483 hanc
790 1462 860 1489 viam,
873 1462 894 1483 in
907 1462 988 1489 primis
1000 1462 1021 1483 S.
1037 1462 1120 1484 Thom.

269 1503 291 1524 in
310 1503 373 1524 Sum.
391 1505 412 1524 et
431 1502 459 1524 de
477 1501 546 1524 Verit.
565 1502 620 1523 locc.
638 1502 683 1523 citt.
702 1501 804 1523 Attamen
823 1500 881 1523 adeo
899 1502 978 1528 gravis
994 1502 1050 1523 haec
1062 1501 1121 1523 diffi-

270 1541 342 1564 cultas
358 1541 407 1563 visa
425 1543 459 1563 est
476 1540 590 1562 Richardo
608 1546 620 1562 a
638 1540 695 1562 Med.
714 1540 760 1568 (hic
778 1546 797 1561 a.
816 1540 836 1562 2.
855 1546 876 1568 q.
895 1540 939 1568 3.),
953 1543 977 1562 ut
991 1540 1041 1568 ipse
1052 1541 1120 1562 etiam

270 1580 347 1609 quoad
365 1580 483 1602 scientiam
501 1578 596 1602 visionis
614 1579 771 1601 limitationem
789 1578 906 1607 quandam
926 1582 1009 1601 statuat
1026 1579 1120 1601 dicens:

273 1628 283 1639 ε(
296 1618 383 1647 Credo,
402 1619 465 1647 quod
485 1619 570 1645 <anima
594 1618 686 1646 Christi)
704 1621 755 1640 actu
772 1618 836 1640 videt
852 1619 873 1640 in
892 1618 970 1641 Verbo
988 1619 1055 1641 simul
1074 1625 1121 1640 om-

268 1659 304 1681 nia
322 1659 463 1686 praesentia,
482 1658 603 1685 praeterita
621 1660 643 1679 et
659 1657 748 1685 sutura,
762 1657 878 1686 loquendo
896 1658 924 1680 de
941 1657 989 1680 illis
1006 1657 1076 1680 rebus
1088 1658 1121 1680 su-

268 1698 336 1725 turis,
354 1703 454 1726 quarum
472 1703 515 1719 una
533 1697 569 1718 alii
589 1702 632 1719 non
652 1697 760 1719 succedet
776 1697 825 1719 sine
843 1696 900 1724 fine,
918 1696 981 1725 quod
999 1696 1051 1719 dico
1070 1703 1121 1725 pro-

267 1740 319 1766 pter
343 1736 486 1764 cognitiones
512 1736 631 1757 hominum
657 1739 679 1758 et
704 1736 844 1763 Angelorum
866 1736 887 1757 in
906 1736 1001 1763 proprio
1018 1742 1118 1764 genere,

268 1782 367 1805 quarum
386 1781 429 1798 una
443 1775 478 1797 alii
492 1775 574 1802 poterit
585 1774 710 1796 succedere
727 1775 775 1795 sine
788 1773 832 1795 fine
848 1782 869 1796 n.
883 1787 913 1789 —
927 1775 998 1797 Etiam
1018 1775 1120 1797 limitatio

267 1815 373 1838 scientiae
390 1813 471 1836 Christi
485 1820 526 1841 per
541 1812 704 1836 exclusionem
716 1812 860 1834 obiectorum
877 1812 990 1841 simplicis
1009 1813 1120 1837 scientiae

268 1856 362 1882 propter
374 1853 489 1882 quaedam
501 1852 572 1874 verba
585 1852 716 1879 Scripturae
733 1854 755 1873 et
773 1851 863 1874 l‘atrum
881 1858 926 1873 non
942 1852 1034 1874 videtur
1051 1859 1119 1880 posse

268 1892 358 1920 concipi
376 1894 400 1914 ut
416 1891 516 1913 exclusio
533 1889 612 1913 totalis
620 1898 629 1917 ,·
647 1892 669 1912 et
686 1891 704 1912 si
721 1895 766 1911 non
784 1892 818 1911 est
835 1889 927 1918 totalis,
947 1890 986 1912 ubi
1004 1894 1056 1913 sunt
1078 1894 1119 1913 ter-

267 1932 323 1954 mini
342 1931 441 1959 ponendi
459 1930 509 1958 (cfr.
527 1936 596 1958 supra
615 1935 668 1957 pag.
687 1929 745 1957 313,
764 1932 814 1951 nota
833 1929 875 1957 5)⁶.²
896 1930 968 1952 Huius
981 1930 1119 1953 difficultatis

267 1970 403 1998 ponderatio
421 1970 545 1997 praecipue
564 1969 635 1991 movit
647 1969 668 1990 S.
682 1969 767 1990 Bonav.
780 1968 809 1991 ad
822 1969 889 1990 aliam
902 1969 1038 1991 solutionem
1051 1976 1118 1998 quae-

268 2009 377 2034 rendam,
396 2011 420 2030 ut
436 2009 458 2029 in
477 2007 521 2029 tine
539 2008 679 2036 quaestionis
697 2008 746 2035 ipse
764 2008 870 2029 affirmat.
888 2009 991 2030 Attamen
1009 2009 1058 2036 ipse
1071 2009 1118 2036 opi-

268 2049 360 2070 nionem
379 2048 399 2069 5.
418 2054 463 2069 non
489 2046 609 2075 reprobat,
636 2053 695 2075 quae
713 2047 755 2074 ipsi
773 2046 865 2069 ridetur
882 2053 932 2069 esse
951 2055 962 2067 «
975 2048 1029 2070 satis
1048 2048 1118 2069 facilis

268 2091 290 2110 et
306 2086 446 2109 rationabilis
459 2094 479 2108 ».

1243 292 1265 314 ll.
1283 292 1364 314 Sextus
1381 292 1465 314 modus
1482 292 1585 314 solvendi
1603 299 1614 314 a
1633 293 1655 314 S.
1673 293 1771 320 Bonav.,
1797 294 1815 315 si
1838 299 1883 315 non
1901 295 1935 316 est
1951 295 2026 322 primo

1179 329 1209 352 ab
1226 331 1276 358 ipso
1293 331 1411 359 inventus,
1429 331 1508 353 saltem
1526 331 1639 353 subtiliter
1655 334 1678 353 et
1694 332 1812 359 ingeniose
1832 335 1866 354 est
1891 333 2025 361 explicatus,

1180 371 1205 391 ut
1221 369 1267 391 iam
1284 370 1398 393 insinuant
1416 370 1503 392 verba:
1520 379 1530 390 α
1544 371 1619 398 magis
1636 372 1735 393 conatus
1746 376 1800 393 susm
1819 373 1895 393 tenere
1907 379 1916 391 n
1933 371 1964 397 (in
1982 371 2026 393 fine

1180 408 1286 436 quaest.).
1303 408 1392 430 Nullam
1411 409 1478 431 huius
1491 408 1553 431 modi
1566 409 1697 432 invenimus
1709 409 1757 431 fleri
1770 411 1908 432 mentionem
1925 411 1947 432 in
1964 417 2027 438 prae-

1180 447 1315 470 cedentibus
1326 448 1459 470 auctoribus
1476 454 1517 470 nec
1537 449 1558 470 in
1571 448 1681 476 operibus
1693 449 1714 471 S.
1728 449 1843 477 Thomae;
1857 452 1944 472 tantum
1957 456 2027 478 quae-

1180 486 1233 508 dam
1258 486 1329 508 verba
1348 487 1370 508 B.
1389 486 1474 509 Alberti
1492 487 1539 515 (hic
1555 494 1574 509 a.
1593 488 1613 509 2.
1632 487 1661 510 ad
1683 488 1710 515 l.)
1736 488 1832 510 eandem
1858 488 2026 510 distinctionem

1179 525 1296 547 insinuare
1313 526 1434 555 videntur,
1452 532 1505 548 cum
1523 527 1573 554 ipse
1590 527 1650 549 dicat
1667 526 1695 548 de
1712 527 1801 549 visione
1819 527 1840 548 in
1854 526 1943 555 Verbo,
1962 527 2025 555 quod

1183 572 1193 583 «
1202 564 1287 586 scilicet
1300 565 1376 593 quoad
1390 564 1503 588 obiectum
1516 569 1550 588 est
1563 572 1622 587 unus
1634 569 1747 593 aspectus,
1761 571 1808 594 quo
1820 568 1873 588 sunt
1884 566 1971 593 omnia,
1984 565 2026 588 sed

1179 603 1257 631 quoad
1282 602 1425 626 intellectum
1450 603 1620 627 discernentem
1646 610 1690 626 non
1713 608 1786 632 potest
1803 611 1853 627 esse
1870 607 1933 626 actus
1951 611 2025 632 unus,

1179 642 1232 670 quia
1250 641 1292 663 alia
1311 643 1432 664 conversio
1449 645 1482 665 est
1499 643 1628 666 secundum
1645 644 1726 666 [totum
1743 643 1772 665 ad
1790 644 1845 671 hoc,
1863 646 1884 665 et
1901 643 1942 665 alia
1961 643 1988 665 ad
2001 643 2027 665 il-

1179 680 1218 702 lud
1232 687 1252 708 u;
1270 683 1292 703 et
1309 681 1378 708 paulo
1396 684 1448 709 post
1464 682 1525 709 vult,
1544 682 1607 711 quod
1626 688 1669 704 non
1691 690 1701 702 α
1713 688 1807 709 semper
1823 683 1896 704 simus
1908 683 1929 704 in
1942 682 2024 704 eodem

1178 721 1229 741 actu
1247 720 1404 742 conversionis
1416 729 1437 742 u.
1456 721 1551 748 insuper
1567 727 1609 743 nec
1625 722 1674 749 ipse
1692 721 1714 743 S.
1732 721 1817 743 Bonav.
1835 721 1857 743 in
1875 721 1985 743 anecdota
1997 720 2027 743 de

1179 758 1261 780 eodem
1280 761 1416 786 argumento
1435 761 1569 788 quaestione
1587 761 1631 782 iam
1650 761 1715 782 citata
1733 763 1899 782 commemorat
1917 760 1976 782 hanc
1992 766 2027 782 so-

1179 796 1288 819 lutionem
1306 797 1342 819 vel
1360 801 1496 825 argumenta
1522 804 1565 826 pro
1588 798 1670 820 eadem
1688 799 1724 821 hic
1741 799 1823 826 relata,
1841 798 1881 820 sed
1899 799 1975 826 potius
1992 804 2026 820 ea-

1179 836 1232 858 dem
1250 838 1321 859 utitur
1338 837 1492 865 distinctione,
1519 844 1563 866 qua
1590 838 1651 860 Alex.
1674 838 1721 860 Hal.
1740 841 1762 861 et
1779 838 1814 860 alii
1832 838 1853 860 5.
1871 838 1972 865 opinioni
1989 837 2026 859 ad-

1179 875 1309 903 haerentes,
1328 876 1419 898 mutatis
1431 878 1517 898 tantum
1530 876 1615 898 verbis.
1634 876 1756 904 Distinguit
1767 877 1827 898 enim
1841 876 1871 898 ibi
1884 877 1905 898 in
1918 876 1965 898 Deo
1977 878 2025 898 tum

1178 915 1296 942 exemplar
1319 914 1434 943 factivum
1460 916 1481 937 et
1501 914 1676 944 dispositamm,
1695 916 1717 937 in
1743 922 1790 944 quo
1815 916 1916 938 relucent
1938 914 2025 937 obiecta

1179 960 1275 975 numero
1293 954 1365 982 finita,
1383 954 1467 976 scilicet
1479 960 1538 982 quae
1550 957 1613 982 sunt,
1631 955 1723 977 suerunt
1734 957 1756 977 et
1768 958 1844 982 erunt,
1858 957 1879 977 et
1891 955 1954 983 quod
1966 960 2026 977 com-

1179 992 1329 1020 prehenditur
1354 992 1383 1015 ab
1401 994 1475 1015 anima
1494 992 1587 1021 Christi,
1606 997 1655 1016 tum
1672 994 1790 1021 exemplar
1807 993 1983 1023 expressivum,
2002 994 2025 1016 in

1178 1037 1225 1060 quo
1243 1032 1345 1054 relucent
1362 1032 1460 1059 infinita,
1479 1039 1539 1061 quae
1556 1032 1617 1054 Deus
1625 1033 1704 1061 polest
1718 1033 1793 1055 facere
1810 1035 1832 1055 et
1848 1033 1981 1060 intelligere.
1993 1032 2025 1055 De

1178 1072 1222 1093 hoc
1239 1074 1315 1093 autem
1333 1072 1435 1094 secundo
1453 1072 1517 1099 dicit,
1536 1072 1599 1100 quod
1617 1073 1691 1093 anima
1715 1071 1796 1094 Christi
1823 1072 1877 1094 illud
1898 1078 1942 1094 non
1966 1078 2026 1094 com-

1178 1110 1309 1139 prehendit,
1323 1110 1362 1132 sed
1376 1114 1450 1133 tamen
1469 1111 1491 1132 in
1504 1111 1558 1132 illud
1572 1112 1642 1133 fertur
1658 1116 1701 1140 per
1717 1110 1817 1134 rmodum
1833 1117 1951 1138 excessus,
1970 1119 1980 1131 α
1990 1116 2024 1133 ex-

1178 1149 1268 1170 cessivo
1286 1149 1387 1177 quodam
1404 1149 1475 1171 modo
1492 1149 1603 1177 erigendo
1620 1156 1645 1171 se
1657 1156 1725 1177 supra
1739 1156 1763 1171 se
1776 1150 1849 1177 ipsam
1863 1158 1883 1176 n,
1896 1149 2024 1172 secundum

1178 1188 1305 1210 doctrinam
1324 1188 1424 1216 Dionysii
1442 1188 1480 1216 (de
1498 1188 1589 1215 Mystica
1608 1188 1687 1210 Theol.
1706 1194 1724 1211 c.
1746 1189 1752 1210 1
1767 1196 1772 1216 ;
1791 1189 1829 1210 cfr.
1844 1189 1866 1210 ll.
1879 1189 1939 1211 Sent.
1952 1188 1974 1210 d.
1987 1188 2024 1210 23.

1178 1234 1197 1249 a.
1212 1228 1232 1248 2.
1246 1234 1267 1255 q.
1281 1228 1300 1249 3,
1314 1227 1343 1249 ad
1353 1228 1378 1255 G;
1392 1227 1504 1256 Breviloq.
1519 1233 1540 1255 p.
1552 1227 1577 1249 V.
1588 1233 1607 1249 c.
1620 1228 1644 1255 6;
1659 1228 1730 1250 itiner.
1744 1229 1826 1250 mentis
1838 1229 1859 1249 in
1873 1228 1946 1250 Deum
1956 1234 1974 1250 c.
1984 1227 2024 1256 7.).

1180 1266 1275 1288 Videtur
1285 1267 1363 1294 igitur,
1376 1266 1437 1294 quod
1449 1267 1470 1288 S.
1484 1267 1568 1289 Bouav.
1582 1268 1643 1289 hunc
1655 1270 1743 1289 sextum
1756 1267 1852 1289 modum
1865 1267 1969 1289 solvendi
1979 1273 2024 1289 am-

1178 1306 1258 1333 plexus
1275 1306 1314 1333 sit,
1329 1309 1451 1334 postquam
1465 1309 1603 1328 memoratas
1615 1307 1760 1335 quaestiones
1773 1306 1899 1334 disputatas
1910 1307 1954 1328 iam
1973 1307 2025 1328 scri-

1178 1345 1229 1372 psit.
1248 1344 1335 1366 Tamen
1353 1344 1420 1366 etiam
1434 1345 1455 1366 in
1474 1344 1586 1373 Brevitoq.
1606 1346 1637 1373 (p.
1652 1346 1687 1367 lV.
1706 1352 1724 1368 c.
1744 1346 1774 1374 6.)
1792 1349 1915 1374 utrumque
1928 1345 2023 1368 modum

1180 1386 1203 1405 ut
1221 1382 1364 1410 probabilem
1383 1384 1482 1406 insinuat
1498 1384 1587 1412 dicens,
1601 1384 1685 1406 infinita
1699 1386 1806 1412 cognosci
1823 1393 1832 1404 a
1845 1385 1977 1413 cognitione
1989 1385 2025 1407 ha-

1178 1422 1264 1450 bituali,
1277 1421 1314 1445 cel
1325 1423 1440 1444 excessiva
1451 1431 1472 1444 ».
1486 1423 1588 1444 Eundem
1602 1423 1698 1445 modum
1711 1427 1819 1452 tanquam
1833 1423 1977 1452 probabilem
1989 1430 2025 1446 re-

1179 1462 1221 1483 fert
1233 1461 1338 1483 Richard.
1350 1468 1360 1483 a
1372 1462 1437 1490 tiled„
1448 1463 1487 1484 loc.
1498 1463 1533 1484 cit.
1545 1469 1566 1491 q.
1577 1462 1597 1491 4,
1608 1466 1629 1485 et
1639 1463 1738 1490 praefert
1747 1464 1805 1485 Scot.
1817 1464 1862 1491 (hic
1874 1470 1896 1492 q.
1907 1464 1927 1485 2.
1939 1470 1959 1485 n.
1970 1464 2025 1492 20.)‚

1178 1502 1207 1523 ita
1225 1504 1312 1529 tamen,
1326 1504 1349 1523 ut
1361 1502 1466 1530 quintum
1485 1502 1580 1524 modum
1599 1505 1689 1529 reputet
1706 1508 1755 1524 esse
1774 1508 1817 1524 non
1840 1502 2026 1530 improbabilem.

1243 1540 1274 1562 111.
1288 1540 1344 1562 Tota
1358 1541 1414 1562 haec
1426 1541 1508 1562 solutio
1521 1541 1605 1562 innitur
1617 1542 1735 1568 principiis
1747 1541 1768 1562 in
1783 1541 1926 1569 praecedenti
1938 1543 2025 1570 quaest.

1178 1579 1305 1607 explicatis,
1323 1583 1345 1601 et
1362 1579 1432 1601 clavis
1449 1579 1478 1601 ad
1496 1579 1644 1607 aperiendam
1662 1581 1786 1608 genuinam
1804 1580 1974 1608 intelligentiam
1987 1581 2026 1603 hu-

1180 1619 1215 1639 ius
1232 1618 1349 1640 doctrinae
1375 1619 1411 1640 hic
1436 1619 1458 1640 in
1484 1624 1548 1646 corp.
1566 1621 1587 1640 et
1610 1619 1734 1646 praecipue
1751 1620 1773 1641 in
1792 1620 1858 1641 solut.
1876 1620 1904 1642 ad
1922 1620 1942 1641 3.
1961 1621 1982 1642 et
2004 1620 2025 1642 8.

1179 1658 1322 1685 proponitur.
1344 1656 1521 1679 Observandum
1539 1661 1615 1680 autem
1633 1661 1678 1686 est,
1697 1658 1718 1679 S.
1737 1658 1871 1686 Doctorem,
1892 1658 1949 1680 dum
1967 1659 2025 1680 hanc

1178 1697 1240 1718 viam
1259 1697 1369 1724 praefert,
1389 1697 1482 1719 minime
1500 1697 1629 1725 intendere,
1647 1697 1765 1720 actualem
1782 1698 1872 1720 animae
1891 1697 1973 1720 Christi
1991 1704 2026 1720 co-

1179 1736 1305 1763 gnitionem
1318 1736 1367 1757 sive
1380 1736 1586 1758 considerationem
1599 1737 1748 1764 restringere,
1762 1743 1832 1766 quam
1844 1738 1955 1765 supponit
1966 1743 2026 1759 com-

1177 1774 1321 1803 prehendere
1338 1781 1408 1803 quam
1435 1775 1532 1803 plurima
1551 1776 1618 1803 scita,
1636 1775 1677 1797 sed
1695 1776 1781 1804 potius,
1799 1776 1940 1799 admittendo
1957 1777 2024 1799 etiam
2054 1789 2062 1795 ν

1177 1814 1242 1842 quasi
1261 1812 1418 1841 habitualem,
1439 1814 1487 1836 vult
1505 1814 1615 1842 probare,
1634 1815 1750 1837 scientiam
1763 1814 1845 1837 Christi
1862 1821 1912 1837 esse
1929 1815 2024 1838 illimita-

1177 1856 1234 1880 tam,
1253 1855 1275 1874 et
1291 1853 1335 1875 hoc
1347 1853 1416 1875 modo
1434 1855 1456 1875 et
1472 1854 1617 1875 auctoritates
1629 1853 1759 1880 Scripturae
1777 1854 1915 1882 Patrumque
1927 1854 2023 1883 salvare,

1176 1894 1197 1913 et
1215 1892 1376 1919 theologorum
1393 1892 1516 1913 sententias
1532 1891 1575 1914 sibi
1593 1892 1718 1914 contrarias
1736 1898 1778 1919 pro
1796 1898 1860 1914 more
1877 1899 1919 1915 suo
1936 1894 1958 1914 in
1971 1899 2025 1915 con-

1177 1930 1279 1952 cordiam
1297 1930 1410 1958 redigere.
1423 1942 1453 1945 —
1463 1929 1569 1952 Ceterum
1587 1931 1609 1952 in
1622 1937 1647 1953 re
1658 1930 1688 1953 ab
1705 1931 1817 1953 intellectu
1836 1931 1937 1953 humano
1946 1932 1978 1957 ,ita
1989 1938 2025 1954 re-

1177 1972 1237 1991 mota
1255 1972 1277 1991 et
1294 1973 1388 1997 propter
1400 1970 1534 1997 opinionum
1549 1970 1680 1992 varietatem
1694 1970 1803 1998 ambigua
1816 1977 1860 1993 non
1877 1971 2023 1999 evidentiam,

1176 2008 1216 2030 sed
1234 2008 1418 2036 probabilitatem
1438 2011 1524 2030 tantum
1542 2010 1633 2037 assequi
1651 2015 1783 2037 possumus.

1239 2047 1276 2070 lV.
1294 2048 1384 2069 Praeter
1401 2051 1506 2070 auctores
1523 2049 1619 2070 citatos:
1638 2049 1696 2071 Petr.
1714 2055 1725 2070 a
1744 2049 1808 2077 Tar.,
1827 2049 1863 2071 hic
1880 2056 1900 2071 a.
1918 2049 1938 2071 4.
1955 2056 2023 2078 quae-

1175 2087 1257 2109 stiunc.
1276 2087 1296 2108 2.
1314 2099 1346 2103 -
1363 2087 1475 2115 Duran(l.,
1494 2088 1530 2110 hic
1547 2094 1569 2116 q.
1591 2088 1608 2109 l.
1625 2100 1657 2104 —
1674 2088 1754 2116 Diony.
1772 2087 1858 2116 Carth.,
1877 2089 1913 2111 hic
1930 2095 1952 2118 q.
1970 2090 1991 2111 2.

986 2161 1222 2196 ARTICULUS
1248 2163 1301 2195 ΙΙΙ.

715 2245 756 2272 De
777 2244 910 2278 scientia,
932 2253 1023 2282 quam
1044 2244 1148 2273 anima
1171 2244 1283 2273 Christi
1303 2244 1406 2273 habuit
1426 2254 1446 2273 ct
1476 2245 1571 2274 Verbo.

347 2320 554 2357 Consequenter
576 2319 721 2356 quaeritur
750 2319 784 2348 de
806 2319 933 2354 scientia,
955 2327 1039 2356 quam
1062 2319 1117 2347 ani-

267 2375 313 2394 ma
334 2366 435 2395 Christi
458 2366 556 2394 habuit
577 2374 593 2394 a
624 2365 728 2400 Verbo.
750 2369 777 2394 et
809 2366 882 2394 circa
904 2366 956 2394 1100
978 2373 1116 2403 quaerun-

267 2417 315 2442 tur
335 2414 397 2441 tria.

347 2459 438 2488 Primo
459 2460 618 2497 quaeritur,
640 2462 736 2488 utrum
759 2459 883 2496 aliquam
905 2459 1049 2488 scientiam
1069 2460 1116 2488 ha—

267 2506 361 2535 buerit
381 2506 474 2535 anima
495 2506 597 2535 Christi
618 2515 634 2534 a
656 2506 748 2535 Verbo
779 2510 891 2544 praeter
922 2507 999 2535 illam
1029 2515 1112 2544 quam

267 2552 367 2581 habuit
388 2553 415 2581 in
436 2553 536 2582 Verbo.
1085 2564 1089 2567 >

1253 2320 1380 2348 Secundo
1401 2321 1560 2356 quaeritur,
1576 2324 1673 2349 utrum
1689 2321 1845 2350 secundum
1868 2321 1944 2350 illam
1959 2329 2020 2358 pro-

1172 2366 1286 2400 fecerit,
1307 2370 1356 2394 aut
1377 2367 1412 2395 ab
1434 2367 1511 2395 initio
1532 2367 1663 2396 habuerit
1685 2375 1745 2396 eam
1768 2368 1928 2405 perfectam.

1251 2413 1343 2441 Tertio
1363 2413 1525 2450 quaeritur,
1546 2416 1642 2442 utrum
1666 2414 1739 2443 Deus
1755 2414 1883 2443 debuerit
1898 2423 2020 2443 commu-

1171 2459 1264 2488 nicare
1285 2460 1394 2488 animae
1416 2460 1517 2489 Christi
1538 2461 1781 2497 omnipotentiam,
1803 2461 1875 2490 sicut
1896 2469 2019 2490 commu-

1172 2506 1274 2535 nicavit
1295 2506 1525 2536 omniscientiam.

1044 2628 1207 2665 QUAESTIO
1228 2629 1245 2656 Ι.

454 2703 558 2731 Utrum
582 2702 717 2732 Christus
739 2702 876 2731 habuerit
896 2703 989 2731 ciliani
1010 2703 1164 2732 scientiam
1183 2707 1303 2740 praeter
1324 2703 1407 2732 illam
1429 2712 1519 2742 quam
1541 2703 1645 2733 habuit
1664 2705 1695 2733 in
1722 2705 1819 2733 Verbo.

346 2777 423 2806 Circa
438 2778 562 2814 primum
579 2778 617 2807 sic
632 2778 794 2815 proceditur
809 2781 836 2806 et
850 2778 1005 2815 quaeritur,
1016 2781 1113 2807 utrum

266 2825 394 2854 Christus
414 2825 546 2853 habuerit
566 2825 649 2853 aliam
671 2825 814 2854 scientiam
846 2833 862 2853 a
889 2825 981 2853 Verbo
1002 2829 1114 2862 praeter

267 2871 343 2899 illam
372 2880 456 2908 quam
488 2871 587 2900 habuit
616 2872 644 2900 in
666 2872 766 2901 Verbo.
790 2872 820 2900 Et
851 2872 926 2909 quod
952 2880 1007 2900 non
1028 2872 1113 2901 fuerit

265 2917 361 2954 aliqua
382 2918 531 2946 necessitas
553 2918 672 2947 habendi
695 2919 794 2952 aliam,
816 2919 942 2947 videtur:

1253 2780 1277 2807 1.
1299 2779 1390 2807 Primo
1413 2787 1462 2816 per
1494 2779 1564 2808 illud
1596 2780 1671 2816 quod
1703 2779 1770 2808 dicit
1790 2780 2014 2809 Damascenus1:
2030 2787 2059 2806 Λα
2071 2789 2147 2812 opposi-

1176 2825 1445 2862 «Quemadmodum
1467 2834 1532 2854 caro
1553 2826 1673 2855 hominis
1694 2826 1849 2855 secundum
1872 2827 2014 2864 propriam

1170 2876 1298 2901 naturam
1332 2881 1386 2901 11011
1418 2876 1459 2901 est
1491 2873 1676 2907 vivificativa,
1704 2873 1813 2901 Domini
1835 2877 1928 2902 autem
1951 2882 2015 2903 caro

1169 2919 1248 2947 unita
1269 2919 1424 2948 secundum
1451 2919 1622 2957 hypostasim
1654 2919 1706 2956 ipsi
1738 2919 1794 2947 Deo
1817 2919 1907 2948 Verbo
1930 2920 2016 2949 vivifi-

330 3010 337 3025 ¹
355 3011 417 3033 Libr.
435 3011 467 3033 111.
486 3011 515 3034 de
533 3012 586 3034 Fide
603 3013 693 3035 orthod.
711 3018 730 3035 c.
749 3014 785 3035 21.
801 3025 832 3029 —
849 3013 870 3035 ln
888 3014 988 3036 conclus.
1007 3020 1055 3041 arg⁴
1074 3020 1116 3042 pro
1133 3019 1182 3036 non
1195 3015 1294 3043 potest...
1306 3020 1354 3037 non
1371 3015 1494 3043 cognoscet
1511 3014 1563 3036 edd.
1581 3019 1629 3036 non
1645 3014 1745 3042 posset...
1756 3019 1804 3036 non
1823 3015 1978 3043 coynosceret.
