2166 3366
0 599 2 603 ,
12 585 101 604 Iudicium
115 585 138 603 de

0 624 1 628 ,
23 608 59 627 hoc
71 609 131 626 modo.

14 955 72 975 Solvit
83 962 138 980 qnae-

22 979 107 1001 stiouem,
117 982 137 998 ut

22 1007 62 1021 eam
84 1004 136 1027 ponit.

21 1026 125 1045 Anselmns.

11 1099 57 1119 Non.
67 1102 88 1118 ut
96 1105 137 1119 eam

18 1123 70 1147 pouit
82 1123 138 1148 Magi-

0 1153 1 1157 *
19 1148 62 1165 ster.

21 1427 92 1446 Salutio
104 1433 136 1446 au·

7 1451 65 1469 eteris
71 1453 136 1470 etecu-

8 1474 67 1493 clusio
81 1475 97 1493 ¹.

7 1707 105 1727 Conclusio
115 1709 132 1727 2.

7 1848 82 1875 Tripleg
89 1854 137 1868 com·

20 1874 98 1895 pai-auo.

7 2313 105 2334 Conclusio
116 2316 133 2334 3.

762 226 844 254 DlST.
867 227 932 255 XVl.
954 227 1025 255 ΛΒΤ.
1049 228 1065 256 Ι.
1088 229 1223 264 QUAEST.
1245 229 1284 257 ΙΙΙ.
1837 233 1888 261 351

155 304 182 328 to
196 300 278 329 modo
300 302 449 330 necessitas
470 302 590 339 patiendi
613 303 665 331 fuit
686 303 712 331 in
735 303 853 338 Christo,
870 304 997 333 videlicet

154 351 268 383 propter
299 352 421 377 nostram
449 349 677 386 redemptionem.
710 350 849 386 Quantum
872 351 945 379 enim
969 352 994 380 in

154 400 183 421 se
203 393 270 425 fuit.
292 395 482 424 necessitatem
504 396 539 424 ad
561 396 722 433 patiendum
738 405 793 425 non
808 397 914 431 habuit,
929 400 995 435 quia

154 448 203 469 nec
224 441 275 469 suit
298 441 323 469 in
345 450 377 470 eo
409 442 548 471 humanae
580 443 744 472 conditionis
765 445 921 481 corruptio,
944 453 993 473 nec

152 488 241 524 potuit
262 496 321 517 esse
343 489 462 523 coactio;
483 492 510 517 et
531 489 593 517 ideo
615 498 667 518 nou
690 493 779 526 potest
799 491 823 519 ei
846 491 993 519 convenire

152 535 301 563 necessitas
322 536 476 564 secundum
498 536 551 564 alia
578 537 630 564 tria
652 545 753 573 genera
775 545 933 566 causarum.
956 554 992 558 -

154 581 198 609 llic
220 585 312 610 autem
336 582 437 610 modus
458 582 645 619 distinguendi
672 583 738 612 satis
759 584 931 620 rationabilis
952 587 993 612 est

152 628 178 655 in
201 635 230 656 se
251 632 278 656 et
309 628 343 656 ad
376 630 566 665 quaestionem
600 631 769 667 propositam
793 631 993 659 rationabiliter

150 675 322 712 applicatur,
344 675 364 704 si
388 676 501 715 autem¹
528 681 681 713 quaeratur
704 677 738 706 de
765 678 928 706 necessitate
950 686 995 714 pa-

151 722 235 751 tiendi
257 722 284 751 iu
305 723 429 757 Christo,
452 727 535 760 prout
556 724 705 753 necessitas
726 724 847 761 patiendi
870 725 896 752 in
918 725 994 753 Chri-

150 773 191 798 sto
212 777 266 798 non
289 773 395 798 tantum
418 770 535 799 includit
562 775 672 808 tempus
691 775 756 808 post
776 772 992 806 assumtionem,

149 816 197 845 sed
219 816 301 845 etiam
324 821 391 844 ante
411 817 628 851 assumtioneni;
644 818 695 846 boc
710 821 767 852 est,
782 818 804 846 si
826 821 992 854 quaeratur,

150 867 245 892 utrum
268 864 455 892 necessarium
478 864 577 898 fuerit,
599 864 741 893 Christum
764 868 872 893 nostras
894 872 992 901 poena-

150 910 239 939 litates
261 918 417 944 assumere;
444 914 509 939 tunc
524 911 596 939 enim
614 919 711 939 verum
727 915 768 940 est
790 911 895 945 dicere,
917 911 991 948 quod

152 965 205 985 non
227 957 279 986 fuit
300 958 488 986 necessarium
521 959 571 986 nisi
594 958 756 987 necessitate
786 957 864 994 sinis.
889 958 918 986 Et
941 958 991 987 hoc

150 1004 232 1033 modo
252 1004 333 1033 istam
355 1005 544 1041 quaestionem
567 1008 666 1033 tractat
694 1005 792 1033 beatus
813 1005 959 1033 Anselmus
972 1005 990 1032 ².

228 1051 280 1079 Sed
303 1051 431 1088 Magister
461 1052 541 1080 aliter
574 1054 672 1080 tractat
698 1052 777 1079 istam
799 1051 990 1088 quaestionem

151 1099 178 1128 in
201 1099 300 1128 littera.
321 1100 435 1136 Quaerit
455 1100 545 1133 enim,
567 1103 662 1128 utrum
693 1100 743 1128 iste
774 1099 914 1131 desectus,
943 1099 990 1136 qui

150 1150 191 1175 est
213 1147 360 1176 necessitas
382 1147 520 1183 patiendi,
546 1155 608 1175 cum
641 1147 676 1175 sit
697 1147 724 1175 in
756 1147 835 1175 nobis
858 1154 907 1183 per
929 1155 991 1174 eon-

150 1194 337 1227 traetimvem,
359 1194 443 1222 suerit
464 1194 490 1222 iu
511 1193 621 1223 Christo
643 1201 692 1230 per
714 1193 914 1222 voluntariam
943 1202 991 1222 as-

147 1241 328 1270 sumtionem.
351 1241 381 1269 Et
412 1241 444 1269 ad
478 1241 549 1269 hane
581 1240 770 1277 quaestionem
801 1240 913 1268 dissolvi
937 1248 989 1268 non

148 1292 237 1326 potest
259 1296 308 1325 per
331 1287 499 1324 praedictam
529 1288 742 1316 distinctionem.
776 1288 805 1315 Et
828 1287 888 1316 ideo
909 1287 989 1315 aliter

148 1339 256 1372 oportet
278 1335 385 1366 dicere,
408 1342 461 1362 non
491 1334 555 1371 quia
577 1334 736 1371 praedictus
760 1334 859 1362 modus
880 1334 989 1362 dicendi

148 1379 305 1416 sitmalus,
321 1381 367 1410 sed
384 1382 450 1418 quia
463 1389 516 1409 non
530 1381 601 1409 valet
616 1381 649 1409 ad
664 1385 789 1409 nostrum
807 1380 989 1417 propositum.

149 1445 187 1449 —
208 1430 359 1466 sequentes
388 1429 471 1465 igitur
501 1428 664 1456 sententiam
687 1428 807 1464 Magistri
835 1428 860 1455 in
888 1428 989 1458 littera,

148 1476 240 1505 dice-re
263 1483 427 1512 possumus.
449 1475 524 1512 quod
546 1475 673 1503 Christus
693 1475 825 1503 assumsit
848 1475 929 1502 istum
946 1474 991 1502 de-

148 1523 265 1556 fectum,
287 1522 332 1559 qui
355 1526 397 1551 est
426 1522 575 1550 necessitas
600 1521 731 1558 patiendi.
753 1522 893 1558 Quantum
915 1521 988 1549 enim

148 1574 207 1598 erat
228 1569 262 1598 de
285 1569 343 1606 lege
365 1572 497 1599 naturae.
530 1576 631 1605 corpus
663 1568 732 1596 illud
755 1571 814 1596 erat
840 1567 989 1596 resolubile

148 1620 174 1644 et
194 1615 327 1648 mortale;
349 1618 376 1643 et
397 1616 448 1643 nisi
471 1615 568 1643 fnisset
589 1618 783 1643 conservatum
808 1614 989 1644 miraculose.

147 1662 299 1700 aliquando
320 1662 397 1690 senio
418 1661 571 1690 defecisset.
592 1678 632 1681 —
653 1661 854 1689 attendendum
884 1664 925 1689 est
954 1664 990 1688 ta-

147 1717 225 1743 men,
247 1709 320 1746 quod
344 1716 397 1736 non
419 1708 500 1736 omni
520 1708 602 1736 modo
623 1708 675 1736 suit
696 1707 845 1736 necessitas
867 1707 987 1744 patiendi

147 1757 172 1784 in
195 1756 319 1790 Christo,
353 1763 401 1792 per
432 1763 515 1792 quem
547 1754 660 1783 modum
694 1758 735 1783 est
767 1754 793 1782 in
822 1754 918 1782 nobis.
940 1753 987 1782 sed

146 1802 266 1839 quodam
290 1802 371 1830 modo
386 1802 439 1835 sic,
462 1801 582 1838 quodam
600 1801 682 1829 modo
704 1801 793 1829 aliter.
815 1800 900 1828 Habet
915 1801 987 1828 enim

147 1849 295 1878 necessitas
316 1848 437 1886 patiendi
469 1847 626 1884 comparari
657 1847 692 1876 ad
715 1848 782 1881 tria,
805 1847 933 1876 videlicet
953 1847 987 1875 ad

147 1904 271 1924 eausam
291 1898 318 1924 et
339 1895 374 1923 ad
396 1894 555 1923 subiectum
584 1898 610 1923 et
642 1894 676 1923 ad
698 1894 835 1922 virtutem
864 1894 988 1930 corporis

147 1943 310 1980 reyitivam.
339 1943 364 1971 Si
394 1941 586 1970 consideretur
619 1949 669 1978 per
697 1941 932 1978 comparationem
954 1941 988 1969 ad

146 1998 286 2022 eausam,
302 1989 340 2018 sic
355 1992 396 2017 est
417 1989 443 2016 in
467 1989 546 2017 nohis
560 1996 595 2017 ex
612 1988 715 2024 duplici
738 1995 838 2016 causa.
861 1987 989 2015 videlicet

146 2040 258 2074 propter
279 2036 445 2074 foeditatem
467 2035 665 2071 corruptionis
693 2034 848 2071 culpabitis
876 2038 903 2062 et
929 2042 989 2070 pro-

147 2087 207 2120 pter
228 2083 398 2121 qualitatem
419 2082 569 2110 naturalis
584 2081 808 2118 compositionis.
831 2081 894 2110 Ideo
914 2081 987 2109 euim

147 2130 282 2159 habemus
305 2129 494 2158 necessitatem
524 2129 558 2157 ad
592 2128 769 2165 patiendum,
792 2128 857 2164 quia
880 2131 987 2156 reatum

146 2176 288 2213 originalis
309 2175 412 2213 peccati
435 2175 642 2209 contrahimus,
664 2180 691 2203 et
711 2175 777 2212 quia
791 2182 827 2202 ex
843 2174 989 2203 contrariis

147 2223 293 2260 agentibus
314 2226 340 2252 et
362 2222 531 2260 patientibus
556 2222 696 2251 constituti
719 2229 833 2255 sumus,
856 2221 893 2249 ita
914 2221 988 2258 quod

147 2270 327 2299 continuam
358 2277 474 2306 corpore
507 2272 601 2297 nostro
633 2268 667 2296 sit
700 2267 839 2297 resolutio.
862 2267 989 2296 Christus

146 2320 239 2345 autem
263 2316 453 2345 necessitatem
475 2315 573 2343 habuit
595 2314 685 2343 solum
714 2322 749 2343 ex
773 2314 867 2342 attera
889 2322 988 2348 causag

146 2363 284 2400 passibilis
306 2362 377 2391 enim
401 2362 453 2390 suit
475 2370 528 2390 non
545 2365 659 2398 propter
680 2365 794 2389 reatum
807 2360 921 2397 peceati
934 2360 990 2388 ori-

144 2410 272 2448 9inali8,
295 2410 341 2438 sed
360 2413 473 2446 propter
488 2408 606 2436 modum
623 2407 690 2435 talis
712 2407 936 2443 compositionis.
951 2422 989 2426 -—

146 2456 277 2484 Similiter
310 2463 359 2492 per
391 2455 625 2492 comparationem
659 2454 695 2482 ad
726 2453 904 2486 subiectum,
935 2453 989 2481 alio

146 2503 228 2531 modo
249 2506 290 2531 est
311 2502 460 2530 necessitas
482 2501 603 2538 patiendi
626 2501 653 2528 in
675 2500 784 2528 Christo
805 2503 832 2528 et
853 2499 880 2527 in
903 2499 989 2528 nobis.

146 2549 172 2577 ln
195 2549 274 2578 nohis
294 2548 367 2577 enim
390 2551 430 2576 est
446 2547 594 2576 necessitas
620 2546 739 2583 patiendi
768 2546 826 2574 sive
848 2553 897 2582 per
919 2553 990 2573 com-

209 2707 214 2720 ¹
235 2707 262 2727 tta
281 2706 327 2728 sere
345 2711 425 2727 omnes
443 2704 510 2726 rodd.
527 2708 548 2726 et
565 2703 618 2725 edd.
640 2704 657 2725 l.
676 2704 689 2725 2
707 2703 798 2725 (melius
814 2707 874 2725 esset
891 2703 989 2730 tmnen);

146 2746 187 2768 sed
205 2746 268 2768 deest.
285 2746 306 2766 in
326 2744 374 2766 Vat.
392 2748 413 2766 ct
431 2743 481 2765 rod.
500 2745 524 2764 Α.

207 2784 217 2798 ⁴²
235 2784 294 2806 Lilir.
312 2784 333 2805 ll.
352 2783 397 2805 Cur
415 2783 475 2804 Deus
498 2783 577 2809 homo,
595 2789 613 2804 c.
635 2782 669 2803 17.
692 2787 756 2809 seqq.
768 2792 800 2797 --
815 2781 926 2802 Sententia
945 2780 989 2802 Ma-

147 2824 209 2852 gistri
228 2823 324 2845 habetur
341 2823 376 2844 hit·
394 2823 414 2843 in
434 2822 462 2844 lit.
480 2828 499 2843 c.
518 2822 538 2843 3.
550 2833 581 2837 —
594 2821 662 2842 Paulo
681 2821 773 2842 interius
786 2826 827 2847 pro
840 2819 868 2842 El
885 2819 916 2842 ml
928 2819 989 2842 hauc

146 2861 304 2891 quaestionem
322 2860 418 2883 dissolri
434 2860 502 2889 [N'at.
520 2858 674 2888 responderi]
691 2858 741 2880 cod.
758 2858 775 2880 l<
795 2857 841 2881 Sed
852 2857 908 2880 haec
921 2863 988 2887 quae-

146 2900 190 2923 stio
208 2899 316 2927 dissolri,
336 2899 390 2921 edd.
412 2900 429 2926 1,
454 2899 466 2920 2
482 2898 511 2921 lit
528 2897 577 2920 ideo
600 2897 661 2920 Ιιατιι·
679 2896 837 2926 quaestioumn
855 2896 987 2919 dissolvere.

148 2939 199 2960 Post
216 2945 287 2966 paura
306 2945 348 2966 pro
366 2937 450 2960 modu-s·
468 2936 559 2959 (licendi
575 2936 642 2959 codd.
662 2936 676 2957 N
689 2936 703 2957 Γ
722 2935 806 2957 vitellus
823 2934 986 2963 distinquendi.

209 2976 217 2991 ³
236 2977 304 3004 EpiSt.
324 2977 337 2998 Ι.
355 2977 405 2998 (lor.
429 2976 464 3003 15,
483 2976 519 2997 27.

208 3015 216 3029 ⁴
234 3016 277 3037 (Ἰν.
295 3016 318 3037 ll.
336 3017 396 3037 Sciit.
409 3015 430 3037 d.
448 3016 480 3036 19.
493 3022 512 3036 a.
532 3016 551 3036 2,
570 3021 591 3042 q.
614 3015 629 3035 t.
643 3013 670 3035 :ut
692 3014 709 3035 1,
722 3017 742 3034 ct
759 3021 777 3035 a.
796 3014 816 3034 53.
833 3019 855 3041 q.
879 3012 894 3033 1.
907 3024 934 3027 —-
946 3013 986 3034 l’ro

1053 306 1223 342 parationem
1246 307 1280 335 ad
1302 311 1462 341 naturam,
1492 308 1549 337 sive
1578 316 1628 346 per
1657 310 1892 346 comparationem

1052 352 1086 380 ad
1106 361 1273 388 personam.
1303 354 1330 381 ln
1353 354 1462 382 Christo
1493 358 1587 383 autem
1609 358 1758 385 necessitas
1779 361 1837 385 erat
1856 357 1890 386 ad
1906 364 2033 384 cont-iusim.

1052 399 1213 434 patiendum
1247 408 1299 427 non
1322 408 1372 436 per
1403 401 1636 437 comparationem
1666 402 1701 430 ad
1721 411 1892 439 personam,

1052 445 1117 480 quia
1139 446 1215 473 nulla
1238 451 1345 482 poterat
1370 448 1484 484 astringi
1508 448 1685 482 necessitate,
1707 449 1772 486 quia
1793 450 1893 478 omnia

1051 496 1136 520 erant
1164 492 1191 520 ei
1220 492 1389 526 subiecta&
1421 494 1470 522 sed
1507 502 1556 531 per
1591 496 1825 532 comparationem
1857 497 1892 525 ad

1050 543 1194 567 naturam
1225 543 1399 568 cis-sunnam.
1431 557 1469 560 —
1490 541 1621 569 Similiter
1643 549 1691 578 per
1713 543 1893 579 comparatio-

1050 593 1112 614 nem
1136 586 1169 613 ad
1194 586 1330 614 virtutem,
1350 586 1506 622 weqitivam
1528 587 1609 616 aliter
1630 592 1672 616 est
1694 589 1719 616 in
1750 589 1828 617 nobis
1850 597 1893 617 ne-

1050 632 1163 660 cessitas
1185 632 1304 669 patiendi
1327 641 1410 669 quam
1428 633 1453 660 in
1470 633 1588 662 Christo.
1611 635 1654 662 Est
1676 635 1748 663 enim
1766 636 1791 663 in
1814 636 1893 664 nobis

1050 678 1140 706 virtus
1171 678 1287 715 regitiva
1309 682 1335 707 et
1362 688 1377 707 a
1401 683 1478 715 parte
1500 684 1627 708 natm-cte
1654 685 1680 709 et
1708 690 1724 709 a
1750 686 1828 719 parte
1849 691 1894 710 vo-

1050 725 1161 753 untatis
1194 725 1364 761 regitivae⁴;
1396 730 1423 754 et
1451 730 1578 763 respectu
1607 728 1754 764 utriusque
1782 733 1823 758 est
1849 737 1893 758 ne-

1049 771 1163 799 cessitas
1183 772 1304 808 patiendi
1329 773 1354 800 in
1384 773 1471 800 uobis.
1505 773 1608 802 Etenim
1641 782 1690 802 nec
1712 778 1811 803 natura
1843 783 1891 804 nec

1049 818 1178 846 voluntas
1199 822 1288 855 potest
1310 819 1336 846 in
1369 819 1447 847 nobis
1476 819 1631 855 passionem
1655 821 1819 856 proliibere;
1849 830 1892 859 pa-

1049 864 1135 893 timur
1164 864 1256 898 enim,
1286 865 1407 893 nolimus
1439 866 1565 894 velimus.
1598 866 1625 894 ln
1658 867 1766 895 Christo
1797 872 1890 897 autem
1904 875 2002 893 Conclusio
2014 875 2035 893 5μ

1049 911 1199 940 necessitas
1221 912 1272 940 suit
1291 915 1420 948 respectu
1444 912 1556 941 virtutis
1577 913 1743 947 naturalis,
1767 915 1815 943 sed
1838 923 1891 943 non

1049 962 1178 995 respectu
1199 958 1365 986 voluntatis.
1388 959 1459 987 Nihil
1481 960 1554 987 enim
1571 960 1674 988 invitus
1695 961 1827 989 sustinuit
1843 969 1892 990 nec

1049 1004 1186 1032 sustinere
1208 1005 1314 1041 potuit.
1336 1005 1401 1041 quia
1423 1013 1476 1033 non
1499 1006 1608 1034 meruit.

1128 1051 1158 1078 Et
1179 1051 1217 1079 sic
1241 1054 1329 1087 patet.
1352 1051 1427 1088 quod
1450 1052 1599 1080 necessitas
1625 1052 1746 1088 patiendi
1768 1056 1892 1082 assumta
1914 1062 2001 1088 amingus
2015 1064 2033 1080 et

1048 1097 1100 1125 fuit
1120 1106 1136 1125 a
1158 1097 1267 1126 Christo
1288 1101 1315 1126 et
1336 1098 1362 1126 in
1385 1098 1494 1127 Christo
1516 1099 1567 1126 suit
1590 1107 1639 1135 per
1665 1100 1891 1133 assumtionem,
1907 1085 2033 1103 ⁰⁰“'¹¹³¹¹¹¹m'

1048 1147 1139 1173 tamen
1163 1153 1216 1172 non
1238 1153 1271 1173 eo
1292 1145 1391 1179 modo,
1412 1154 1468 1182 quo
1497 1146 1524 1173 in
1546 1147 1624 1174 nobis
1645 1151 1686 1175 est
1708 1155 1758 1183 per
1779 1151 1892 1176 eontra-

1047 1192 1169 1219 ctionem
1183 1191 1202 1219 ⁵.
1225 1192 1287 1220 ldeo
1308 1192 1435 1221 Christus
1457 1193 1536 1229 quasi
1570 1193 1693 1221 medium
1727 1197 1799 1222 tenet
1821 1195 1891 1223 iuter

1047 1246 1097 1266 nos
1117 1241 1145 1266 et
1165 1241 1267 1266 statum
1290 1242 1406 1267 naturae
1428 1239 1577 1268 institutae.
1599 1239 1666 1267 Nam
1690 1240 1715 1267 in
1744 1240 1823 1268 nobis
1848 1248 1892 1268 na-

1047 1288 1113 1313 tura
1133 1288 1161 1313 et
1182 1285 1311 1314 voluntas
1328 1286 1447 1322 passioni
1465 1286 1575 1320 subest3
1591 1287 1617 1314 in
1635 1287 1732 1314 Adam
1753 1295 1819 1315 vero
1835 1291 1890 1315 tam

1047 1336 1148 1360 natura
1176 1340 1259 1368 quam
1283 1332 1411 1361 voluntas
1432 1333 1550 1369 passioni
1572 1337 1713 1370 praeerat3
1734 1334 1759 1361 in
1777 1333 1890 1362 Cltristo

1048 1386 1114 1406 vero
1137 1379 1255 1415 passioni
1279 1379 1393 1407 suberat
1415 1383 1531 1413 natura,
1546 1380 1594 1408 sed
1611 1384 1738 1416 praeerat
1753 1381 1889 1409 voluntas.

1050 1425 1078 1453 Et
1101 1426 1151 1453 hoc
1174 1430 1215 1454 est
1236 1426 1311 1462 quod
1326 1426 1392 1454 dicit
1408 1426 1624 1461 Damascenusffi
1647 1428 1720 1464 quod
1748 1428 1799 1455 «in
1816 1428 1891 1456 Chri-

1047 1475 1089 1500 sto
1110 1472 1159 1500 etsi
1185 1473 1325 1508 passiones
1347 1472 1449 1501 {iebant
1473 1473 1627 1501 secundum
1651 1473 1738 1510 legem
1761 1478 1890 1508 naturae,

1047 1526 1100 1546 non
1124 1523 1214 1547 tamen
1230 1522 1331 1551 coacte,
1347 1519 1394 1548 sed
1412 1519 1568 1548 voluntarIe
1580 1531 1606 1547 ».
1623 1536 1661 1540 —
1676 1520 1888 1549 Concedendum

1046 1569 1087 1594 est
1111 1566 1208 1602 igitur,
1231 1566 1305 1602 quod
1328 1566 1353 1594 iu
1386 1566 1495 1594 Christo
1526 1566 1578 1594 fuit
1599 1567 1747 1596 necessitas
1769 1567 1888 1603 patiendi

1046 1615 1072 1640 et
1094 1612 1229 1640 moriendi
1253 1620 1306 1640 non
1328 1615 1484 1644 contracta,
1506 1613 1554 1641 sed
1576 1616 1708 1641 assumta.
1737 1613 1891 1642 Conceden-

1048 1658 1099 1687 dae
1121 1667 1187 1695 ergo
1209 1663 1273 1688 sunt
1305 1659 1425 1687 rationes
1458 1662 1485 1687 et
1515 1660 1710 1694 auctoritates,
1732 1668 1804 1697 quae
1826 1664 1890 1689 sunt

1046 1705 1080 1733 ad
1104 1709 1209 1742 partem
1234 1706 1322 1734 istam.

1129 1753 1151 1780 1.
1174 1752 1212 1780 Ad
1235 1752 1303 1780 illud
1327 1760 1394 1781 vero
1415 1753 1488 1790 quod
1511 1753 1640 1782 obiicitur
1670 1754 1695 1781 in
1718 1754 1888 1783 contrarium
1903 1760 2021 1786 Sonaioop-

1046 1799 1080 1827 de
1102 1798 1229 1827 decimo7
1252 1799 1374 1828 loannis:
1398 1800 1452 1836 Ego
1474 1808 1545 1836 pono
1567 1800 1688 1828 animam
1711 1808 1800 1829 meam
1826 1804 1890 1835 etc.;
1905 1786 2014 1806 ⁹⁰⁵¹²⁰mm

1046 1845 1212 1879 dicendum,
1244 1846 1318 1883 quod
1351 1846 1420 1874 illud
1453 1851 1494 1875 est
1528 1847 1647 1875 verbum
1668 1856 1809 1883 personae
1831 1847 1890 1876 Filii

1046 1892 1110 1926 Dei,
1132 1892 1213 1921 cuius
1229 1901 1281 1920 non
1296 1892 1348 1921 fuit
1363 1893 1512 1922 necessitas
1527 1893 1647 1930 patiendi
1672 1893 1715 1922 vel
1741 1894 1890 1928 moriendi,

1045 1939 1142 1968 nullus
1163 1939 1235 1968 enim
1260 1939 1349 1976 ipsum
1374 1942 1481 1976 poterat
1504 1940 1627 1974 laedere,
1649 1940 1699 1969 nisi
1724 1941 1781 1977 ipse
1798 1941 1891 1969 voluu-

1046 1986 1115 2014 tarie
1137 1988 1325 2022 permitteret:
1349 1986 1423 2015 unde
1456 1987 1573 2015 verbum
1597 1987 1665 2015 illud
1688 1995 1741 2015 non
1764 1987 1892 2024 intelligit

1045 2031 1178 2070 effective,
1201 2033 1248 2061 sed
1268 2033 1457 2069 permissive,
1480 2041 1529 2062 nec
1551 2033 1677 2061 excludit
1699 2034 1890 2062 necessitatem

1047 2083 1175 2116 respectu
1196 2084 1341 2113 naturae,
1364 2080 1411 2109 sed
1434 2084 1563 2117 respectu
1584 2089 1733 2117 personae.

1125 2128 1151 2154 2.
1173 2126 1211 2155 Ad
1228 2127 1295 2155 illud
1312 2127 1456 2163 Augustini
1478 2127 1553 2164 quod
1569 2127 1680 2160 dicitur⁷
1696 2127 1770 2164 quod
1786 2135 1893 2156 assum-

1046 2173 1080 2202 sit
1095 2181 1206 2202 carnem
1222 2173 1256 2202 de
1273 2173 1418 2202 altitudine
1434 2174 1573 2202 humanae
1588 2177 1720 2208 naturae3
1732 2174 1891 2208 dicendum,

1046 2220 1120 2257 quod
1143 2220 1194 2249 hoc
1217 2220 1344 2257 intelligit
1375 2220 1561 2257 Augustinus,
1593 2221 1664 2249 sicut
1692 2221 1807 2257 exponit
1830 2221 1892 2249 Boe-

1048 2267 1123 2295 thius
1134 2267 1143 2281 ⁸
1158 2271 1294 2303 quantum
1310 2267 1345 2295 ad
1360 2267 1491 2304 peccandi
1508 2267 1721 2299 immunitatem,
1738 2275 1790 2294 non
1806 2275 1892 2303 quan—

1049 2318 1106 2342 tum
1130 2314 1163 2342 ad
1191 2314 1410 2350 passibilitatem.
1443 2313 1513 2342 Dicit
1544 2314 1616 2341 enim
1644 2313 1716 2342 ide-m
1743 2313 2018 2348 Boethiusfflotandum-

1046 2360 1120 2397 quod
1150 2360 1212 2388 «de
1234 2361 1307 2388 omni
1340 2363 1413 2388 statu
1446 2360 1551 2396 aliquid
1583 2360 1730 2389 assumsit:
1756 2360 1790 2388 de
1817 2363 1891 2388 statu

1047 2406 1219 2434 innocentiae
1241 2407 1343 2442 peccati
1368 2406 1585 2440 immmutatem‚
1616 2406 1649 2434 de
1681 2410 1752 2434 statu
1786 2406 1891 2442 gloriae

1048 2452 1178 2489 peccandi
1210 2452 1475 2488 impossibilitatem,
1497 2453 1531 2481 de
1563 2456 1637 2480 statu
1659 2456 1776 2481 naturae
1799 2452 1891 2489 lapsae

1047 2499 1255 2535 passibilitatem
1270 2510 1296 2532 ·›;
1319 2499 1392 2527 unde
1414 2499 1568 2527 secundum
1597 2499 1804 2535 passibilitatem
1828 2499 1891 2536 plus

1047 2545 1218 2573 assimilatur
1239 2549 1355 2573 naturae
1379 2545 1470 2582 lapsae
1492 2553 1576 2582 quam
1599 2548 1715 2574 naturae
1742 2546 1882 2574 institutae

1046 2703 1067 2725 pt
1078 2709 1092 2725 α
1104 2704 1171 2731 parte
1183 2704 1284 2725 natm-ne
1297 2703 1359 2725 multi
1373 2702 1439 2725 codd.
1452 2709 1482 2725 ear
1492 2703 1560 2731 purte
1572 2703 1680 2725 oriturae.
1694 2701 1765 2724 Codd.
1780 2702 1797 2724 Κ
1810 2702 1825 2724 Ζ
1838 2709 1891 2730 pro-

1046 2745 1175 2770 sequuntur
1192 2743 1213 2764 et
1230 2748 1260 2764 ea·
1275 2743 1343 2770 parte
1361 2741 1494 2764 uoluntatis.

1109 2780 1118 2794 ⁵
1137 2780 1194 2802 Vide
1211 2786 1280 2808 supra
1299 2780 1321 2802 d.
1344 2780 1376 2801 15.
1394 2787 1414 2802 a.
1436 2781 1453 2802 l.
1472 2787 1494 2808 q.
1513 2780 1533 2801 3.

1107 2817 1116 2831 ⁶
1135 2817 1194 2840 Libr.
1213 2818 1243 2840 ΙΙΙ.
1262 2818 1290 2840 de
1308 2818 1360 2839 Fide
1377 2818 1467 2840 orthod.
1494 2824 1512 2840 c.
1535 2818 1571 2840 20.
1593 2829 1625 2834 —
1643 2818 1710 2840 l‘aulo
1733 2818 1825 2840 inferius
1848 2824 1889 2845 pro

1046 2856 1209 2880 concedendae
1225 2862 1282 2885 eryt)
1293 2858 1349 2879 sunt
1366 2856 1416 2879 rod.
1429 2858 1445 2878 Α
1465 2856 1628 2880 Cone-edendae
1645 2857 1701 2879 sunt
1717 2856 1794 2879 etium.

1107 2895 1116 2909 ⁷
1135 2896 1198 2917 vers.
1221 2896 1252 2917 tS.
1273 2908 1301 2911 —
1319 2896 1412 2917 lnt'crius
1430 2901 1471 2923 pro
1487 2894 1630 2924 permitteret
1649 2895 1697 2917 Vat.
1714 2894 1864 2924 permisisset.

1106 2933 1116 2948 ⁸
1133 2934 1164 2955 D·-
1183 2934 1228 2955 Una
1248 2934 1344 2956 Persona
1362 2937 1383 2956 vt
1401 2934 1470 2956 duab.
1494 2938 1565 2956 natur.
1584 2941 1603 2957 c.
1622 2935 1642 2956 8.
1658 2946 1689 2950 —
1707 2934 1775 2956 l'aulo
1796 2935 1889 2956 inferius

1045 2979 1086 3001 pro
1101 2972 1191 3002 peccati
1207 2972 1379 2999 immunitatem
1395 2973 1448 2995 edd.
1464 2972 1577 3002 peccandi
1593 2972 1771 2996 inwnunitatmn.
1790 2973 1833 2995 Cir.
1853 2974 1888 2996 hic

1045 3012 1074 3033 lit.
1093 3012 1201 3039 Magistri,
1220 3018 1239 3033 c.
1259 3011 1282 3039 si,
1301 3016 1322 3034 et
1339 3019 1408 3040 supra
1427 3012 1448 3034 d.
1471 3013 1503 3034 ¹2.
1520 3019 1540 3034 u.
1559 3013 1579 3034 2.
1598 3019 1620 3041 q.
1642 3013 1658 3034 l.
1677 3012 1705 3034 ad
1724 3012 1744 3034 t.
