2166 3366
37 774 106 800 Opinio
120 774 136 793 t.

11 966 134 992 lmprobatur.

51 1061 106 1080 Ratio
120 1061 137 1079 t.

51 1202 105 1221 Ratio
119 1202 138 1221 2.

53 1531 107 1550 natio
120 1531 137 1549 3.

52 1766 107 1785 natio
121 1767 139 1785 E.

38 2095 107 2120 Opinio
120 2095 137 2114 Ξ.

22 2125 63 2146 cmv
73 2119 139 2138 distin-

22 2145 91 2161 ctione.

717 175 800 203 DtST.
824 174 901 203 XXX.
923 175 995 203 ΛΒΤ.
1019 174 1134 204 UNlCUS
1156 174 1292 211 QUAEST.
1314 174 1345 202 V.

454 261 683 294 *CONCLUSIQ

157 347 282 385 moyere
297 347 432 375 inimicos
447 347 547 376 effectu
562 350 603 375 est
614 346 763 384 yenerctlt's
778 351 803 375 et
818 347 1002 375 necessariae

232 394 428 432 obtzyacionts,
450 394 568 432 quando
591 393 732 422 incumbit
755 394 929 428 necessitas,-
950 395 1002 423 sed

233 446 273 470 est
293 440 497 479 perfectionis,
519 441 637 479 quando
652 450 681 469 se
703 440 785 479 offert
806 445 919 470 tantum
937 446 1002 470 tem-

229 489 314 526 poris
335 488 550 525 oppornmt‘tas.

232 584 412 612 Responnao:
435 582 473 611 Ad
496 582 704 620 praedictorum
728 582 937 619 intelligentiam
960 585 1001 611 est

152 630 322 665 notandum,
351 630 426 667 quod
452 630 525 658 circa
547 629 599 658 hoc
627 633 669 658 est
697 629 803 667 duplex
834 630 935 658 modus
963 629 1003 658 di-

152 677 241 707 cendi.

231 723 350 760 Quidam
372 722 445 751 enim
468 722 561 751 dicere
582 722 773 757 voluerunt¹‚
793 723 868 760 quod
890 723 940 752 etsi
963 723 1002 752 di-

152 770 238 808 ligere
261 770 387 799 inimicos
415 769 521 807 affectu
543 769 578 798 sit
599 769 786 804 necessitatis,
810 770 847 799 ita
868 770 943 807 quod
964 770 1000 799 ad

151 818 222 847 illud
254 817 414 854 obligantur
440 821 495 846 tam
524 817 638 854 perfecti
661 825 745 854 quam
768 817 942 855 imperfecti;
963 817 1002 846 di-

152 866 238 903 ligere
260 868 352 894 tamen
377 863 483 903 affectu
505 864 589 893 simul
611 868 638 893 et
660 864 759 902 effectu
781 865 1002 902 supererogatio-

151 913 194 941 nis
215 916 242 941 et
263 911 440 949 perfectionis
465 915 526 945 est;
548 920 598 940 uec
619 911 654 940 ad
678 911 747 940 illud
770 912 930 949 obligantur
952 911 1001 940 im-

151 959 282 998 perfecti,
304 959 353 988 sed
376 961 485 987 tantum
507 958 630 996 perfecti.
646 975 684 979 —-
699 959 751 987 Sed
774 959 825 987 iste
848 959 948 987 modus
963 959 1002 987 di-

151 1006 230 1036 cendi
253 1007 281 1035 in
302 1014 331 1035 se
361 1006 420 1043 ipso
453 1005 571 1034 includit
602 1006 835 1043 repugnantiam:
865 1006 1000 1043 primum

150 1054 281 1092 quidem,
302 1053 368 1090 quia
389 1053 487 1081 eodem
515 1053 646 1081 mandato
677 1053 849 1090 praecipitur
880 1053 1001 1091 diligere

152 1100 278 1129 inimicos
299 1104 326 1128 et
343 1100 384 1128 eis
407 1098 573 1136 benefacere
584 1099 602 1127 2.
619 1099 646 1127 Si
668 1108 735 1136 ergo
751 1100 914 1129 mandatum
931 1100 1000 1128 illud

152 1147 281 1185 generale
302 1150 360 1181 est,
383 1146 510 1181 videtur,
531 1146 606 1183 quod
629 1146 796 1183 generaliter
817 1154 914 1175 omnes
935 1146 1001 1175 obli-

152 1198 254 1233 gentur
279 1194 314 1223 ad
337 1197 500 1230 utrumque.
521 1210 560 1214 -
583 1193 613 1222 Et
636 1193 758 1227 iterum,
780 1193 894 1231 perfecti
916 1202 1002 1231 quan-

152 1245 211 1271 tum
233 1242 269 1271 ad
291 1241 503 1278 obligationem,
525 1249 596 1278 quae
618 1244 659 1269 est
681 1248 731 1278 per
757 1241 937 1276 mandatum,
965 1241 1001 1270 ad

149 1288 219 1317 nihil
240 1288 417 1325 obligantur,
439 1288 474 1316 ad
497 1288 572 1325 quod
588 1296 643 1316 non
658 1287 819 1325 obligantur
835 1288 998 1325 imperfecti,

149 1336 216 1374 quia
237 1335 369 1364 mandata
388 1335 435 1364 Dei
451 1335 583 1364 omnibus
604 1335 772 1372 generaliter
794 1339 1000 1372 proponuntur.

150 1383 177 1412 Si
197 1391 265 1420 ergo
286 1391 337 1420 per
366 1383 621 1411 illusl‘mandatum
644 1382 805 1420 obligantur
827 1383 942 1420 perfecti
964 1383 999 1411 ad

152 1430 326 1468 diligendum
351 1430 493 1458 inimicum
517 1433 571 1458 tam
595 1430 695 1459 affectu
716 1438 801 1467 quam
824 1430 939 1464 effectu,
967 1430 1002 1458 vi-

152 1477 235 1506 detur
257 1476 395 1509 similiter,
412 1476 446 1505 de
470 1476 639 1513 imperfectis
661 1477 735 1505 idem
758 1484 818 1505 esse
840 1477 1000 1506 dicendum.

151 1541 190 1545 -
212 1523 366 1561 Amplius,
396 1523 416 1551 si
447 1523 558 1552 dilectio
579 1531 646 1552 vera
668 1531 721 1552 non
745 1527 853 1552 tantum
875 1524 1001 1553 consistit

152 1571 179 1599 in
202 1571 302 1605 corde,
325 1571 372 1599 sed
394 1570 476 1599 etiam
500 1570 694 1599 manifestatur
717 1570 742 1598 in
765 1571 884 1607 opere33
900 1570 1001 1605 dicere,

152 1618 227 1656 quod
249 1618 333 1647 ceteri
358 1621 465 1646 tantum
487 1617 648 1653 obligantur
668 1617 703 1645 ad
719 1617 892 1653 diligendum
908 1617 1001 1651 corde,

151 1673 205 1693 non
228 1665 261 1693 ad
285 1664 459 1701 diligendum
482 1672 582 1701 opere.
604 1672 668 1693 cum
702 1672 731 1693 se
762 1664 843 1693 offert
869 1664 1002 1701 temporis

151 1715 179 1740 et
201 1711 251 1740 loci
274 1711 478 1748 opportunitas,
501 1711 573 1740 idem
605 1711 715 1740 videtur
737 1711 846 1745 dicere,
868 1719 900 1739 ac
922 1711 943 1740 si
966 1715 1003 1740 te-

153 1766 272 1788 neamur
304 1758 430 1786 inimicos
462 1757 578 1794 diligere
606 1757 678 1794 ficte.
701 1774 739 1778 -—
761 1758 885 1786 Praeter
914 1757 1001 1792 haee,

152 1805 263 1834 dilectio
295 1805 472 1833 inimicorum
505 1804 647 1833 clauditur
677 1804 703 1832 in
727 1804 858 1833 mandato
879 1805 914 1833 de
936 1805 1002 1834 dile-

151 1852 242 1881 ctione
263 1852 403 1889 proximi;
425 1854 452 1880 et
473 1855 595 1885 constat,
626 1851 700 1888 quod
736 1851 898 1880 mandatum
929 1851 1000 1880 illud

151 1899 316 1936 intelligitur
344 1902 481 1936 quantum
514 1898 549 1927 ad
571 1897 708 1936 affectum
729 1901 756 1927 et
777 1897 947 1936 effeetum⁴‚
974 1902 1002 1928 et

150 1946 185 1975 ad
208 1946 276 1975 illud
301 1946 464 1975 mandatum
487 1953 584 1974 omnes
605 1945 775 1982 obligantur.
803 1946 832 1974 Et
854 1950 1002 1983 propterea

150 1993 294 2032 praedicta
316 1993 460 2030 responsio
481 2001 536 2022 non
560 1996 648 2030 potest
671 1993 774 2022 habere
798 1993 898 2022 locum.

233 2041 263 2069 Et
284 2040 346 2069 ideo
367 2044 409 2069 est
429 2040 502 2068 alius
523 2039 624 2068 modus
644 2039 770 2074 dicendi,
793 2040 868 2077 quod
885 2040 1002 2077 diligere

153 2088 179 2116 in
201 2087 301 2117 effectu
330 2087 463 2116 exteriori
490 2087 542 2115 hoc
564 2090 655 2124 potest
675 2095 735 2116 esse
757 2087 924 2124 dupliciter:
953 2090 1003 2116 aut

152 2135 388 2172 quandocumque
409 2141 438 2163 se
460 2133 541 2162 offert
563 2133 698 2171 temporis
719 2134 936 2171 opportunitas,
951 2138 1001 2163 aut

151 2181 265 2219 quando
297 2180 434 2209 incumbit
462 2180 626 2209 necessita-s.
649 2180 675 2209 Si
698 2180 848 2218 loquamur
869 2181 904 2210 de
925 2181 1004 2210 exhi-

215 2350 221 2365 ¹
241 2351 283 2373 Pro
300 2350 376 2374 dicere
394 2350 521 2374 voluerunt
538 2350 606 2373 codd.
625 2350 641 2373 C
652 2350 697 2373 Do
709 2351 727 2373 V
754 2350 882 2374 votuerunt
898 2355 1000 2380 tantum,

151 2389 203 2412 cod.
221 2389 237 2411 N
255 2388 344 2412 dicunt.
363 2390 414 2412 l’ost
432 2396 506 2418 pauca
525 2389 597 2412 verbo
615 2389 753 2419 obligantur
775 2390 826 2412 cod.
844 2390 860 2411 Z
877 2391 1002 2418 praemittit

152 2434 239 2452 omnes.

214 2467 223 2482 ἵ
243 2467 300 2489 Vide
318 2467 354 2489 nic
379 2466 482 2489 fundam.
509 2467 530 2489 2.
554 2478 585 2483 —
611 2467 653 2489 Pro
670 2467 818 2496 praecipitur
835 2467 888 2489 edd.
911 2467 1001 2496 praeci-

150 2506 240 2536 pimur.

215 2544 225 2559 ³
242 2545 310 2573 Epist.
330 2545 343 2567 l.
362 2545 421 2567 loun.
440 2545 461 2572 3,
483 2545 521 2566 ¹8:
534 2544 581 2566 Non
595 2544 719 2572 diligamus
735 2544 809 2567 verbo
827 2551 902 2573 neque
914 2545 999 2573 lingua,

151 2585 193 2607 sed
210 2591 281 2613 opere
298 2589 320 2607 et
337 2585 441 2606 veritate.
458 2596 490 2600 —
507 2584 555 2606 Mox
574 2590 615 2611 pro
634 2589 681 2606 non
698 2583 751 2606 edd.
770 2589 817 2606 non
834 2585 921 2606 autem.

216 2624 225 2639 ⁴
244 2624 301 2646 Vide
317 2630 387 2651 supra
406 2623 428 2645 d.
447 2624 484 2645 28.
501 2630 523 2652 q.
542 2624 563 2645 3.
580 2627 602 2646 et
619 2623 641 2644 6.
660 2629 701 2645 nec
719 2629 763 2645 non
781 2623 803 2645 d.
822 2624 859 2645 29.
877 2630 899 2652 q.
917 2624 938 2646 6.

215 2664 225 2679 ⁵
241 2663 286 2685 Ctr.
304 2670 353 2691 arg.
372 2663 392 2685 2.
410 2662 438 2684 ad
457 2668 539 2690 oppos.
558 2674 587 2677 —-
606 2662 657 2684 Post
674 2661 757 2691 effectu
781 2662 830 2684 Vat.
853 2662 957 2690 adiungit
979 2663 1001 2685 el

152 2702 246 2733 affectu.

215 2741 225 2757 ⁶
242 2742 310 2770 Epist.
330 2742 344 2763 1.
362 2741 383 2768 3,
406 2741 439 2763 17.

215 2780 225 2795 7
245 2780 302 2802 Vide
319 2783 407 2809 quaest.
425 2779 532 2808 praeced.

215 2819 225 2834 ⁸
242 2820 297 2842 cod.
318 2820 333 2842 U
350 2819 501 2849 [senet-(iliter.

217 2858 228 2873 ⁹
245 2859 343 2885 Aris-101„
361 2859 384 2880 ΙΙ.
404 2858 484 2886 'supin
503 2865 521 2880 ι’,
541 2858 561 2879 3.
575 2858 604 2881 (c.
622 2857 666 2884 7.),:
687 2866 696 2876 ε
711 2857 733 2879 ld
752 2857 814 2886 qnod
827 2860 860 2879 est
872 2858 952 2879 amicis
965 2857 1001 2879 bc-

154 2898 268 2924 netucere„
286 2899 306 2919 ei
322 2898 385 2926 quod
408 2900 441 2919 ost
465 2897 562 2919 inimicis
580 2896 715 2918 mules-were
734 2903 777 2918 non
796 2899 829 2918 cst
847 2897 1000 2918 contrarium:

154 2940 250 2965 nti-:nque
272 2937 333 2958 enim
353 2936 457 2965 eligenda
482 2940 534 2958 sunt
553 2936 587 2957 vel
605 2935 709 2957 vtusdvni
729 2936 799 2957 moris
810 2944 829 2957 n.
849 2936 911 2963 Quae
930 2935 1000 2957 xer-bn

155 2976 176 2996 n.
195 2975 278 2997 Allien.
296 2981 413 3002 exponens
429 2976 459 2997 :nit
476 2976 512 3001 (tr.
528 2976 548 2997 2.
561 2983 580 2996 υ.
601 2976 643 3002 2.):
663 2975 722 2996 lim-‹-
734 2979 785 2996 znnt
798 2981 854 3002 vrgo
867 2974 926 2995 dnae
938 2981 1001 2996 com-

1850 177 1905 204 667

1058 253 1160 281 bitione
1187 252 1281 289 operis
1308 253 1458 281 exterioris
1480 253 1663 290 generaliter,
1685 253 1797 290 quando
1819 262 1848 282 se
1870 254 1907 282 os-

1058 300 1110 328 fert
1132 299 1266 337 temporis
1287 300 1510 336 opportnnz'cas;
1532 300 1571 329 sic
1593 300 1709 337 diligere
1730 301 1856 330 inimicos
1871 301 1906 329 ef·
1920 307 2018 326 Conclusio
2031 307 2046 326 ¹-

1057 347 1130 376 sectu
1157 358 1170 373 «
1185 346 1318 376 cumulus
1340 350 1381 375 est
1393 346 1602 384 perfeetionis⁵
1617 359 1643 376 n.
1659 348 1685 376 Si
1701 351 1796 376 autem
1813 348 1906 385 loqua-

1058 402 1122 422 mur
1144 394 1178 422 de
1200 393 1373 422 exhibitione
1394 394 1501 431 operis,
1524 395 1637 431 quando
1658 395 1795 424 incumbit
1818 404 1907 424 neces-

1056 440 1152 473 sitas,·
1173 441 1212 469 sic
1234 440 1350 477 diligere
1383 440 1508 469 inimicos
1530 441 1629 470 effectu
1651 446 1693 470 est
1711 442 1858 479 {leucrates
1880 447 1905 470 et
1919 448 2018 466 Conclusio
2029 448 2047 466 2.

1058 487 1242 516 necessariae
1263 487 1450 524 obligationis
1463 498 1472 520 ,·
1486 488 1567 525 quia.
1583 489 1605 517 si
1628 489 1690 525 quis
1707 489 1796 522 videt,
1814 490 1907 526 proxi-

1059 542 1137 562 mum
1159 542 1259 564 suum.
1282 534 1339 562 sive
1361 534 1483 563 amicum
1516 535 1573 563 sive
1607 535 1767 568 inimicum,
1790 536 1907 564 necesst-

1058 584 1144 609 tatem
1167 580 1287 614 tabere,
1309 584 1334 608 et
1355 580 1469 609 claudit
1484 581 1596 610 uiscera
1618 590 1675 610 seta
1696 582 1733 611 ab
1755 591 1803 616 eo,
1827 583 1907 611 iuxta

1057 628 1223 656 sententiam
1246 627 1317 656 beati
1348 628 1455 656 loannis
1466 628 1483 662 ὃ,
1507 629 1560 656 iam
1583 629 1705 665 amplius
1727 638 1781 657 non
1803 634 1845 658 est
1866 638 1907 658 ca—

1058 675 1126 703 ritas
1148 674 1196 703 Dei
1219 674 1245 702 in
1267 682 1308 703 e0.
1330 691 1369 695 -—
1390 675 1433 703 Sic
1459 675 1543 712 igitur
1566 679 1656 713 patet,
1678 677 1753 713 quod
1775 677 1847 705 sicut
1868 677 1907 706 di·
1921 683 2015 707 Epnoeus-

1058 722 1144 759 ligere
1165 720 1271 759 aflectu
1294 730 1349 750 uno
1372 722 1454 751 modo
1476 723 1647 752 necessitatis
1669 727 1726 758 est,
1748 725 1802 753 alio
1825 725 1907 753 modo

1058 769 1273 806 persectionis⁷3
1295 769 1334 798 sic
1356 769 1473 806 diligere
1494 769 1610 807 effectu,
1635 779 1690 799 uno
1713 771 1795 799 modo
1817 779 1908 800 neces-

1058 816 1146 844 sitatis
1167 819 1224 850 est,
1245 815 1299 844 alio
1332 816 1414 844 inodo
1436 816 1613 853 perfectiouis
1637 821 1664 846 et
1686 819 1908 855 supererogatio-

1058 863 1109 892 nis.
1133 863 1162 891 Et
1183 863 1338 892 secundum
1361 863 1435 892 hunc
1458 864 1572 892 modum
1594 868 1711 901 possunt
1733 865 1802 893 solvi
1819 865 1908 894 diver—

1057 918 1104 939 sae
1125 910 1305 938 auctoritates
1333 910 1514 945 sanctorum,
1540 919 1612 948 quae
1635 911 1687 940 sibi
1710 911 1840 940 videntur
1862 913 1908 941 ob-

1057 957 1134 986 viare
1156 957 1190 986 de
1212 957 1360 986 dilectione
1383 958 1569 986 inimicorum.

1138 1005 1176 1033 Ex
1200 1005 1243 1033 his
1265 1008 1340 1042 patet
1372 1005 1515 1042 responsio
1537 1006 1571 1034 ad
1594 1007 1784 1043 quaestionem
1807 1016 1905 1044 propo·
1919 1012 2013 1036 Ati-wez-

1058 1051 1155 1086 sitam,
1187 1055 1262 1089 patet
1289 1052 1372 1080 etiam
1402 1060 1453 1089 pro
1475 1061 1576 1089 magna
1598 1057 1676 1089 parte
1698 1054 1843 1090 responsio
1871 1054 1905 1083 ad

1057 1098 1172 1127 obiecta.
1195 1099 1261 1127 Nam
1284 1099 1414 1133 rationes,
1437 1108 1508 1137 quae
1530 1100 1696 1135 ostendunt„
1719 1101 1793 1138 quod
1810 1109 1907 1130 onmes

1058 1147 1188 1173 tenentur
1210 1145 1336 1174 inimicos
1357 1154 1423 1175 suos
1444 1146 1561 1183 diligere
1576 1146 1676 1175 effectu
1689 1169 1696 1181 ‚
1712 1146 1907 1184 intelliguntur

1058 1192 1085 1220 in
1107 1200 1174 1220 casu
1196 1192 1375 1221 necessitatis.
1408 1193 1590 1222 Auctoritates
1617 1202 1698 1227 vero,
1720 1202 1792 1231 quae
1814 1194 1841 1222 in
1862 1202 1908 1231 op-

1058 1239 1179 1276 positum
1211 1239 1409 1274 adducuntur,
1442 1240 1637 1277 intelliguntur
1669 1241 1704 1269 de
1732 1241 1906 1270 exhibitione

1058 1285 1151 1323 operis
1173 1286 1261 1323 magis
1282 1287 1440 1323 generatiS,
1463 1287 1592 1316 videlicet
1612 1296 1676 1316 cum
1699 1295 1728 1316 se
1753 1288 1834 1316 offert
1862 1296 1908 1325 op-

1058 1333 1215 1370 portunitas
1238 1334 1429 1370 congruitatis.

1136 1381 1163 1408 Ιι.
1185 1380 1224 1409 Ad
1247 1380 1316 1409 illud
1345 1389 1411 1410 vero
1440 1382 1515 1419 quod
1537 1382 1682 1413 obiicitur,
1704 1382 1804 1419 quodsi
1828 1383 1908 1412 bene·
1948 1393 2050 1411 sonantur

1058 1427 1216 1456 faciendum
1239 1432 1281 1457 est
1301 1428 1413 1462 amicis,
1445 1429 1520 1466 quod
1543 1429 1774 1458 malefaciendum
1797 1433 1839 1459 est
1861 1417 2048 1464 ini-{Egffi'pssoesf5'

1059 1475 1156 1510 micis;
1178 1476 1345 1510 (licendum,
1377 1476 1451 1513 quod
1475 1484 1529 1504 non
1551 1477 1695 1514 sequitur,
1719 1481 1832 1515 propter
1856 1478 1907 1507 hoc

1059 1523 1133 1560 quod
1156 1523 1252 1552 amicis
1281 1531 1334 1551 non
1364 1523 1455 1552 solum
1478 1524 1707 1553 benefaciendum
1730 1528 1771 1553 est
1794 1529 1907 1562 propter
1923 1534 2035 1552 Notandum.

1059 1569 1145 1603 illud,
1169 1570 1194 1598 in
1217 1578 1273 1607 quo
1295 1574 1453 1607 repugnant
1475 1570 1609 1604 inimicis,
1632 1571 1831 1600 verumetiam
1847 1579 1907 1608 pro-

1059 1620 1121 1653 pter
1143 1617 1229 1651 illud,
1260 1617 1285 1645 in
1313 1626 1370 1654 qno
1391 1618 1576 1651 conveniunt,
1600 1618 1728 1647 videlicet
1749 1619 1813 1655 qnia
1843 1621 1908 1647 sunt

1058 1663 1092 1692 ad
1116 1663 1264 1701 imaginem
1288 1664 1345 1692 Dei.
1370 1665 1444 1693 Unde
1466 1665 1537 1693 sicut
1554 1665 1623 1693 illud
1638 1669 1836 1702 argumentum
1854 1674 1906 1694 non

1059 1710 1150 1739 valet:
1182 1711 1278 1739 album
1311 1715 1352 1739 est
1381 1711 1504 1741 visibile.
1533 1720 1599 1749 ergo
1621 1712 1733 1749 nigrum
1754 1717 1795 1741 est
1817 1713 1908 1742 invisi-

1060 1758 1131 1791 bile;
1152 1759 1219 1795 quia
1239 1758 1335 1787 album
1358 1763 1400 1787 est
1422 1759 1529 1788 visibile
1553 1768 1601 1796 per
1623 1760 1708 1795 illud,
1724 1760 1750 1788 in
1766 1769 1822 1797 quo
1837 1768 1909 1789 com-

1060 1806 1181 1834 municat
1205 1813 1268 1834 cum
1292 1806 1389 1842 nigro:
1413 1806 1451 1835 sic
1473 1814 1523 1835 nec
1546 1807 1615 1835 ratio
1638 1808 1790 1844 praemissa
1802 1808 1819 1835 ⁹.

1139 1854 1164 1881 5.
1188 1853 1224 1881 Ad
1249 1852 1316 1881 illud
1340 1853 1415 1890 quod
1431 1853 1575 1887 obiicitur,
1597 1854 1672 1890 quod
1695 1854 1850 1883 secundum
1867 1863 1909 1883 01·-

1059 1898 1152 1927 dinem
1176 1903 1292 1928 naturae
1309 1899 1451 1928 inimicitia
1469 1900 1575 1929 inducit
1589 1908 1728 1937 pugnam;
1744 1901 1908 1935 dicendum,

1058 1946 1134 1982 quod
1157 1945 1226 1974 illud
1256 1954 1355 1975 verum
1378 1950 1434 1979 est,
1456 1947 1503 1976 ubi
1537 1947 1681 1976 inimicitia
1711 1948 1839 1976 ordinata
1868 1951 1909 1977 est
1924 1957 2030 1976 Notandum

1058 1993 1221 2021 secundum
1250 1993 1383 2022 ordinem
1415 1998 1558 2027 naturae,
1581 1995 1653 2023 sicut
1675 1994 1797 2024 calidum
1820 1995 1909 2023 inimi-

1059 2044 1138 2068 catur
1154 2040 1268 2077 frigido,
1282 2044 1310 2069 et
1325 2040 1473 2069 humidum
1497 2042 1569 2070 sicco
1582 2042 1614 2075 1”;
1636 2042 1685 2070 sed
1702 2041 1748 2070 ubi
1764 2046 1806 2071 est
1821 2042 1908 2071 inimi-

1060 2087 1123 2116 citia
1142 2091 1262 2125 praeter
1292 2092 1421 2117 naturae
1442 2088 1593 2122 ordinem,
1617 2089 1652 2117 ibi
1676 2097 1729 2117 non
1752 2093 1793 2118 est
1815 2098 1909 2126 pugna

1058 2134 1220 2162 seeundum
1242 2138 1388 2169 naturam,
1411 2135 1459 2164 sed
1483 2135 1571 2172 magis
1586 2139 1690 2164 eontra
1706 2139 1843 2164 naturam.
1861 2137 1910 2164 Ta-

1061 2181 1124 2210 liter
1146 2185 1240 2210 autem
1272 2185 1314 2211 est
1346 2182 1372 2211 in
1405 2182 1581 2217 hominibus;
1603 2183 1684 2220 quia,
1706 2192 1769 2212 cum
1798 2195 1810 2209 (ι
1826 2184 1909 2212 homo

1059 2352 1187 2379 plexiones,
1206 2358 1265 2380 quac
1283 2353 1465 2374 contrarietatem
1484 2358 1528 2374 non
1551 2352 1648 2374 faciunt:
1670 2352 1750 2374 amicis
1774 2351 1908 2375 benefacere

1058 2393 1079 2413 et
1096 2391 1193 2413 inimicis
1211 2391 1359 2418 malefacere,
1377 2397 1437 2420 quac
1456 2391 1508 2413 idco
1520 2391 1632 2413 contrariu
1646 2397 1689 2412 non
1710 2394 1774 2418 sunt,
1787 2391 1840 2419 qnia
1854 2394 1906 2413 sunt

1059 2430 1127 2452 unius
1144 2430 1322 2457 complexionis,
1339 2430 1392 2458 quin
1410 2432 1463 2452 sunt
1479 2430 1584 2452 eiusdem
1603 2430 1684 2457 moris;
1708 2430 1761 2458 quia
1774 2430 1903 2452 secundum

1058 2469 1094 2491 ius
1106 2468 1208 2490 naun-nte
1225 2472 1273 2495 est,
1287 2468 1350 2497 qnod
1368 2471 1447 2491 nutura
1465 2469 1541 2490 omnia
1555 2468 1659 2490 annuntia
1678 2468 1768 2496 docuit,
1788 2472 1811 2491 ut
1829 2469 1850 2490 in
1869 2469 1906 2491 Ze-

1059 2513 1118 2529 none
1135 2506 1189 2529 ‹licit
1212 2508 1329 2534 Socrates,
1347 2510 1369 2528 et
1386 2507 1447 2529 l‘lato
1465 2507 1518 2529 dicit
1543 2507 1571 2528 dc
1594 2507 1710 2529 Socrate„
1729 2507 1824 2534 Propter
1841 2508 1904 2536 quod

1059 2546 1079 2567 in
1098 2546 1228 2568 definitione
1242 2547 1341 2568 hominis
1359 2547 1434 2573 posuit
1451 2547 1567 2573 Socrates,
1592 2546 1654 2574 quod
1673 2546 1742 2568 homo
1765 2551 1799 2569 est
1822 2547 1905 2569 ammnl

1058 2585 1144 2606 ratione
1154 2583 1189 2613 [ἲ]
1199 2585 1278 2607 amicis
1288 2584 1433 2607 benefaciens
1443 2590 1465 2608 et
1477 2586 1574 2607 inimicis
1587 2586 1739 2613 malefaciens,
1752 2586 1810 2608 sicut
1824 2586 1907 2614 legitur

1058 2624 1079 2645 in
1098 2624 1173 2650 primo
1196 2624 1300 2646 Zenonis.
1319 2624 1343 2646 tit
1360 2625 1378 2646 si
1396 2624 1480 2653 uliquis
1496 2625 1561 2646 instet
1580 2631 1620 2651 per
1638 2625 1681 2647 hoc
1698 2624 1760 2653 quod
1778 2624 1833 2647 (licit
1850 2625 1901 2652 Lex,

1059 2662 1121 2690 quod
1140 2662 1237 2684 inimicis
1255 2662 1364 2689 boneffiam
1384 2669 1428 2684 non
1450 2662 1563 2685 habemus
1586 2666 1664 2686 contra
1683 2664 1725 2685 hoc
1743 2663 1833 2686 dicero:
1851 2665 1904 2693 quin

1058 2701 1101 2723 hoc
1119 2707 1145 2723 ex
1164 2702 1276 2729 principio
1289 2702 1446 2729 philosophiae
1460 2708 1503 2724 non
1518 2702 1639 2730 probatur,
1652 2702 1692 2724 scd
1706 2703 1781 2730 potius
1793 2709 1819 2725 ex
1832 2704 1904 2730 giuti-'i

1058 2740 1233 2767 supergreditur
1245 2740 1273 2762 ud
1287 2745 1390 2763 naturum
1403 2744 1425 2763 et
1437 2741 1465 2763 nd
1479 2742 1602 2768 rationem,
1615 2745 1637 2764 ct
1649 2741 1677 2763 ud
1691 2742 1801 2763 maiorem
1815 2742 1904 2765 ordinat

1059 2779 1232 2807 perfectionem,
1250 2779 1278 2801 nd
1302 2786 1371 2808 quam
1393 2787 1437 2802 non
1462 2783 1535 2808 pou-st
1559 2787 1582 2803 se
1605 2781 1726 2803 ommium
1746 2781 1904 2809 philosophus.

1058 2818 1102 2840 (Ἰν.
1120 2819 1186 2841 solut.
1205 2825 1251 2847 seq.
1264 2831 1296 2835 —
1313 2820 1355 2841 l’ro
1367 2819 1428 2842 ratio
1446 2819 1579 2848 prncmessssn
1593 2819 1660 2842 codd.
1675 2821 1690 2842 li
1702 2820 1707 2842 Ι
1719 2820 1734 2842 Ι,
1745 2820 1760 2842 Z
1773 2820 1902 2844 ratiocina-

1059 2856 1090 2879 lio
1101 2857 1241 2886 praemissa.

1124 2896 1142 2911 ¹⁰
1159 2896 1202 2919 cfr.
1222 2898 1318 2925 Ariston,
1342 2898 1363 2919 ll.
1386 2897 1415 2919 di·
1432 2898 1536 2921 (jenernt.
1559 2902 1581 2920 et
1599 2901 1701 2926 corrupt.
1726 2902 1776 2921 text.
1795 2899 1816 2921 7.
1840 2906 1904 2928 seqq.

1060 2937 1088 2958 (c.
1108 2938 1127 2958 2.
1147 2942 1212 2964 susp).
