2166 3366
138 1787 202 1813 Argg„
212 1791 255 1804 con-

138 1812 165 1828 tra
174 1814 254 1833 primum

137 1833 247 1852 membrum.

148 2207 216 2224 Contra
229 2211 257 2224 se·

139 2230 226 2248 cundum.

271 151 328 178 850

945 151 1195 180 SENTENTIARUM
1217 152 1276 180 Ltss.
1299 153 1337 180 ill.

1010 279 1270 316 SOHOLION.

330 369 342 390 l.
362 369 467 396 Quaestio
486 369 541 390 naec
558 371 592 390 cst
608 368 636 390 dc
650 368 769 391 mendacio
787 368 886 399 officioso
900 369 934 391 vel
953 368 1042 396 iocoso,
1061 370 1110 392 sive

268 407 295 429 (lc
313 413 340 429 eo
358 407 421 435 quod
439 413 481 434 per
493 413 516 429 sc
534 410 566 428 est
579 408 678 435 veniale;
697 407 737 429 sed
750 408 800 430 talia
812 408 930 430 mendacia
949 409 1035 430 ratione
1046 414 1111 430 scan-

267 447 310 468 dali
329 447 364 468 vel
382 447 439 468 alius
456 447 639 468 circumstantiae
656 453 757 469 annexae
775 447 822 469 sieri
838 451 933 475 possunt
952 448 1061 469 mortalia.
1075 448 1111 469 Sc-

268 485 367 506 cundam
385 486 516 512 opinionem
535 485 570 507 liic
588 485 681 507 relatam
694 486 798 513 sequitur
815 486 874 508 Alex.
888 486 934 507 11:11.
953 485 1110 508 Comniuniter

266 526 342 545 autem
361 530 413 545 cum
432 524 454 545 S.
473 524 562 546 Thonia
581 524 630 553 (liic
647 530 667 546 a.
687 524 706 546 4.
725 524 753 546 ad
773 524 797 552 43
814 526 835 546 S.
855 525 877 546 11.
896 525 918 546 ll.
937 531 958 553 q.
978 525 1029 547 110.
1051 532 1071 547 a.
1091 525 1110 547 fi.

266 562 295 584 ad
313 563 343 591 5.)
362 566 383 584 et
401 563 467 584 Scoto
486 563 531 589 (liic
549 569 570 591 q.
589 563 655 584 unica
673 569 694 584 n.
713 563 733 585 8.
760 564 791 592 9.)
813 564 973 591 improbantur
991 564 1049 586 duae
1068 565 1109 592 pri-

267 608 318 624 mae
335 602 465 629 opiniones,
484 602 555 623 immo
576 603 644 624 etiam
663 603 744 629 positio
762 603 783 624 in
803 604 865 625 tertia
884 603 991 630 opinione
1008 610 1018 624 a
1033 606 1110 625 nostro

266 644 358 662 auctore
376 641 451 668 allata,
470 640 533 669 quod
554 640 668 668 «publice
686 642 791 669 perfectis
804 650 825 669 n,
843 641 928 670 quinus
940 643 1004 670 quasi
1023 643 1107 664 incum-

266 679 299 701 bit
316 686 374 701 onus
387 680 487 701 veritatis
505 680 525 701 in
539 680 645 702 sorietate
663 680 762 702 humana
775 680 957 708 conservandae,
970 687 1038 703 omne
1051 687 1110 703 men-

266 719 356 741 dacium
374 719 401 740 sit
419 719 520 740 mortale.
538 719 585 741 Iloc
602 720 662 741 enim
675 720 696 741 S.
715 720 797 742 Tliom.
809 720 838 741 ita
856 721 982 747 restringit,
1002 724 1025 742 ut
1042 720 1111 742 iidem

265 757 295 779 ad
307 758 350 779 hoc
367 763 411 779 non
430 762 547 779 tencantur
559 757 602 780 sub
618 758 706 780 mortali
724 759 765 780 nisi
782 767 791 778 ix
802 765 828 780 cx
842 759 916 780 officio
930 759 951 780 in
969 759 1061 787 iudiciO,
1076 759 1110 781 vel

266 797 367 819 doctrina
380 805 401 818 υ.
419 797 507 819 Revera
526 800 602 819 autem
620 797 649 819 ab
667 798 701 819 liis
719 803 763 819 non
781 798 884 820 dissentit
905 799 926 820 5.
951 798 1043 825 Bonav.⁷
1062 799 1112 821 licet

266 836 348 857 reserat
365 842 390 857 ex
403 836 425 857 S.
443 836 570 863 Augustino
583 836 652 857 istum
670 836 766 858 modum
778 837 899 865 loquen(li;
918 837 981 865 quod
999 838 1052 859 satis
1065 843 1112 859 ma-

265 875 354 906 nifestat
371 874 552 896 additamentum
564 875 734 896 conclusionem
748 876 888 902 restringens
901 876 962 903 (post
974 876 1111 898 solutionem

266 913 442 941 oppositorum).
461 912 506 935 Csr.
528 914 595 935 ctiam
613 920 683 941 supra
701 913 722 935 d.
742 914 777 935 30.
799 921 820 942 (ι.
839 915 859 936 3.

328 952 360 974 De
372 953 414 974 hac
426 953 559 981 quaestione
572 956 661 980 practer
674 952 789 975 laudatos:
801 953 861 975 Alex.
875 953 930 980 Hah,
943 954 1006 975 Sum.
1019 960 1041 981 p.
1054 954 1075 975 ll.
1089 960 1111 982 q.

266 991 317 1013 123.
331 997 360 1012 m.
373 991 437 1013 5.-
450 992 472 1013 B.
486 991 577 1019 Alhert.⁷
596 992 632 1014 hic
644 998 663 1014 a.
684 992 702 1014 i.
714 1004 743 1007 —
756 992 812 1014 Petr.
825 999 836 1013 a
855 993 916 1019 Tar„
929 993 965 1014 liic
977 999 996 1014 a.
1010 993 1031 1014 6.
1044 999 1111 1021 quae·

264 1031 344 1052 stione,
367 1031 383 1052 1.
402 1031 415 1051 2
437 1043 465 1045 —
476 1030 580 1052 liicliurd.
593 1036 606 1052 a
619 1031 684 1059 Med,
698 1031 733 1052 liic
745 1032 802 1053 circa
817 1032 859 1058 ln.;
880 1031 987 1059 Durand.,
1001 1032 1037 1053 liic
1049 1038 1071 1059 q.
1090 1033 1110 1053 2.

330 1069 352 1091 ΙΙ.
372 1069 391 1090 lu
410 1075 458 1097 seq.
477 1069 518 1097 (5.)
537 1072 622 1097 qtuwst.
646 1070 667 1091 S.
690 1071 809 1097 Augustini
833 1073 855 1091 et
878 1070 976 1097 lliagistri
998 1070 1111 1092 distinctio

267 1108 334 1129 trium
353 1108 464 1129 mendacii
482 1109 612 1135 specierum
630 1108 680 1136 (liic
696 1114 714 1130 c.
742 1109 769 1137 l.)
792 1110 814 1130 et
836 1109 903 1130 etiam
926 1111 977 1130 octo
1000 1114 1112 1136 generum

266 1146 295 1174 (c.
314 1148 343 1174 Q.)
362 1147 514 1168 communiter
530 1150 564 1169 est
581 1150 679 1174 recepta.
692 1159 723 1163 —
735 1148 815 1175 Quoad
840 1148 985 1170 mendacium
1007 1147 1113 1170 iocosum

266 1185 287 1207 S.
307 1186 391 1207 Bonav.
410 1186 459 1212 (iiic
477 1185 505 1207 ad
524 1185 544 1207 4.
563 1188 584 1207 et
602 1186 657 1207 infra
676 1192 697 1214 q.
716 1186 736 1207 6.
755 1186 783 1208 ad
806 1186 837 1214 5.)
855 1187 947 1208 assentit
964 1187 985 1208 S.
1009 1187 1112 1208 'simmae

280 1225 302 1246 S.
320 1224 362 1246 loc.
384 1225 420 1246 cit.
439 1231 459 1246 a.
482 1225 502 1246 3.
521 1224 549 1246 ad
567 1225 610 1252 6.),
634 1225 671 1252 qui
690 1225 711 1246 in
730 1225 841 1247 solutione
857 1225 960 1247 eiusdem
978 1225 1112 1247 obiectionis

1168 370 1232 393 dicit:
1254 372 1418 394 «Mendacium
1437 374 1539 395 iocosum
1562 380 1589 396 ex
1612 375 1662 401 ipso
1683 380 1767 403 yenen-
1787 374 1865 404 operis
1887 376 1954 398 liabet
1975 383 2010 398 ra-

1168 411 1250 431 tionem
1269 410 1372 438 fallendi,
1391 413 1497 439 quamvis
1518 419 1544 434 ex
1561 412 1687 435 intentione
1700 412 1796 436 dicentis
1814 420 1856 436 non
1875 414 1964 437 dicatur
1981 416 2010 437 ad

1168 448 1291 470 fallendum
1310 455 1351 471 nec
1368 450 1428 471 sallat
1439 456 1466 472 ex
1483 450 1551 473 modu
1564 450 1661 473 dicendi.
1680 452 1724 474 Nec
1742 455 1775 474 est
1794 453 1867 474 simile
1884 452 1913 474 de
1931 454 2011 481 hyper-

1168 487 1259 515 helicis,
1272 491 1311 509 aut
1322 488 1509 517 quibuscumque
1522 489 1624 516 ligur-atis
1636 490 1801 517 locutionibus,
1819 497 1878 519 quae
1890 498 1911 513 iu
1925 498 1942 513 s.
1955 492 2012 514 Scri-

1168 528 1235 553 ptura
1252 527 1399 548 inveniuntur·
1411 535 1420 546 1>
1437 530 1477 549 etc.
1496 528 1555 550 Scot.
1568 531 1643 550 autem
1662 528 1719 556 (loc.
1737 530 1773 551 cit.
1791 535 1812 551 n.
1826 530 1856 556 8.)
1874 530 1934 557 vult,
1948 531 2011 559 quod

1173 572 1182 583 ι
1196 564 1340 586 mendacium
1359 565 1461 587 iocosum
1473 568 1517 593 est,
1536 566 1628 594 quando
1646 567 1727 595 aliquis
1744 567 1841 589 iocando
1858 568 1953 590 intendit
1974 569 2012 591 de-

1169 603 1257 631 cipere,
1275 604 1304 625 ita
1317 603 1380 632 quod
1398 604 1508 631 deceptus
1520 611 1574 626 vere
1591 605 1716 633 decipitur,
1734 612 1778 628 non
1796 608 1906 629 tamenin
1924 608 2012 636 aliquo,

1169 643 1190 663 in
1208 648 1254 670 quo
1272 642 1315 663 sibi
1338 647 1502 665 nocumentum
1519 649 1630 671 magnum
1651 645 1771 673 inseratur;
1790 646 1811 667 in
1830 652 1876 674 quo
1898 647 1966 668 etiam
1983 648 2013 669 io·

1169 685 1248 704 cantur
1265 682 1294 703 illi
1312 682 1351 710 qui
1371 683 1455 710 sciunt,
1468 683 1544 710 ipsum
1562 683 1669 710 decipi».
1687 684 1782 706 Econtra
1800 684 1868 706 dicit:
1886 693 1895 704 α
1909 685 2012 708 iocosum

1169 726 1217 743 non
1234 715 1268 742 est
1285 727 1377 743 narrare
1389 721 1503 748 fabulam,
1522 721 1549 743 dc
1562 728 1607 750 qua
1625 728 1704 744 omnes
1717 723 1834 745 audientes
1847 725 1931 750 sciunt,
1949 725 2013 753 quod

1170 762 1260 782 nonest
1276 766 1369 788 verum,
1383 766 1424 782 nec
1442 763 1545 783 narratur
1559 763 1666 789 tanquam
1684 768 1779 789 verum3
1800 762 1839 784 ubi
1858 769 1899 785 nec
1916 763 2012 786 audiens

1169 798 1294 826 decipitur,
1313 805 1354 820 nee
1377 799 1472 827 loquens
1490 799 1585 821 intendit
1602 799 1719 828 decipere,
1738 807 1780 822 nec
1801 807 1877 823 sermo
1894 804 1928 823 est
1944 801 1973 823 de
1989 808 2014 824 se

1170 837 1316 864 deceptivus,
1335 838 1387 866 quia
1412 844 1456 859 non
1474 841 1508 860 cst
1531 838 1590 865 tans,
1610 839 1648 866 qui
1666 839 1694 860 sit
1710 842 1776 861 natus
1794 840 1855 861 credi
1873 840 1902 862 ab
1920 840 2014 862 audien-

1170 876 1230 898 tibus
1240 885 1260 898 n.
1280 876 1367 898 Tamen
1384 877 1406 898 in
1424 883 1448 898 re
1465 877 1514 904 ipsa
1537 877 1575 898 vix
1601 877 1692 899 videtur
1711 884 1761 900 esse
1779 878 1915 906 differentia,
1936 882 1960 901 ut
1978 885 2015 907 pa-

1171 912 1201 937 tet
1217 921 1243 937 ex
1263 915 1327 937 dictis
1344 921 1412 943 supra
1433 922 1454 943 q.
1474 916 1494 937 2.
1512 910 1541 937 ad
1559 916 1580 937 2.

1234 954 1264 976 De
1281 954 1361 976 cadem
1384 955 1424 982 (5.)
1448 955 1581 983 quaestione
1599 959 1688 982 praeter
1710 956 1772 977 locos
1795 957 1853 977 citt.:
1874 956 1935 978 Alex.
1959 957 2014 985 Hal.²

1170 993 1211 1014 loc.
1230 995 1265 1014 cit.
1284 998 1313 1014 m.
1336 992 1362 1019 7,
1385 992 1423 1014 ubi
1441 994 1508 1014 ctiam
1528 993 1555 1014 de
1579 999 1626 1021 seq.
1645 993 1739 1022 aliisque
1757 1000 1795 1022 qq.
1813 994 1836 1015 lit
1853 1001 1936 1017 sermo.
1950 995 2013 1018 -ὃ,

1171 1031 1260 1059 Tuom,
1279 1032 1315 1053 hic
1332 1038 1351 1053 a.
1366 1033 1391 1059 2;
1409 1033 1430 1053 S.
1445 1032 1485 1054 lue.
1505 1032 1540 1054 cit.
1553 1039 1572 1054 a.
1591 1033 1611 1054 2.
1624 1044 1655 1048 --
1672 1032 1694 1054 Β,
1713 1032 1805 1060 Α11)θι·ι.,
1828 1034 1864 1055 liic
1881 1040 1900 1055 a.
1914 1034 1934 1056 3.
1952 1034 1973 1055 6.
1986 1046 2016 1049 -

1171 1070 1226 1092 l’etr.
1245 1077 1256 1091 a
1275 1070 1335 1097 'l'ar.,
1354 1071 1390 1092 liic
1407 1077 1426 1091 a.
1445 1071 1465 1092 2.

1233 1109 1264 1130 tlt.
1278 1109 1299 1130 ln
1313 1109 1389 1131 uldin-„1
1403 1109 1443 1137 (5.)
1459 1110 1591 1137 quaestione
1603 1109 1736 1137 ostenditur,
1749 1109 1840 1139 yradus
1853 1110 1944 1138 culpae,
1958 1117 2016 1139 quos

1170 1154 1195 1169 cx
1214 1149 1236 1169 S.
1254 1148 1380 1175 Augustino
1403 1149 1469 1170 ret'crt
1489 1149 1594 1176 Magister
1617 1148 1667 1175 (liic
1685 1155 1703 1170 c.
1722 1149 1764 1176 2,),
1787 1150 1949 1171 convenienter
1966 1156 2016 1172 esse

1171 1186 1293 1208 distinctos.
1312 1186 1471 1209 Consentiunt:
1489 1187 1510 1208 S.
1535 1187 1625 1215 Thoai„
1644 1188 1679 1209 liic
1696 1193 1716 1209 a.
1735 1188 1756 1209 5.
1771 1199 1803 1203 —
1823 1188 1846 1209 Β.
1869 1188 1962 1217 athei-t,
1980 1189 2016 1211 hic

1169 1232 1189 1247 a.
1207 1225 1229 1247 7.
1242 1238 1272 1240 —
1284 1226 1341 1247 Pctr.
1360 1233 1370 1246 a
1389 1226 1450 1253 Tar„
1464 1227 1499 1247 liic
1516 1233 1535 1247 a.
1554 1226 1574 1247 3.

1042 1315 1204 1352 Qtusssuo
1227 1316 1257 1343 v.

898 1402 936 1430 De
957 1402 1051 1439 ipsius
1073 1401 1220 1430 mendacii
1240 1401 1388 1430 ctz'vtsz'one.

346 1497 447 1533 Quinto
468 1496 614 1533 quaeritur
636 1497 670 1525 de
692 1496 780 1533 ipsius
805 1496 941 1525 mendacii
968 1496 1111 1525 divisione.

267 1544 371 1572 Dividit
385 1544 458 1572 enim
475 1543 644 1580 Augustinus
660 1546 686 1571 et
701 1543 846 1580 Magister¹
870 1543 1046 1571 mendacium
1062 1551 1113 1580 per

267 1594 324 1619 tres
345 1590 515 1619 differentias
536 1590 657 1627 primas,
679 1590 807 1618 videlicet
829 1590 855 1618 in
878 1589 1054 1628 officiosum,
1076 1590 1113 1618 io-

268 1646 367 1666 cosum
389 1641 416 1666 et
426 1637 635 1674 perniciosum.
655 1637 708 1665 Sed
730 1640 826 1665 contra
841 1637 922 1665 istam
946 1637 1111 1665 divisionem

266 1684 403 1713 obiicitur:

348 1732 371 1759 i.
403 1730 492 1759 Primo
524 1731 630 1759 ratione
659 1730 754 1767 primi
784 1730 912 1759 membri.
945 1730 1112 1768 Officiosum

268 1778 340 1807 enim
364 1778 538 1807 mendacium
562 1778 677 1812 dicitur,
704 1778 779 1814 quod
800 1777 883 1806 alicui
912 1778 1040 1814 prodest;
1062 1777 1111 1805 sed

268 1825 343 1862 quod
372 1825 548 1853 mendacium
577 1824 680 1861 prosit,
710 1824 761 1853 hoc
789 1827 830 1853 est
852 1824 933 1852 valde
957 1832 1011 1860 per
1039 1824 1113 1852 aeci-

268 1872 354 1905 dens,
376 1879 440 1899 cum
468 1871 503 1899 sit
525 1871 629 1899 malum
647 1870 673 1898 ²:
696 1879 763 1907 ergo
786 1878 869 1907 penes
898 1870 949 1898 linc
971 1870 1044 1906 quod
1071 1872 1112 1898 est

264 1918 412 1955 prodesse,
434 1926 487 1946 non
514 1921 555 1946 est
576 1918 699 1954 aliquam
722 1918 842 1954 speciem
865 1918 953 1954 ipsius
975 1916 1111 1945 mendacii

267 1965 418 2001 assignare.

347 2013 373 2039 Q.
396 2011 476 2045 [tem.
506 2011 579 2039 idem
606 2011 780 2039 mendacium
809 2011 965 2039 secundum
990 2010 1111 2047 speciem

269 2062 357 2096 potest
368 2058 506 2095 prodesse
520 2061 547 2086 et
562 2060 651 2094 potest
666 2057 778 2085 obesse:
794 2065 860 2093 ergo
875 2064 959 2093 penes
974 2057 1026 2085 ista
1036 2056 1044 2069 ⁵³
1057 2064 1111 2084 non

269 2105 401 2141 contingit
422 2105 563 2141 assignare
586 2104 673 2140 ipsius
695 2103 831 2131 mendacii
853 2103 958 2140 species
977 2103 1111 2131 diversas.

347 2151 372 2179 3.
396 2151 477 2185 item,
500 2154 595 2179 contra
623 2150 781 2178 secundam
811 2150 994 2178 differentiam
1021 2149 1113 2177 obiici-

270 2202 328 2233 tur,
350 2206 421 2235 qnae
454 2198 567 2234 quidem
589 2200 630 2225 est
663 2197 838 2225 mendacium
869 2197 1015 2225 iocosum.-
1047 2204 1112 2233 quo-

268 2247 356 2280 niam,
385 2246 456 2274 sicut
477 2245 610 2281 contingit
637 2248 783 2281 peccatum
805 2244 940 2273 mendacii
970 2243 1032 2272 ioco
1054 2251 1113 2280 per-

268 2293 387 2330 petrari,
410 2293 447 2321 ita
468 2292 551 2320 etiam
579 2296 605 2320 et
627 2291 695 2320 alias
723 2294 901 2328 peccatorum
924 2291 1110 2319 differentias:

268 2349 334 2377 ergo
356 2340 378 2368 si
411 2340 464 2368 alia
495 2343 607 2376 peccata
630 2347 682 2367 non
711 2339 814 2367 habent
845 2338 932 2367 dividi
960 2346 1009 2375 per
1041 2338 1112 2366 ioco-

267 2395 333 2415 sum
363 2390 389 2416 et
420 2395 478 2414 non
500 2386 648 2419 iocosum,
681 2385 807 2419 videtur,
837 2385 911 2421 quod
940 2392 990 2413 nec
1019 2384 1110 2421 ipsum

269 2433 454 2462 mendacium.

346 2481 372 2508 li.
396 2480 476 2513 item,
506 2488 569 2507 cum
599 2479 662 2515 quis
690 2479 789 2507 salsum
813 2478 879 2507 dicit
908 2478 1053 2506 intendens
1075 2477 1112 2505 io-

269 2536 350 2560 eare,
367 2535 421 2555 non
437 2526 551 2555 intendit
566 2525 683 2562 saitem
703 2525 776 2553 «sed
796 2525 985 2558 mendacium,
1000 2528 1031 2552 ut
1046 2524 1112 2552 dicit

268 2573 469 2610 Augustinus&
491 2576 532 2601 est
557 2572 626 2601 salsa,
655 2572 729 2600 vocis
751 2571 913 2608 significatio
941 2579 1005 2599 cum
1026 2571 1112 2599 inten-

270 2621 341 2649 tione
364 2620 476 2649 sallendi
491 2630 520 2647 »z
544 2627 610 2656 ergo
632 2619 679 2647 ubi
708 2619 784 2647 iocus
814 2619 975 2652 intervenit,
998 2618 1034 2646 ibi
1057 2626 1110 2645 non

1169 1499 1210 1525 est
1233 1497 1424 1526 mendacium:
1441 1497 1553 1526 videtur
1567 1505 1647 1533 ergo,
1661 1498 1737 1534 quod
1753 1498 1928 1527 mendacium
1945 1498 2017 1527 ioco-

1169 1551 1235 1571 sum
1257 1551 1310 1571 non
1333 1543 1368 1571 sit
1383 1543 1488 1580 species
1511 1543 1660 1578 mendacii,
1676 1544 1761 1572 immo
1784 1544 1875 1581 potius
1890 1544 2015 1573 defectus

1169 1593 1196 1618 et
1217 1589 1365 1618 diminutio
1387 1589 1482 1626 ipsius.

1249 1637 1274 1665 5
1296 1636 1376 1671 item,
1398 1636 1527 1665 obiicitur
1550 1640 1645 1665 eontra
1672 1637 1788 1666 tertiam
1810 1630 2013 1673 differentiam,
2026 1645 2096 1687 eotxiiffi
2108 1646 2145 1664 ter-

1169 1690 1240 1720 quae
1262 1685 1303 1711 est
1325 1683 1501 1712 mendacium
1514 1683 1722 1720 perniciosum.
1738 1684 1763 1712 Si
1779 1684 1852 1712 enim
1870 1684 2014 1721 pernicio·
2099 1682 2103 1687 “

1169 1739 1235 1758 sum
1257 1730 1360 1759 dicitur
1382 1724 1577 1764 mendacium,
1599 1731 1673 1767 quod
1696 1731 1803 1759 inducit
1832 1734 1965 1766 mortem,
1988 1735 2015 1761 et

1169 1785 1252 1805 omne
1267 1780 1409 1813 peccatum
1426 1777 1543 1805 mortale
1558 1777 1664 1805 inducit
1680 1781 1812 1810 mortem;
1828 1786 1887 1806 esse
1897 1778 1907 1793 ⁵
1920 1779 2014 1815 perni-

1169 1824 1281 1852 ciosum
1302 1826 1343 1852 est
1364 1824 1492 1860 generale
1507 1824 1581 1852 omni
1603 1827 1716 1861 peccato
1732 1825 1855 1853 mortali:
1878 1833 1944 1862 ergo
1960 1833 2014 1854 non

1169 1873 1210 1898 est
1232 1870 1387 1899 differentia
1409 1870 1554 1899 mendacii.

1250 1917 1275 1944 6.
1299 1916 1380 1950 item,
1409 1917 1586 1945 mendacium
1607 1916 1805 1954 perniciosam
1827 1917 1849 1946 si
1871 1917 2014 1954 distingui-

1170 1966 1217 1991 tur
1238 1964 1273 1991 ab
1294 1963 1368 1997 aliis,
1391 1967 1438 1991 aut
1460 1963 1513 1991 hoc
1527 1966 1568 1992 est
1588 1963 1694 1992 ratione
1714 1964 1871 1997 materiae,
1897 1968 1946 1992 aut
1973 1972 2014 1992 ra-

1170 2010 1242 2038 tione
1262 2009 1429 2038 ‘volutantia
1452 2010 1564 2038 Ratione
1585 2010 1728 2038 nzcctericte
1748 2018 1818 2045 non,
1840 2014 1870 2039 ut
1891 2011 2013 2045 videtur,
2058 2044 2067 2051 χ

1170 2057 1234 2093 quia
1256 2057 1282 2084 in
1305 2056 1428 2093 qualibet
1448 2056 1563 2084 materia
1585 2059 1674 2093 potest
1689 2056 1771 2085 liomo
1794 2057 1903 2085 mentiri
1925 2057 2014 2094 gravi-

1171 2107 1212 2131 ter
1233 2107 1260 2132 et
1282 2103 1446 2140 perniciose,
1468 2104 1490 2131 si
1515 2104 1664 2131 mentiatur
1687 2111 1722 2132 ex
1752 2104 1929 2140 malignitate.
1958 2104 2012 2133 Nec

1171 2151 1277 2179 ratione
1311 2149 1488 2183 υοίιιίιίαίϊθ,
1525 2149 1655 2186 quoniam
1692 2150 1718 2178 in
1754 2150 1877 2187 quolibet
1911 2158 2012 2188 genere

1171 2197 1306 2226 mendacii
1328 2200 1418 2233 potest
1439 2196 1569 2224 voluntas
1591 2196 1744 2225 inordinate
1767 2197 1872 2226 moveri
1893 2201 1920 2226 et
1934 2197 2013 2226 indu-

1170 2251 1233 2272 cere
1257 2247 1375 2272 mortem
1397 2243 1454 2271 sive
1471 2243 1622 2279 perniciem
1644 2243 1671 2270 in
1693 2244 1854 2272 mentiente:
1878 2252 1943 2280 ergo
1958 2252 2012 2272 non

1170 2290 1290 2323 videtur,
1312 2289 1386 2326 quod
1408 2289 1443 2317 sit
1465 2289 1620 2318 differentia
1640 2290 1768 2326 specialis
1789 2290 1934 2319 mendacii.

1248 2337 1329 2370 Item,
1351 2336 1481 2365 obiicitur
1502 2340 1598 2364 contra
1623 2336 1802 2374 differentias
1820 2337 2010 2373 praedictas:
2044 2344 2112 2370 Contra,
2123 2350 2142 2362 o-

1170 2384 1299 2420 quoniam
1330 2383 1499 2419 Augustinus
1518 2383 1527 2397 ⁶
1556 2382 1655 2411 dividit
1682 2383 1858 2411 mendacium
1890 2384 1918 2411 in
1950 2387 2010 2412 octo
2023 2373 2074 2417 {iiiia
2086 2369 2142 2417 {5¹54

1170 2430 1350 2459 differentias:
1373 2434 1421 2458 aut
1442 2438 1508 2466 ergo
1529 2429 1628 2458 divisio
1650 2430 1696 2458 illa
1716 2433 1758 2458 est
1777 2430 1943 2467 superflua,
1958 2434 2006 2459 aut
2019 2416 2085 2456 ciffi?
2097 2419 2144 2432 ¹⁰⁰¹*

1170 2478 1221 2506 ista
1250 2480 1291 2505 est
1312 2477 1473 2510 diminuta,
1503 2480 1551 2505 aut
1578 2484 1690 2505 necesse
1712 2479 1768 2510 est,
1797 2485 1881 2505 unam
1910 2477 2013 2505 reduci

1169 2524 1203 2552 ad
1225 2523 1316 2551 aliam.
1339 2523 1364 2550 Si
1387 2531 1453 2559 ergo
1482 2523 1643 2556 reducitur,
1667 2523 1828 2560 quaeritur,
1855 2532 1905 2560 per
1926 2532 2010 2561 quam

1168 2570 1264 2603 victum
1285 2570 1430 2606 quaeritur
1452 2570 1546 2605 etiam⁷
1570 2570 1633 2607 quis
1649 2570 1683 2598 sit
1698 2570 1855 2607 specierum
1875 2571 2010 2599 mendacii

1169 2625 1323 2650 numerus,
1346 2620 1372 2645 et
1393 2625 1464 2653 quae
1484 2617 1668 2655 sufficientia.

1090 2740 1103 2747 ,-

333 2742 338 2755 ¹
358 2742 397 2763 ilic
414 2748 432 2764 c.
455 2743 476 2770 t⁷
494 2741 533 2763 ubi
551 2742 655 2769 sequitur
672 2742 776 2769 August,
789 2741 887 2762 Enarrat.
901 2741 922 2761 in
936 2740 969 2761 Ps.
983 2739 1003 2767 5,
1021 2740 1042 2761 7.
1056 2746 1077 2761 n.
1094 2746 1111 2761 i.

331 2780 339 2794 '²
357 2780 467 2808 Specisica
485 2780 609 2802 differentia
628 2784 703 2802 autem
721 2785 765 2801 non
779 2780 885 2801 convenit
902 2780 934 2801 rei
947 2785 987 2806 per
999 2778 1111 2800 accidens.

269 2819 366 2846 Aristot.⁷
386 2820 420 2841 Vt.
440 2819 518 2846 Topic.
543 2824 561 2840 c.
584 2818 607 2839 3.
624 2818 651 2841 (c.
671 2818 714 2846 6.):
733 2818 788 2839 Nam
805 2818 866 2839 nulla
884 2817 1009 2839 differentia
1027 2819 1060 2839 est
1077 2823 1112 2839 eo·

270 2864 321 2879 rum
343 2864 401 2885 quae
427 2857 554 2879 secundum
573 2857 679 2879 accidens
697 2858 782 2884 insunt,
801 2857 858 2878 sicut
877 2862 951 2884 noque
969 2862 1052 2883 genus;
1067 2862 1109 2877 non

270 2896 330 2917 enim
354 2897 462 2923 contingit
487 2896 637 2918 differentiam
663 2896 737 2917 inesse
762 2896 828 2917 alicui
851 2897 872 2917 et
900 2901 943 2916 non
967 2895 1047 2916 inesse.
1066 2893 1110 2916 Csr.

271 2935 388 2962 Porphyr„
407 2935 435 2956 de
453 2934 583 2957 Praedical).
602 2940 620 2956 c.
639 2934 665 2957 de
683 2934 826 2964 Different't'a.

1231 2738 1241 2753 ³
1258 2739 1314 2761 Edd,
1332 2739 1409 2761 islant.

1232 2777 1241 2791 ⁴
1258 2777 1339 2799 Contra
1359 2777 1513 2804 Mendacium,
1532 2782 1551 2798 c.
1573 2777 1604 2798 12.
1623 2782 1644 2798 n.
1663 2777 1699 2798 26.
1711 2775 1755 2798 Cir.
1773 2776 1809 2797 nie
1821 2776 1850 2798 lit.
1867 2776 1977 2804 Magistri,
1990 2783 2009 2798 c.

1169 2817 1189 2838 3.
1203 2829 1232 2831 —
1244 2817 1355 2844 Superius
1373 2822 1415 2843 pro
1431 2815 1510 2839 iocare
1527 2815 1580 2837 edd.
1597 2814 1678 2837 iocari.
1696 2814 1719 2836 In
1736 2814 1780 2836 fine
1792 2820 1841 2842 arg.
1855 2820 1896 2842 pro
1908 2814 2009 2843 defectus

1168 2855 1235 2877 codd.
1254 2855 1282 2876 W
1295 2855 1312 2876 Y
1322 2855 1337 2876 Z
1355 2854 1456 2883 defectio.

1230 2893 1239 2907 ⁵
1256 2892 1310 2915 Cod.
1329 2893 1344 2915 Z
1362 2893 1468 2921 praefigit
1485 2898 1548 2922 erqo.

1229 2932 1238 2946 6
1256 2932 1288 2954 Dc
1306 2932 1432 2959 Mendacio,
1451 2938 1469 2954 c.
1492 2931 1524 2953 14.
1538 2938 1558 2953 n.
1577 2931 1613 2953 25.
1625 2942 1656 2946 —
1667 2929 1710 2952 Csr.
1729 2931 1765 2952 liic
1781 2930 1810 2952 lit.
1824 2931 1936 2959 Magistri,
1950 2937 1968 2953 c.
1987 2932 2007 2953 2.
