2166 3366
7 486 8 492 ἵ
15 457 111 477 Conclusio
123 458 140 476 l.

5 739 6 744 ¹
13 739 112 759 Conclusio
122 739 139 758 2.

2 1131 3 1134 ,
22 1110 92 1137 Solutio
105 1116 139 1135 op-

22 1136 124 1158 positorum
129 1148 135 1153 .

70 1297 137 1316 Aliter.

9 1672 22 1685 1⁸
28 1670 82 1694 uplex
97 1675 139 1689 sen-

793 184 876 212 DtST.
900 185 929 213 V.
951 184 1023 212 ART.
1046 184 1063 212 Ι.
1086 184 1221 221 ΟΗΑΕΞΤ.
1244 185 1261 212 Ι.
1844 185 1897 214 1⁰23

155 266 210 291 tem
231 262 367 299 aliquam,
382 265 448 290 tunc
467 271 617 291 assumere
632 262 736 291 dictum
753 262 787 290 de
801 262 895 299 aliquo
917 262 997 299 signi-

155 308 218 337 ficat
239 316 293 336 non
315 308 405 336 solum
430 308 577 341 unionem,
600 308 648 336 sed
670 308 752 336 etiam
768 307 842 335 illam
865 308 996 336 unionem

155 354 313 382 terminari
326 354 367 382 ad
380 354 521 382 unitatem
544 355 727 383 assumentis.
745 355 775 382 Et
796 355 927 391 quoniam
950 354 997 382 illa

155 401 221 429 unio
242 409 295 429 non
317 401 485 429 terminatur
505 401 540 429 ad
563 401 696 429 unitatem
720 405 860 434 naturae,
882 401 930 429 sed
952 410 998 438 po-

155 447 210 476 tius
224 447 259 476 ad
282 447 415 475 unitatem
427 455 587 484 personae;
609 447 670 476 ideo
686 447 841 475 secundum
860 448 943 476 istum
960 448 997 475 in-

154 494 295 522 tellectum
324 502 475 522 assumere
495 502 548 522 non
577 494 705 522 convenit
731 494 841 522 divinae
870 497 995 522 naturae.

154 541 252 569 Divina
273 541 346 569 enim
370 544 470 569 natura
491 549 545 568 non
565 540 697 568 assumsit
717 540 868 568 humanam
891 541 917 568 in
939 540 997 568 uni-

154 590 238 616 tatem
266 591 398 621 naturae3
419 590 446 615 et
474 587 537 615 ideo
559 587 610 615 isto
639 586 722 614 modo
742 594 796 614 non
819 586 995 620 conceditur,

153 633 228 671 quod
249 641 310 662 eam
332 634 497 662 assumserit
518 633 612 661 divina
633 636 749 665 natura,
771 633 822 661 hoc
845 636 885 661 est
907 633 947 661 acl
967 641 996 660 se

154 680 211 709 sive
239 680 274 708 ad
303 680 445 716 propriam
467 680 600 708 unitatem
630 679 770 708 sumserit.
791 695 829 699 —-
850 679 876 706 Si
901 683 995 707 autem

154 727 290 755 terminus
312 726 357 755 ille
379 726 479 754 habeat
501 729 659 762 respectum
674 726 709 754 ad
732 725 901 753 relationem
918 725 997 753 unio-

153 773 236 806 nis¹;
263 776 330 801 tunc
351 772 525 806 conceditur,
554 772 628 809 quod
650 772 745 800 divina
772 774 872 799 natura
900 772 997 799 huma-

151 827 216 848 nam
244 819 424 853 assumserit,
453 819 505 847 hoc
526 822 567 847 est
596 819 647 847 sibi
670 819 781 847 unierit.
811 819 901 847 Univit
922 818 994 846 enim

152 866 204 895 sibi
226 866 376 894 humanam
406 869 552 899 naturam,
574 865 702 902 quamvis
724 874 777 893 non
808 865 833 893 in
855 874 885 892 se
912 865 995 901 ipset,

151 913 199 942 sed
221 913 247 941 in
269 921 331 941 unuv
350 921 486 949 persona.
502 928 541 932 —
557 912 586 940 Et
607 912 659 941 isto
681 912 763 940 modo
787 911 940 948 procedunt
956 919 996 939 ra-

151 960 240 988 tiones
261 963 287 988 et
308 959 502 993 atictorimteS‚
524 967 595 995 quae
623 959 657 987 ad
680 959 731 987 hoc
753 958 941 991 inducuntur;
969 961 995 986 et

152 1007 214 1035 ideo
236 1009 301 1035 sunt
322 1006 522 1035 concedendae.

232 1055 256 1081 l.
277 1053 316 1081 Ad
338 1053 407 1081 illud
430 1061 496 1081 vero
514 1053 588 1090 quod
610 1052 751 1086 obiicitur,
770 1052 844 1089 quod
867 1052 943 1080 solus
958 1052 996 1080 Fi-

150 1100 206 1129 lius
227 1100 348 1136 suscepit
376 1100 528 1128 humanam
551 1102 700 1133 naturam;
733 1099 898 1133 dicendum,
919 1098 994 1135 quod

149 1147 265 1175 κςοῐῑιννι9
285 1155 339 1175 non
360 1146 486 1175 excludit
507 1146 544 1174 ibi
565 1150 722 1180 naturam,
744 1154 815 1183 quae
830 1149 871 1175 est
893 1146 918 1174 in
935 1154 995 1183 per-

151 1201 217 1222 sona
239 1196 265 1222 et
287 1193 465 1230 praedicatur
488 1192 522 1221 de
544 1200 677 1230 persona,
699 1193 746 1221 sed
769 1192 895 1221 excludit
916 1192 994 1220 alias

151 1241 227 1268 duas
257 1248 414 1277 personas,
448 1239 550 1268 scilicet
583 1239 689 1267 Patrem
722 1242 748 1267 et
773 1239 906 1276 Spiritum
935 1247 995 1267 san-

151 1291 235 1316 ctum.
250 1303 290 1307 —
311 1287 483 1320 Praeterea,
512 1286 662 1314 auctoritas
683 1286 728 1314 illa
758 1294 811 1314 non
840 1285 907 1314 dicit
928 1285 995 1313 sim-

148 1333 276 1370 pliciter,
299 1333 373 1370 quod
393 1332 470 1361 solus
492 1332 575 1361 Filius
603 1332 772 1369 susceperit.
794 1332 842 1360 sed
864 1332 937 1368 quod
955 1340 995 1361 so-

149 1380 194 1409 lus
215 1379 299 1408 Filius
321 1379 442 1416 suscepit
464 1379 496 1407 in
510 1379 651 1407 unitatem
662 1379 818 1416 propriam
834 1379 858 1412 ³;
880 1382 907 1407 et
928 1382 994 1407 tunc

148 1435 203 1455 non
224 1430 266 1456 est
288 1426 417 1454 instantia
439 1425 473 1454 de
494 1429 621 1459 natura,
643 1425 722 1462 quia,
747 1428 778 1453 ut
809 1425 914 1454 dictum
937 1428 993 1460 est,

148 1477 249 1503 natura
275 1473 369 1502 divina
400 1481 454 1501 non
481 1472 602 1509 suscepit
624 1473 776 1501 humanam
799 1473 825 1500 in
858 1473 992 1501 unitatem

149 1524 283 1554 naturae,
306 1520 353 1548 sed
376 1520 402 1547 in
426 1520 559 1547 unitatem
581 1527 716 1555 personae
729 1519 745 1546 ⁴.

229 1568 254 1595 Ξ.
277 1567 314 1595 Ad
331 1566 398 1595 illud
421 1566 493 1603 quod
511 1566 653 1599 obiicitur,
674 1565 749 1602 quod
771 1566 850 1594 Patet·
865 1568 891 1594 et
911 1566 993 1594 Filius

150 1617 177 1643 et
198 1613 317 1650 Spiritus
337 1616 449 1641 sanctus
471 1612 548 1640 nullo
570 1612 652 1640 modo
674 1612 806 1640 differunt
828 1612 854 1640 in
877 1616 992 1643 natura:

150 1659 316 1693 dicendum,
339 1659 412 1696 quod
439 1659 490 1687 ista
518 1658 623 1695 duplex
646 1662 695 1686 est.
719 1659 775 1687 Uno
801 1659 883 1686 modo
905 1662 992 1695 potest

150 1706 263 1742 intelligi
287 1705 337 1734 sic:
359 1705 438 1733 Pater
453 1709 480 1733 et
501 1705 585 1733 Filius
606 1708 633 1733 et
647 1705 766 1742 Spiritus
788 1709 901 1733 sanctus
916 1706 993 1733 nullo

149 1753 232 1782 modo
253 1752 386 1781 differunt
408 1752 434 1780 in
456 1756 572 1786 natura,
594 1752 621 1780 id
643 1755 684 1780 est
706 1752 784 1780 Pater
806 1755 832 1780 et
861 1752 944 1781 Filius
965 1756 992 1781 et

149 1799 268 1837 Spiritus
298 1803 426 1833 sanctus,
458 1798 591 1827 habentes
622 1807 706 1826 unam
740 1802 881 1833 naturam,
913 1799 992 1827 nullo

149 1846 233 1875 modo
254 1846 398 1879 differunt3
419 1849 446 1874 et
467 1846 519 1874 hoc
540 1849 581 1874 est
601 1845 717 1875 falsum.
732 1846 797 1883 quia
819 1846 898 1874 Pater
912 1850 940 1875 et
955 1847 992 1875 Fi-

148 1893 203 1922 lius
233 1893 415 1930 personaliter
446 1892 579 1921 differunt
613 1895 640 1921 et
672 1892 775 1921 habent
807 1893 991 1930 proprietates

148 1939 300 1969 distinctas.
314 1955 353 1960 —
368 1939 424 1968 Alio
446 1939 527 1967 modo
554 1942 644 1976 potest
666 1939 796 1975 intelligi,
824 1943 856 1968 ut
877 1940 911 1968 sit
933 1948 992 1969 sen-

148 1994 208 2015 sus:
230 1986 309 2014 Pater
327 1989 354 2014 et
368 1986 452 2014 Filius
473 1994 527 2014 non
543 1985 676 2014 disserunt
698 1986 729 2014 in
743 1990 870 2020 notiora,
894 1987 919 2015 id
936 1990 990 2022 est,

147 2041 202 2061 non
224 2032 356 2061 differunt
374 2032 534 2061 diversitate
549 2035 679 2066 naturae;
701 2032 882 2061 nihilominus
898 2037 990 2063 tamen

148 2078 281 2107 differunt
302 2087 322 2106 a
342 2087 372 2106 se
394 2079 510 2107 invicem
532 2087 578 2112 re,
600 2082 626 2107 et
647 2078 682 2107 ab
704 2078 769 2115 ipsa
795 2079 918 2107 essentia
946 2080 989 2108 vel

147 2129 248 2154 natura
275 2125 407 2153 differunt
438 2125 553 2153 ratione
583 2125 627 2154 vel
659 2125 847 2154 attributione.
880 2125 989 2163 Aliquid

147 2172 220 2200 enim
242 2171 404 2200 attribuitur
423 2180 579 2208 personae,
601 2171 675 2209 quod
697 2180 755 2200 non
776 2176 918 2206 naturae,
933 2176 960 2201 et
975 2181 989 2201 e

147 2226 281 2247 converso
291 2219 309 2245 ⁵.
332 2218 362 2247 Et
384 2218 459 2252 ideo,
488 2218 560 2247 sicut
585 2226 638 2247 non
661 2219 801 2256 sequitur:
825 2219 919 2248 divina
947 2228 991 2248 na-

147 2268 211 2294 tura
232 2268 273 2294 est
294 2265 321 2293 in
344 2265 434 2293 tribus
454 2265 594 2301 personis:
617 2274 683 2302 ergo
705 2273 822 2302 persona
842 2266 928 2295 Patris
949 2271 990 2296 est

147 2311 175 2340 in
196 2312 287 2341 tribus
301 2311 427 2349 personis
448 2320 517 2345 una;
540 2312 577 2340 sic
593 2320 646 2340 non
666 2313 807 2349 sequitur:
831 2313 925 2341 divina
940 2322 990 2342 na-

148 2362 218 2387 tura
239 2359 299 2387 unit
320 2358 370 2387 sihi
393 2358 436 2387 vel
458 2359 575 2387 assumit
590 2359 755 2387 humanam:
777 2367 843 2396 ergo
862 2368 989 2396 persona

147 2405 251 2432 Patris
272 2405 404 2439 assumit3
427 2405 511 2433 immo
532 2408 574 2433 est
596 2405 631 2433 ibi
654 2405 796 2442 sophisma
817 2405 988 2439 accidentis,

147 2451 191 2479 vel
214 2451 290 2479 locus
311 2451 479 2487 sophisticus
499 2451 665 2479 accidentis.

226 2497 252 2525 3.
275 2497 311 2525 Ad
335 2497 402 2525 illud
426 2498 500 2534 quod
529 2497 658 2526 obiicitur
686 2498 721 2527 de
751 2498 846 2526 divina
874 2502 988 2532 natura,

1053 262 1127 299 quod
1160 265 1202 291 est
1232 262 1298 299 quid
1331 263 1588 299 simplicissimum3
1620 263 1789 298 dicendum,
1822 264 1897 300 quod

1053 309 1182 345 quamvis
1204 309 1239 337 sit
1260 309 1498 346 simplicissimum
1521 309 1547 338 in
1570 310 1671 343 forma,
1700 310 1784 338 habet
1804 313 1897 338 tamen

1054 355 1257 384 distinctionem
1280 356 1306 384 in
1322 356 1518 392 hypostasibus
1540 356 1597 385 sive
1612 357 1639 384 in
1658 357 1783 393 personis
1794 356 1813 384 ⁵.
1828 356 1896 385 Cum

1054 411 1119 439 ergo
1135 402 1328 439 intelligimus,
1350 403 1455 440 aliquid
1471 403 1544 431 uniri
1560 403 1656 437 alicui,
1672 404 1724 431 hoc
1746 412 1895 440 possumus

1054 448 1208 484 intelligere
1229 452 1278 476 aut
1299 452 1435 485 quantum
1456 449 1491 477 ad
1514 449 1645 477 unionem
1661 450 1815 478 secundum
1837 449 1896 487 for-

1053 503 1147 527 mam,
1169 498 1218 522 aut
1239 498 1375 531 quantum
1397 497 1431 523 ad
1458 495 1588 524 unionem
1611 496 1765 524 secundum
1793 505 1896 533 suppo-

1052 541 1151 568 sitzmn.
1174 541 1239 569 Dico
1261 549 1340 577 ergo,
1362 542 1459 578 quodsi
1476 542 1570 570 diviua
1585 545 1685 570 natura
1707 543 1835 571 uniretur
1849 543 1895 571 ali-

1053 587 1097 615 cui
1120 587 1275 615 secundum
1289 586 1434 624 sormam,
1456 588 1531 624 quod
1553 589 1709 617 necessario
1729 592 1784 617 tota
1805 590 1897 618 unire-

1054 636 1111 666 tur,
1134 633 1185 661 hoc
1213 633 1303 661 estin
1332 634 1455 670 qualibet
1477 642 1607 671 persona,
1636 643 1700 663 cum
1728 636 1896 672 simplicissi-

1055 680 1152 707 mum⁷
1175 680 1217 708 sit.
1241 680 1292 707 Sed
1315 680 1380 716 quia
1402 681 1467 708 unio
1490 681 1540 709 ista
1562 681 1605 709 vel
1626 682 1760 710 assumtio
1783 691 1834 710 non
1855 686 1896 711 est

1053 729 1188 762 quantum
1211 726 1246 754 ad
1274 726 1402 754 unionem
1432 727 1458 754 in
1481 726 1597 763 forma,
1627 728 1674 756 sed
1696 732 1830 764 quantum
1860 730 1894 757 ad

1052 772 1183 800 unionem
1214 772 1238 800 in
1258 781 1386 808 per-sonte
1415 776 1441 801 et
1462 774 1620 810 supposit0;
1643 774 1704 802 ideo
1732 783 1785 802 non
1807 776 1896 812 seqni-

1052 821 1111 849 tur,
1133 818 1208 855 quod
1231 819 1359 855 quamvis
1380 819 1415 847 sit
1436 819 1656 855 simplicissima,
1678 821 1751 857 quod
1782 825 1840 849 tota
1861 823 1895 850 sit

1053 865 1145 899 unita,
1168 865 1322 893 secundum
1344 866 1418 902 quod
1449 869 1539 893 totum
1560 866 1703 895 distribuit
1732 876 1782 904 pro
1799 877 1895 904 perso-

1052 911 1107 939 πίε.
1131 912 1206 940 Unde
1228 919 1280 939 non
1305 912 1378 940 valet
1400 920 1546 948 processus
1569 913 1629 947 ille,
1651 922 1706 950 quo
1736 915 1895 950 proceditur

1052 966 1068 987 a
1088 958 1265 995 simplicitate
1286 962 1403 987 naturae
1424 959 1458 987 ad
1488 967 1671 996 personarum
1697 961 1894 997 pluralitatem.

1130 1006 1156 1034 [ι.
1180 1005 1215 1033 :td
1240 1005 1309 1033 illud
1331 1005 1404 1042 quod
1427 1005 1571 1039 obiicitur,
1594 1007 1666 1043 quod
1691 1011 1789 1036 natura
1812 1012 1853 1036 est
1868 1009 1896 1036 il-

1053 1052 1114 1086 lud,
1130 1052 1157 1080 in
1173 1061 1228 1089 quo
1250 1060 1383 1089 personae
1399 1053 1548 1081 uniuntur:
1572 1062 1638 1090 ergo
1653 1055 1712 1091 ipsa
1734 1055 1822 1089 unita,
1840 1060 1895 1085 tres

1052 1107 1186 1136 personae
1217 1099 1367 1133 uniuntur,
1389 1103 1415 1128 ct
1447 1100 1506 1136 ipsa
1527 1105 1701 1135 assumente,
1733 1106 1895 1137 assumunt3

1052 1145 1215 1180 dicendum,
1237 1146 1312 1182 quod
1328 1154 1381 1174 non
1404 1147 1539 1183 sequitur.
1558 1148 1674 1184 Quando
1689 1148 1761 1176 enim
1784 1149 1895 1183 dicitur,

1051 1192 1126 1229 quod
1148 1192 1183 1220 ad
1199 1192 1329 1221 unionem
1351 1193 1423 1227 eius,
1446 1193 1472 1221 in
1488 1202 1543 1231 quo
1558 1194 1612 1222 alia
1634 1195 1785 1230 uniuntur,
1808 1197 1896 1233 scqui-

1051 1242 1098 1267 tur
1119 1238 1185 1266 unio
1207 1238 1333 1273 illorum,
1356 1239 1407 1267 hoc
1430 1248 1527 1268 verum
1550 1244 1603 1275 est,
1625 1242 1737 1278 quando
1759 1242 1895 1271 uniuntur
1910 1252 2023 1270 sonandum.

1050 1285 1209 1313 seeundum
1232 1285 1306 1313 z‘ttmt
1326 1289 1353 1314 et
1374 1286 1406 1314 t'n
1426 1295 1470 1319 ee,
1494 1287 1520 1314 in
1547 1296 1601 1324 quo
1623 1288 1677 1316 alia
1702 1289 1839 1317 uniuntur
1868 1289 1894 1318 in

1051 1340 1096 1366 en,
1117 1332 1188 1361 sicut
1210 1336 1251 1361 est
1273 1333 1298 1360 in
1321 1335 1436 1369 puncto,
1453 1334 1479 1361 in
1498 1342 1553 1371 quo
1576 1334 1663 1363 lineae
1685 1335 1822 1364 uniuntur
1840 1339 1895 1365 tan-

1051 1388 1133 1416 quam
1152 1379 1176 1407 in
1193 1379 1324 1414 termino,
1345 1383 1372 1408 et
1393 1380 1451 1417 ipse
1466 1384 1587 1417 punctus
1602 1384 1632 1409 ut
1654 1382 1790 1410 terminus
1806 1386 1894 1420 potest

1050 1425 1096 1453 alii
1119 1425 1209 1459 uniri;
1231 1425 1358 1454 similiter
1379 1429 1406 1455 et
1428 1427 1454 1454 in
1470 1427 1559 1455 anima
1584 1430 1610 1456 et
1633 1427 1659 1455 in
1675 1428 1734 1456 suis
1755 1430 1891 1465 potentiis.

1050 1472 1107 1500 Non
1130 1472 1168 1500 sic
1190 1475 1282 1501 autem
1305 1476 1346 1501 est
1368 1473 1393 1501 in
1416 1474 1569 1510 proposito,
1592 1475 1657 1511 quia
1676 1475 1738 1504 illae
1760 1484 1894 1512 personae

1051 1521 1187 1549 uniuntur
1208 1521 1235 1549 in
1251 1525 1351 1550 natura
1372 1525 1508 1559 quantum
1524 1523 1558 1551 ad
1581 1524 1714 1552 unitatem
1737 1525 1892 1553 naturalem

1050 1568 1108 1596 sive
1129 1568 1317 1602 essentialem3
1340 1569 1387 1597 sed
1410 1569 1504 1598 divina
1527 1573 1625 1598 natura
1647 1579 1699 1599 non
1726 1572 1823 1600 unitur
1846 1573 1894 1601 hu-

1050 1622 1147 1643 manae
1170 1615 1196 1642 in
1225 1623 1307 1643 unam
1337 1616 1498 1650 essentiam,
1530 1617 1578 1645 sed
1602 1618 1698 1645 unitur
1731 1618 1756 1646 in
1788 1619 1893 1647 unitate

1050 1661 1221 1698 hypostasis,
1245 1662 1270 1690 in
1299 1671 1355 1699 qna
1376 1663 1489 1699 quidem
1511 1664 1667 1700 hypostasis
1696 1666 1801 1694 unitate
1822 1666 1892 1695 aliae

1050 1716 1183 1745 personae
1206 1709 1293 1745 magis
1314 1709 1525 1746 distinguuntur
1546 1719 1629 1747 quam
1652 1712 1823 1741 conveniant.

1130 1755 1159 1783 Et
1181 1755 1265 1783 huius
1294 1755 1456 1792 exemplum
1478 1756 1573 1785 haberi
1604 1760 1692 1794 potest
1717 1759 1743 1786 in
1772 1760 1891 1788 aeternis

1049 1802 1218 1836 rationibus,
1234 1802 1389 1830 secundum
1405 1810 1475 1840 quas
1496 1803 1571 1832 Deus
1586 1805 1727 1840 producit,
1749 1814 1821 1842 quae
1835 1806 1894 1843 qui-

1049 1848 1111 1876 dem
1134 1856 1230 1877 omnes
1257 1857 1345 1877 unum
1367 1852 1431 1877 suut
1452 1849 1478 1877 in
1500 1850 1619 1879 essentia
1646 1851 1692 1879 Dei
1715 1855 1741 1880 et
1766 1852 1892 1881 substan-

1050 1894 1099 1929 tia3
1120 1903 1174 1923 non
1199 1899 1287 1923 tamen
1310 1895 1450 1932 sequitur.
1478 1896 1577 1933 quodsi
1599 1897 1673 1925 Deus
1694 1898 1758 1926 facit
1785 1899 1889 1935 aliquid

1048 1941 1203 1969 secundum
1226 1942 1359 1970 rationem
1384 1951 1481 1977 unani,
1503 1943 1578 1980 quod
1600 1944 1754 1973 secundnm
1774 1945 1848 1973 illam
1864 1950 1891 1974 et

1048 1988 1164 2016 eandem
1188 1988 1268 2017 saciat
1282 1989 1374 2017 onmia
1388 1989 1442 2017 alia
1453 1990 1470 2017 ⁸.
1494 1990 1569 2018 Unde
1590 1990 1663 2019 idem
1683 1995 1748 2020 sunt
1770 1991 1831 2020 idea
1846 1992 1892 2020 ho-

1048 2034 1130 2062 minis
1152 2037 1178 2062 et
1194 2034 1255 2062 idea
1275 2034 1344 2063 asini
1361 2035 1387 2063 in
1410 2036 1503 2064 divina
1525 2036 1694 2071 substantia3
1716 2046 1779 2066 cum
1800 2041 1890 2067 tamen

1047 2080 1142 2108 divina
1163 2080 1316 2109 substantia
1345 2081 1409 2110 facit
1429 2082 1554 2115 asinum,
1583 2091 1636 2111 non
1659 2084 1723 2112 facit
1751 2084 1830 2113 illum
1853 2093 1892 2114 se-

1047 2127 1171 2155 cundum
1193 2127 1284 2155 ideam
1307 2128 1442 2162 hominis,
1464 2129 1512 2158 sed
1535 2130 1690 2159 secundum
1706 2131 1795 2160 ideam
1812 2132 1890 2160 asini.

1047 2173 1179 2201 —Aliud
1195 2173 1277 2202 etiam
1299 2175 1460 2211 exemplum
1478 2176 1554 2212 ponit
1568 2177 1733 2205 Anselmus⁹
1756 2177 1888 2215 insonte,

1046 2220 1110 2248 rivo
1132 2223 1158 2248 et
1180 2220 1261 2254 tacu,
1286 2221 1332 2258 qui
1355 2225 1420 2250 sunt
1440 2223 1524 2251 unius
1540 2227 1671 2257 naturae,
1693 2227 1719 2252 et
1742 2232 1814 2252 unus
1829 2225 1890 2253 ssuit

1046 2267 1082 2295 ab
1103 2267 1164 2295 alio.
1182 2267 1356 2303 UndeANilus
1377 2268 1480 2297 dicitur
1500 2268 1567 2306 son-s·
1588 2273 1615 2298 et
1639 2270 1741 2298 dicitur
1761 2271 1845 2299 rivus
1863 2274 1890 2300 et

1046 2313 1149 2342 dicitur
1170 2314 1269 2347 laeus;
1289 2318 1317 2343 et
1337 2323 1416 2343 winus
1437 2319 1478 2344 est
1500 2316 1590 2350 Nilus,
1611 2320 1638 2345 et
1659 2326 1721 2345 una
1742 2321 1783 2346 est
1804 2326 1888 2355 aqua,

1046 2363 1072 2388 et
1092 2360 1183 2388 unius
1210 2364 1358 2395 tzcttztrae,
1387 2363 1516 2399 quamvis
1537 2371 1590 2391 non
1613 2364 1648 2391 sit
1670 2373 1748 2391 uitus
1773 2363 1841 2402 fons
1862 2369 1889 2393 et

1045 2415 1124 2434 umes
1144 2407 1229 2434 rivus
1250 2411 1276 2435 et
1298 2416 1376 2436 unus
1397 2408 1487 2436 lacus.
1504 2409 1534 2437 Et
1550 2410 1695 2447 contingit,
1718 2411 1807 2440 Nilum
1832 2411 1889 2440 infi—

1046 2453 1143 2480 stulari
1158 2453 1184 2486 ¹⁰,
1207 2457 1236 2481 ut
1257 2453 1341 2482 rivus
1362 2458 1419 2488 est,
1441 2463 1494 2483 non
1518 2459 1548 2484 ut
1563 2456 1622 2484 sons
1638 2465 1727 2494 neque
1749 2460 1779 2486 ut
1795 2458 1887 2492 lacus;

1047 2503 1073 2527 et
1090 2500 1140 2528 hoc
1156 2503 1211 2534 est,
1234 2501 1314 2536 quia,
1336 2502 1464 2537 quamvis
1485 2503 1582 2531 eadem
1598 2511 1670 2540 aqua
1693 2504 1782 2541 primo
1803 2505 1838 2533 sit
1860 2505 1886 2534 in

213 2641 219 2656 ¹
238 2642 287 2664 Vnt.
305 2642 381 2664 adiicit
398 2643 497 2664 lantum.

209 2680 219 2695 ²
236 2680 308 2703 (Iodd.
326 2681 341 2702 Z
355 2681 385 2702 bb
402 2680 474 2703 solus.

209 2719 219 2734 ³
236 2720 300 2747 Sive,
319 2722 342 2741 ut
360 2723 451 2741 utamur
468 2721 523 2747 ipsis
544 2719 620 2742 vorbi<
645 2719 748 2748 Com-iiii,
773 2720 797 2742 ιή
822 2720 988 2750 st'nyztlaritttte

144 2764 269 2788 personne.

210 2796 219 2811 ⁴
237 2797 332 2819 Easdem
351 2797 408 2819 (lons
425 2797 549 2820 solutiones
566 2798 633 2819 ctiam
652 2805 663 2819 a
682 2798 787 2825 Magistro
805 2799 930 2821 allisi-untur
953 2800 988 2820 liic

148 2837 170 2858 in
188 2837 218 2858 lit.
235 2842 254 2858 c.
277 2837 294 2858 l.
312 2837 370 2859 circa
389 2836 466 2858 sstwni.

210 2875 220 2890 ⁵
237 2874 280 2897 cfr.
300 2876 313 2897 l.
331 2876 392 2898 Sent,
411 2875 432 2898 d.
451 2876 486 2897 33.
505 2882 527 2904 q.
555 2876 572 2898 l.
589 2882 636 2904 seq.
660 2878 682 2897 et
699 2875 721 2897 d.
745 2875 780 2898 34.
804 2883 826 2905 (1.
854 2877 870 2898 l.
893 2883 940 2905 seq.
958 2889 989 2893 —

149 2913 197 2936 Mox
215 2917 266 2941 post
283 2913 358 2936 trihus
374 2914 481 2943 personis
499 2914 566 2936 codd.
585 2914 599 2936 F
610 2915 626 2936 l<
640 2914 656 2936 U
667 2914 683 2936 V
701 2914 824 2936 subiiciunt
841 2921 897 2938 uim.
915 2915 987 2938 Codd.

148 2952 191 2974 Lti
203 2952 217 2974 S
229 2959 254 2974 aa
268 2959 294 2975 cc
310 2953 331 2974 in
350 2953 393 2974 tine
411 2953 476 2975 solut.
495 2954 600 2975 omittunt
617 2952 687 2975 vni-ba
707 2952 742 2975 vel
759 2952 824 2976 loeus
848 2953 988 2982 sophisticus

1045 2644 1176 2667 accusantis.
1200 2645 1230 2667 De
1253 2646 1391 2673 sophismati·
1416 2646 1541 2669 dividentis
1564 2648 1617 2670 vide
1643 2649 1739 2675 Aristot..
1759 2650 1772 2672 l.
1796 2651 1886 2673 Elem-h.

1045 2690 1064 2704 ‹·.
1083 2682 1103 2705 4.
1121 2684 1150 2709 (c.
1168 2683 1199 2712 5.)
1216 2687 1238 2705 ct
1255 2688 1308 2706 torn.
1327 2685 1348 2706 ll.
1367 2691 1418 2712 pag.
1438 2685 1494 2709 870.
1514 2691 1563 2708 notn
1582 2687 1602 2709 8.

1107 2723 1117 2738 ⁶
1136 2723 1192 2746 Vide
1210 2724 1224 2746 l.
1242 2725 1302 2746 Seni.
1320 2724 1341 2745 (1.
1360 2725 1380 2746 Β.
1399 2731 1421 2752 p.
1441 2725 1462 2747 ll.
1481 2732 1501 2754 q.
1525 2726 1541 2748 Ι.

1106 2761 1116 2776 ⁷
1135 2762 1182 2784 Vnt.
1201 2768 1252 2783 cum
1272 2763 1350 2790 paucis
1367 2763 1434 2785 codd.
1451 2761 1643 2793 sirnplz'eissimaj
1661 2769 1681 2788 ct
1700 2766 1782 2792 deindo
1801 2768 1821 2789 in
1842 2767 1885 2789 nne

1044 2801 1110 2822 solut.
1128 2806 1180 2822 cnm
1198 2801 1250 2823 edd.
1272 2801 1288 2828 1,
1307 2802 1320 2823 2
1333 2801 1387 2831 quin
1404 2802 1540 2831 proceditur
1557 2810 1598 2831 pro
1615 2810 1661 2834 quo
1677 2805 1820 2834 proceditur.

1107 2837 1116 2852 ⁸
1133 2838 1177 2860 cfr.
1196 2839 1209 2860 l.
1228 2840 1287 2861 Sent-
1306 2839 1328 2861 d.
1346 2839 1382 2862 35.
1400 2847 1422 2869 q.
1441 2841 1461 2863 2.
1480 2847 1544 2870 seqq.

1105 2876 1115 2891 ⁹
1132 2877 1153 2898 ln
1172 2877 1221 2899 libr.
1235 2877 1263 2899 dc
1282 2878 1333 2899 Fido
1347 2878 1408 2901 Trin.
1426 2886 1444 2901 c.
1459 2879 1479 2902 8.
1492 2879 1536 2902 cfr.
1554 2880 1582 2902 (tu
1596 2881 1694 2904 eruet-ss.
1709 2883 1767 2910 Spir.
1781 2884 1801 2905 S.
1815 2890 1832 2905 c.
1851 2884 1883 2905 t7.

1110 2915 1128 2930 ¹⁰
1145 2916 1192 2944 Qua
1210 2917 1356 2939 similitudino
1374 2918 1496 2941 incarnatio
1514 2920 1666 2948 significatur,
1685 2924 1709 2943 ut
1726 2921 1767 2943 lov.
1782 2922 1817 2944 cit.
1835 2923 1884 2950 ipse

1045 2955 1144 2976 Ansclm.
1162 2955 1264 2982 explicat.

1910 414 1995 432 Notanda
2011 414 2038 432 di·

1920 438 2002 456 stinetiu.

1905 1768 2012 1791 Exemplum

1903 2186 2010 2221 Exemplum
