2166 3366
147 2282 177 2300 Ad
191 2282 264 2306 opposi-

184 2308 229 2324 tum.

273 204 331 232 424

949 200 1200 229 SENTENTIARUM
1223 200 1282 229 LlB.
1305 201 1342 228 ΙΙΙ.

1017 331 1279 367 SGHOLION.

340 436 352 457 l.
372 436 393 457 ln
412 436 454 457 hac
471 438 493 457 et
509 441 557 463 seq.
570 434 611 463 (4.)
632 435 765 463 quaestione
781 435 803 456 S.
820 434 905 456 Bonav.
923 439 976 455 cum
995 433 1123 455 Alexandro

275 475 323 497 Hal.
341 478 363 497 et
380 474 493 496 Richardo
518 474 622 502 sequitur
646 473 743 495 modum
769 473 859 495 dicendi
876 473 898 494 S.
917 472 1032 500 Anselmi‚
1059 472 1124 494 cuius

275 517 409 541 argumenta
423 513 482 535 Scot.
495 512 541 541 (hic
553 520 575 541 q.
587 513 653 534 unica
667 519 688 534 n.
702 513 722 534 3.
736 512 811 541 seqq.)
821 513 959 540 restringere
971 512 1006 533 vel
1019 514 1124 533 evertere

276 554 366 584 nititur3
379 553 419 580 qui
431 553 525 579 insuper
537 551 664 579 contendit,
677 551 741 580 quod
751 557 829 581 purus
847 552 916 573 homo
929 552 942 572 i.
957 558 976 573 e.
990 557 1033 573 non
1047 551 1124 573 unitus

277 592 417 619 hypostatice
435 591 493 618 Deo,
510 594 532 613 at
550 590 690 618 plenitudine
707 591 793 618 gratiae
810 591 922 618 repletus,
938 591 1067 612 satisfacere
1086 596 1124 618 po-

276 631 343 652 tuerit
356 636 397 657 pro
410 636 494 657 genere
512 631 624 657 humano,
642 633 664 651 et
680 629 773 658 quidem
786 629 815 651 de
827 628 950 656 condigno.
964 629 1050 650 Tamen
1063 628 1122 650 Scot.

276 669 380 697 explicite
406 669 506 697 loquitur
524 675 568 690 non
586 668 615 691 de
632 668 735 697 potentia
752 667 890 695 ordinaria,
909 674 968 696 quae
986 668 1078 695 respicit
1096 667 1124 689 le—

276 715 317 737 ges
334 710 356 730 et
373 708 463 730 decreta
481 709 502 730 in
522 708 634 736 praesenti
647 707 791 735 providentia
804 707 900 729 stabilita
909 725 914 735 ,
927 707 968 729 sed
981 707 1009 729 de
1020 705 1124 735 potentia

275 747 396 775 absolata,
416 754 460 776 qua
479 748 539 769 Deus
556 747 685 769 secundum
702 747 779 775 ipsum
796 750 871 774 potest
882 747 957 769 facere
975 746 1088 775 quidquid
1101 746 1123 767 in

276 793 301 809 se
318 792 362 808 non
380 787 482 814 implicat
499 786 710 808 contradictionem.
727 785 876 808 Concorditer
888 786 958 813 igitur
975 785 1081 807 doctores
1092 788 1125 807 te-

277 829 340 854 nent⁷
359 826 422 854 quod
439 825 568 848 secundum
593 827 741 854 praesentem
766 825 868 847 divinam
894 825 1067 852 dispositionem
1093 825 1124 846 in-

277 866 377 888 carnatio
394 865 435 887 fuit
461 865 599 893 necessaria,
621 865 741 892 supposito
759 864 822 893 quod
840 864 901 886 Deus
917 864 1017 886 voluerit
1039 863 1123 885 habere

277 905 452 927 satisfactionem
469 903 598 934 perfectam
611 904 649 931 (de
661 903 793 932 condigno),
806 904 855 925 sive
868 908 926 932 quac
944 905 978 925 est
995 902 1024 925 ad
1042 909 1123 931 aequa-

277 944 360 966 litatem
378 944 482 966 iustitiae.
500 943 533 965 De
551 943 649 971 potentia
675 941 784 965 absoluta
810 941 938 971 loquendo,
955 942 1027 969 vulgo
1045 941 1124 963 distin-

277 983 355 1010 guitur
372 983 429 1004 inter
446 982 623 1004 satisfactionem
641 981 814 1011 imperfectam,
829 987 900 1009 quae,
912 981 964 1003 licet
975 986 1019 1002 non
1032 981 1060 1002 sit
1072 986 1123 1002 con-

277 1021 359 1049 digna,
376 1022 514 1050 acceptatur
531 1024 606 1043 tamen
624 1020 653 1043 ab
671 1027 698 1042 co
716 1021 752 1043 cui
770 1020 805 1042 illa
824 1019 921 1042 debetur
939 1020 987 1043 (cfr.
1001 1020 1037 1041 hic
1049 1025 1070 1047 q.
1084 1018 1123 1048 4.),

276 1063 299 1083 et
315 1061 490 1083 satisfactionem
504 1059 635 1089 perfectam
661 1060 710 1082 sire
735 1059 881 1087 condignam.
909 1059 1021 1086 Respectu
1039 1059 1123 1081 satista-

277 1100 356 1122 ctionis
369 1099 516 1128 imperfectae
529 1099 592 1121 facile
604 1099 750 1127 conceditur,
764 1101 905 1125 creaturam,
923 1097 970 1119 Deo
987 1097 1122 1125 adiuvante,

277 1145 327 1162 eam
346 1141 474 1167 praestare,
492 1139 625 1167 Deumque,
643 1139 661 1160 si
682 1138 759 1164 vellet,
787 1143 838 1159 eam
863 1140 983 1165 acceptare
1008 1143 1076 1164 posse
1100 1140 1124 1159 ut

276 1178 321 1202 sibi
335 1177 495 1208 sufficientem.
514 1177 580 1206 Quod
598 1177 680 1199 eadem
698 1180 775 1199 autem
787 1178 865 1204 posset
881 1177 995 1204 acceptari
1013 1177 1081 1198 etiam
1100 1178 1124 1197 ut

275 1217 377 1246 perfecta
396 1219 419 1239 et
434 1216 564 1246 candiana,
584 1216 667 1238 docent
683 1216 751 1243 Scot.‚
770 1215 871 1237 Durand.
889 1217 911 1237 et
928 1215 1068 1243 Nominales,
1088 1221 1124 1236 re-

276 1256 419 1284 fragantibus
437 1256 513 1278 schola
532 1256 554 1277 S.
573 1255 677 1277 Thomae
695 1255 791 1283 aliisque
809 1254 892 1276 multis.

340 1296 361 1317 S.
380 1296 465 1317 Bonav.
483 1295 504 1316 in
524 1295 565 1316 hac
582 1294 716 1323 quaestione
733 1293 842 1316 solvenda
861 1299 905 1315 non
919 1294 1020 1322 loquitur
1036 1293 1065 1315 de
1085 1299 1123 1320 po-

276 1335 343 1357 tentia
362 1335 401 1356 Dei
419 1333 541 1361 absoluta,
561 1333 602 1355 sed
620 1333 695 1361 arguit
706 1338 733 1354 ex
746 1333 875 1360 principiis,
893 1338 952 1360 quae
968 1333 989 1353 iu
1005 1330 1125 1360 praesenti

272 1373 422 1403 prortdentia
439 1376 485 1395 rata
512 1376 571 1394 sunt.
598 1372 645 1394 Hoc
670 1372 714 1393 iam
738 1370 872 1393 observavit
890 1371 986 1393 Brulifer
1004 1370 1042 1397 (ad
1065 1371 1124 1392 hanc

276 1413 390 1442 quaest.)‚
414 1412 475 1435 unde
497 1411 622 1439 concludit,
646 1411 668 1433 S.
692 1411 876 1433 Bonaventuram
899 1416 944 1432 non
967 1409 1124 1432 contradicere

276 1453 350 1475 Scoto.
362 1452 423 1474 Haec
440 1452 594 1479 interpretatio
611 1450 760 1473 confirmatur
772 1450 829 1471 infra
847 1450 980 1478 quae-stione
998 1449 1024 1477 6,
1042 1449 1082 1470 ubi
1100 1449 1121 1470 in

275 1491 320 1514 fine
337 1495 416 1514 auctor
433 1490 498 1518 dicit,
516 1497 541 1512 se
559 1489 634 1519 quoad
654 1489 836 1516 redemptionem
849 1489 892 1510 alio
906 1487 975 1510 modo
988 1487 1122 1515 possibilem

276 1531 329 1552 nihil
347 1530 405 1552 velle
424 1529 587 1557 determinare,
600 1529 685 1550 scilieet
703 1528 780 1556 «quia
798 1527 945 1549 temerarium
964 1530 1009 1553 est,
1023 1532 1076 1548 cum
1095 1526 1123 1548 de

276 1570 353 1592 divina
372 1570 471 1597 potentia
497 1569 583 1596 agitur,
605 1568 728 1590 terminum
747 1566 875 1595 praefigere
888 1574 908 1588 n.
927 1578 957 1581 —
974 1565 1125 1587 Nihilominus

276 1612 355 1632 auctor
373 1609 408 1631 hic
426 1609 491 1636 plura
510 1608 575 1635 dicit,
593 1614 652 1636 quae
670 1613 681 1629 a
701 1607 768 1629 scoto
786 1612 831 1628 non
848 1605 976 1634 probantur
994 1605 1043 1633 (cfr.
1056 1606 1123 1628 etiam

277 1649 312 1671 lV.
331 1649 391 1670 Sent.
411 1648 432 1670 d.
455 1647 486 1669 15.
505 1654 528 1675 p.
546 1647 560 1669 l.
579 1653 600 1675 q.
623 1647 640 1668 1.
658 1645 741 1674 seqq).

339 1688 362 1709 ll.
380 1687 402 1709 ln
421 1688 442 1709 ⁴2.
460 1686 563 1709 fundam.
581 1686 685 1713 arguitur
702 1691 728 1707 ex
746 1684 846 1713 quadam
864 1683 957 1714 infinita
974 1684 1086 1712 gravitate
1103 1686 1124 1706 et

275 1727 359 1749 malitia
374 1726 472 1757 peccati,
491 1725 519 1748 de
537 1731 582 1754 qua
602 1723 717 1754 infinitate
738 1724 830 1746 scholae
847 1729 890 1745 non
912 1723 995 1745 eodem
1015 1723 1123 1751 loquendi

276 1766 346 1788 modo
360 1767 461 1788 utuntur.
475 1765 566 1787 Plurimi
580 1764 640 1786 enim
654 1763 758 1791 discipuli
771 1763 792 1784 S.
806 1763 909 1784 Thomae
922 1761 1060 1789 defendunt,
1075 1768 1125 1789 pec-

276 1809 352 1828 catum
370 1805 392 1826 in
410 1805 496 1826 ratione
514 1803 607 1825 moralis
624 1803 723 1824 offensae
736 1808 786 1824 esse
798 1801 936 1831 simpliciter
947 1803 969 1823 et
982 1800 1124 1823 intrinsecus

1180 433 1303 461 inlinitum,
1321 433 1377 455 dum
1396 434 1477 455 Scotus
1494 439 1546 455 cum
1573 434 1621 455 suis
1646 433 1768 462 multisque
1793 433 1842 455 aliis
1860 439 1903 455 non
1927 433 2025 456 admittit

1181 473 1221 493 nisi
1240 472 1372 494 intinitatem
1399 471 1537 495 obiecta-«am
1554 475 1576 494 et
1593 472 1760 495 acti-insertam.
1778 472 1822 494 Sed
1841 473 1862 494 in
1880 473 1928 500 ipsa
1947 473 2023 495 schola

1180 511 1201 532 S.
1221 511 1323 533 Thomae
1342 517 1385 533 nou
1404 511 1499 539 desunt,
1517 511 1557 539 qui
1574 511 1596 533 S.
1615 511 1729 532 Thomam
1747 517 1790 538 pro
1802 511 1902 533 secunda
1915 512 2023 540 sententia

1180 553 1239 572 stare
1256 553 1371 578 asserant⁷
1388 554 1412 573 ut
1425 551 1446 572 Ρ.
1462 550 1544 572 Nicolai
1559 549 1584 571 O.
1598 550 1644 577 Pr„
1657 551 1695 578 qui
1709 551 1729 571 in
1743 556 1782 572 sua
1796 550 1895 572 editione
1907 549 2028 572 Commem

1181 590 1229 611 tarii
1247 590 1269 611 S.
1288 589 1391 611 Thomac
1409 590 1430 611 in
1449 590 1574 611 Sententias
1591 589 1637 617 <hic
1654 595 1673 611 a.
1693 590 1717 616 2,
1737 593 1787 611 nota
1807 589 1935 617 marginal.)
1956 595 2026 611 anno-

1181 630 1225 649 tat:
1247 636 1257 647 α
1270 627 1312 649 Ubi
1329 634 1385 655 ergo
1403 630 1517 655 praetexta
1535 627 1637 657 simplem
1654 627 1819 651 ehintrinseca
1838 628 1942 655 infinitas,
1955 633 2025 656 quam

1181 669 1271 693 praeter
1288 669 1423 694 perpetuam
1441 670 1463 689 ct
1488 666 1626 688 uniformem
1644 666 1673 688 S.-
1684 666 1787 688 Thomae
1806 666 1932 688 doctrinam
1956 667 2028 694 gratis

1181 705 1249 733 aliqui
1268 705 1357 732 fingunt
1373 708 1395 727 et
1412 705 1521 733 affingere
1539 705 1568 727 illi
1587 711 1631 727 non
1650 704 1766 732 dubitant,
1780 711 1822 732 pro
1835 704 1969 728 extrinseca
1982 707 2027 726 tan-

1180 746 1228 766 tum
1246 747 1268 766 et
1286 744 1426 773 respectiva,
1445 751 1472 766 ex
1490 744 1579 767 obiecto
1591 748 1665 766 sumta
1682 746 1704 766 et
1716 744 1830 766 vocabulo
1842 744 1954 766 diminuto
1967 743 2026 773 [scil.

1181 782 1314 812 quandam]
1339 783 1476 811 significata,
1502 789 1571 811 quam
1597 783 1701 811 agnoscit
1713 785 1742 805 n?
1765 783 1788 805 ln
1806 784 1849 805 hoc
1866 783 1935 805 altero
1958 789 2026 805 sensu

1181 823 1248 844 etiam
1267 824 1288 844 S.
1308 823 1392 845 Bonav.
1411 822 1480 844 debet
1496 822 1601 850 intelligi,
1619 828 1671 845 cum
1689 823 1739 850 ipse
1751 822 1835 850 duplex
1852 822 1978 850 distinguat
1994 823 2029 844 in-

1182 862 1281 890 finitum,
1307 863 1392 884 scilicet
1417 861 1523 884 absolute
1540 861 1565 884 tn
1582 867 1605 884 se
1623 864 1645 884 et
1662 862 1683 883 in
1709 861 1886 890 comparatione
1903 861 1935 884 ad
1958 860 2026 889 aliud

1180 901 1204 929 (Ι,
1223 902 1282 923 Scnt.
1301 901 1323 924 d.
1342 901 1378 923 43.
1396 908 1418 930 q.
1441 902 1458 929 l⁷
1476 902 1509 923 lll.
1527 902 1588 924 Sent.
1606 901 1629 923 d.
1652 901 1684 923 13.
1697 908 1717 923 a.
1734 901 1751 923 l.
1764 907 1785 929 q.
1800 901 1839 929 2,),
1852 903 1875 923 et
1892 901 1989 929 pluries,
2003 902 2026 922 ut

1180 940 1201 961 in
1220 940 1306 962 scholio
1318 940 1346 961 ad
1361 940 1383 962 ll.
1402 940 1461 962 Sent.
1481 939 1502 962 d.
1521 939 1557 962 35.
1575 946 1595 961 a.
1615 940 1634 961 l.
1653 945 1674 968 q.
1694 939 1716 961 3.
1733 940 1777 961 iam
1796 942 1897 961 notatum
1916 941 1961 967 est,
1974 935 2027 967 pec-⁴

1181 982 1230 1001 cato
1248 979 1380 1001 infinitatem
1399 978 1483 1001 tribuat
1500 979 1521 1000 in
1540 978 1728 1007 comparatione,
1747 978 1832 1000 scilicet
1849 977 1877 1000 ad
1895 977 1982 1000 bonum
1996 977 2029 1000 di-

1180 1019 1261 1040 vinum
1278 1019 1303 1040 tn
1320 1024 1344 1040 sc
1362 1018 1482 1040 infinitum.
1498 1030 1530 1034 —
1547 1017 1613 1040 Aliud
1640 1018 1792 1045 principium⁷
1818 1017 1881 1046 quod
1907 1018 1966 1039 Scot.
1985 1023 2027 1045 pro

1180 1063 1220 1079 sua
1239 1058 1348 1084 opinione
1366 1058 1402 1079 hie
1419 1059 1496 1085 urget,
1515 1057 1607 1084 respicit
1624 1058 1700 1084 ipsum
1719 1056 1825 1079 vaterem
1843 1057 1916 1078 meriti
1933 1055 2031 1084 Christi‚.

1181 1099 1293 1124 quatenus
1311 1096 1441 1123 dependeat
1458 1095 1486 1118 ab
1504 1095 1663 1125 acceptatione
1680 1095 1771 1124 divina,
1797 1095 1826 1117 de
1848 1101 1895 1124 quo
1912 1096 1951 1117 cfr.
1969 1096 2026 1117 infra

1181 1141 1202 1163 q.
1221 1135 1246 1163 ὅ,
1265 1135 1374 1157 scholion.

1244 1175 1276 1197 ΙΙΙ.
1295 1175 1325 1196 De
1344 1175 1386 1196 hac
1404 1174 1424 1196 3.
1443 1175 1591 1203 quaestione:
1609 1175 1670 1196 Alex.
1688 1174 1748 1202 Hal,
1767 1174 1788 1196 S.
1808 1180 1829 1202 p.
1848 1174 1879 1196 lll.
1893 1180 1915 1202 q.
1932 1174 1949 1195 l.
1962 1179 1993 1196 m.
2006 1174 2026 1196 fi.

1181 1220 1200 1235 a.
1223 1214 1240 1235 l.
1259 1214 1279 1235 2.
1296 1225 1328 1229 —
1345 1214 1416 1241 Scot.‚
1443 1214 1484 1235 loc.
1503 1214 1539 1235 cit.
1557 1216 1578 1235 et
1595 1213 1690 1241 Repert.
1708 1219 1729 1241 q.
1749 1214 1822 1235 unica.
1841 1225 1870 1228 -—
1888 1213 1910 1234 S.
1929 1213 2027 1241 Thom.‚

1182 1252 1210 1274 de
1227 1253 1269 1275 hac
1294 1255 1316 1274 et
1341 1259 1389 1281 seq.
1415 1258 1436 1280 q.
1455 1253 1491 1274 hic
1508 1259 1528 1274 a.
1547 1253 1567 1274 2.
1586 1255 1607 1274 et
1625 1252 1646 1274 d.
1669 1252 1686 1274 l.
1704 1258 1726 1281 q.
1749 1253 1766 1274 l.
1784 1258 1804 1274 a.
1823 1252 1843 1274 2.
1861 1251 1890 1274 ad
1908 1252 1936 1279 9;
1954 1252 1976 1273 S.
1994 1252 2029 1273 lll.

1181 1298 1202 1320 q.
1225 1292 1242 1313 l.
1260 1298 1280 1313 a.
1298 1293 1319 1313 2.
1337 1291 1366 1313 ad
1385 1292 1405 1313 2.
1422 1303 1454 1307 —
1471 1291 1494 1313 Β.
1513 1291 1609 1319 Albert.,
1629 1291 1657 1313 de
1675 1292 1717 1313 hac
1734 1294 1756 1313 et
1773 1297 1820 1319 seq.
1840 1297 1861 1319 q.
1880 1291 1916 1313 hic
1933 1297 1953 1312 a.
1972 1291 1993 1312 6.
2005 1290 2028 1312 7.

1181 1343 1211 1346 —-
1230 1331 1285 1352 Petr.
1303 1337 1314 1352 a
1334 1330 1399 1357 Tar..
1418 1331 1454 1352 hic
1471 1336 1490 1352 a.
1510 1330 1530 1352 3.
1548 1342 1580 1346 —
1597 1330 1711 1357 Durand.,
1729 1331 1765 1352 liic
1791 1336 1812 1358 q.
1840 1330 1860 1352 2.
1881 1342 1913 1346 —
1933 1329 2027 1357 Dionys.

1182 1369 1269 1397 Carth„
1288 1369 1321 1391 lll.
1338 1370 1398 1392 Sent.
1418 1369 1438 1391 d.
1459 1370 1479 1391 ’1.
1498 1375 1520 1398 q.
1540 1369 1560 1391 4·

1245 1409 1281 1431 lv.
1299 1409 1371 1430 Etiam
1388 1408 1466 1437 quoad
1483 1414 1531 1437 seq.
1549 1407 1591 1436 (4.)
1614 1409 1772 1436 quaestionem
1789 1408 1848 1430 Scot.
1867 1414 1919 1430 cum
1938 1408 1986 1430 suis
2007 1410 2029 1430 et

1182 1447 1340 1469 Nominalibus
1357 1454 1368 1469 a
1387 1448 1408 1469 S.
1427 1447 1513 1470 Bonav.
1531 1450 1553 1470 et
1570 1448 1651 1470 ceteris
1668 1448 1767 1476 antiquis
1778 1447 1912 1469 doctoribus
1924 1447 2027 1475 discedit,

1182 1488 1210 1509 ita
1229 1490 1316 1515 tamen,
1334 1489 1359 1509 ut
1376 1487 1482 1515 loquatur
1499 1493 1543 1508 non
1563 1487 1591 1509 de
1609 1487 1707 1514 potentia
1726 1487 1765 1508 Dei
1783 1486 1896 1508 ordinaria
1907 1504 1912 1514 ,
1928 1486 1969 1508 sed
1991 1485 2029 1509 ab·

1182 1526 1268 1549 soluta.
1287 1527 1385 1554 Quidam
1403 1530 1479 1548 autem
1498 1526 1638 1553 Nominales‚
1661 1526 1756 1548 ulterius
1779 1526 1909 1554 progressi,
1936 1525 2030 1553 dicunt,

1182 1566 1357 1588 satisfactionem
1385 1571 1456 1593 purae
1473 1568 1591 1587 creaturae
1608 1567 1630 1587 et
1647 1564 1735 1586 viribus
1753 1570 1811 1592 pure
1828 1563 1980 1586 naturalibus
1997 1564 2028 1586 fa-

1182 1609 1241 1628 ctam
1259 1612 1285 1628 ex
1303 1606 1459 1633 acceptatione
1484 1605 1523 1626 Dei
1542 1605 1678 1632 extrinseca,
1696 1604 1714 1626 si
1732 1604 1793 1626 Deus
1810 1604 1874 1631 velit,
1894 1610 1961 1632 posse
1978 1609 2030 1626 esse

1181 1645 1339 1667 sufficientem.
1358 1645 1439 1666 Scotus
1456 1646 1532 1666 autem
1546 1643 1591 1671 (lV.
1605 1644 1664 1665 Sent.
1677 1643 1700 1666 d.
1715 1643 1749 1665 t5.
1767 1649 1788 1672 q.
1811 1643 1828 1665 l.
1847 1649 1868 1665 n.
1880 1642 1912 1671 7.)
1924 1643 2028 1671 explicite

1181 1685 1277 1713 requirit
1293 1684 1321 1705 ad
1340 1684 1406 1706 talem
1425 1683 1600 1705 satisfactionem
1618 1683 1727 1705 auxilium
1744 1685 1766 1705 et
1782 1684 1866 1705 statum
1884 1682 1977 1709 gratiae.

1245 1723 1277 1744 De
1295 1723 1337 1744 hac
1356 1722 1376 1744 4.
1395 1723 1543 1751 quaestione:
1570 1722 1630 1743 Alex.
1649 1721 1708 1750 Hah,
1727 1721 1769 1743 loc.
1787 1721 1823 1744 cit.
1842 1727 1872 1742 m.
1890 1720 1910 1742 5.
1929 1727 1948 1743 a.
1971 1721 1988 1742 1.
2007 1721 2028 1742 2.

1182 1762 1254 1789 Scot.‚
1272 1761 1314 1783 loc.
1333 1761 1368 1783 cit.
1387 1773 1417 1776 -—
1434 1760 1554 1788 Richard„
1573 1761 1609 1782 hic
1626 1767 1648 1788 q.
1666 1760 1686 1781 5.

1040 1890 1202 1927 Qatsssrio
1223 1891 1265 1919 iv.

597 1992 701 2020 Utram
723 1991 852 2029 aliquis,
874 1990 997 2019 adimas
1016 1990 1137 2028 qratia,
1158 1990 1298 2027 potuisset
1318 1988 1493 2027 satisfacere
1512 1997 1568 2026 pro
1589 1997 1619 2017 se
1640 1989 1710 2026 ipso.

357 2093 462 2129 Quarto
483 2092 644 2129 quaeritur,
669 2094 766 2120 utrum
788 2090 903 2127 aliquis,
929 2089 1043 2118 adiutus
1065 2097 1124 2126 gra-

279 2140 330 2174 tia,
352 2139 488 2176 potuisset
513 2138 671 2167 satisfacere
692 2146 743 2174 pro
772 2145 800 2166 se
823 2137 890 2174 ipso.
921 2136 950 2164 El
972 2137 1046 2174 quod
1069 2136 1123 2170 sic,

278 2187 407 2216 videtur:

360 2234 382 2261 l.
406 2232 476 2269 Quia
491 2235 547 2261 tres
568 2235 633 2261 sunt
652 2234 746 2268 partes
761 2230 959 2268 poenitentiae:
983 2229 1123 2264 contritio,

277 2279 411 2309 confessio
427 2283 453 2308 et
468 2278 651 2313 satisfacti0¹;
666 2278 715 2306 sed
732 2278 823 2310 bomo,
838 2277 952 2305 adiutus
967 2276 1064 2313 gratia„
1080 2284 1125 2313 po-

278 2331 330 2356 test
352 2327 386 2356 de
407 2329 520 2364 peccato
542 2334 593 2355 suo
608 2325 711 2354 conteri
735 2328 761 2353 et
782 2324 873 2361 ipsum
891 2323 1034 2353 confiteri:
1057 2331 1124 2359 ergo

278 2377 367 2411 potest
395 2374 553 2403 satisfacere
581 2381 632 2410 pro
654 2380 683 2401 se
711 2372 779 2409 ipso.
802 2371 835 2400 Sz·
862 2374 893 2399 tu
921 2370 1021 2404 dieas,
1048 2370 1123 2407 quod

277 2424 367 2458 potest
389 2421 423 2449 de
451 2419 580 2454 actuali,
602 2419 651 2448 sed
680 2427 733 2447 non
756 2418 790 2447 de
812 2417 975 2455 0›·2'92²natz·,·
1003 2420 1123 2445 eontra.-

278 2468 369 2496 maius
390 2471 432 2496 est
452 2466 568 2495 actuale
589 2473 673 2503 quam
696 2464 858 2502 originale,
887 2464 952 2501 quia
973 2464 1062 2492 maior
1083 2467 1125 2492 est

278 2515 315 2544 ibi
338 2514 502 2552 improbitas
522 2513 689 2547 voluntatis,
711 2515 738 2541 et
759 2511 872 2549 gravius
894 2511 977 2540 etiam
992 2511 1055 2548 quis
1077 2519 1125 2548 pu·
1144 2520 1145 2523 ¹

278 2562 354 2590 nitur
382 2570 433 2598 pro
457 2560 572 2589 actuali
598 2568 683 2597 quam
713 2568 762 2596 pro
791 2557 976 2596 02·t'927nati²:
1006 2559 1028 2587 si
1058 2566 1124 2595 ergo

279 2616 327 2645 per
355 2608 526 2637 adiutorium
556 2606 660 2643 gratiae
689 2608 779 2643 potest
807 2605 966 2633 satisfacere
994 2613 1045 2641 pro
1074 2613 1124 2633 suo

278 2655 404 2689 actuali,
426 2654 514 2683 multo
531 2654 642 2682 ‘fortius
664 2653 791 2687 videtur>
820 2652 894 2689 quod
916 2660 968 2689 pro
997 2660 1048 2680 suo
1070 2651 1126 2679 ort-

275 2702 378 2740 pinati.

357 2751 383 2777 2.
405 2750 485 2783 item,
507 2760 518 2774 n
535 2748 706 2782 satisfacere,
727 2747 881 2776 secundum
899 2747 973 2783 quod
995 2746 1062 2775 dicit
1076 2746 1124 2777 An-

1181 2088 1315 2122 selmus²⁷
1331 2091 1372 2117 est
1393 2088 1528 2117 honorem
1545 2088 1669 2116 debitum
1686 2087 1743 2116 Deo
1758 2087 1920 2124 impendere
1931 2098 1963 2120 »ς
1978 2086 2027 2116 sed

1181 2135 1298 2172 quilibet
1309 2135 1401 2168 homo,
1414 2134 1527 2163 adiutus
1539 2134 1636 2171 gratia,
1649 2137 1738 2170 potest
1752 2134 1887 2162 honorem
1902 2133 2027 2161 debitum

1181 2182 1238 2211 Deo
1260 2182 1432 2218 impendere:
1456 2189 1523 2217 ergo
1538 2180 1655 2218 quilibet
1668 2182 1759 2217 potest
1773 2180 1829 2209 Deo
1844 2188 1895 2217 pro
1916 2182 2029 2217 peccato

1182 2238 1232 2258 suo
1248 2229 1415 2258 satisfacere.
1431 2228 1464 2257 St
1485 2232 1516 2256 tu
1531 2228 1628 2262 dicas,
1651 2227 1726 2265 quod
1741 2235 1794 2256 non
1817 2229 1908 2264 petest
1925 2227 2030 2264 impen-

1182 2276 1248 2305 dere
1271 2277 1418 2310 honorem,
1440 2283 1522 2312 quem
1546 2275 1629 2303 debet
1649 2282 1700 2311 pro
1716 2274 1818 2302 iniuria
1839 2273 1918 2311 prius
1940 2273 2025 2307 facta3

1181 2326 1304 2351 contra:
1328 2322 1405 2351 nulla
1426 2323 1499 2350 iusta
1520 2323 1642 2359 potestas
1664 2321 1751 2358 exigit
1772 2320 1807 2349 ab
1830 2320 1941 2349 homine
1957 2319 2029 2357 plus,

1181 2378 1264 2407 quam
1282 2373 1417 2407 potest-—
1430 2369 1602 2397 «anathema
1617 2368 1690 2396 enim
1706 2367 1753 2400 sit,
1775 2367 1823 2404 qui
1839 2367 1916 2400 dicit,
1938 2367 2027 2395 Deum

1181 2417 1355 2454 praecepisse
1382 2415 1593 2453 impossibilem
1613 2431 1651 2434 —-
1670 2422 1736 2451 ergo
1760 2413 1870 2442 nullum
1893 2414 2027 2442 honorem

1181 2463 1264 2493 debet
1284 2463 1341 2492 Deo
1362 2463 1494 2497 reddere,
1516 2469 1599 2499 quem
1621 2469 1675 2489 non
1698 2460 1792 2498 possit.

1261 2510 1286 2538 3.
1309 2510 1388 2543 Item,
1411 2509 1494 2537 homo
1516 2509 1639 2537 existens
1655 2507 1681 2535 in
1703 2507 1792 2544 gratia
1814 2510 1904 2544 potest
1925 2506 2026 2535 mereri

1182 2565 1324 2586 summum
1351 2557 1472 2590 bonum,
1494 2556 1569 2592 quod
1597 2555 1672 2584 Deus
1700 2554 1776 2583 est⁵t
1799 2562 1866 2591 erge
1895 2554 1915 2582 si
1940 2553 2027 2582 multo

1182 2605 1272 2633 maius
1287 2607 1329 2633 est
1343 2603 1445 2632 mereri
1464 2610 1608 2631 summum
1628 2603 1732 2631 bonum
1748 2610 1831 2639 quam
1854 2601 2025 2630 reconciliari

1182 2651 1233 2679 sibi
1256 2654 1283 2679 et
1304 2650 1510 2684 confoederari,
1525 2649 1650 2683 videtur,
1672 2648 1746 2685 quod
1763 2648 1851 2676 multo
1874 2647 1961 2684 magis
1977 2655 2027 2684 pro

1182 2698 1305 2735 quolibet
1327 2700 1439 2734 peccato
1467 2704 1518 2725 suo
1543 2696 1630 2733 possit
1658 2695 1831 2729 satisfacere.
1860 2703 1914 2723 non
1936 2694 2026 2723 solum

1182 2745 1308 2778 actuali,
1330 2745 1378 2773 sed
1400 2744 1482 2773 etiam
1505 2743 1655 2781 oriyz'nalz'.

342 2882 348 2896 ¹
368 2882 411 2904 Cfr.
430 2883 465 2904 lV.
484 2883 543 2904 Sent.
562 2882 583 2904 d.
606 2883 638 2903 16.
656 2885 677 2904 ct
699 2882 731 2903 17.

341 2921 350 2934 ‘-'
369 2921 426 2942 Vide
444 2921 466 2942 ll.
485 2922 544 2942 Sent.
563 2921 584 2943 d.
604 2921 640 2942 33.
659 2927 678 2943 a.
697 2921 717 2942 3.
735 2927 756 2949 q.
780 2921 796 2942 l.
815 2926 862 2949 seq.

342 2959 351 2973 3
368 2959 428 2981 Libr.
446 2960 460 2981 l.
477 2959 523 2981 Cur
540 2960 600 2982 Deus
618 2961 698 2987 homo,
717 2966 735 2981 c.
758 2960 790 2981 ll.
809 2962 830 2981 et
848 2960 884 2981 20.

317 3010 319 3012 v
343 2997 352 3011 4
368 2998 415 3019 Hoc
432 2998 518 3020 dictum
542 2999 655 3020 iuvenitur
678 2999 699 3020 in
723 2999 834 3026 opusculo
856 2999 995 3025 Hieronymo
1013 2999 1123 3025 ascripto,

1182 2879 1244 2908 quod
1263 2879 1393 2901 inscribitur
1411 2878 1513 2905 Symboli
1531 2877 1657 2905 explanatio
1675 2876 1703 2898 ad
1718 2875 1857 2901 Damasum3
1870 2874 1910 2895 cfr.
1929 2873 1952 2895 ll.
1965 2874 2026 2895 Sent.

1182 2919 1211 2941 lit.
1231 2918 1340 2946 Magistri,
1359 2917 1381 2939 d.
1399 2917 1505 2939 XXXVI.
1523 2922 1542 2938 e.
1561 2916 1581 2937 6.
1592 2928 1622 2931 —
1634 2915 1675 2937 Pro
1693 2913 1820 2936 anathema
1835 2912 1897 2935 enim
1912 2912 1942 2934 sit
1959 2912 2029 2934 codd.

1182 2958 1198 2979 Α
1211 2958 1228 2979 Κ
1248 2956 1375 2979 anathema
1391 2955 1454 2979 em'm
1471 2956 1510 2979 est.
1529 2955 1578 2977 Mox
1595 2956 1647 2982 post
1664 2952 1727 2975 debet
1743 2952 1795 2974 edd.
1808 2951 1916 2979 supplent
1933 2950 2009 2974 homo.

1244 2995 1254 3010 ⁵
1271 2996 1315 3018 Cfr.
1334 2996 1355 3017 ll.
1374 2996 1434 3017 sent.
1452 2994 1475 3017 d.
1493 2994 1529 3016 27.
1547 3000 1567 3015 a.
1585 2993 1606 3014 2.
1624 2998 1646 3020 q.
1664 2992 1685 3013 3.
