2166 3366
132 926 160 943 Ad
175 926 251 949 opposi-

177 955 179 966 l

114 1910 369 1944 runatmentagratum
392 1906 510 1940 faciens,
533 1906 605 1935 sicut
626 1914 683 1934 una
703 1908 744 1934 est
766 1905 822 1933 vita
835 1905 860 1932 ⁴:

265 175 321 203 286

265 252 402 279 habitualis,
424 252 465 274 sed
483 254 551 279 prout
568 252 674 273 connotat
691 250 787 278 gratiam
806 249 906 277 unionis,
925 249 973 276 vel,
993 251 1017 271 ut
1033 249 1069 270 alii
1082 248 1111 270 lo-

266 294 378 320 quuntur,
398 292 425 313 ita
444 294 468 313 ut
485 290 613 312 radicaliter
630 290 790 317 praeexigatur
808 289 879 316 gratia
892 288 983 310 unionis
1001 288 1050 309 sive
1063 294 1112 315 per-

265 331 349 353 sonalis
370 330 423 358 (cfr.
442 329 498 351 intra
517 335 538 357 q.
557 329 577 350 2.
596 328 625 350 ad
643 328 664 349 3.
684 327 704 349 ti.
722 331 744 350 et
761 327 783 349 (l.
802 327 838 348 20.
857 333 877 349 a.
900 327 916 348 Ι.
929 333 951 355 q.
970 326 1009 355 4.).

329 369 360 390 lll.
379 369 438 390 Alex.
458 368 512 395 Hal.,
532 368 573 389 loc.
592 367 628 389 cit.
647 372 676 388 m.
699 367 716 388 1.
734 373 753 388 a.
776 366 792 388 1.
806 378 836 381 —
848 366 870 387 S.
888 366 978 393 Tuom„
997 366 1033 387 liic
1051 372 1072 394 q.
1091 366 1112 387 3.

939 170 1191 199 SENTENTIARUM
1214 170 1274 198 LlB.
1295 170 1335 198 Ill.

1168 255 1188 270 a.
1209 249 1233 276 l;
1252 249 1273 271 S.
1292 249 1333 271 loc.
1352 249 1388 271 cit.
1407 255 1425 270 a.
1445 248 1466 270 5.
1478 260 1509 264 —-
1521 248 1545 270 B.
1563 248 1655 276 Albert.,
1674 249 1710 270 bie
1726 255 1745 270 a.
1768 249 1785 270 1.
1798 260 1828 264 —
1848 249 1904 270 Petr.
1923 255 1934 270 a
1954 248 2016 277 Tar„

1170 288 1206 309 liic
1223 294 1244 316 q.
1263 288 1284 310 3.
1302 294 1322 310 a.
1341 289 1361 310 2.
1374 300 1404 303 ——
1416 287 1522 309 Ricliard.
1541 293 1552 309 a
1572 287 1638 312 Meet..
1656 288 1692 309 hic
1709 293 1728 309 a.
1747 288 1767 309 3.
1786 294 1808 316 q.
1830 288 1846 310 l.
1860 300 1889 303 ——-
1906 288 2015 315 Durand.,

1170 326 1199 348 de
1217 328 1259 348 bac
1280 330 1301 349 et
1319 333 1382 355 seqq.
1406 333 1444 355 qq.
1463 327 1498 348 bic
1521 333 1543 355 q.
1562 327 1582 348 2.
1596 339 1625 341 -—
1643 326 1734 355 Dionys.
1752 326 1835 355 Carth„
1854 328 1889 349 liic
1907 334 1928 355 q.
1948 326 1968 349 4.
1986 339 2016 342 —

1170 366 1228 393 Biel,
1247 366 1283 388 liic
1300 372 1322 394 q.
1341 367 1406 388 unica
1425 367 1446 388 in
1465 366 1516 388 ane.

1035 468 1198 505 QUAESTtO
1220 468 1249 496 ll.

503 570 607 598 Utrwn
627 569 731 606 qratia
753 568 858 606 eapitis
880 568 918 596 sit
939 568 1002 596 alia
1024 576 1114 605 quam
1133 568 1238 605 qratia
1258 567 1424 605 sz'naztlaris
1442 577 1587 605 personae
1608 573 1632 596 et
1653 569 1781 597 unionis.

342 682 469 711 Secundo
490 681 636 719 quaeritur
651 680 686 709 de
701 680 790 717 gratia
805 680 902 717 capitis
923 682 1058 716 quantum
1075 679 1110 708 ad

263 729 464 763 differentiam,
490 731 586 757 utrum
613 727 743 756 videlicet
764 727 799 755 sit
829 727 883 755 alia
915 734 999 763 quam
1022 726 1111 763 gratia

264 776 414 813 singularis
442 783 577 812 personae
602 778 629 803 et
657 775 747 811 gratia
773 774 892 802 unionis.
923 774 953 802 Et
974 773 1047 810 quod
1076 773 1111 801 sit

263 824 332 858 alia,
356 823 475 851 videtur.

345 871 368 898 1.
390 870 582 898 Communiter
610 869 765 898 seeundum
795 868 923 897 doctores
952 868 977 896 iu
1001 867 1110 897 Christo

262 917 406 946 consuevit
427 916 584 945 differentia
598 915 703 953 gratiae
725 915 802 952 poni,
824 915 929 943 seilicet
950 915 1039 951 gratia
1053 915 1112 942 sirt-

260 964 379 1002 yularis
398 972 556 1001 personae,
580 963 669 1000 gratia
688 962 806 990 unionis
828 965 855 990 et
875 962 965 999 gratia
986 961 1110 998 eapitis.-

261 1012 283 1040 si
306 1019 372 1048 ergo
394 1011 493 1039 dlvisio
514 1018 575 1039 esse
594 1010 677 1038 debet
705 1017 753 1046 per
775 1009 916 1046 opposita,
938 1009 981 1037 vel
1011 1009 1109 1038 saltem

260 1058 403 1095 disparata
416 1058 435 1090 ’ς
458 1057 582 1090 videtur,
601 1057 676 1094 quod
696 1057 747 1085 ista
771 1056 927 1085 differentia
949 1056 1055 1093 gratiae
1075 1056 1111 1084 ab

259 1105 321 1134 aliis
343 1105 377 1134 sit
398 1105 517 1133 diversa.

341 1154 366 1181 2.
390 1153 473 1186 Item,
501 1152 589 1189 gratia
617 1151 724 1188 eapitis
751 1150 813 1179 aliis
842 1151 1067 1179 communicatur
1084 1150 1109 1184 ²3

260 1200 376 1237 gratiam
395 1207 461 1228 vero
482 1198 648 1236 singularis
661 1206 819 1234 personae,
839 1197 882 1226 vel
898 1197 1018 1225 unionis
1033 1197 1111 1225 Chri-

260 1250 320 1275 stus
335 1246 396 1275 aliis
418 1254 471 1274 non
488 1245 689 1279 communicat,
705 1245 771 1281 quia
786 1244 940 1281 respiciunt
961 1244 1053 1280 ipsum
1070 1252 1110 1272 so-

260 1294 331 1322 lum:
354 1302 420 1330 ergo
442 1296 507 1321 sunt
528 1292 689 1321 differentes
710 1292 824 1328 gratiae.

339 1340 365 1368 3.
388 1340 467 1374 Item,
490 1339 565 1376 quod
588 1339 623 1367 sit
642 1339 697 1367 alia
718 1347 802 1375 quam
826 1338 915 1375 gratia
942 1337 1109 1375 siayutaris

257 1396 409 1425 personae,
425 1387 545 1420 videtur,
560 1386 639 1423 quia,
654 1389 713 1414 esto
728 1386 802 1422 quod
819 1385 979 1413 humanitas
1002 1393 1110 1421 separe-

258 1439 305 1464 tur
327 1444 343 1463 a
364 1434 520 1468 divinitate,
542 1434 636 1462 adhuc
651 1436 742 1461 tamen
766 1435 891 1461 remanet
906 1432 995 1469 gratia
1017 1432 1109 1469 singu-

258 1483 325 1511 laris
346 1490 496 1519 personae;
520 1481 569 1509 sed
592 1489 644 1508 non
668 1484 793 1509 remanet
815 1480 901 1516 gratia
930 1479 1036 1516 eapitis
1058 1488 1108 1508 nes:

258 1530 347 1567 gratia
370 1529 508 1557 unionis:
535 1536 602 1565 ergo
623 1528 713 1565 gratia
734 1527 833 1564 capitis
861 1527 955 1555 differt
981 1535 997 1555 a
1019 1527 1108 1564 gratia

259 1577 409 1614 singularis
431 1583 574 1613 personae.

337 1625 363 1653 ίι,
386 1624 468 1657 Item.
497 1623 571 1661 quod
602 1623 636 1652 sit
662 1623 716 1651 alia
744 1630 830 1660 quam
859 1622 949 1659 gratia
971 1621 1107 1655 unionis,

257 1672 385 1708 videtur,
412 1671 478 1709 quia
504 1671 593 1707 gratia
616 1669 737 1699 unionis
762 1678 816 1698 non
843 1669 942 1698 habuit
970 1677 1029 1697 esse
1057 1677 1108 1697 nec.

259 1719 409 1748 efficaciam
434 1718 483 1746 nisi
507 1718 533 1745 in
550 1717 723 1754 plenitudine
746 1719 904 1753 temporum
918 1716 936 1750 ³,
952 1716 1042 1753 gratia
1063 1725 1109 1744 ea-

255 1766 327 1804 pitis
348 1775 364 1794 a
385 1765 540 1803 primordio
566 1764 664 1792 habuit
689 1764 817 1793 effectum
841 1764 868 1792 in
894 1763 1018 1792 Sanctis:
1041 1771 1108 1800 ergo

259 1821 372 1842 necesse
393 1816 446 1845 est.
468 1820 515 1840 eas
537 1811 572 1840 ab
595 1811 711 1839 invicem
735 1811 855 1839 differre.

338 1861 391 1888 San
412 1867 536 1888 comati:
562 1859 585 1886 1.
607 1858 636 1886 In
658 1857 740 1886 unica
762 1858 931 1885 animauna
952 1860 994 1886 est
1019 1857 1108 1894 gratia

883 1912 950 1941 ergo
971 1904 994 1933 si
1015 1904 1108 1933 anima

259 1953 359 1982 Christi
383 1956 424 1981 est
445 1961 517 1985 una,
539 1955 588 1980 aut
613 1952 702 1989 gratia
723 1951 830 1988 eapitis
852 1960 904 1979 non
932 1955 973 1980 est
995 1955 1106 1988 gratum

259 2001 374 2035 faciens,
396 2004 444 2028 aut
466 2008 520 2028 non
542 1999 635 2028 differt
656 2008 672 2027 a
693 1999 782 2036 gratia
804 1999 923 2027 unionis
938 2002 964 2027 et
978 1998 1109 2036 singuta-

259 2047 303 2076 νίς
316 2056 467 2084 personae.
489 2047 542 2075 Sed
564 2050 605 2075 est
627 2049 738 2083 gratum
757 2046 872 2074 faciens:
895 2053 961 2083 ergo
983 2049 1033 2074 ete.

339 2096 364 2122 Ξ.
389 2094 466 2128 stem,
482 2094 556 2122 idem
572 2096 613 2122 est
629 2093 740 2121 habitus
756 2093 899 2126 scientiae,
915 2101 970 2130 quo
986 2092 1049 2130 quis
1064 2101 1109 2120 no-

254 2141 293 2170 vit
309 2142 335 2170 iu
352 2149 397 2174 se,
414 2145 441 2169 et
455 2149 511 2178 quo
527 2144 623 2178 potens
638 2143 680 2169 est
695 2140 795 2169 docere
810 2140 879 2168 alios
894 2143 925 2168 ut
945 2139 1108 2176 magister⁵:

259 2196 326 2225 ergo
342 2188 400 2225 pari
418 2188 524 2216 ratione
539 2188 613 2216 idem
629 2191 670 2216 est
687 2187 798 2215 babitus
813 2187 936 2223 gratiae,
959 2195 1014 2224 quo
1037 2187 1062 2215 in
1080 2194 1109 2215 se

258 2235 404 2273 perficitur
426 2239 453 2264 et
468 2235 524 2263 Deo
547 2234 656 2268 unitur,
679 2237 705 2263 et
720 2242 775 2271 quo
791 2233 881 2262 intluit
897 2234 922 2262 in
941 2234 1067 2263 membra
1082 2238 1109 2262 ct

1168 678 1207 707 eis
1229 679 1339 710 unitur:
1354 679 1402 707 sed
1419 679 1527 715 primus
1548 679 1662 708 habitus
1684 680 1789 717 gratiae
1804 680 1907 709 dicitur
1929 681 2018 718 gratia

1167 725 1334 763 sinyalarz's
1354 734 1497 762 personae
1518 729 1544 754 et
1566 726 1700 761 unionis,
1723 728 1865 756 secundus
1888 736 1953 757 vero
1979 728 2017 757 di-

1168 773 1240 801 citur
1262 773 1351 809 gratia
1372 772 1498 809 eapitis:
1521 781 1587 810 ergo
1609 774 1697 810 gratia
1719 775 1825 811 eapitis
1853 779 1880 804 et
1898 775 2017 804 mzz'om's

1168 823 1232 848 sunt
1256 828 1311 848 una
1327 821 1416 855 gratia
1438 828 1501 848 cum
1524 821 1613 856 gratia
1633 821 1799 858 sinyutaris
1818 831 1970 858 personae.

1248 866 1273 895 3.
1296 867 1376 900 ltem,
1399 874 1431 895 eo
1454 867 1513 903 ipso
1528 871 1569 896 est
1592 867 1637 896 ille
1660 868 1743 897 homo
1758 873 1842 906 caput
1865 870 2016 905 Ecclesiae,
2036 867 2038 869 ’

1168 923 1224 952 quo
1239 917 1382 943 assumtus
1398 918 1439 943 est
1460 923 1476 942 a
1491 915 1583 943 Verbo
1606 915 1631 943 in
1647 916 1781 944 unitatem
1804 925 1952 953 personae;
1968 918 2016 947 sed

1169 962 1221 990 hoo
1242 965 1283 990 est
1305 970 1355 998 per
1377 961 1493 998 gratiam
1511 962 1644 991 unionis.-
1666 969 1732 1000 ergo
1748 964 1837 1000 gratia
1857 964 1977 993 unionis
1991 969 2018 994 et

1169 1008 1275 1045 eapitis
1293 1012 1358 1037 sunt
1380 1017 1436 1037 una
1451 1009 1548 1045 gratia.
1571 1009 1667 1038 Minor
1684 1010 1828 1039 manitesta
1850 1014 1903 1044 est.
1918 1012 2017 1040 maior

1169 1055 1305 1092 probatur
1326 1063 1374 1092 per
1389 1055 1459 1084 illud
1479 1056 1553 1093 quod
1570 1056 1672 1085 dicitur
1691 1057 1725 1085 ad
1744 1057 1875 1094 Ephesios
1892 1058 1981 1095 primo
1993 1059 2017 1086 ⁶:

1171 1103 1270 1140 Ipsum
1286 1102 1364 1130 dedit
1385 1106 1476 1139 eaput
1489 1107 1553 1136 etc.;
1576 1104 1683 1132 Glossa:
1706 1104 1842 1132 «Nullum
1868 1105 1957 1133 maius
1972 1105 2017 1134 do-

1168 1158 1236 1178 num
1253 1153 1395 1187 praestare
1415 1154 1507 1186 posset
1524 1151 1597 1179 Deus
1612 1151 1786 1185 hominibus,
1807 1160 1890 1189 quam
1908 1156 1939 1181 ut
1953 1153 2018 1181 Ver-

1170 1198 1235 1225 bum
1268 1205 1366 1229 suum.
1392 1205 1441 1234 per
1463 1197 1537 1234 quod
1560 1198 1684 1227 condidit
1705 1199 1811 1233 omnia,
1837 1199 1941 1228 faceret
1961 1199 2017 1228 illis

1168 1247 1269 1280 caput,
1291 1247 1323 1272 ut
1351 1247 1423 1273 esset
1445 1244 1520 1272 filius
1549 1244 1595 1273 Dei
1619 1248 1645 1273 et
1674 1245 1750 1274 filius
1779 1246 1912 1280 hominis,
1942 1254 2017 1275 unus

1166 1290 1242 1319 Deus
1263 1298 1326 1319 cum
1350 1291 1443 1324 Patre.
1464 1299 1538 1320 uuus
1561 1292 1644 1320 bomo
1666 1300 1729 1321 eum
1753 1293 1953 1322 hominibus».
1976 1294 2014 1322 Ex

1166 1337 1218 1366 hoe
1239 1345 1374 1374 expresse
1389 1338 1523 1372 babetur,
1546 1339 1620 1375 quod
1637 1347 1669 1368 eo
1690 1343 1732 1368 est
1747 1340 1791 1368 ille
1815 1341 1898 1369 homo
1913 1344 2016 1378 eaput,

1166 1392 1221 1421 quo
1243 1392 1259 1412 a
1281 1385 1372 1413 Verbo
1394 1385 1441 1413 Dei
1464 1389 1607 1414 assumtus
1629 1386 1655 1414 in
1676 1387 1811 1415 unitatem
1832 1395 1975 1424 personae.

1245 1432 1272 1459 [ι.
1295 1432 1374 1466 Item,
1401 1442 1414 1457 «
1429 1432 1504 1469 qnod
1528 1440 1576 1469 per
1592 1433 1879 1469 superabundantiam
1902 1435 2015 1469 dicitur,

1166 1478 1212 1506 uni
1230 1478 1280 1506 soli
1297 1479 1426 1507 convenit
1439 1491 1450 1504 n
1467 1479 1492 1512 ⁷;
1514 1480 1562 1507 sed
1585 1491 1597 1503 a
1610 1480 1697 1516 gratia
1714 1481 1834 1509 unionis
1849 1485 1890 1510 est
1905 1490 2016 1510 summa

1166 1526 1297 1562 gratia»,
1319 1530 1349 1554 ut
1371 1526 1436 1555 dicit
1458 1527 1629 1563 Augustinus
1651 1528 1856 1556 decimotertio
1871 1529 1905 1557 de
1931 1529 2018 1558 Trini—

1167 1576 1234 1607 tate,
1255 1577 1282 1601 et
1308 1573 1427 1601 habetur
1444 1574 1468 1601 in
1490 1573 1626 1610 principio
1652 1575 1844 1611 praecedentis
1866 1575 2016 1605 distinctio-

1167 1620 1223 1648 nis:
1245 1630 1258 1645 «
1271 1620 1297 1647 ln
1314 1620 1399 1648 rebus
1415 1628 1465 1657 per
1481 1624 1591 1657 tempus
1607 1621 1700 1650 ortis»
1724 1625 1791 1655 etc.;
1807 1622 1896 1659 gratia
1911 1623 2018 1660 eapitis

1166 1670 1207 1695 est
1228 1675 1354 1700 summa,
1376 1668 1448 1696 sieut
1471 1668 1590 1696 babetur
1612 1669 1638 1696 in
1661 1670 1826 1698 auctoritate
1849 1671 2014 1707 praemissa:

1165 1722 1231 1751 ergo
1254 1714 1342 1751 gratia
1364 1715 1470 1752 eapitis
1492 1724 1545 1743 non
1568 1716 1661 1744 differt
1683 1725 1699 1745 a>
1721 1717 1810 1754 gratia
1829 1718 1956 1746 unionis.

1245 1763 1270 1790 5.
1294 1762 1375 1796 item,
1397 1762 1472 1799 quod
1495 1770 1545 1791 nec
1559 1763 1567 1776 ⁸
1590 1771 1606 1791 a
1627 1764 1716 1800 gratia
1736 1764 1902 1801 sz'nyularis
1920 1774 2017 1802 perso-

1164 1817 1230 1842 nae,
1253 1809 1375 1837 videtur:
1400 1810 1532 1846 quoniam
1554 1809 1683 1839 Christus
1697 1814 1739 1839 est
1754 1815 1837 1848 caput
1859 1812 2013 1841 secundum

1166 1856 1242 1884 illam
1263 1855 1394 1893 gratiam,
1417 1856 1572 1885 seeundum
1588 1865 1672 1894 quam
1695 1862 1736 1886 est
1753 1859 1778 1886 in
1805 1858 1864 1895 ipso
1880 1866 2013 1888 sensuum

1166 1903 1309 1939 integritas
1330 1906 1358 1931 et
1377 1903 1522 1940 perfectio;
1544 1908 1571 1932 et
1587 1904 1637 1933 hoc
1660 1908 1702 1933 est
1717 1906 1873 1934 secundum
1896 1907 2013 1943 gratiam

1165 1950 1316 1987 singularis
1337 1958 1489 1987 personae:
1513 1959 1579 1987 ergo
1601 1955 1652 1980 etc.

1246 1999 1270 2026 6.
1294 1998 1373 2032 Item,
1395 1998 1551 2027 secundum
1578 1999 1653 2027 illam
1680 2000 1799 2036 gratiam
1821 2000 1949 2030 Christus
1975 2006 2017 2031 est

1166 2048 1262 2082 caput,
1278 2045 1434 2074 secundum
1457 2053 1540 2082 quam
1558 2054 1609 2082 pro
1631 2046 1711 2075 nobis
1726 2047 1858 2076 satisfecit
1881 2048 2016 2086 nobisque

1166 2092 1334 2129 promeruit,
1356 2092 1474 2129 gratiam
1496 2096 1633 2129 quantum
1659 2094 1695 2122 ad
1717 2097 1824 2123 motum
1853 2099 1880 2124 et
1901 2104 2013 2125 sensum

1166 2139 1201 2168 ad
1217 2147 1267 2168 nos
1282 2139 1420 2172 derivari;
1436 2139 1483 2168 sed
1503 2140 1554 2168 hoc
1576 2140 1627 2168 fuit
1643 2141 1799 2170 secundum
1821 2142 1939 2179 gratiam
1956 2151 2016 2180 per-

1166 2195 1250 2215 sonae
1272 2186 1437 2223 singularis‚
1459 2187 1524 2224 quia
1546 2191 1682 2224 quantum
1705 2188 1739 2216 ad
1763 2188 1839 2217 illam
1861 2190 2016 2219 attenditur

1166 2234 1311 2262 meritum:
1335 2242 1401 2271 ergo
1423 2234 1495 2262 idem
1518 2234 1592 2271 quod
1617 2235 1704 2271 prius.

318 2429 324 2443 ¹
345 2429 389 2451 Ct'r.
408 2431 463 2451 tom.
482 2429 504 2451 tl.
523 2435 575 2457 pag.
594 2429 651 2455 937,
670 2432 721 2451 nota
740 2429 760 2451 5.
780 2429 810 2451 Du
828 2429 958 2458 clz'sparatis
970 2429 1023 2452 vide
1036 2436 1105 2457 supra

254 2475 308 2497 pag.
335 2468 399 2495 225,
426 2471 476 2490 nota
503 2468 524 2490 5.
551 2468 581 2490 De
607 2468 688 2498 qratia
712 2468 844 2498 stimularis
859 2474 977 2498 personae
993 2468 1048 2491 vide
1065 2472 1106 2491 art.

255 2507 363 2535 praeced.

321 2546 329 2560 ²
348 2546 465 2568 lntluendo
483 2549 571 2568 motum
588 2550 610 2569 et
627 2553 721 2569 sensum
739 2547 760 2568 in
779 2546 882 2568 membra
901 2547 1026 2574 Ecclesiae,
1040 2550 1064 2568 ut
1075 2547 1106 2577 di-

254 2589 316 2608 ctum
334 2588 368 2607 est
386 2586 407 2607 in
426 2588 512 2614 quaest.
532 2586 638 2613 praeced.
657 2598 687 2601 -
706 2586 774 2607 Paulo
792 2586 886 2607 interius
913 2591 955 2613 pro
977 2585 1107 2614 respiciunt

254 2625 306 2647 edd.
325 2624 425 2654 respicit.

317 2665 326 2679 ³
344 2665 391 2687 Gal.
411 2664 435 2692 4,
454 2664 482 2686 li:
502 2666 529 2686 At
545 2664 584 2686 ubi
603 2665 666 2687 venit
683 2664 801 2692 plenitudo
827 2665 947 2692 temporis,
968 2665 1028 2686 misit
1046 2665 1106 2686 Deus

253 2704 334 2726 Filium
352 2709 422 2726 suum
440 2708 481 2726 etc.
500 2703 531 2725 De
549 2703 657 2725 subnexis
674 2703 714 2725 etr.
733 2706 820 2732 quaest.
838 2710 886 2732 seq.
905 2703 934 2725 ad
952 2704 973 2726 6.

316 2742 324 2757 ⁴
343 2743 387 2765 Csr.
406 2744 428 2765 ll.
447 2744 507 2765 Seni.
534 2742 556 2765 d.
579 2743 615 2764 26.
638 2749 660 2771 q.
684 2742 705 2764 5.
723 2745 745 2764 et
762 2742 784 2764 d.
803 2742 839 2764 ⁴27.
858 2749 877 2764 a.
901 2743 916 2764 l.
935 2749 957 2771 q.
980 2742 997 2764 l.
1015 2755 1045 2757 —
1064 2742 1105 2764 Pro

253 2788 303 2804 una
322 2783 356 2804 est
379 2781 483 2811 qratia...
511 2788 559 2804 upa
584 2782 620 2804 est
639 2781 688 2804 vita
714 2781 781 2803 codd.
800 2781 816 2803 Η
829 2781 846 2803 U
863 2781 934 2804 unica
953 2782 987 2804 est
1001 2780 1104 2810 qratia...

255 2820 325 2843 amica
342 2821 377 2843 est
393 2820 449 2843 vita.

318 2859 327 2873 ⁵
344 2860 445 2886 Aristot.,
465 2860 479 2881 l.
497 2860 594 2887 Motapb.
613 2865 631 2881 c.
654 2860 679 2881 l:
702 2860 728 2881 Et
746 2866 840 2887 prorsus
858 2860 950 2887 signum
969 2860 1060 2881 scientis
1072 2861 1105 2881 est

253 2904 319 2926 posse
338 2898 427 2920 docere.
441 2898 485 2920 Cir.
499 2899 525 2920 V.
539 2899 607 2921 Etliic.
621 2905 639 2921 c.
661 2899 684 2926 l,
698 2899 736 2920 ubi
750 2899 838 2920 Aristot.
852 2898 931 2926 docet,
944 2898 1040 2920 eandum
1054 2905 1104 2920 csse

255 2938 375 2965 virtutem,
403 2944 446 2966 qua
474 2939 525 2966 quis
551 2939 573 2959 in
599 2944 623 2960 se
641 2939 756 2966 perfectus
773 2938 811 2964 sit,
830 2941 851 2960 et
868 2938 975 2960 iustitiam
995 2938 1103 2965 legalem,

255 2982 299 3004 qua
318 2976 449 3004 perficiatur
467 2977 487 2998 in
506 2976 586 2999 ordine
604 2977 632 2999 ad
652 2977 738 2999 honum
757 2983 888 2998 commune..

1226 2428 1236 2443 6
1254 2429 1318 2450 Vers.
1337 2429 1373 2450 22.
1392 2441 1422 2444 —
1439 2428 1531 2456 Glossa,
1556 2435 1615 2457 quae
1633 2433 1706 2451 sumta
1725 2433 1759 2452 est
1776 2436 1803 2452 ex
1820 2431 1929 2459 August,
1948 2431 2015 2453 Enar-

1163 2472 1205 2491 rat.
1223 2470 1244 2491 in
1264 2469 1297 2491 l‘s.
1316 2468 1352 2490 85.
1372 2475 1392 2490 n.
1415 2469 1435 2495 l,
1456 2468 1554 2490 habetur
1576 2469 1639 2496 apud
1658 2469 1714 2501 Petr.
1734 2469 1890 2492 Lombaro'um
1914 2471 1935 2492 in
1954 2471 2015 2493 hunc

1164 2508 1204 2530 loe.
1224 2508 1309 2529 'sextus
1326 2508 1408 2535 origin.
1428 2510 1479 2534 post
1494 2507 1583 2536 faceret
1600 2507 1647 2530 illis
1665 2509 1737 2537 eaput
1753 2508 1814 2530 addit
1827 2509 1848 2531 vt
1860 2508 1913 2531 illos
1933 2508 1954 2531 ei
1964 2510 2013 2532 tao.-

1163 2553 1236 2576 quam
1261 2545 1368 2568 membra
1394 2547 1522 2575 coaptaret.
1541 2559 1570 2561 —
1589 2547 1610 2568 ln
1636 2546 1679 2569 tine
1697 2553 1746 2575 arg.
1764 2547 1814 2569 cod.
1834 2549 1849 2569 Α
1868 2549 1951 2570 omittit
1972 2548 2015 2571 Dei

1164 2590 1215 2614 post
1232 2592 1278 2616 quo
1295 2592 1309 2608 a
1332 2584 1426 2613 Verb0;
1443 2586 1494 2607 cod.
1513 2586 1530 2607 H
1548 2592 1590 2613 pro
1608 2586 1651 2608 Dei
1675 2586 1792 2609 substituit
1817 2586 1905 2610 dieitur
1922 2591 1943 2610 ct
1960 2588 2012 2610 edd.

1167 2626 1189 2652 l,
1208 2626 1221 2647 2
1239 2631 1291 2647 cum
1311 2624 1416 2652 pluribus
1433 2624 1501 2646 codd.
1521 2631 1641 2652 perperam
1655 2629 1772 2648 mutarunt
1786 2625 1826 2648 Dei
1837 2627 1858 2648 in
1874 2626 1941 2649 Deus.
1954 2627 2013 2649 Sub-

1163 2664 1216 2686 inde
1234 2666 1285 2691 post
1300 2664 1424 2686 assumtus
1441 2664 1508 2686 codd.
1527 2663 1545 2685 Y
1556 2664 1587 2685 bb
1605 2664 1713 2692 supplent
1730 2665 1770 2687 est.

1225 2702 1234 2716 ⁷
1252 2702 1283 2724 De
1302 2703 1345 2725 hoc
1363 2703 1422 2724 dicto
1440 2703 1529 2724 Aristot.
1548 2703 1588 2724 cfr.
1601 2709 1670 2730 supra
1684 2709 1737 2730 pag.
1752 2703 1792 2730 43,
1806 2708 1856 2726 nota
1870 2705 1894 2731 2,
1907 2707 1929 2726 et
1940 2703 2011 2725 verba

1163 2743 1258 2770 August.
1277 2742 1344 2767 (Xlll.
1362 2741 1391 2763 de
1409 2742 1471 2764 Trin.
1490 2748 1508 2764 c.
1532 2742 1563 2763 19.
1583 2748 1603 2764 n.
1617 2742 1664 2769 24.)
1681 2742 1735 2764 vide
1752 2743 1773 2764 in
1787 2743 1892 2770 praeced.
1909 2743 1960 2765 dist..
1981 2743 2011 2764 lit.

1163 2781 1274 2808 Magistri,
1293 2786 1311 2803 c.
1334 2781 1351 2803 1.
1368 2792 1400 2797 —
1417 2781 1554 2808 Auctoritas,
1573 2787 1632 2809 quae
1645 2781 1728 2803 deinde
1742 2782 1875 2810 respicitur,
1888 2785 1922 2804 est
1933 2782 2010 2804 Glossi

1162 2821 1183 2842 in
1202 2820 1304 2842 tundam.
1322 2821 1429 2848 praeced.
1446 2821 1549 2848 allegata.

1224 2858 1234 2873 ⁸
1251 2859 1338 2886 Supple
1364 2865 1418 2881 cum
1444 2859 1494 2881 cod.
1513 2859 1531 2881 Μ
1550 2859 1664 2889 differat,=
1680 2860 1701 2881 in
1724 2859 1791 2881 codd.
1813 2859 1924 2881 GNUW
1943 2866 1968 2881 cc
1990 2862 2012 2881 rt

1161 2898 1214 2920 edd.
1237 2899 1254 2925 t,
1273 2899 1286 2919 2
1304 2905 1426 2926 perperam
1444 2900 1554 2926 scriptum
1572 2901 1606 2921 est
1625 2898 1688 2928 quod
1704 2904 1745 2921 nee
1762 2897 1792 2921 sit
1808 2898 1900 2927 =qratia,
1921 2899 1941 2920 in
1962 2899 2010 2921 Vnt.

1161 2937 1245 2965 legitur
1261 2937 1325 2966 quod
1341 2937 1398 2961 haec
1415 2937 1446 2960 sit
1461 2944 1477 2960 a
1492 2937 1580 2967 qratia.
1605 2937 1685 2965 Quoad
1703 2936 1819 2960 minorem
1838 2937 1906 2959 huius
1923 2943 1972 2965 arg.
1990 2940 2011 2959 ct

1161 2976 1277 2999 maiorem
1294 2982 1342 3005 seq.
1359 2976 1414 2998 vide
1431 2980 1517 3005 quaest.
1537 2977 1642 3004 praeced.
