2166 3366
0 460 78 503 'aa

31 1071 138 1090 Conclusio.

759 191 841 220 DtST.
865 192 950 220 xxttl.
974 192 1045 220 AttT.
1069 192 1085 220 l.
1108 193 1242 229 QUAEsT.
1266 193 1294 221 V.

153 271 263 301 rentes,
287 272 317 296 ut
337 268 375 297 sic
398 269 547 297 notitieatio
570 269 631 298 tidei
656 278 709 297 non
732 269 821 298 solnm
844 270 1000 298 essentiam

153 314 258 343 deliniti
281 315 435 352 explicaret
457 316 536 352 plene
553 324 601 352 per
619 316 789 344 intellectam
805 320 831 345 et
846 316 980 354 affectum
992 339 999 350 ‚

154 361 202 390 sed
225 361 307 390 etiam
329 362 517 390 manifestaret
532 366 627 399 aperte
643 371 693 399 per
706 362 793 399 finem
809 366 835 391 et
851 363 1000 391 obtectum.

233 408 319 437 Debet
334 408 417 437 etiam
432 408 556 437 delinitio
572 408 718 437 delinitum
734 409 769 437 ab
784 410 914 437 omnibus
939 410 1000 438 aliis

75 462 304 502 gssatgnrscpttraoe.
329 455 358 483 Et
379 454 509 491 qnoniam
541 454 613 491 fides
633 454 767 492 scrutata
801 456 932 492 distingui
957 457 1001 484 lia-

36 507 85 526 aliis.

155 501 201 530 bet
221 510 237 529 a
256 501 312 538 litte
334 500 472 538 insertiri,
494 501 626 538 distingui
649 502 731 530 etiam
756 503 837 531 liabet
852 504 887 531 ab
903 503 1000 532 babitu

153 548 303 578 cuiuslibet
324 548 447 576 atteritis
464 548 599 581 atraciis,-
614 558 630 576 a
646 548 714 581 tide,
732 549 843 586 inquam
855 573 861 584 ,
879 550 1002 587 informi

153 595 349 631 distinguitur,
373 594 397 622 in
421 597 556 632 quantum
579 599 721 623 sustentat
752 599 836 624 totam
867 596 998 625 faln'icani

152 642 340 679 spiritualem,
355 641 390 670 ab
405 641 475 670 atii-5
496 646 589 670 autem
614 642 788 676 uirtutibus,
812 643 836 671 in
862 647 998 680 quantum

152 688 272 717 veritati
291 697 348 716 non
372 688 451 716 tii-sae
483 688 545 716 facit
577 689 749 717 adhaerere:
780 690 841 718 ideo
862 694 998 727 quantum

152 735 186 764 ad
199 735 266 764 baec
281 735 338 764 duo
353 735 455 764 dicitur
469 735 636 763 substantia
651 744 753 764 reram
768 738 1000 773 sperandarum,

152 785 183 811 ut
204 782 392 819 distinguatur
413 791 429 810 a
449 782 505 819 sicle
522 781 660 819 informi,
677 786 704 811 ct
718 788 925 821 aryamentam
941 793 999 812 noti

153 829 378 866 apparentium,
402 832 432 857 nt
453 825 643 865 distinguatur
658 830 693 857 ab
710 830 850 859 habitibus
865 831 999 859 aliarum

151 875 304 904 viriatum.

233 923 262 951 lit
277 923 315 951 sic
332 926 421 959 patet,
442 923 515 960 qnod
532 923 674 960 praedicta
690 924 839 952 notiticatio
854 925 920 952 nibil
938 933 1000 953 con-

152 970 219 999 tinet
240 969 440 1007 superstitum,
471 969 539 998 nihil
561 969 762 1001 (liminatiori.-
784 979 832 999 nec
855 975 896 999 est
919 971 943 999 in
966 980 998 1000 ea

151 1017 277 1046 clausula
299 1025 349 1046 nec
371 1017 469 1051 dictio,
493 1017 577 1045 inuno
598 1017 680 1045 ctiam
705 1025 752 1046 nec
776 1018 881 1053 syllaba
902 1019 997 1046 otiosa.

152 1064 303 1093 Fatendum
326 1067 367 1093 est
389 1064 488 1101 igitur,
511 1064 598 1101 ipsam
622 1072 682 1093 esse
704 1065 899 1093 convenienter
918 1069 945 1093 et
960 1073 998 1093 se-

151 1112 275 1141 cundum
299 1115 387 1140 artem
409 1111 595 1148 assignatam,
618 1111 654 1139 ita
675 1112 749 1148 qnod
767 1111 792 1139 in
809 1120 837 1140 se
861 1112 942 1140 babet
959 1120 998 1139 vt*-

151 1159 286 1192 ritatem,
309 1158 594 1191 convertibilitatem,
615 1158 786 1186 coidentiam
810 1162 837 1187 et
857 1158 998 1196 sufficien-

152 1205 224 1234 tiam
245 1206 315 1234 adeo
347 1205 467 1242 perfecte
489 1209 516 1234 et
537 1205 690 1242 complete.
713 1208 742 1233 ut
766 1213 814 1233 nec
838 1205 996 1241 peritissimi

151 1252 383 1290 pbilosophorum
416 1255 527 1289 possent
553 1260 614 1280 eam
636 1252 810 1280 artiticialins
831 1257 858 1280 et
879 1252 998 1289 comple-

150 1299 206 1328 tius
226 1299 377 1336 assignare.

232 1347 256 1374 1.
279 1346 315 1375 Ad
340 1345 409 1374 illud
431 1353 498 1382 ergo
519 1345 594 1383 quod
618 1345 708 1382 primo
729 1345 858 1374 obiicitur
882 1347 907 1374 in
937 1354 997 1374 con-

1848 197 1904 225 485

1060 274 1121 303 tur,
1145 270 1327 308 tuspostasts,
1349 275 1375 300 et
1399 272 1562 309 redargutio
1584 281 1680 301 earum
1705 282 1816 308 rerum,
1833 283 1905 311 quae

1059 326 1112 346 non
1135 318 1266 346 videntur
1280 329 1305 346 »z

1137 366 1162 392 ι).
1186 365 1222 393 λι]
1246 365 1313 393 illud
1347 366 1420 402 quod
1453 366 1597 401 obiicitur,
1626 367 1699 404 quod
1722 367 1800 404 salso
1821 368 1904 396 etiam

1058 411 1160 440 dicitur
1182 420 1241 439 csse
1263 416 1480 447 argumentum3
1503 413 1652 442 dicendum
1675 414 1815 448 similiter,
1830 415 1904 451 qnod

1058 462 1268 494 arqumentum
1290 458 1393 486 dicitnr
1414 459 1579 496 dupliciter,
1603 460 1731 489 videlicet
1743 461 1864 498 proprie
1878 464 1904 489 et

1058 504 1275 532 transsumitoe.
1300 505 1424 541 Proprie
1446 506 1559 542 qnideni
1579 511 1787 543 armamentum
1809 507 1904 544 accipi-

1059 596 1140 624 modo
1161 596 1263 624 dicitur
1285 601 1482 633 argumentum
1510 598 1715 631 ratiocinatio,
1747 600 1901 629 secundnm

1057 642 1131 679 quod
1155 643 1290 671 dividitur
1313 644 1339 671 in
1361 647 1482 680 quatuor
1504 645 1625 681 species,
1651 646 1779 675 videlicet
1802 647 1827 674 in
1849 647 1904 684 syt-

1057 688 1211 726 loqismttnz
1222 712 1229 723 ,
1247 690 1440 718 inductionem
1452 713 1459 724 ,
1475 690 1655 729 enthsntemtt
1671 697 1696 720 et
1712 693 1873 730 coemptam
1885 694 1902 721 ³.

1058 736 1114 764 Alio
1137 737 1219 765 modo
1241 737 1342 766 dicitnr
1363 742 1561 774 argumentum
1594 740 1720 776 prolixae
1752 741 1903 770 sententiae

1058 782 1151 811 brevis
1183 783 1316 813 collectio.
1349 785 1440 813 Tertio
1463 786 1546 814 modo
1574 786 1677 814 dicitur
1704 791 1901 823 argumentum

1058 830 1147 867 ipsunt
1170 831 1315 865 inediam,
1339 832 1365 860 ιιι
1388 840 1443 869 quo
1465 833 1589 861 consistit
1618 837 1673 862 tota
1695 835 1736 862 vis·
1757 843 1904 871 argumen-

1057 877 1174 907 tationis.
1197 881 1302 914 Quarto
1324 879 1406 907 modo
1428 879 1531 908 dicitur
1550 884 1747 916 argumentum
1771 881 1828 918 ipsa
1844 890 1904 910 υιιι-

1056 925 1138 953 arima
1159 925 1334 962 propositio,
1360 926 1384 954 in
1408 934 1463 963 qua
1485 926 1609 955 consistit
1631 927 1748 956 tirinitas
1770 929 1853 957 totius
1876 929 1904 956 il·

1057 972 1173 1000 lationis.
1197 972 1222 1000 ln
1245 972 1375 1001 omuibus
1397 976 1490 1001 autem
1514 973 1557 1002 liis
1577 974 1784 1011 acceptionibus
1815 984 1903 1011 itt-ya-

1056 1023 1184 1047 mentam
1216 1019 1334 1053 dicitur,
1366 1019 1432 1057 quia
1459 1024 1579 1049 mentem
1602 1021 1695 1057 arguit
1715 1025 1742 1050 et
1764 1022 1902 1050 illuminat

1056 1065 1090 1094 ad
1113 1065 1218 1102 aliquid
1253 1066 1418 1095 intuendum
1448 1070 1474 1095 et
1496 1067 1518 1095 ei
1544 1067 1662 1096 firmiter
1682 1068 1903 1097 adhaerendum.

1056 1128 1094 1132 -
1108 1112 1138 1140 Et
1160 1112 1314 1141 secundum
1339 1113 1409 1141 lianc
1424 1113 1621 1150 proprietatem
1638 1117 1727 1151 potest
1742 1118 1904 1144 transsum-

1056 1159 1110 1187 tive
1125 1159 1178 1188 dici
1200 1164 1409 1196 arytimentumv
1424 1160 1560 1197 quidquid
1579 1161 1646 1189 illud
1663 1162 1713 1195 sit,
1735 1163 1809 1199 qnod
1830 1171 1904 1192 men-

1056 1209 1109 1234 tem
1129 1205 1222 1242 arguit
1250 1209 1276 1234 et
1299 1206 1436 1235 illuminat
1457 1207 1491 1235 ad
1516 1207 1666 1236 videndum
1689 1208 1794 1245 aliquid
1814 1209 1903 1238 occul-

1056 1256 1124 1281 tum.
1142 1253 1171 1281 Et
1194 1253 1244 1281 lioc
1261 1253 1342 1281 inodo
1358 1253 1427 1282 fides
1442 1254 1544 1283 dicitnr
1559 1262 1620 1283 esse
1635 1260 1843 1292 arymnentnm
1862 1265 1903 1284 re-

1055 1308 1121 1328 rttm
1140 1309 1196 1328 nou
1211 1300 1417 1337 apparentium
1429 1323 1436 1334 ,
1452 1302 1582 1338 quoniam
1600 1302 1635 1330 ita
1652 1302 1715 1331 facit
1731 1303 1900 1332 intellectum

1054 1347 1094 1376 eis
1108 1347 1258 1380 assentire,
1274 1348 1345 1376 sicut
1360 1352 1557 1384 argumentum
1575 1357 1672 1378 verum
1688 1350 1751 1379 facit
1766 1351 1901 1380 assentire

1944 514 2047 537 Argumen-

1919 540 1956 555 tutn
1971 543 2003 561 pro
2019 543 2045 556 rte

1058 553 1103 578 tur
1126 550 1281 578 secundum
1304 551 1517 587 quadruplicem
1541 553 1737 589 acceptionem.
1759 553 1826 581 Nam
1851 561 1905 582 uno
1919 563 2000 607 gl-Zxaua
2017 566 2045 579 ι-ιι-

1930 1122 2033 1145 Argumen-

1918 1147 1955 1163 tum
1967 1147 2033 1171 >trans-

1916 1171 2001 1187 sumitve.

21 1399 138 1426 Soletioor-
152 1393 286 1423 trariunt.
317 1393 391 1430 quod
423 1391 501 1429 laiso
523 1392 626 1421 dicitur
649 1392 718 1421 tides
740 1401 801 1421 csse
823 1393 996 1427 substantia;

22 1424 133 1447 mmmm
151 1440 318 1473 dicendum,
350 1440 424 1477 quod
449 1440 616 1468 substantia
638 1440 741 1468 dicitnr
763 1440 926 1477 dupliciter,
948 1441 997 1469 sci-

150 1487 213 1516 licet
231 1486 353 1524 proprie
367 1490 394 1515 et
409 1487 626 1516 oct-assumtae.
652 1487 776 1524 l’roprie
797 1487 909 1524 quidem
933 1487 997 1515 dici-

32 1539 139 1572 Subsmntta
152 1536 198 1562 tur
219 1537 341 1571 quatuor
364 1534 467 1567 modis,
487 1533 591 1562 scilicet
606 1533 910 1566 substantia-materia,
935 1534 998 1562 sub-

17 1565 353 1611 353332123‘.stantia-sonna
365 1602 371 1614 ‚
413 1580 767 1617 substantia-compositum
781 1604 786 1615 ,
822 1581 976 1609 substantia
990 1604 995 1611 .

0 1664 1 1669 ¹
150 1635 221 1665 quae
243 1631 284 1656 est
306 1627 426 1656 essentia
441 1627 664 1665 uniuscuiusque
678 1627 696 1655 ¹.
720 1627 939 1655 Trans-similive
959 1628 997 1656 di-

29 1680 137 1700 substantia
150 1675 222 1704 citur
243 1674 410 1703 saba-cantia
432 1674 501 1702 illud
517 1674 591 1711 qnod
609 1674 693 1703 liabet
708 1674 829 1711 aliquam
846 1674 997 1711 proprieta-

37 1706 138 1723 transsum-

38 1728 82 1747 avo.
150 1725 205 1750 tem
221 1721 392 1750 substantiae
407 1721 496 1750 dictae
511 1721 605 1758 aliquo
620 1721 737 1750 istorum
755 1722 910 1749 modorum.
927 1722 994 1750 Cum

1053 1394 1221 1423 conclusioni
1238 1394 1378 1431 probatae.
1391 1411 1428 1414 —
1441 1395 1471 1424 Et
1486 1404 1536 1432 per
1552 1396 1603 1425 hoc
1617 1400 1692 1433 patet
1708 1398 1850 1435 responsio
1865 1399 1899 1428 ad

1055 1441 1100 1469 illa
1124 1448 1195 1477 quae
1218 1441 1372 1477 arguebant
1394 1442 1565 1478 praedictam
1591 1443 1779 1473 definitionem
1801 1445 1837 1474 ob
1858 1446 1903 1474 de-

1055 1488 1155 1516 fectum
1180 1488 1319 1516 veritalis.

1133 1535 1158 1563 3.
1182 1535 1219 1563 Ad
1237 1535 1306 1563 illud
1323 1543 1389 1563 vero
1404 1536 1478 1572 qnod
1494 1536 1638 1571 obiicitur,
1660 1538 1734 1574 quod
1751 1539 1776 1567 in
1794 1547 1902 1575 praeas-

1054 1581 1160 1617 signata
1183 1581 1342 1610 definitione
1363 1585 1404 1610 est
1426 1582 1551 1611 desectus
1572 1584 1844 1617 convertit)[titolis‚·
1863 1585 1901 1613 di-

1054 1628 1189 1661 cendum,
1206 1628 1278 1665 quod
1296 1629 1438 1665 praedicta
1455 1629 1603 1658 notificatio
1619 1639 1671 1659 non
1687 1632 1815 1660 convenit
1829 1632 1899 1669 spei,

1053 1675 1200 1712 quoniam,
1223 1675 1272 1703 etsi
1296 1675 1354 1712 ipsa
1375 1684 1439 1712 spes
1461 1676 1555 1713 aliquo
1572 1677 1653 1706 niodo
1668 1679 1754 1714 possit
1769 1679 1821 1707 [lici
1837 1679 1902 1708 sab-

1053 1721 1165 1750 stantia
1187 1729 1282 1750 rerum
1305 1722 1529 1759 sperandarum,
1552 1731 1605 1751 non
1628 1727 1719 1753 tamen
1741 1728 1831 1762 potest
1846 1726 1899 1755 dici

149 1771 243 1797 autem
265 1768 386 1797 dicitur:
408 1767 477 1797 tides
499 1771 540 1797 est
556 1768 727 1799 substantia„
745 1769 794 1796 lioc
811 1776 864 1796 non
880 1768 995 1801 dicitnr,

150 1815 305 1844 secundum
337 1815 411 1852 quod
434 1815 486 1843 lioc
508 1823 607 1844 nomen
630 1815 797 1844 substantia
819 1816 939 1844 sumitur
969 1815 994 1844 in

149 1861 348 1899 significatione
369 1863 513 1899 propria,
535 1862 583 1891 sed
606 1862 762 1891 secundum
778 1862 851 1899 quod
874 1863 996 1891 sumitur

148 1909 175 1937 in
198 1908 398 1946 significatione
414 1909 637 1938 transsttmtioa.
654 1909 760 1938 Dicitur
776 1909 848 1937 enim
863 1909 996 1937 substan-

149 1955 208 1990 tia,
230 1956 296 1993 quia
327 1960 369 1985 est
400 1956 612 1985 fundamentum
636 1956 756 1984 fabricae
779 1956 931 1992 spiritualis
959 1956 994 1984 ad

148 2002 359 2032 similitudinem
393 2003 541 2035 materiae,
573 2011 644 2040 quae
666 2003 780 2040 praebet
802 2003 993 2031 fulcimentum

148 2049 245 2078 formis
266 2053 293 2078 et
314 2049 512 2078 accidentibus.
537 2050 567 2078 Et
589 2050 662 2087 qnod
687 2050 722 2078 ita
737 2049 904 2086 accipiatur.
920 2052 994 2086 patet

146 2104 197 2134 per
219 2096 433 2126 notificationem
464 2096 624 2126 Damasceni
638 2097 661 2131 ἵ.
688 2098 734 2134 qui
759 2096 816 2125 loco
837 2096 898 2124 eins
919 2096 994 2133 quod

148 2143 214 2172 dicit
235 2143 399 2180 Apostolus:
422 2143 509 2172 Fides
530 2148 570 2172 est
584 2143 765 2174 substantia..
781 2143 847 2172 dicit
863 2142 995 2180 hyposta-

146 2189 196 2218 sis.
219 2190 354 2219 Attenia}
376 2191 432 2219 sic:
461 2191 567 2219 «Fides
587 2195 628 2220 est
660 2198 757 2219 eorum
791 2198 862 2227 quae
884 2198 995 2226 speran-

211 2406 217 2420 ¹
236 2406 263 2429 Ut
282 2406 347 2429 docet
364 2408 461 2435 Ariston,
480 2407 525 2429 vn.
544 2408 639 2436 Metapti.
658 2411 709 2430 text.
733 2407 754 2429 Τ,
776 2407 821 2435 (ΥΙ.
844 2415 862 2429 c.
886 2407 924 2435 3.).
946 2406 992 2429 Cir.

147 2445 202 2468 ibid.
222 2446 247 2468 V.
266 2449 317 2468 text.
340 2446 373 2468 15.
391 2447 436 2474 (IV.
455 2452 474 2469 c.
493 2447 523 2475 8.)
542 2450 563 2469 et
580 2447 603 2469 ll.
622 2447 649 2469 sle
667 2447 763 2473 Anima,
782 2449 832 2469 text.
852 2447 871 2467 2.
890 2446 918 2473 (c.
943 2447 976 2473 l.).

208 2484 217 2499 ²
236 2484 295 2507 Libr.
314 2486 349 2508 lV.
367 2485 396 2507 de
413 2485 466 2508 Fide
484 2486 574 2508 orthod.
593 2492 611 2508 c.
635 2486 667 2508 10.
687 2486 743 2508 Vide
768 2486 823 2507 infra
846 2485 901 2507 dub.
927 2486 944 2507 t.
964 2498 993 2500 —

147 2524 216 2546 Paulo
234 2528 285 2547 ante
302 2531 344 2552 pro
354 2524 452 2554 praebet
463 2525 531 2547 codd.
549 2526 566 2547 G
578 2525 582 2546 Ι
594 2525 608 2546 L
619 2525 637 2547 T
649 2525 667 2546 V
678 2532 704 2547 aa
716 2524 836 2554 pluribus,
852 2531 910 2552 quac
928 2525 992 2546 lectio

147 2564 224 2585 mutila
243 2564 351 2591 integrari
366 2566 442 2590 posset
456 2563 533 2585 addito
545 2563 617 2586 verbo
632 2565 753 2593 praestat,
771 2563 833 2592 quod
851 2563 901 2585 cod.
915 2563 929 2584 F
942 2566 993 2590 post

147 2601 305 2625 accidentibus
323 2601 420 2624 exhibet.

209 2639 219 2654 ³
236 2640 267 2662 De
286 2641 320 2662 liis
338 2641 384 2668 agit
402 2641 499 2667 Ariston,
518 2641 532 2662 l.
555 2641 623 2663 Prior.
647 2648 665 2663 c.
692 2642 709 2663 t.
732 2644 753 2663 et
776 2642 799 2663 tl.
824 2648 843 2663 c.
867 2641 905 2663 23.
928 2648 991 2670 seqq.

147 2679 175 2705 (c.
194 2678 230 2700 25.
249 2679 324 2707 seqq.)
342 2684 383 2700 nec
401 2684 445 2700 non
464 2678 549 2706 Boetti.,
567 2679 589 2700 lt.
613 2679 641 2701 de
660 2680 773 2702 Different.
792 2680 859 2708 topic.
878 2692 908 2695 -
926 2679 991 2707 Quod

146 2717 175 2739 ad
193 2717 321 2739 secundum
340 2717 437 2739 modum
454 2718 543 2742 attinet.
562 2724 608 2746 quo
624 2719 795 2747 arqumentnm
812 2719 921 2745 sumitur,
940 2718 993 2740 dicit

147 2756 284 2784 Quintilian,
305 2755 331 2777 V.
350 2756 442 2778 institut.
461 2759 516 2778 orat.
542 2762 561 2778 c.
587 2757 623 2778 10;
647 2757 691 2778 Sed
714 2761 876 2784 argumentum
899 2763 992 2785 quoque

147 2795 212 2823 plura
230 2794 350 2822 significat.
368 2794 447 2816 Nam...
465 2797 487 2816 et
503 2795 631 2817 orationum
645 2794 763 2817 Ciceronis
775 2796 838 2817 vetut
855 2797 929 2817 thema
944 2796 992 2823 ipse

146 2839 262 2862 exponens
281 2833 404 2861 Pedianus,
423 2842 432 2853 α
445 2836 621 2861 argumentum,
640 2834 725 2862 inquit,
740 2834 781 2856 tale
794 2838 856 2856 estu.
868 2846 898 2850 ——
911 2834 992 2862 Quoad

147 2874 237 2895 tertium
256 2873 352 2895 modum
371 2875 420 2895 nota
440 2872 495 2894 illud
512 2873 597 2900 Boeth.,
611 2872 624 2894 l.
637 2872 764 2895 Comment.
782 2874 804 2894 in
823 2873 902 2901 Topic.
920 2872 991 2895 Cicer.

148 2912 193 2939 (ed.
211 2913 297 2940 atigne,
318 2912 397 2934 Patrol.
417 2912 462 2934 Lat.
482 2915 535 2934 tom.
554 2911 589 2933 64.
608 2912 650 2934 col.
673 2912 763 2939 1050.);
787 2912 899 2940 Quoniam
922 2913 992 2940 igitur

147 2951 241 2972 extremi
260 2952 349 2973 termini
367 2951 436 2973 medii
460 2951 630 2978 interpositione
654 2951 802 2978 copulantur,
825 2957 898 2979 eoque
921 2950 990 2973 modo

147 2990 286 3018 quaestionis
304 2990 361 3012 inter
372 2996 396 3012 se
411 2989 513 3011 membra
533 2990 683 3016 conveniunt,
696 2989 843 3018 adhibitaque
856 2989 990 3017 probatione

1052 1768 1297 1806 l'tttttlamentttmy
1319 1769 1388 1798 sicut
1412 1769 1496 1804 fides,
1519 1770 1583 1807 qnia
1606 1779 1659 1799 non
1682 1775 1722 1800 est
1742 1773 1832 1809 prima
1848 1773 1901 1802 vir-

1054 1819 1154 1844 tutum.
1178 1815 1250 1844 Licet
1271 1819 1365 1844 autem
1388 1816 1439 1844 boc
1461 1817 1555 1854 aliquo
1578 1818 1659 1847 modo
1680 1819 1767 1855 possit
1786 1820 1809 1848 ei
1826 1820 1900 1849 attri-

1053 1862 1116 1896 bui,
1141 1866 1231 1891 tamen
1253 1870 1372 1899 sequens
1395 1872 1460 1900 pars
1481 1863 1665 1899 definitionis,
1690 1874 1761 1902 qnae
1783 1871 1824 1895 est
1852 1876 1900 1896 ar-

1050 1914 1220 1947 gumentum
1243 1918 1299 1938 iton
1322 1911 1548 1947 apparentium,
1581 1913 1708 1941 convenit
1739 1914 1788 1942 soli
1810 1913 1898 1950 littei,

1051 1964 1123 1994 quae
1147 1956 1318 1985 intellectum
1335 1957 1398 1986 facit
1419 1958 1555 1986 assentire
1572 1958 1622 1995 ipsi
1639 1959 1770 1993 Veritati;
1788 1960 1837 1989 boc
1853 1969 1899 1989 au-

1052 2006 1106 2032 tem
1131 2011 1180 2031 nec
1201 2003 1264 2040 spei
1291 2004 1421 2041 competit
1443 2013 1492 2034 nec
1515 2005 1653 2039 caritati,
1676 2006 1738 2035 licet
1759 2007 1799 2036 eis
1828 2016 1899 2036 com-

1052 2053 1126 2087 petat
1158 2050 1299 2087 quoddam
1332 2059 1419 2088 genus
1450 2052 1625 2082 certitudinis
1651 2054 1897 2090 experitnentalis,

1052 2097 1174 2126 maxime
1196 2097 1247 2134 ipsi
1269 2098 1326 2135 spei
1340 2098 1356 2126 ⁴.

1130 2144 1156 2172 lt.
1178 2144 1216 2172 Ad
1239 2144 1306 2172 illud
1324 2145 1397 2182 qnod
1413 2145 1558 2180 obiicitur.
1578 2147 1652 2184 quod
1668 2148 1820 2177 credulitas
1835 2157 1898 2186 sup-

1052 2190 1199 2227 pliciorum
1221 2199 1275 2219 non
1304 2195 1345 2220 est
1377 2192 1532 2221 substantia
1554 2201 1649 2222 rerum
1675 2194 1896 2231 sperandarum,

1049 2407 1145 2429 solvitur
1164 2407 1286 2435 dubitatio,
1306 2408 1359 2430 nitiil
1377 2412 1411 2430 est
1423 2408 1485 2430 aliud
1503 2410 1673 2438 arqttmentnm
1685 2415 1754 2438 qnam
1766 2409 1896 2433 medietatis

1049 2445 1150 2469 inventio
1160 2455 1168 2473 ‚·
1187 2447 1242 2468 llaec
1259 2447 1319 2468 enim
1338 2447 1373 2469 vel
1392 2448 1542 2475 coniungere,
1561 2448 1578 2469 si
1598 2448 1718 2470 affirmatio
1744 2448 1894 2477 defendatur,

1049 2485 1085 2507 vel
1104 2485 1246 2513 disiungere,
1265 2486 1282 2507 si
1301 2487 1392 2514 negatio
1410 2486 1552 2513 vindicetur,
1571 2488 1784 2514 poteritextretnos.
1797 2500 1826 2503 —-
1839 2488 1894 2511 lbid.

1050 2524 1119 2546 ctiam
1137 2527 1216 2552 quarta
1235 2525 1337 2552 acceptio
1353 2524 1490 2554 arqumentt
1512 2525 1633 2552 profertur.
1651 2525 1752 2548 Definitis
1768 2527 1828 2548 onim
1846 2533 1894 2549 ma·

1049 2562 1123 2585 tm‘mis
1136 2562 1340 2590 propositionibus,
1354 2563 1400 2585 scil.
1415 2572 1424 2583 a
1435 2570 1493 2592 qnae
1503 2567 1524 2586 et
1536 2564 1677 2586 universales
1689 2568 1741 2586 sunt
1753 2568 1774 2587 et
1786 2566 1814 2587 ita
1828 2569 1893 2588 notae

1050 2604 1117 2629 atque
1137 2601 1278 2629 manifestae,
1298 2605 1321 2623 ut
1338 2601 1473 2629 probatione
1491 2608 1534 2624 non
1552 2606 1634 2630 egeant
1650 2608 1723 2631 eaque
1742 2604 1818 2631 potius
1834 2610 1893 2632 quae

1049 2640 1071 2661 in
1090 2639 1230 2662 dubitatione
1247 2644 1299 2663 sunt
1317 2640 1443 2668 probent»,
1462 2644 1555 2669 auctor,
1574 2641 1677 2664 diversas
1690 2644 1893 2670 argumentationis

1049 2681 1071 2700 et
1096 2679 1224 2706 argumenti
1250 2680 1416 2707 acceptationes
1439 2686 1560 2702 recensens
1584 2681 1625 2703 ait:
1651 2682 1694 2703 Aut
1718 2681 1893 2710 arqnmentatio

1049 2717 1144 2746 quidem
1163 2717 1283 2740 vocabitur
1300 2722 1344 2741 tota
1363 2719 1476 2741 contextio
1493 2719 1621 2747 syllogismi
1639 2726 1691 2742 cum
1709 2722 1829 2747 sententia,
1852 2721 1893 2743 sed

1049 2757 1221 2785 aryninentnm
1247 2757 1343 2778 maxima
1368 2758 1493 2784 propositio
1515 2761 1556 2780 etc.
1579 2758 1629 2783 (col.
1654 2758 1730 2786 1053).
1752 2758 1796 2781 cn:
1819 2759 1842 2781 ll.
1865 2759 1892 2782 de

1050 2796 1163 2818 Different.
1182 2796 1248 2824 topic.
1266 2808 1297 2812 —
1314 2796 1382 2818 Paulo
1399 2797 1506 2824 superius
1524 2803 1567 2825 pro
1584 2797 1701 2827 accipitur
1717 2798 1768 2820 eod.
1786 2799 1802 2820 A
1821 2798 1894 2821 sumi-

1049 2835 1097 2862 tur,
1117 2835 1168 2857 cod.
1186 2834 1203 2856 U
1221 2834 1314 2858 dicitur.
1337 2835 1358 2857 tn
1382 2835 1426 2858 fiae
1449 2836 1516 2858 solut.
1540 2835 1590 2858 cod.
1609 2835 1627 2858 Ο
1642 2837 1712 2865 ¹plura
1735 2837 1809 2865 addit,
1833 2843 1893 2866 quae

1049 2875 1144 2900 propter
1162 2874 1237 2895 varias
1254 2874 1346 2896 lacunas
1363 2876 1404 2896 etc.
1422 2880 1467 2896 non
1485 2874 1553 2903 digna
1572 2878 1624 2897 sunt
1641 2880 1829 2898 commemoratu.

1112 2911 1120 2926 ⁴
1139 2912 1196 2935 Vide
1214 2913 1250 2934 liic
1268 2913 1297 2934 lit.
1316 2913 1427 2941 Magistri,
1445 2919 1464 2936 c.
1483 2914 1503 2935 8.
1522 2919 1569 2942 seq.
1588 2927 1617 2929 —
1636 2914 1657 2936 ln
1675 2915 1749 2942 prima
1773 2915 1892 2937 solutionis

1049 2956 1144 2978 propos.
1170 2957 1212 2978 pro
1237 2950 1317 2980 aliquo
1340 2950 1408 2974 modo
1429 2951 1504 2981 possit
1528 2952 1595 2974 codd.
1621 2953 1695 2974 ΑΗΚ
1719 2952 1799 2983 aliquo
1822 2953 1891 2976 modo

1047 2992 1130 3019 posset.
