2166 3366
146 936 176 954 Ad
190 936 264 959 opposi-

182 961 227 977 tum.

277 198 332 226 174

274 276 349 313 quod
372 276 474 304 faceret
496 274 637 303 hominem
656 274 759 307 Deum,
782 277 809 303 et
829 274 918 302 Deum
934 273 1075 302 hominem
1091 283 1120 301 »:

274 331 341 359 ergo
363 322 384 351 si
407 322 473 350 unio
499 321 546 349 illa
568 321 647 355 fecit,
676 320 765 348 Deum
787 328 848 349 esse
876 320 1034 354 hominem,
1058 328 1123 348 cum

274 369 364 398 omnis
389 368 488 396 activa
520 368 619 396 inferat
651 375 730 395 suam
750 367 919 403 passivam,
942 367 1027 404 igitur
1049 367 1123 395 Deus

274 416 364 444 factus
384 418 426 444 est
446 415 539 443 homo.

352 463 379 490 [ι.
401 462 482 496 Item,
504 465 566 499 post
584 461 803 489 incarnationem
828 461 901 490 Deus
915 464 957 490 est
978 461 1074 496 homo,
1097 464 1124 490 et

274 513 337 537 ante
359 508 576 537 incarnationem
599 517 653 536 non
675 512 736 536 erat
757 508 857 542 homo;
879 508 928 537 sed
950 508 1123 545 quicumque

273 556 358 584 modo
380 559 422 584 θεῖ
450 556 546 589 homo,
568 559 595 584 et
619 555 708 592 prius
730 563 784 583 non
810 560 869 584 erat
894 556 991 590 homo,
1013 559 1055 584 est
1079 554 1124 593 fa-

274 607 337 631 etus
360 603 454 631 homo:
478 610 544 639 ergo
566 602 588 631 si
610 602 685 631 Deus
706 606 747 631 est
769 602 930 631 huiusmodi
944 602 963 637 ¹,
985 602 1059 631 Deus
1081 606 1123 631 est

274 650 363 678 factus
385 649 476 677 homo.

354 697 378 724 5.
401 696 484 729 Item,
513 696 586 724 idem
617 699 658 724 θεῖ
684 695 849 725 humanari
872 697 948 733 quod
981 696 1122 725 hominem

272 743 350 775 fieri;
373 743 420 771 sed
445 743 512 771 haec
534 743 697 780 simpliciter
719 744 892 772 conceditur:
915 744 990 772 Deus
1012 747 1053 772 est
1074 744 1122 772 hu-

274 789 436 818 manatus²z
460 798 526 826 ergo
548 790 712 827 simpliciter
735 791 944 819 concedendum
968 794 1023 819 est:
1051 791 1124 819 Deus

273 837 362 866 factus
383 840 425 866 est
447 838 539 865 homo.

356 884 407 912 SED
430 893 552 913 CONTRA:
579 886 601 912 l.
625 885 769 913 Mutacum
792 893 851 913 esse
872 888 913 913 est
935 885 1066 921 superius
1088 885 1123 913 ad

276 930 391 968 sciolum
412 932 509 965 csse³;
530 932 578 960 sed
601 932 669 960 haec.
691 932 854 968 simpliciter
880 937 921 960 est
943 932 1026 960 falsa:
1050 932 1124 961 Deus

275 981 317 1006 θεῖ
340 982 477 1006 mutatus:
500 986 567 1015 ergo
588 982 615 1006 et
637 978 719 1006 haec:
742 978 816 1007 Deus
838 982 879 1007 est
900 979 989 1008 factus
1012 980 1104 1007 homo.

355 1026 381 1053 2.
404 1026 484 1060 ltem,
504 1025 618 1062 sactum
647 1034 706 1053 esse
735 1027 934 1063 praesupponit
962 1026 1069 1063 sieri⁴;
1098 1030 1125 1055 et

274 1071 342 1109 sieri
362 1073 439 1109 ponit
460 1072 709 1109 imperfectionem:
733 1081 800 1109 ergo
822 1073 856 1101 de
882 1081 1061 1110 quocumque
1083 1077 1125 1102 est

275 1120 368 1148 dicere
389 1118 504 1157 factum
525 1129 599 1153 csse,
621 1124 663 1149 est
685 1120 777 1149 dicere
794 1119 1047 1157 imperfectionem.
1071 1121 1123 1150 Sed

275 1167 327 1195 hoc
343 1166 435 1195 dicere
451 1167 485 1195 de
506 1167 563 1195 Deo
578 1170 620 1196 θεῖ
641 1167 758 1195 falsum:
781 1175 847 1203 ergo
862 1171 889 1195 et
911 1167 962 1196 ista
977 1172 1018 1196 est
1040 1167 1120 1196 salsa:

274 1214 349 1243 Deus
370 1214 459 1243 sactus
482 1218 523 1243 θεῖ
546 1215 636 1242 homo.

355 1260 380 1289 3.
404 1261 481 1295 Item,
504 1261 739 1298 quandocumque
762 1261 878 1290 dicitur:
902 1262 954 1290 hoc
983 1261 1013 1290 lit
1035 1261 1124 1296 illud,

276 1308 413 1336 terminus
428 1308 511 1336 habet
533 1308 667 1336 rationem
685 1307 879 1344 complementi
902 1312 1031 1344 respectu
1051 1309 1123 1342 eius,

275 1356 348 1383 circa
371 1355 445 1391 quod
469 1355 511 1388 sit;
532 1359 563 1383 ut
583 1363 647 1383 cum
670 1355 788 1383 dicitur:
812 1355 895 1383 homo
910 1354 941 1382 fit
962 1355 1057 1389 albus,
1080 1363 1125 1383 no-

275 1405 350 1430 tatur
379 1402 478 1430 albedo
507 1410 567 1430 esse
596 1402 831 1438 complementum
861 1402 981 1430 hominis
998 1402 1023 1430 ⁵:
1056 1411 1124 1439 ergo

275 1456 339 1477 cum
362 1448 478 1476 dicitur:
502 1448 576 1477 Deus
599 1448 629 1476 fit
650 1449 746 1482 homo,
775 1451 887 1476 notatur
916 1448 976 1477 fieri
1006 1449 1125 1485 comple-

276 1500 401 1526 mentum
423 1496 481 1524 Dei.
510 1496 561 1524 Sed
593 1496 694 1524 salsum
716 1499 771 1530 est,
800 1496 874 1532 quod
897 1495 980 1524 lzomo
1009 1496 1123 1534 aliquod

275 1543 511 1579 complementum
540 1542 596 1571 Deo
620 1543 738 1571 tribuat:
769 1550 835 1579 ergo
857 1543 999 1579 praedicta
1022 1543 1124 1572 locutio

275 1590 436 1626 simpliciter
459 1590 512 1618 erit
534 1590 610 1618 salsa.

353 1638 379 1665 [ι.
403 1637 482 1671 ltem,
498 1637 666 1665 adiectivum
684 1636 760 1673 ponit
778 1644 837 1665 rem
854 1645 933 1665 suam
950 1637 1024 1666 circa
1040 1646 1122 1666 suum

274 1684 498 1718 substantivum,
520 1683 569 1712 sed
591 1683 644 1712 hoc
665 1683 834 1711 adiectivum
864 1682 980 1720 factas,
1003 1692 1065 1713 cum
1083 1693 1124 1713 ca-

274 1732 315 1760 dit
336 1732 410 1760 circa
431 1731 587 1760 subiectum
611 1734 638 1759 et
666 1731 872 1767 praedicatum,
894 1732 986 1768 potius
1015 1732 1123 1761 adiacet

274 1779 399 1807 subiecto
421 1786 504 1815 quam
528 1778 687 1815 praedicato
706 1795 744 1799 —
759 1778 833 1815 quod
855 1781 946 1814 patet,
973 1779 1039 1815 quia
1061 1779 1125 1807 dici-

276 1829 339 1854 tur:
362 1826 486 1854 Verbum
508 1829 550 1854 est
572 1825 673 1853 factum
697 1833 762 1854 caro
776 1833 893 1862 —ergo
915 1825 965 1854 iste
987 1826 1124 1855 terminus

273 1872 374 1910 factus
396 1873 471 1909 ponit
493 1873 565 1901 circa
587 1872 713 1900 divinum
743 1872 919 1909 suppositum
943 1880 1000 1901 rem
1024 1881 1122 1901 suam:

274 1928 340 1956 ergo
362 1920 502 1956 praedicta
531 1919 631 1948 locutio
654 1919 778 1947 nominat
799 1919 920 1956 aliquam
950 1919 1096 1948 factionem
1114 1920 1123 1933 ⁵

274 1967 347 1995 circa
369 1967 466 1995 Deum.
489 1967 541 1995 Sed
573 1967 622 1995 lioc
645 1970 686 1995 est
708 1966 825 2000 falsum,
854 1974 918 1994 cum
951 1967 1027 1995 nulla
1050 1967 1123 1996 circa

274 2014 361 2042 Deum
386 2014 471 2050 possit
500 2021 560 2042 esse
586 2013 666 2041 l'actio
701 2013 743 2041 vel
776 2013 930 2041 innovatio:
960 2021 1027 2050 ergo
1055 2014 1124 2043 falsa

274 2061 327 2088 erit
349 2060 491 2097 praedicta
514 2060 624 2088 locutio.

354 2109 379 2136 ὅ.
402 2108 482 2142 ltem,
503 2108 739 2144 quandocumque
762 2107 940 2144 praedicatur
961 2108 1067 2145 aliquid
1089 2109 1123 2137 de

274 2155 368 2191 aliquo
390 2162 453 2183 cum
480 2155 710 2183 determinatione
732 2162 785 2182 non
815 2154 1004 2187 diminuente,
1034 2158 1123 2192 potest

275 2202 429 2238 praedicari
452 2201 631 2238 simpliciter,
654 2201 702 2230 sed
725 2201 775 2229 iste
798 2201 935 2230 terminus
962 2200 1046 2230 ltomo
1068 2211 1123 2230 non

275 2248 405 2276 diminuit
427 2248 461 2276 de
490 2248 595 2276 ratione
617 2248 677 2276 eius
700 2247 774 2284 quod
797 2251 838 2275 θεῖ
865 2246 981 2284 scietas:
1004 2256 1071 2285 ergo
1099 2248 1121 2276 si

274 2296 343 2324 haec
372 2298 413 2323 θεῖ
441 2303 525 2323 vera:
552 2295 626 2323 Deus
653 2298 694 2323 θεῖ
721 2293 821 2332 factas
843 2293 947 2328 liomo;
978 2295 1047 2324 haec
1070 2296 1123 2324 erit

950 174 1203 224 εΕΝΤΕΝΤΙΑθυΜ
1224 195 1284 223 Lis.
1306 195 1346 223 111.

1180 281 1260 301 vera:
1283 273 1358 302 Deus
1380 276 1422 302 θεῖ
1449 272 1557 310 factus.
1580 274 1632 302 Sed
1662 274 1713 303 hoc
1735 277 1776 302 est
1797 277 1894 303 contra
1915 275 2025 312 Symbo-

1180 321 1238 349 lum
1252 321 1270 355 ⁷,
1293 321 1368 358 quod
1390 320 1468 355 dicit,
1500 320 1574 358 quod
1603 332 1615 346 (ι
1631 329 1680 350 nec
1707 321 1796 350 factus
1822 330 1872 351 nec
1899 325 2025 357 creatus,
2164 340 2166 365 ¹.

1181 368 1228 396 sed
1254 368 1405 405 genitus».
2165 369 2166 372 ’

1500 454 1710 476 CONCLUSIO.

1180 525 1259 553 Haec
1282 524 1403 553 locutio.-
1426 525 1504 553 Deus
1531 523 1631 561 factas
1660 529 1700 553 esc
1721 524 1818 559 homo,
1848 535 2027 566 quocumque

1259 580 1346 600 sensti
1367 571 1549 608 accipiatur,
1579 580 1649 600 vera
1678 575 1731 606 est,
1758 572 1822 601 licei
1842 582 1953 610 semper
1979 573 2027 603 ha-

1261 618 1324 647 beat
1344 618 1459 656 aliquid
1480 618 1719 655 improprietatis.

1260 697 1436 725 RESPONDEOt
1458 696 1626 731 Dicendum,
1649 697 1724 734 quod
1746 706 1810 726 cum
1832 699 1977 735 quaeritur
1992 699 2027 728 de

1181 744 1232 772 hac
1255 744 1407 772 locutione:
1435 743 1509 772 Deus
1536 744 1626 772 factus
1654 747 1695 773 est
1724 745 1820 779 homo,
1849 745 1928 774 iuxta
1957 746 2027 775 illud

1181 791 1256 828 quod
1278 794 1441 819 consuetum
1458 794 1499 819 est
1510 791 1529 825 ⁸,
1553 791 1693 827 praedicta
1709 791 1810 820 locutio
1833 793 2023 830 multipliciter
2036 796 2166 844 ⁵⁰¹¹}'ssxffl'2

1181 841 1223 866 est
1244 837 1453 874 distinguenda,
1475 845 1511 866 ex
1533 837 1586 866 hoc
1607 838 1681 875 quod
1698 838 1767 867 illud
1791 839 1968 876 participium
1983 848 2028 876 po·
2151 835 2152 840 ¹

1182 888 1234 913 test
1256 892 1359 921 ponere
1381 892 1440 913 rem
1462 892 1541 913 suam
1564 892 1649 921 super
1672 888 1778 919 totam,
1802 885 1845 914 vel
1868 886 1942 915 circa
1963 886 2028 915 altc-

1181 940 1250 959 rum
1272 935 1465 959 extremorum
1488 931 1633 965 absolate,
1656 932 1698 960 vel
1728 932 1801 961 circa
1823 941 1915 961 upum
1937 937 2028 962 extre-

1182 986 1260 1006 mum
1276 978 1302 1006 in
1318 978 1539 1015 comparatione
1560 979 1600 1006 ad
1614 978 1749 1006 alteram.
1765 996 1803 999 -—
1815 979 1840 1007 Si
1863 983 1947 1016 ponat
1968 988 2027 1009 rem

1182 1033 1275 1059 suam,
1291 1025 1395 1053 scilicet
1411 1025 1499 1062 ipsam
1522 1024 1695 1062 factionem,
1718 1034 1803 1063 super
1834 1030 1938 1061 totam,
1961 1035 2028 1056 vera
2040 1031 2152 1050 Conci-:5102

1181 1076 1223 1101 est
1244 1072 1358 1106 locutio,
1381 1076 1408 1101 et
1428 1076 1469 1101 θεῖ
1491 1080 1604 1101 sensus:
1628 1073 1702 1101 Deus
1724 1073 1813 1101 factus
1827 1078 1869 1102 est
1890 1074 1985 1108 homo,
2001 1075 2029 1103 id

1181 1123 1235 1154 est,
1251 1119 1353 1148 factum
1370 1122 1424 1154 est,
1446 1123 1477 1148 ut
1491 1119 1566 1148 Deus
1587 1123 1660 1148 esset
1682 1120 1777 1154 homo,
1799 1123 1826 1148 et
1841 1121 1893 1149 hoc
1914 1120 2028 1157 quidem

1182 1167 1284 1195 factum
1308 1166 1358 1194 fuit
1374 1167 1400 1194 in
1423 1174 1507 1203 opere
1523 1166 1727 1195 incarnationis.
1740 1183 1779 1186 —
1794 1167 1818 1195 Si
1835 1171 1928 1196 autem
1946 1172 2028 1204 ponat

1182 1221 1240 1242 rem
1264 1221 1344 1242 suam
1366 1214 1436 1242 circa
1461 1213 1586 1241 alterum
1609 1217 1803 1242 extremorum
1820 1214 1963 1249 absolute,
1986 1219 2026 1244 ut-

1182 1264 1245 1297 pote
1267 1261 1340 1289 circa
1357 1260 1560 1297 praedicatum,
1578 1264 1643 1289 tunc
1664 1264 1706 1290 θεῖ
1720 1269 1833 1290 sensus:
1850 1261 1924 1291 Deus
1939 1262 2028 1291 factus
2041 1257 2156 1298 Conelusioss}

1181 1311 1223 1336 θεῖ
1245 1307 1340 1341 homo,
1356 1307 1383 1335 id
1399 1310 1453 1341 est,
1473 1307 1544 1336 Deus
1565 1311 1606 1336 θεῖ
1629 1308 1724 1342 homo,
1739 1309 1786 1345 qui
1809 1308 1923 1345 quidem
1940 1309 2028 1338 factus
2155 1305 2156 1309 ’

1181 1357 1223 1382 θεῖ
1244 1354 1302 1382 sive
1323 1354 1493 1390 productus;
1515 1358 1541 1383 et
1564 1355 1615 1383 hoc
1631 1355 1745 1392 quidem
1769 1364 1867 1383 verum
1890 1356 2027 1384 est—Si

1181 1404 1275 1429 autem
1298 1404 1381 1438 ponat
1404 1409 1462 1429 rem
1492 1409 1571 1429 suam
1594 1402 1667 1430 circa
1695 1411 1789 1430 ammi
1811 1407 1971 1431 extremum
2001 1403 2027 1431 in

1181 1448 1401 1485 comparatione
1422 1448 1463 1476 ad
1483 1448 1626 1482 alteram,
1649 1449 1687 1477 sic
1710 1453 1751 1477 θεῖ
1766 1457 1879 1478 sensus:
1904 1450 1978 1478 Deus
1993 1450 2030 1478 fa-

1181 1498 1243 1523 ctus
1264 1499 1306 1524 θεῖ
1328 1496 1422 1529 homo,
1445 1496 1472 1524 id
1488 1499 1542 1530 est,
1559 1496 1636 1523 Deus
1658 1496 1721 1524 fecit
1742 1496 1924 1533 semetipsum
1944 1497 2029 1525 homi-

1182 1551 1245 1571 nem
1268 1551 1317 1579 per
1334 1543 1515 1571 humanitatis
1536 1543 1750 1577 assumtionem,
1766 1543 1838 1572 sicut
1860 1542 1943 1572 ltomo
1964 1544 2029 1572 facit

1182 1590 1363 1626 semetipsum
1386 1590 1498 1618 doctum
1521 1598 1571 1626 per
1592 1590 1735 1618 doctrinae
1756 1590 1975 1627 acquisitionem.

1263 1637 1292 1664 Et
1314 1637 1422 1673 primus
1444 1637 1556 1674 quidem
1580 1645 1678 1665 sensus
1699 1640 1741 1665 θεῖ
1764 1645 1847 1666 verus
1869 1640 1895 1666 et
1916 1645 2029 1667 consue·
2158 1632 2164 1664 l·

1182 1686 1227 1712 tus
1249 1684 1404 1712 secundum
1426 1692 1543 1712 sensum
1557 1683 1566 1697 ⁹
1588 1692 1784 1718 commanem,
1807 1693 1860 1713 non
1881 1687 1971 1713 tamen
1987 1687 2166 1725 est00¹1011125011⁵3

1182 1731 1336 1759 secundum
1371 1730 1524 1759 locucionis
1555 1731 1714 1764 virtuteim·
1742 1731 1807 1769 quia
1840 1732 1892 1760 hoc
1920 1732 2028 1768 partici-

1182 1778 1273 1815 pium,
1294 1778 1370 1815 quod
1392 1781 1432 1806 θεῖ
1453 1777 1562 1815 factus,
1579 1786 1643 1807 cum
1660 1778 1694 1806 sit
1711 1778 1855 1807 masculini
1878 1779 1988 1815 generis
2003 1783 2030 1807 et

1181 1826 1350 1854 adiectivum
1372 1829 1399 1854 et
1421 1825 1561 1854 adiective'
1577 1829 1730 1860 retentum,
1746 1834 1800 1854 non
1816 1829 1905 1862 potest
1926 1834 2029 1863 ponere

1182 1881 1240 1901 rem
1264 1881 1343 1901 suam
1366 1872 1439 1901 circa
1468 1872 1651 1909 copulatam,
1673 1873 1719 1901 sed
1752 1873 1908 1901 necessario
1937 1874 2029 1910 ponit,

1181 1923 1318 1956 quantum
1339 1923 1379 1948 est
1402 1919 1436 1948 de
1457 1920 1564 1947 virtute
1578 1920 1736 1953 sermonis,
1759 1920 1833 1949 circa
1853 1919 2028 1954 subiectum,

1182 1967 1225 1995 vel
1247 1967 1320 1995 circa
1334 1966 1550 2003 praedicatum.

1261 2014 1406 2042 Secundus
1434 2017 1528 2042 autem
1554 2021 1653 2042 sensus
1680 2022 1764 2042 verus
1795 2014 1909 2051 quidem
1935 2017 1976 2042 est
2003 2017 2030 2042 et

1181 2059 1277 2088 haberi
1309 2063 1398 2096 potest
1419 2068 1469 2097 per
1497 2061 1641 2088 sermonis
1662 2060 1799 2088 virtutem
1826 2064 1853 2089 et
1877 2061 2166 2100 Ιπορῖὶθῖῑῖ-(ῖοῡεῐῢεῑοὶῇ1

1182 2111 1236 2136 tem
1246 2130 1252 2141 ,
1268 2111 1309 2135 θεῖ
1325 2111 1415 2141 tamen
1431 2111 1543 2143 praeter
1557 2116 1646 2135 usam
1661 2116 1852 2135 coimizaiicm.
1871 2107 1939 2136 Cum
1956 2108 2029 2136 enim
2161 2109 2162 2112 ’

1181 2155 1312 2189 dicimus,
1334 2155 1409 2192 quod
1433 2155 1506 2183 Deus
1528 2155 1618 2184 factus
1639 2159 1680 2184 est
1703 2156 1800 2190 homo,
1822 2164 1876 2184 non
1899 2156 2030 2184 volumus

1181 2202 1285 2236 dicere,
1308 2202 1383 2239 quod
1405 2202 1480 2230 Deus
1495 2202 1530 2230 sit
1552 2202 1648 2237 homo,
1670 2203 1716 2239 qui
1736 2203 1890 2239 productus
1911 2206 1965 2238 θεῖ,
1981 2203 2030 2231 sed

1180 2249 1312 2278 volumus
1333 2249 1494 2286 exprimere
1516 2249 1604 2286 ipsam
1630 2249 1846 2278 incarnationem
1874 2250 1933 2278 sive
1956 2250 2031 2278 unio-

1181 2304 1242 2325 nem
1266 2297 1376 2325 divinae
1398 2300 1515 2325 naturae
1537 2297 1572 2325 ad
1596 2297 1757 2325 humanam.

339 2413 346 2427 ¹
364 2414 406 2435 Pro
424 2412 561 2436 huiusmodi
577 2413 629 2435 edd.
647 2412 724 2436 Immo.

336 2453 345 2466 ‘²
363 2453 448 2475 Graece
460 2449 509 2477 θεὸς
526 2450 696 2482 ἐνανθρωπήσας
709 2454 721 2474 i.
735 2459 754 2475 e.
767 2453 828 2475 Deus
840 2454 1010 2476 inhumanatus.
1028 2454 1075 2476 Hac
1091 2454 1123 2476 lo-

274 2494 365 2515 cutione
382 2493 480 2515 Ecclesia
505 2495 582 2514 contra
610 2493 780 2520 Apollinaristas
805 2493 912 2515 utebatur
937 2494 959 2515 in
985 2494 1122 2521 explicando

274 2532 347 2555 verbo
366 2533 521 2554 «incarnatus
537 2534 604 2559 est»,
627 2534 649 2553 et
672 2532 724 2553 nihil
747 2532 809 2553 aliud
831 2532 884 2554 dicit
906 2533 946 2554 ista
971 2532 1053 2554 locutio
1067 2533 1121 2555 nisi:

273 2572 335 2594 Deus
353 2572 461 2593 assumsit
478 2572 604 2598 perfectum
631 2571 760 2599 hominem,
779 2571 878 2593 animam
896 2572 943 2594 scil.
960 2575 982 2593 et
999 2578 1084 2600 corpus
1101 2575 1123 2595 et

275 2614 373 2633 mentem
392 2614 414 2633 et
430 2611 514 2638 omnia,
533 2617 591 2639 quae
609 2610 638 2632 ad
656 2617 738 2633 verum
757 2612 873 2633 homiuem
892 2612 1076 2634 constituendum
1090 2619 1122 2635 re-

275 2651 404 2678 quiruntur.
423 2649 466 2672 Cfr.
486 2649 554 2676 Epist.
572 2649 656 2672 Concit.
674 2649 788 2672 Constant.
807 2650 820 2672 l.
839 2650 868 2672 ad
886 2650 1010 2672 Damasum
1024 2651 1121 2679 Papam,

274 2692 296 2711 θι
312 2689 436 2716 limpham,
455 2689 536 2710 Ancor.
556 2695 576 2710 n.
599 2688 798 2711 121.—Sul]inde.
816 2695 858 2717 pro
874 2689 1012 2718 simpliciter
1029 2690 1080 2712 cod.
1104 2691 1122 2713 U

274 2727 390 2750 similiter.

337 2766 346 2780 ³
364 2766 437 2788 Omne
453 2766 567 2795 siquidem
586 2766 649 2795 quod
667 2766 701 2794 sit,
720 2769 832 2795 mutatur,
851 2767 891 2789 sed
909 2773 953 2789 non
972 2769 1023 2790 vice
1037 2774 1121 2796 versa;

275 2812 346 2833 quare.
363 2808 384 2827 et
401 2806 503 2833 Aristot,
524 2806 548 2828 V.
568 2806 633 2833 Phys.
652 2808 703 2828 text.
721 2806 742 2828 7,
761 2805 789 2834 (c.
810 2807 839 2835 l.)
857 2806 901 2828 sub
913 2813 998 2834 genere
1011 2809 1122 2829 transmu-

275 2845 364 2866 tationis
382 2846 490 2872 tanquam
508 2845 597 2872 species
615 2846 678 2872 ponit
695 2851 738 2866 non
757 2848 843 2867 tantum
857 2847 1027 2873 generationem
1041 2849 1062 2868 et
1074 2852 1123 2868 cor-

275 2884 413 2910 ruptionem,
425 2883 466 2905 sed
476 2884 543 2905 etiam
555 2887 643 2906 motum
655 2883 828 2913 (alterationem,
838 2886 1048 2912 augmentationem
1061 2885 1121 2913 eto).

275 2921 333 2943 Vide
351 2921 374 2943 ll.
392 2922 452 2943 Sent.
471 2921 492 2943 d.
516 2922 532 2943 l.
551 2928 573 2949 p.
593 2923 606 2944 l.
624 2929 643 2944 a.
662 2923 683 2944 3.
703 2929 724 2951 q.
744 2923 763 2944 l.

337 2960 346 2974 ⁴
364 2961 465 2988 Aristot.‚
484 2960 519 2982 Vl.
546 2961 612 2988 ruys.
631 2964 681 2983 text.
701 2961 737 2984 59.
756 2962 784 2989 (c.
803 2963 850 2990 6.):
869 2963 1011 2985 Manifestum
1029 2966 1063 2986 est
1080 2964 1122 2991 igi-

276 3001 324 3027 tur,
342 2999 405 3027 quod
423 3002 445 3020 et
462 2999 484 3021 id
506 3000 568 3027 quod
587 3000 671 3022 sactum
688 3004 733 3028 est,
752 3007 844 3023 necesse
862 3004 896 3023 est
913 3001 960 3023 ficri
978 3002 1049 3029 prius.

1244 2415 1254 2430 ⁵
1270 2416 1370 2442 Aristot,
1390 2415 1435 2437 xit.
1455 2415 1551 2443 itletapli.
1570 2418 1620 2437 text.
1641 2415 1661 2437 8.
1681 2415 1728 2442 (XI.
1747 2421 1766 2437 c.
1785 2415 1832 2444 2.):
1845 2415 1918 2438 Omne
1930 2418 2030 2438 mutatur

1179 2461 1206 2476 ex
1224 2456 1323 2483 potentia
1342 2457 1392 2477 ente
1410 2455 1431 2477 in
1450 2458 1500 2477 actu
1519 2460 1569 2480 ens,
1590 2458 1613 2476 ut
1625 2460 1652 2476 ex
1664 2455 1763 2482 potentia
1779 2454 1831 2476 albo
1844 2455 1865 2476 in
1879 2457 1930 2477 actu
1943 2454 2028 2477 album.

1179 2493 1223 2516 Cl'r.
1242 2494 1269 2516 V.
1288 2495 1354 2521 phys.
1381 2497 1431 2516 text.
1450 2493 1471 2516 4.
1489 2497 1511 2516 et
1529 2493 1564 2515 48.
1584 2494 1612 2521 (c.
1636 2495 1651 2516 l.
1671 2496 1692 2516 et
1710 2493 1754 2521 5.),
1772 2494 1812 2516 nbi
1831 2494 1938 2523 docetur,
1950 2498 2027 2516 ¹muta-

1180 2534 1264 2555 tionem
1281 2534 1476 2556 denominandam
1489 2540 1538 2556 esse
1552 2540 1579 2555 ex
1600 2534 1703 2556 termino.
1721 2545 1752 2549 —
1770 2533 1825 2555 Edu.
1845 2534 1896 2555 voci
1914 2533 2029 2556 terminus
2163 2556 2164 2569 ἶ

1179 2572 1267 2595 addunt
1282 2572 1399 2602 factionis.
2162 2587 2164 2618 1

1241 2612 1251 2625 ⁶
1268 2611 1340 2634 Codd.
1358 2612 1403 2634 AT
1416 2611 1544 2639 actionem,
1564 2614 1586 2634 et
1603 2612 1671 2639 paulo
1688 2611 1782 2633 inferius
1800 2612 1884 2639 pariter
1902 2611 1963 2635 accio
1986 2618 2028 2639 pro

1178 2650 1256 2680 factio.
1275 2652 1395 2680 Aliquanto
1420 2652 1528 2679 superius
1553 2657 1595 2679 pro
1621 2650 1685 2674 circa
1707 2650 1838 2674 subiectum
1861 2651 1911 2674 cod.
1930 2652 1949 2673 K
1967 2650 2028 2674 inter

1178 2689 1315 2714 subiectam.
1799 2708 1802 2711 .

1244 2729 1253 2743 ⁷
1268 2730 1454 2752 Athanasianum.
1471 2741 1503 2745 —
1521 2729 1562 2751 Ρῖό
1579 2728 1627 2752 Sed
1642 2728 1686 2752 hoc
1703 2728 1770 2751 codd.
1789 2729 1805 2750 A
1816 2729 1834 2750 G
1845 2729 1862 2750 H
1873 2729 1879 2750 l
1890 2729 1906 2750 L
1916 2729 1933 2751 N
1944 2729 1962 2751 T
1973 2729 1991 2751 U
2001 2736 2027 2751 aa

1179 2767 1226 2791 Sed
1236 2767 1300 2791 llaec.
1319 2768 1340 2789 ln
1357 2767 1445 2791 maiom'
1461 2772 1513 2795 post
1529 2767 1674 2790 diminuente
1691 2767 1758 2789 codd.
1777 2767 1825 2789 ΜΟ
1843 2767 1972 2796 adiungunt
1987 2774 2028 2790 ra-

1179 2806 1265 2829 tionem
1283 2806 1339 2829 eius.

1241 2845 1251 2860 ⁸
1267 2846 1339 2868 Codd.
1358 2846 1403 2868 KZ
1422 2846 1457 2872 (aa
1475 2853 1487 2868 a
1505 2846 1605 2868 secunda
1624 2847 1702 2873 manu)
1722 2845 1811 2868 addunt
1828 2845 1879 2869 dici.

1240 2884 1250 2899 ⁹
1268 2884 1339 2907 Codd.
1358 2886 1375 2907 Α
1386 2885 1404 2907 K
1416 2885 1433 2907 U
1443 2892 1468 2907 aa
1480 2885 1511 2907 bb
1521 2891 1547 2907 cc
1563 2891 1641 2907 usum.
1661 2884 1732 2907 Codd.
1751 2885 1767 2906 Α
1779 2885 1797 2907 G
1808 2885 1826 2907 H
1837 2886 1842 2907 1
1855 2886 1872 2907 K
1886 2885 1914 2913 (T
1927 2891 1938 2907 a
1952 2886 2025 2913 prima

1179 2927 1257 2952 manu)
1276 2924 1291 2945 Z
1302 2924 1333 2946 bb
1351 2928 1402 2952 post
1420 2925 1546 2947 consuetus
1564 2924 1701 2946 interficiunt
1723 2924 1750 2946 et.
1778 2924 1847 2946 Paulo
1864 2925 1958 2946 inferius
1975 2928 2027 2952 post

1178 2964 1199 2985 et
1216 2962 1357 2986 affectivum
1376 2964 1424 2985 Vat.
1443 2963 1524 2985 omittit
1540 2963 1567 2985 ec.
