2166 3366
724 175 806 203 DlST.
829 175 882 204 XX.
904 175 977 203 ART.
999 175 1114 204 UNlCUS
1135 175 1271 212 QUAEST.
1294 176 1333 204 lll.

158 252 220 281 ficio
241 251 419 281 recreationis
450 260 534 288 quam
561 260 611 289 pro
633 252 767 282 beneficio
791 253 955 282 creationis:
978 252 1000 281 si

157 307 223 336 ergo
245 307 315 336 pura
336 301 465 327 creatura
479 307 567 335 genus
584 299 738 328 humanum
755 300 930 334 redemisset,
947 303 1002 328 tan-

159 348 217 374 tum
240 353 366 374 essemus
388 344 438 374 sibi
455 345 584 382 obligati,
600 349 737 382 quantum
753 350 848 375 nostro
862 346 999 375 Creatori:

158 399 225 429 ergo
247 395 354 420 tantum
377 395 538 420 teneremur
552 391 669 428 diligere
690 395 848 421 creaturam
864 396 1000 430 quantum

157 439 325 468 Creatorem.
347 438 373 467 Si
396 446 463 475 ergo
484 438 655 475 impossibiie
677 442 733 474 est,
753 448 803 468 nos
817 440 852 468 ad
868 440 920 469 hoc
936 440 1002 468 obli-

160 486 218 523 gari
232 486 254 520 ¹;
277 485 448 523 impossibile
463 485 529 519 fuit,
546 493 646 522 puram
662 489 820 515 creaturam
843 487 1001 516 satisfacere

157 540 207 569 pro
229 536 285 561 toto
306 540 408 569 genere
431 532 562 560 humano.

470 633 682 655 CONCLL'SIO.

158 719 247 748 Nulla
267 728 347 756 pura
372 723 514 748 ereatura
543 719 638 756 potui!
668 719 842 757 satisfacere
861 729 916 758 pro
945 725 1001 750 toto

232 775 336 804 yenere
357 765 504 799 humano,
526 774 577 794 uec
598 770 729 803 respectu
751 767 882 796 iniuriae
895 777 946 796 nee
960 776 1001 797 re-

234 817 332 850 spectu
353 813 473 846 (laetati,-
493 822 544 841 uec
566 813 721 847 decuisset,
743 814 867 843 alterius
885 815 1001 852 quateris

236 864 407 889 ereaturam
429 860 470 888 ad
491 859 543 888 ltoe
564 869 583 888 a
607 861 663 888 Deo
684 861 808 889 assumi.

236 954 415 983 Rsssrouneo:
448 954 618 987 Dicendum,
647 954 722 991 quod
751 954 785 983 de
807 955 919 983 duobus
940 963 1001 983 con-

16 1001 247 1048 wisgaengomsuevit
269 1001 327 1030 fieri
350 1001 500 1030 satisfactio
521 1004 548 1029 et
570 1001 691 1038 requiri,
718 1001 845 1030 videlicet
870 1002 904 1030 de
927 1002 1001 1030 iniu-

17 1035 51 1054 ,ὀ
77 1035 100 1049 ⁰⁰
115 1035 142 1049 ⁰⁵⁴
156 1048 206 1077 ria
227 1051 254 1076 et
275 1048 310 1077 de
331 1048 448 1082 damno.
470 1048 495 1076 Si
519 1048 604 1085 igitur
620 1048 694 1077 Deus
710 1048 827 1085 requirit
841 1049 1001 1078 satisfactio-

155 1103 218 1124 nem
241 1095 276 1123 ab
298 1095 421 1123 humano
443 1102 559 1131 genere;
581 1098 630 1123 aut
651 1095 769 1131 requirit
791 1104 841 1132 pro
862 1100 999 1134 utroque,

17 1146 144 1166 0⁰⁰01u=i⁰¹-
157 1145 206 1171 aut
227 1150 278 1179 pro
299 1141 391 1170 allero
414 1141 524 1170 horum.
546 1141 571 1169 Si
595 1150 646 1178 pro
661 1146 799 1179 utroque,
816 1142 930 1179 planum
946 1146 999 1177 est,

157 1189 231 1227 quod
254 1188 424 1226 impossihile
446 1191 502 1222 est,
517 1187 639 1225 aliquam
656 1197 755 1225 puram
773 1192 930 1217 creaturam
944 1189 1000 1218 Deo

156 1235 314 1264 satisfacere
336 1243 387 1272 pro
409 1235 532 1264 humano
557 1243 671 1271 genere,
705 1243 755 1272 pro
786 1243 818 1264 eo
839 1236 912 1273 quod
944 1240 998 1264 tam

158 1282 251 1319 gravis
271 1285 313 1311 est
335 1282 469 1316 inim-ia,
491 1290 562 1320 quae
585 1282 703 1310 infertur
725 1282 781 1311 Deo
808 1283 844 1311 ob
865 1283 1000 1311 excellen-

157 1329 291 1358 tissimam
314 1329 375 1358 eius
396 1329 574 1366 dignitatem,
596 1329 670 1366 quod
694 1330 769 1357 nulla
786 1338 856 1366 pura
871 1333 1000 1358 creatura

157 1379 247 1413 potest
269 1384 483 1413 recompensare
504 1376 609 1413 aliquid
627 1376 665 1404 illi
681 1376 805 1413 aequale.
821 1376 846 1404 Si
864 1384 929 1405 vero
943 1377 1000 1405 exi-

156 1426 202 1460 gat
223 1423 436 1452 satisfactionem
459 1423 493 1452 de
515 1423 574 1451 solo
595 1423 720 1456 damno,
736 1423 917 1451 condonando
933 1423 1001 1451 iniu-

18 1473 141 1492 Conc¹usi⁰²-
156 1470 245 1503 riam;
267 1478 316 1499 nec
338 1470 377 1499 sic
399 1473 488 1507 potest
510 1478 561 1507 pro
583 1472 639 1498 toto
661 1478 762 1506 genere
784 1470 906 1498 humano
924 1470 1000 1498 satis-

156 1516 246 1546 facere
267 1517 361 1554 aliqua
382 1525 454 1554 pura
475 1521 613 1546 creatura.
636 1517 687 1545 Aut
708 1517 781 1545 enim
804 1516 849 1545 illa
871 1520 1000 1545 creatura

155 1567 228 1593 esset
249 1563 350 1598 homo,
381 1567 429 1592 aut
461 1572 519 1592 non
540 1567 613 1592 essct
641 1563 732 1592 humo.
755 1564 780 1592 Si
802 1567 874 1592 esset
896 1563 999 1597 homo,

156 1619 220 1640 cum
243 1619 316 1640 unus
338 1619 428 1649 purus
460 1611 544 1639 homo
569 1619 623 1639 non
646 1612 732 1648 possit
753 1611 929 1647 aequivalere
952 1611 998 1639 toti

156 1650 255 1696 generi
272 1658 410 1693 humano,
428 1658 489 1687 talis
504 1658 600 1692 homo,
621 1658 763 1686 offerendo
778 1666 807 1686 se
822 1658 914 1695 ipsum
931 1658 999 1692 Deo,

156 1713 299 1743 nunquam
322 1709 547 1743 recompensaret
576 1705 736 1738 dawinum,
758 1704 832 1742 quod
855 1704 939 1733 Adam
963 1705 1000 1733 in-

157 1752 235 1787 tulit,
257 1752 463 1789 corrumpendo
479 1755 566 1780 totum
583 1760 671 1789 genus
693 1752 857 1780 humanum.
880 1751 905 1779 Si
927 1754 999 1780 esset

155 1798 323 1832 non-homo,-
344 1807 394 1828 nec
415 1799 454 1828 sic
469 1799 562 1828 adhuc
577 1802 669 1836 posset
684 1799 817 1827 damnum
841 1806 999 1835 recompen-

155 1853 231 1880 sare,
252 1845 274 1874 si
297 1853 368 1882 pura
389 1848 518 1874 creatura
539 1849 630 1879 esset;
652 1848 700 1874 aut
721 1846 743 1874 si
766 1848 873 1882 posset,
888 1853 942 1873 non
962 1848 999 1874 ta-

156 1900 218 1921 men
240 1892 426 1926 satisfaceret,
452 1893 518 1929 quia
539 1893 572 1921 ad
597 1893 664 1921 illud
688 1900 776 1929 genus
797 1895 902 1929 spectat
923 1892 1000 1920 satis-

155 1939 252 1974 factio,
274 1939 308 1968 ad
342 1939 416 1976 quod
439 1939 574 1976 spectavit
596 1939 780 1976 transgressio
791 1938 808 1966 ⁹.
831 1939 882 1967 Aut
903 1938 924 1967 si
947 1938 999 1967 hoc

155 1989 262 2023 posset,
285 1994 339 2014 non
361 1989 453 2015 tamen
475 1986 601 2020 deceret,
620 1986 686 2023 quia
701 1989 829 2014 naturam
845 1985 997 2014 humanam

156 2032 182 2061 in
205 2035 308 2061 statum
331 2033 480 2070 pristinum
513 2041 566 2061 non
590 2036 748 2065 1·evocaret;
770 2035 842 2061 esset
862 2031 935 2060 enim
961 2039 997 2060 ex

155 2079 208 2108 hoc
229 2079 354 2108 subiecta
375 2079 420 2108 alii
443 2080 537 2117 generi
559 2083 713 2109 creaturae.

234 2126 264 2155 Et
285 2134 321 2155 ex
343 2126 395 2155 hoc
417 2126 553 2161 habetur,
567 2126 641 2164 quod
658 2135 711 2155 non
727 2126 817 2154 solum
840 2133 911 2162 pura
926 2133 999 2154 crea-

155 2175 218 2201 tura
239 2181 293 2201 non
315 2176 408 2210 posset
429 2173 486 2202 Deo
513 2173 687 2207 satisfacere,
718 2172 740 2201 si
773 2175 845 2201 esset
876 2171 999 2200 alterius

16 2224 114 2244 conclusio
125 2225 143 2244 ³.
157 2219 282 2256 generis,
304 2220 352 2249 sed
374 2220 473 2254 etiam,
496 2227 546 2249 nec
578 2220 599 2249 si
632 2223 704 2249 esset
735 2228 751 2247 a
773 2219 829 2248 Deo
849 2222 998 2252 assumta,

153 2266 329 2301 conveniret,
350 2270 382 2295 ut
403 2275 454 2304 pro
469 2267 593 2295 humano
608 2275 709 2304 genere
728 2266 905 2295 satisfaceret.
918 2281 955 2285 —-
970 2265 999 2294 Et

154 2313 229 2348 iden,
243 2321 307 2342 cum
323 2321 395 2350 pura
416 2317 544 2343 creatura
565 2322 620 2342 non
641 2317 734 2351 posset
749 2321 799 2350 pro
821 2316 877 2341 toto
898 2320 999 2348 genere

155 2359 278 2388 humano
298 2360 472 2395 satisfacere,
494 2369 544 2390 nec
565 2360 681 2389 alterius
703 2360 812 2397 generis
839 2362 997 2388 creaturam

15 2411 142 2431 Coronarum·
155 2406 266 2436 deceret
279 2407 315 2436 ad
336 2407 389 2436 hoc
404 2407 528 2441 assumi;
550 2407 688 2444 oportuit,
710 2410 742 2435 ut
756 2414 875 2443 persona
895 2405 999 2434 satisfa-

154 2453 252 2483 cientis
273 2457 345 2483 esset
373 2454 448 2482 Deus
468 2457 497 2482 et
517 2453 630 2482 h0m0³.
656 2470 694 2474 —
715 2452 913 2481 Concedendae
934 2455 1000 2480 sunt

217 2574 224 2589 ¹
242 2574 286 2597 Cfr.
310 2576 414 2602 August..
438 2574 466 2597 de
484 2575 565 2603 Quant.
582 2575 687 2603 animae,
705 2581 725 2597 c.
743 2574 780 2597 34.
803 2580 824 2596 n.
847 2574 889 2601 78,
906 2580 933 2596 ex
951 2580 997 2603 quo

153 2613 203 2636 loco
221 2619 290 2636 unam
308 2614 442 2635 sententiam
459 2613 549 2635 allatam
567 2614 656 2636 invenis
668 2617 722 2636 tom.
740 2614 764 2636 ll.
782 2619 836 2641 pag.
852 2613 893 2641 28,
912 2615 962 2635 nota
976 2613 997 2635 6.

152 2664 184 2669 -
203 2652 271 2674 l‘aulo
288 2655 339 2674 ante
357 2658 399 2681 pro
416 2651 460 2675 sibi
476 2651 573 2682 obliqati
587 2653 641 2675 edd.
658 2652 679 2675 ei
695 2651 798 2682 obligati.

215 2691 224 2705 ἵ
242 2690 287 2713 Cfr.
304 2697 374 2719 supra
392 2690 414 2713 d.
435 2691 470 2713 12.
488 2697 508 2713 a.
528 2691 548 2713 l.
565 2697 587 2720 q.
608 2691 630 2719 t,
648 2691 687 2713 ubi
708 2691 794 2713 videsis
810 2693 832 2713 et
854 2690 882 2713 de
899 2697 947 2719 seq.
965 2697 998 2713 ra-

153 2730 224 2757 tione,
242 2735 302 2758 quae
319 2735 345 2751 ex
363 2729 470 2751 Ansclmo
487 2728 585 2751 delibata
602 2732 643 2751 est.
655 2742 685 2745 —
700 2729 769 2751 Paulo
787 2732 837 2752 ante
854 2735 897 2757 pro
914 2730 957 2752 aut
979 2728 1000 2752 si

152 2769 229 2797 posset
252 2768 320 2790 codd.
343 2768 496 2790 BDGHLT
507 2768 524 2790 U
536 2768 584 2790 VX
595 2774 621 2790 aa
646 2774 675 2791 ac
701 2767 786 2797 [codd.
809 2768 815 2789 Ι
831 2768 847 2790 Ι)
861 2768 879 2796 Q
903 2771 925 2791 et
944 2768 998 2791 cdd.

157 2807 179 2835 t,
202 2807 216 2829 2
237 2807 274 2835 at,
297 2806 349 2829 cod.
371 2805 388 2829 C
405 2805 442 2836 et]
463 2806 484 2829 si
502 2808 594 2836 posset;
617 2806 700 2829 deinde
721 2812 764 2834 pro
780 2805 891 2836 spectavit
912 2806 962 2829 cod.
980 2807 998 2829 U

152 2847 247 2875 spectat.

218 2884 228 2899 ³
245 2885 323 2908 Pulcre
341 2885 414 2913 BasiL,
432 2886 454 2907 in
473 2885 507 2907 l's.
525 2884 561 2907 48.
580 2891 600 2907 n.
619 2885 644 2913 3,
662 2884 691 2907 ad
703 2884 774 2907 verba
792 2884 940 2908 illa2Frater
950 2890 998 2908 'non

154 2922 261 2952 redimit,
279 2923 374 2947 redimit
390 2923 473 2952 homo,
493 2923 616 2946 observat:
633 2923 712 2952 Neque
728 2924 798 2951 igitur
818 2924 910 2946 fratrem
927 2924 948 2946 in
966 2930 999 2946 re-

153 2961 310 2991 demptionem
327 2969 424 2991 quaere,
441 2962 482 2985 sed
499 2962 610 2992 aliquem,
633 2962 672 2991 qui
690 2964 752 2984 tuam
772 2961 866 2984 excedat
882 2964 998 2990 naturam;

1847 181 1904 210 423

1059 252 1143 289 igitur
1158 253 1279 283 rationes
1293 255 1482 289 ostendentes,
1497 257 1572 293 quod
1595 257 1673 286 nulla
1688 266 1760 294 pura
1774 262 1904 288 creatura

1058 304 1151 336 posset
1172 300 1329 329 satisfacere
1352 310 1403 338 pro
1424 306 1480 330 toto
1501 311 1602 340 genere
1625 304 1756 333 humano.

1140 348 1163 374 l.
1186 347 1222 375 Aa
1241 347 1309 376 illud
1325 348 1399 385 quod
1415 349 1506 386 primo
1520 350 1650 379 obiicitur
1669 352 1695 379 in
1718 354 1989 388 contrarium,s01qu⁰
2002 367 2033 385 ομ-

1058 393 1132 430 quod
1148 401 1219 430 pura
1230 398 1359 422 creatura
1371 396 1460 432 potuit
1476 400 1563 425 totum
1580 406 1668 434 genus
1681 398 1835 428 humanum
1849 400 1905 428 infi-
1919 387 2029 408 ⁰⁰⁵'mmm'

1057 447 1135 474 cere;
1151 439 1310 475 dicendum,
1322 442 1395 478 quod
1409 450 1463 470 non
1475 446 1516 471 est
1531 444 1632 473 simile:
1649 445 1715 482 quia
1728 445 1823 483 aliqua
1834 455 1904 483 pura

1058 490 1186 515 creatura
1202 487 1291 524 potuit
1306 496 1366 516 esse
1382 488 1550 526 principium
1567 491 1651 520 totius
1666 492 1776 528 generis
1788 493 1903 522 humani
1918 501 2033 521 Notandum.

1058 533 1212 562 secundum
1232 535 1476 571 propayate'onem
1492 538 1661 571 carnalem,
1680 547 1729 576 per
1751 548 1834 577 quam
1857 550 1904 577 ge-

1059 588 1111 609 nus
1140 581 1295 609 humanum
1318 582 1510 619 corrumpitur
1538 587 1565 612 et
1591 584 1726 619 inficitur-3
1748 586 1795 614 sed
1827 587 1904 615 nulla

1059 635 1129 664 pura
1150 631 1280 656 creatura
1302 628 1392 665 potuit
1412 637 1472 658 esse
1496 631 1661 667 principium
1685 632 1769 661 totius
1795 634 1904 670 generis

1059 674 1173 703 humani
1196 675 1350 704 secundum
1374 677 1621 713 νεῃθηεναιὶοηεφη
1641 678 1827 715 spirituatem
1844 681 1863 708 ⁴.

1135 722 1161 749 ⁹2.
1183 721 1221 749 Ad
1243 721 1313 750 illud
1335 722 1409 759 quod
1425 722 1567 758 obiicitur,
1588 724 1662 761 quod
1686 733 1739 753 non
1763 726 1826 762 plus
1847 727 1904 755 exi-

1057 768 1131 805 gitur
1154 768 1180 797 in
1204 769 1275 797 iusta
1297 777 1400 806 poena,
1422 778 1506 807 quam
1532 772 1713 800 commissum
1736 776 1778 801 est
1799 773 1825 801 in
1848 774 1904 802 cul-

1057 823 1107 852 pa;
1129 815 1291 850 dicendum,
1307 816 1382 853 quod
1398 816 1480 854 culpa
1500 825 1553 845 non
1569 818 1659 846 solum
1681 824 1851 856 aggravatur
1866 829 1901 849 ex

1057 865 1135 899 parte
1163 862 1338 891 conditionis
1363 863 1544 900 peccantis-⁵,
1572 865 1620 893 sed
1647 865 1730 894 etiam
1759 874 1794 895 ex
1824 871 1903 903 parte
1918 874 2031 893 sonandum.

1056 909 1131 943 eius,
1152 909 1183 938 εἴη
1197 918 1280 947 quem
1303 913 1446 946 peccatum
1467 914 1495 939 et
1517 911 1579 940 licet
1594 920 1711 949 peccans
1733 913 1816 942 fuerit
1831 922 1902 951 pura

1057 959 1197 990 creatura,
1220 955 1266 984 ille
1288 960 1395 990 tamen,
1419 957 1444 985 in
1473 965 1556 994 quem
1580 959 1718 995 peccavit,
1748 960 1799 988 fuit
1824 961 1902 989 Crea-

1057 1006 1108 1031 tor.
1131 1003 1206 1037 ldeo,
1235 1011 1298 1031 cum
1328 1003 1465 1040 exigitur,
1487 1004 1561 1042 quod
1592 1005 1762 1035 satisfaciens
1784 1015 1837 1035 non
1867 1007 1902 1036 sit

1056 1057 1128 1086 pura
1142 1052 1286 1084 creatura,
1309 1050 1360 1078 hoc
1382 1058 1435 1078 non
1457 1054 1499 1079 est
1520 1059 1606 1088 supra
1626 1052 1652 1080 id
1675 1053 1748 1089 quod
1776 1054 1902 1082 commis-

1057 1104 1118 1124 sum
1140 1099 1182 1124 est
1204 1096 1230 1124 in
1252 1096 1333 1133 culpa
1346 1107 1353 1131 ;
1375 1100 1485 1134 oportet
1506 1098 1596 1133 enim,
1624 1099 1697 1136 quod
1723 1108 1841 1136 persona
1862 1109 1902 1129 sa-

1057 1142 1194 1172 tisfaciens
1220 1151 1270 1180 pro
1291 1144 1395 1180 peccati
1414 1145 1549 1181 gravitate
1575 1146 1724 1174 satisfaciat
1745 1148 1899 1176 secundum

1057 1198 1155 1218 omnes
1175 1190 1358 1225 conditiones,
1374 1192 1528 1220 secundum
1551 1201 1621 1229 quas
1641 1193 1724 1222 hahet
1744 1196 1900 1231 aggravari.

1135 1236 1161 1265 3.
1183 1237 1221 1266 Ad
1244 1237 1313 1266 illud
1335 1238 1410 1275 quod
1425 1238 1568 1273 obiicitur,
1590 1240 1664 1277 quod
1687 1240 1816 1269 diabolus
1832 1241 1903 1270 iuste

1056 1283 1149 1312 amisit
1160 1291 1249 1320 genus
1262 1285 1432 1319 humanum,
1448 1285 1513 1322 quia
1525 1286 1651 1315 extendit
1664 1295 1777 1316 manum
1791 1287 1816 1316 in
1829 1295 1904 1323 eum,

1059 1331 1083 1359 in
1106 1339 1189 1367 quem
1205 1339 1259 1359 non
1276 1331 1395 1360 habebat
1410 1331 1466 1366 ius;
1478 1332 1642 1368 dicendum,
1654 1334 1729 1371 quod
1742 1334 1768 1362 in
1782 1335 1833 1364 hoc
1850 1343 1903 1363 non
1919 1342 2034 1361 somnum.

1056 1377 1227 1414 exprimitur
1251 1378 1392 1407 sufficiens
1418 1379 1488 1408 ratio
1510 1379 1779 1416 satisfactionis,sed
1804 1382 1904 1411 modus

1057 1424 1183 1453 vincendi
1200 1424 1351 1453 diabolum.
1369 1425 1399 1454 Et
1420 1425 1490 1455 bene
1512 1434 1610 1455 verum
1633 1431 1688 1462 est,
1710 1428 1784 1465 quod
1810 1429 1904 1466 aliqua

1057 1480 1128 1508 pura
1144 1475 1272 1501 creatura
1299 1472 1428 1501 innocens
1454 1473 1589 1510 potuisset
1607 1474 1750 1503 diabolum
1777 1475 1904 1511 vincere;

1056 1519 1104 1547 sed
1128 1522 1219 1547 tamen
1242 1527 1277 1547 ex
1294 1519 1346 1548 hoc
1367 1528 1421 1548 non
1448 1520 1589 1557 sequitur,
1611 1521 1686 1558 quod
1711 1522 1825 1559 posset⁶
1848 1523 1904 1552 Deo

1056 1566 1223 1594 satisfacere.
1245 1566 1335 1602 Longe
1361 1566 1433 1595 enim
1457 1567 1520 1604 plus
1545 1571 1587 1596 est
1608 1576 1822 1605 recompensare
1847 1570 1903 1598 Deo

1056 1612 1159 1640 illatam
1182 1612 1312 1640 iniuriam
1338 1621 1422 1649 quam
1439 1613 1549 1641 vincere
1570 1613 1736 1643 diabolicam
1763 1615 1900 1644 fraudem.

1134 1659 1160 1688 [ι.
1182 1659 1220 1687 Ad
1243 1658 1312 1687 illud
1341 1659 1415 1696 quod
1441 1659 1587 1694 obiicitur,
1615 1661 1689 1698 quod
1719 1661 1782 1699 plus
1804 1666 1902 1700 pensat

1057 1706 1131 1734 Deus
1151 1706 1272 1734 animam
1296 1705 1359 1734 iusti
1374 1706 1382 1719 ⁷
1405 1715 1489 1743 quam
1518 1707 1627 1736 animas
1656 1708 1902 1738 innumerabilium

1056 1756 1251 1790 peccatorum3
1278 1752 1445 1787 dicendum,
1467 1754 1541 1791 quod
1565 1754 1639 1783 Deus
1670 1755 1695 1783 in
1718 1756 1903 1785 satisfactione

1056 1807 1109 1827 nou
1138 1799 1248 1836 quaerit
1276 1800 1560 1836 recompensationem
1584 1801 1618 1829 de
1640 1809 1741 1838 genere
1764 1803 1902 1837 humano,

1055 1845 1209 1874 secundum
1233 1846 1307 1883 quod
1330 1850 1371 1874 est
1393 1846 1420 1875 in
1443 1851 1515 1875 statu
1539 1849 1656 1884 peccati,
1679 1849 1726 1877 sed
1747 1849 1903 1878 secundum

1055 1893 1128 1929 quod
1151 1893 1264 1927 fuisset,
1286 1893 1307 1921 si
1325 1901 1378 1921 non
1401 1898 1555 1930 peccassem
1580 1898 1606 1923 et
1628 1895 1680 1924 hoc
1696 1896 1779 1924 modo
1798 1896 1904 1925 nullius

1056 1939 1119 1976 puri
1142 1939 1263 1968 hominis
1285 1940 1369 1968 vitam
1392 1940 1466 1969 Deus
1488 1944 1594 1969 tantum
1617 1943 1809 1979 appretiatur,
1832 1944 1903 1972 sicut

1055 1989 1141 2014 totam
1159 1986 1364 2023 generationem
1386 1987 1546 2016 humanam.

1135 2034 1160 2061 5.
1182 2033 1220 2062 Ad
1243 2033 1312 2062 illud
1335 2034 1409 2070 quod
1432 2034 1594 2071 quaeritur,
1615 2035 1636 2064 si
1659 2036 1787 2065 Christus
1806 2037 1904 2066 fuisset

1055 2088 1128 2116 pura
1149 2083 1293 2115 creatura,
1315 2084 1411 2109 utrum
1428 2081 1550 2111 moriens
1572 2082 1712 2112 introisset
1731 2083 1758 2112 in
1780 2084 1903 2119 caelum;

1055 2126 1222 2161 dicendum,
1243 2127 1318 2164 quod
1347 2128 1404 2161 sic;
1433 2136 1469 2157 ex
1492 2128 1544 2157 hoc
1565 2132 1658 2158 tamen
1679 2137 1734 2158 non
1759 2131 1902 2167 sequitur,

1055 2172 1128 2209 quod
1144 2172 1154 2186 ⁸
1180 2173 1329 2202 meruisset
1361 2174 1459 2203 ianuae
1485 2175 1674 2212 apertionem,
1702 2176 1769 2213 quia
1794 2177 1901 2205 caelum
1918 2183 2036 2203 Notandum.

1056 2227 1200 2257 nunquam
1223 2220 1313 2249 fuerat
1334 2220 1386 2249 sibi
1409 2221 1552 2256 clausum,
1575 2222 1627 2250 hoc
1642 2223 1743 2259 posito,
1759 2223 1832 2260 quod
1849 2232 1904 2252 non

1057 2266 1201 2295 habuisset
1228 2267 1332 2303 peccati
1355 2268 1498 2304 originalis
1520 2272 1638 2297 reatum.
1666 2269 1716 2297 Alii
1744 2278 1826 2304 vero,
1855 2271 1903 2307 qui

1056 2317 1164 2341 reatum
1186 2314 1289 2350 peccati
1304 2314 1448 2351 originalis
1469 2314 1622 2349 habebant,
1643 2319 1758 2352 propter
1773 2316 1825 2345 hoc
1847 2325 1902 2345 non

1055 2359 1172 2397 fuissent
1193 2360 1219 2388 in
1235 2361 1343 2390 caelum
1366 2361 1531 2396 introducti;
1547 2365 1574 2390 et
1596 2362 1633 2390 ita
1648 2362 1742 2391 adhuc
1757 2363 1903 2392 remansis-

1056 2409 1098 2435 set
1119 2406 1202 2435 ianua
1223 2407 1333 2441 clausa,
1356 2416 1407 2445 pro
1428 2416 1460 2436 eo
1475 2408 1550 2445 quod
1572 2416 1626 2437 non
1642 2408 1740 2438 fuisset
1761 2409 1902 2439 sufficiens

1055 2452 1204 2481 satisfactio
1225 2454 1376 2490 persoluta.

1055 2580 1130 2603 neque
1147 2575 1263 2598 hominem
1276 2575 1376 2604 nudum,
1396 2575 1437 2598 sed
1454 2576 1670 2604 hominem-Deum,
1682 2576 1756 2599 lesum
1774 2576 1901 2606 Christum,

1054 2615 1093 2643 qui
1110 2615 1173 2637 solus
1189 2621 1231 2642 pro
1249 2614 1315 2637 nobis
1331 2615 1440 2637 omnibus
1457 2615 1511 2637 dare
1532 2618 1607 2643 potest
1623 2615 1773 2643 placationem
1791 2619 1833 2639 etc.

1117 2652 1126 2667 ⁴
1143 2653 1188 2675 Cfr.
1207 2654 1230 2675 ll.
1242 2654 1303 2676 Sent.
1320 2653 1342 2676 d.
1356 2654 1393 2676 33.
1405 2660 1425 2676 a.
1445 2654 1465 2676 t.
1479 2660 1500 2682 q.
1519 2654 1540 2676 2.
1553 2666 1583 2670 ———
1595 2654 1617 2676 ln
1630 2655 1692 2676 initio
1704 2655 1770 2677 solut.
1784 2661 1827 2683 pro
1836 2661 1902 2685 pura

1055 2692 1169 2715 creatura
1181 2692 1232 2714 cod.
1250 2694 1268 2714 Α
1285 2691 1367 2722 aliqua
1378 2698 1442 2722 pura
1459 2693 1582 2716 creatura.
1595 2693 1681 2716 Deinde
1693 2699 1735 2721 pro
1747 2693 1804 2723 quia
1820 2694 1902 2724 aliqua

1055 2730 1106 2753 cod.
1123 2730 1142 2752 K
1161 2729 1217 2760 quia
1235 2730 1286 2753 licet
1303 2730 1398 2761 aliqua,
1417 2735 1439 2753 et
1456 2731 1525 2759 paulo
1542 2732 1637 2754 interius
1654 2738 1696 2760 pro
1713 2732 1754 2756 sed
1769 2733 1831 2755 idem
1849 2733 1901 2756 cod.

1055 2768 1074 2790 K
1092 2769 1178 2791 tamen.

1117 2807 1128 2822 ⁵
1143 2807 1188 2830 Cfr.
1206 2810 1260 2830 torn.
1279 2808 1302 2830 ΙΙ.
1320 2814 1374 2836 pag.
1390 2808 1449 2837 750,
1467 2812 1518 2832 nota
1537 2808 1558 2831 5.

1118 2846 1128 2860 ⁶
1143 2846 1200 2869 Edd.
1216 2846 1336 2875 potuisset.

1117 2884 1127 2899 ⁷
1143 2884 1199 2907 Cod.
1216 2885 1234 2907 Α
1251 2886 1380 2908 accuratius
1395 2885 1468 2909 unius
1484 2886 1547 2910 iusti.

1117 2923 1127 2938 ⁸
1144 2924 1201 2946 Edd.
1218 2924 1362 2952 subiungunt
1378 2924 1420 2953 sic,
1438 2927 1460 2948 et
1472 2931 1525 2948 mox
1538 2932 1581 2954 pro
1595 2926 1671 2956 posito
1688 2926 1829 2950 substituunt
1844 2934 1901 2958 sup-

1053 2961 1136 2992 posito.
1156 2962 1223 2985 Paulo
1241 2967 1294 2986 ante
1310 2963 1363 2986 edd.
1380 2963 1459 2987 verbis
1473 2970 1538 2994 pura
1549 2966 1662 2989 creatura
1679 2966 1810 2995 praefigunt
1825 2966 1885 2990 sola.
