<?xml version="1.0" encoding="UTF-8"?>
<!DOCTYPE html PUBLIC "-//W3C//DTD XHTML 1.0 Transitional//EN"
    "http://www.w3.org/TR/xhtml1/DTD/xhtml1-transitional.dtd">
<html xmlns="http://www.w3.org/1999/xhtml" xml:lang="en" lang="en">
 <head>
  <title>
</title>
<meta http-equiv="Content-Type" content="text/html;charset=utf-8" />
  <meta name='ocr-system' content='tesseract 3.04.00' />
  <meta name='ocr-capabilities' content='ocr_page ocr_carea ocr_par ocr_line ocrx_word'/>
</head>
<body>
  <div class='ocr_page' id='page_1' title='image "./doctorisseraphic03bona_0193.png"; bbox 0 0 2166 3366; ppageno 0'>
   <div class='ocr_carea' id='block_1_1' title="bbox 772 182 1882 219">
    <p class='ocr_par' dir='ltr' id='par_1_1' title="bbox 772 182 1882 219">
     <span class='ocr_line' id='line_1_1' title="bbox 772 182 1882 219; baseline -0.001 -8"><span class='ocrx_word' id='word_1_1' title='bbox 772 183 855 211; x_wconf 90' lang='lat' dir='ltr'>DlST.</span> <span class='ocrx_word' id='word_1_2' title='bbox 879 183 929 212; x_wconf 87' lang='lat' dir='ltr'>Vll.</span> <span class='ocrx_word' id='word_1_3' title='bbox 952 183 1023 211; x_wconf 72' lang='grc' dir='ltr'><strong>ΛΒΤ.</strong></span> <span class='ocrx_word' id='word_1_4' title='bbox 1046 183 1063 210; x_wconf 90' lang='lat'>1.</span> <span class='ocrx_word' id='word_1_5' title='bbox 1086 182 1221 219; x_wconf 77' lang='lat' dir='ltr'>QUAEST.</span> <span class='ocrx_word' id='word_1_6' title='bbox 1243 183 1261 210; x_wconf 88' lang='grc' dir='ltr'>Ι.</span> <span class='ocrx_word' id='word_1_7' title='bbox 1835 183 1882 210; x_wconf 86' lang='grc'>171</span> 
     </span>
    </p>
   </div>
   <div class='ocr_carea' id='block_1_2' title="bbox 11 261 988 907">
    <p class='ocr_par' dir='ltr' id='par_1_2' title="bbox 11 261 988 907">
     <span class='ocr_line' id='line_1_2' title="bbox 145 261 987 300; baseline -0.005 -7"><span class='ocrx_word' id='word_1_8' title='bbox 145 265 180 294; x_wconf 83' lang='grc' dir='ltr'>εἰι</span> <span class='ocrx_word' id='word_1_9' title='bbox 201 264 364 292; x_wconf 90' lang='lat' dir='ltr'>non-homo:</span> <span class='ocrx_word' id='word_1_10' title='bbox 386 271 453 300; x_wconf 87' lang='lat' dir='ltr'>ergo</span> <span class='ocrx_word' id='word_1_11' title='bbox 473 271 528 291; x_wconf 91' lang='lat' dir='ltr'>non</span> <span class='ocrx_word' id='word_1_12' title='bbox 550 262 677 295; x_wconf 87' lang='lat' dir='ltr'>videtur,</span> <span class='ocrx_word' id='word_1_13' title='bbox 699 261 774 299; x_wconf 91' lang='lat' dir='ltr'>quod</span> <span class='ocrx_word' id='word_1_14' title='bbox 790 261 876 298; x_wconf 87' lang='lat' dir='ltr'>possit</span> <span class='ocrx_word' id='word_1_15' title='bbox 897 261 987 289; x_wconf 80' lang='lat' dir='ltr'>facere</span> 
     </span>
     <span class='ocr_line' id='line_1_3' title="bbox 145 307 987 348; baseline -0.005 -9"><span class='ocrx_word' id='word_1_16' title='bbox 145 319 196 340; x_wconf 87' lang='lat' dir='ltr'>nec</span> <span class='ocrx_word' id='word_1_17' title='bbox 221 318 271 348; x_wconf 88' lang='lat' dir='ltr'>per</span> <span class='ocrx_word' id='word_1_18' title='bbox 301 313 431 338; x_wconf 87' lang='lat' dir='ltr'>naturam</span> <span class='ocrx_word' id='word_1_19' title='bbox 456 317 507 338; x_wconf 88' lang='lat' dir='ltr'>nec</span> <span class='ocrx_word' id='word_1_20' title='bbox 538 316 588 346; x_wconf 87' lang='lat' dir='ltr'>per</span> <span class='ocrx_word' id='word_1_21' title='bbox 617 308 801 342; x_wconf 81' lang='lat' dir='ltr'><strong>miraculum,</strong></span> <span class='ocrx_word' id='word_1_22' title='bbox 823 307 897 344; x_wconf 87' lang='lat' dir='ltr'>quod</span> <span class='ocrx_word' id='word_1_23' title='bbox 919 308 987 336; x_wconf 86' lang='lat' dir='ltr'>haec</span> 
     </span>
     <span class='ocr_line' id='line_1_4' title="bbox 145 357 551 386; baseline -0.005 0"><span class='ocrx_word' id='word_1_24' title='bbox 145 358 180 386; x_wconf 87' lang='lat' dir='ltr'>sit</span> <span class='ocrx_word' id='word_1_25' title='bbox 200 365 280 386; x_wconf 88' lang='lat' dir='ltr'>vera:</span> <span class='ocrx_word' id='word_1_26' title='bbox 303 357 377 385; x_wconf 88' lang='lat' dir='ltr'>Deus</span> <span class='ocrx_word' id='word_1_27' title='bbox 397 359 439 385; x_wconf 88' lang='lat' dir='ltr'>est</span> <span class='ocrx_word' id='word_1_28' title='bbox 460 357 551 384; x_wconf 86' lang='lat' dir='ltr'>homo.</span> 
     </span>
     <span class='ocr_line' id='line_1_5' title="bbox 223 401 987 440; baseline -0.004 -8"><span class='ocrx_word' id='word_1_29' title='bbox 223 405 249 432; x_wconf 87' lang='lat'>9.</span> <span class='ocrx_word' id='word_1_30' title='bbox 271 404 353 438; x_wconf 81' lang='lat' dir='ltr'>item,</span> <span class='ocrx_word' id='word_1_31' title='bbox 375 403 478 440; x_wconf 85' lang='lat' dir='ltr'>triplex</span> <span class='ocrx_word' id='word_1_32' title='bbox 499 406 541 432; x_wconf 85' lang='grc' dir='ltr'>εει</span> <span class='ocrx_word' id='word_1_33' title='bbox 572 401 751 440; x_wconf 83' lang='lat' dir='ltr'>praedicandi</span> <span class='ocrx_word' id='word_1_34' title='bbox 773 401 885 431; x_wconf 87' lang='lat' dir='ltr'>modus:</span> <span class='ocrx_word' id='word_1_35' title='bbox 912 401 987 438; x_wconf 90' lang='lat' dir='ltr'>quod</span> 
     </span>
     <span class='ocr_line' id='line_1_6' title="bbox 11 448 988 488; baseline -0.006 -6"><span class='ocrx_word' id='word_1_36' title='bbox 11 457 91 484; x_wconf 53' lang='lat' dir='ltr'>Quaestio</span> <span class='ocrx_word' id='word_1_37' title='bbox 100 451 219 480; x_wconf 67' lang='lat' dir='ltr'>ini-enim</span> <span class='ocrx_word' id='word_1_38' title='bbox 241 450 420 488; x_wconf 83' lang='lat' dir='ltr'>praedicatur</span> <span class='ocrx_word' id='word_1_39' title='bbox 440 450 475 478; x_wconf 87' lang='lat' dir='ltr'>de</span> <span class='ocrx_word' id='word_1_40' title='bbox 496 449 584 478; x_wconf 86' lang='lat' dir='ltr'>altero</span> <span class='ocrx_word' id='word_1_41' title='bbox 609 452 658 477; x_wconf 81' lang='lat' dir='ltr'>aut</span> <span class='ocrx_word' id='word_1_42' title='bbox 679 448 857 486; x_wconf 86' lang='lat' dir='ltr'>praedicatur</span> <span class='ocrx_word' id='word_1_43' title='bbox 878 456 928 485; x_wconf 90' lang='lat' dir='ltr'>per</span> <span class='ocrx_word' id='word_1_44' title='bbox 949 456 988 476; x_wconf 69' lang='lat' dir='ltr'>es-</span> 
     </span>
     <span class='ocr_line' id='line_1_7' title="bbox 17 481 985 533; baseline -0.004 -7"><span class='ocrx_word' id='word_1_45' title='bbox 17 481 86 505; x_wconf 61' lang='lat'>⁹¹¹⁰¹&#39;³&#39;</span> <span class='ocrx_word' id='word_1_46' title='bbox 144 497 285 531; x_wconf 79' lang='lat' dir='ltr'>sentiam,</span> <span class='ocrx_word' id='word_1_47' title='bbox 306 500 355 525; x_wconf 83' lang='lat' dir='ltr'>aut</span> <span class='ocrx_word' id='word_1_48' title='bbox 376 505 425 533; x_wconf 89' lang='lat' dir='ltr'>per</span> <span class='ocrx_word' id='word_1_49' title='bbox 442 495 672 529; x_wconf 74' lang='lat' dir='ltr'>inhaerentiam,</span> <span class='ocrx_word' id='word_1_50' title='bbox 688 499 737 524; x_wconf 84' lang='lat' dir='ltr'>aut</span> <span class='ocrx_word' id='word_1_51' title='bbox 758 503 808 532; x_wconf 90' lang='lat' dir='ltr'>per</span> <span class='ocrx_word' id='word_1_52' title='bbox 829 503 953 523; x_wconf 78' lang='lat' dir='ltr'>causam</span> <span class='ocrx_word' id='word_1_53' title='bbox 970 494 985 522; x_wconf 89' lang='lat'>¹.</span> 
     </span>
     <span class='ocr_line' id='line_1_8' title="bbox 145 542 987 581; baseline -0.004 -8"><span class='ocrx_word' id='word_1_54' title='bbox 145 544 212 573; x_wconf 91' lang='lat' dir='ltr'>Cum</span> <span class='ocrx_word' id='word_1_55' title='bbox 235 552 301 581; x_wconf 87' lang='lat' dir='ltr'>ergo</span> <span class='ocrx_word' id='word_1_56' title='bbox 322 543 438 572; x_wconf 86' lang='lat' dir='ltr'>dicitur:</span> <span class='ocrx_word' id='word_1_57' title='bbox 462 543 535 571; x_wconf 88' lang='lat' dir='ltr'>Deus</span> <span class='ocrx_word' id='word_1_58' title='bbox 556 546 598 571; x_wconf 88' lang='lat' dir='ltr'>est</span> <span class='ocrx_word' id='word_1_59' title='bbox 620 543 717 576; x_wconf 72' lang='lat' dir='ltr'>homo,</span> <span class='ocrx_word' id='word_1_60' title='bbox 738 545 787 570; x_wconf 87' lang='lat' dir='ltr'>aut</span> <span class='ocrx_word' id='word_1_61' title='bbox 808 542 987 579; x_wconf 83' lang='lat' dir='ltr'>praedicatur</span> 
     </span>
     <span class='ocr_line' id='line_1_9' title="bbox 145 588 986 628; baseline -0.004 -9"><span class='ocrx_word' id='word_1_62' title='bbox 145 599 194 628; x_wconf 91' lang='lat' dir='ltr'>per</span> <span class='ocrx_word' id='word_1_63' title='bbox 215 590 386 624; x_wconf 71' lang='lat' dir='ltr'>essentiam,</span> <span class='ocrx_word' id='word_1_64' title='bbox 407 593 434 618; x_wconf 89' lang='lat' dir='ltr'>et</span> <span class='ocrx_word' id='word_1_65' title='bbox 457 593 522 618; x_wconf 86' lang='lat' dir='ltr'>tunc</span> <span class='ocrx_word' id='word_1_66' title='bbox 543 589 617 618; x_wconf 89' lang='lat' dir='ltr'>Deus</span> <span class='ocrx_word' id='word_1_67' title='bbox 638 593 665 618; x_wconf 90' lang='lat' dir='ltr'>et</span> <span class='ocrx_word' id='word_1_68' title='bbox 686 589 770 617; x_wconf 92' lang='lat' dir='ltr'>homo</span> <span class='ocrx_word' id='word_1_69' title='bbox 785 589 838 617; x_wconf 78' lang='lat' dir='ltr'>erit</span> <span class='ocrx_word' id='word_1_70' title='bbox 860 588 986 617; x_wconf 88' lang='lat' dir='ltr'>eiusdem</span> 
     </span>
     <span class='ocr_line' id='line_1_10' title="bbox 145 634 988 674; baseline -0.005 -8"><span class='ocrx_word' id='word_1_71' title='bbox 145 637 291 670; x_wconf 73' lang='lat' dir='ltr'>essentiae,</span> <span class='ocrx_word' id='word_1_72' title='bbox 312 637 387 674; x_wconf 89' lang='lat' dir='ltr'>quod</span> <span class='ocrx_word' id='word_1_73' title='bbox 408 640 451 665; x_wconf 90' lang='lat' dir='ltr'>est</span> <span class='ocrx_word' id='word_1_74' title='bbox 481 636 666 673; x_wconf 88' lang='lat' dir='ltr'>impossibile;</span> <span class='ocrx_word' id='word_1_75' title='bbox 687 639 736 664; x_wconf 90' lang='lat' dir='ltr'>aut</span> <span class='ocrx_word' id='word_1_76' title='bbox 767 643 816 673; x_wconf 89' lang='lat' dir='ltr'>per</span> <span class='ocrx_word' id='word_1_77' title='bbox 838 634 988 663; x_wconf 71' lang='lat' dir='ltr'>inhaeren-</span> 
     </span>
     <span class='ocr_line' id='line_1_11' title="bbox 146 682 987 718; baseline -0.004 -6"><span class='ocrx_word' id='word_1_78' title='bbox 146 684 234 717; x_wconf 86' lang='lat' dir='ltr'>tiam,</span> <span class='ocrx_word' id='word_1_79' title='bbox 255 687 283 712; x_wconf 83' lang='lat' dir='ltr'>et</span> <span class='ocrx_word' id='word_1_80' title='bbox 302 686 368 712; x_wconf 87' lang='lat' dir='ltr'>tunc</span> <span class='ocrx_word' id='word_1_81' title='bbox 399 683 498 712; x_wconf 86' lang='lat' dir='ltr'>accidit</span> <span class='ocrx_word' id='word_1_82' title='bbox 531 683 586 712; x_wconf 92' lang='lat' dir='ltr'>Deo</span> <span class='ocrx_word' id='word_1_83' title='bbox 607 690 667 711; x_wconf 88' lang='lat' dir='ltr'>esse</span> <span class='ocrx_word' id='word_1_84' title='bbox 690 682 846 716; x_wconf 84' lang='lat' dir='ltr'>hominem3</span> <span class='ocrx_word' id='word_1_85' title='bbox 868 685 916 710; x_wconf 81' lang='lat' dir='ltr'>aut</span> <span class='ocrx_word' id='word_1_86' title='bbox 937 689 987 718; x_wconf 89' lang='lat' dir='ltr'>per</span> 
     </span>
     <span class='ocr_line' id='line_1_12' title="bbox 145 728 986 766; baseline -0.004 -7"><span class='ocrx_word' id='word_1_87' title='bbox 145 739 286 765; x_wconf 78' lang='lat' dir='ltr'>causam,</span> <span class='ocrx_word' id='word_1_88' title='bbox 317 734 343 758; x_wconf 88' lang='lat' dir='ltr'>et</span> <span class='ocrx_word' id='word_1_89' title='bbox 371 734 436 758; x_wconf 86' lang='lat' dir='ltr'>tunc</span> <span class='ocrx_word' id='word_1_90' title='bbox 468 729 527 766; x_wconf 90' lang='lat' dir='ltr'>pari</span> <span class='ocrx_word' id='word_1_91' title='bbox 561 730 666 758; x_wconf 87' lang='lat' dir='ltr'>ratione</span> <span class='ocrx_word' id='word_1_92' title='bbox 689 730 789 766; x_wconf 86' lang='lat' dir='ltr'>poterit</span> <span class='ocrx_word' id='word_1_93' title='bbox 822 729 889 763; x_wconf 85' lang='lat' dir='ltr'>dici,</span> <span class='ocrx_word' id='word_1_94' title='bbox 911 728 986 765; x_wconf 87' lang='lat' dir='ltr'>quod</span> 
     </span>
     <span class='ocr_line' id='line_1_13' title="bbox 145 775 987 814; baseline -0.004 -8"><span class='ocrx_word' id='word_1_95' title='bbox 145 778 219 806; x_wconf 87' lang='lat' dir='ltr'>Deus</span> <span class='ocrx_word' id='word_1_96' title='bbox 240 781 282 806; x_wconf 86' lang='lat' dir='ltr'>est</span> <span class='ocrx_word' id='word_1_97' title='bbox 302 777 387 814; x_wconf 85' lang='lat' dir='ltr'>lapis,</span> <span class='ocrx_word' id='word_1_98' title='bbox 408 777 473 813; x_wconf 78' lang='lat' dir='ltr'>quia</span> <span class='ocrx_word' id='word_1_99' title='bbox 497 777 533 804; x_wconf 85' lang='lat' dir='ltr'>ita</span> <span class='ocrx_word' id='word_1_100' title='bbox 554 780 595 805; x_wconf 87' lang='lat' dir='ltr'>est</span> <span class='ocrx_word' id='word_1_101' title='bbox 616 784 700 805; x_wconf 80' lang='lat' dir='ltr'>causa</span> <span class='ocrx_word' id='word_1_102' title='bbox 729 776 844 812; x_wconf 85' lang='lat' dir='ltr'>lapidis,</span> <span class='ocrx_word' id='word_1_103' title='bbox 867 775 939 804; x_wconf 85' lang='lat' dir='ltr'>sicut</span> <span class='ocrx_word' id='word_1_104' title='bbox 961 778 987 804; x_wconf 90' lang='lat' dir='ltr'>et</span> 
     </span>
     <span class='ocr_line' id='line_1_14' title="bbox 145 822 987 860; baseline -0.005 -7"><span class='ocrx_word' id='word_1_105' title='bbox 145 824 279 853; x_wconf 91' lang='lat' dir='ltr'>hominis:</span> <span class='ocrx_word' id='word_1_106' title='bbox 312 823 389 852; x_wconf 86' lang='lat' dir='ltr'>nullo</span> <span class='ocrx_word' id='word_1_107' title='bbox 415 823 499 860; x_wconf 85' lang='lat' dir='ltr'>igitur</span> <span class='ocrx_word' id='word_1_108' title='bbox 521 823 603 851; x_wconf 88' lang='lat' dir='ltr'>modo</span> <span class='ocrx_word' id='word_1_109' title='bbox 626 823 735 851; x_wconf 89' lang='lat' dir='ltr'>videtur</span> <span class='ocrx_word' id='word_1_110' title='bbox 757 830 837 859; x_wconf 87' lang='lat' dir='ltr'>posse</span> <span class='ocrx_word' id='word_1_111' title='bbox 859 822 987 854; x_wconf 84' lang='lat' dir='ltr'>concedi,</span> 
     </span>
     <span class='ocr_line' id='line_1_15' title="bbox 145 870 708 907; baseline -0.002 -8"><span class='ocrx_word' id='word_1_112' title='bbox 145 871 285 900; x_wconf 87' lang='lat' dir='ltr'>hominem</span> <span class='ocrx_word' id='word_1_113' title='bbox 308 871 342 899; x_wconf 89' lang='lat' dir='ltr'>de</span> <span class='ocrx_word' id='word_1_114' title='bbox 365 871 420 899; x_wconf 89' lang='lat' dir='ltr'>Deo</span> <span class='ocrx_word' id='word_1_115' title='bbox 442 878 522 907; x_wconf 83' lang='lat' dir='ltr'>posse</span> <span class='ocrx_word' id='word_1_116' title='bbox 543 870 708 907; x_wconf 83' lang='lat' dir='ltr'>praedicari.</span> 
     </span>
    </p>
   </div>
   <div class='ocr_carea' id='block_1_3' title="bbox 458 972 670 993">
    <p class='ocr_par' dir='ltr' id='par_1_3' title="bbox 458 972 670 993">
     <span class='ocr_line' id='line_1_16' title="bbox 458 972 670 993; baseline -0.005 0"><span class='ocrx_word' id='word_1_117' title='bbox 458 972 670 993; x_wconf 89' lang='lat' dir='ltr'>CONCLUSIO.</span> 
     </span>
    </p>
   </div>
   <div class='ocr_carea' id='block_1_4' title="bbox 148 1056 989 1189">
    <p class='ocr_par' dir='ltr' id='par_1_4' title="bbox 148 1056 989 1189">
     <span class='ocr_line' id='line_1_17' title="bbox 148 1056 989 1091; baseline -0.004 -4"><span class='ocrx_word' id='word_1_118' title='bbox 148 1058 264 1087; x_wconf 76' lang='lat' dir='ltr'><em>Necesse</em></span> <span class='ocrx_word' id='word_1_119' title='bbox 294 1062 334 1087; x_wconf 76' lang='lat' dir='ltr'>est</span> <span class='ocrx_word' id='word_1_120' title='bbox 365 1058 534 1091; x_wconf 74' lang='lat' dir='ltr'><em>concedere,</em></span> <span class='ocrx_word' id='word_1_121' title='bbox 566 1056 710 1086; x_wconf 75' lang='lat' dir='ltr'>hominem</span> <span class='ocrx_word' id='word_1_122' title='bbox 742 1066 801 1085; x_wconf 79' lang='lat' dir='ltr'>esse</span> <span class='ocrx_word' id='word_1_123' title='bbox 834 1057 942 1090; x_wconf 74' lang='lat' dir='ltr'>Deum,</span> <span class='ocrx_word' id='word_1_124' title='bbox 964 1060 989 1085; x_wconf 90' lang='lat' dir='ltr'>et</span> 
     </span>
     <span class='ocr_line' id='line_1_18' title="bbox 224 1103 989 1140; baseline -0.003 -7"><span class='ocrx_word' id='word_1_125' title='bbox 224 1105 315 1133; x_wconf 83' lang='lat' dir='ltr'>Deam</span> <span class='ocrx_word' id='word_1_126' title='bbox 337 1104 499 1137; x_wconf 72' lang='lat' dir='ltr'>liomiizem‚·</span> <span class='ocrx_word' id='word_1_127' title='bbox 531 1103 601 1132; x_wconf 77' lang='lat' dir='ltr'>haec</span> <span class='ocrx_word' id='word_1_128' title='bbox 623 1107 720 1132; x_wconf 76' lang='lat' dir='ltr'>tamen</span> <span class='ocrx_word' id='word_1_129' title='bbox 742 1103 927 1140; x_wconf 77' lang='lat' dir='ltr'>praedicatio</span> <span class='ocrx_word' id='word_1_130' title='bbox 949 1106 989 1131; x_wconf 80' lang='lat' dir='ltr'>est</span> 
     </span>
     <span class='ocr_line' id='line_1_19' title="bbox 221 1151 626 1189; baseline -0.005 -9"><span class='ocrx_word' id='word_1_131' title='bbox 221 1160 275 1189; x_wconf 83' lang='lat' dir='ltr'>per</span> <span class='ocrx_word' id='word_1_132' title='bbox 296 1151 414 1180; x_wconf 79' lang='lat' dir='ltr'>modam</span> <span class='ocrx_word' id='word_1_133' title='bbox 435 1151 626 1188; x_wconf 60' lang='lat' dir='ltr'>singularem.</span> 
     </span>
    </p>
   </div>
   <div class='ocr_carea' id='block_1_5' title="bbox 13 1244 990 2447">
    <p class='ocr_par' dir='ltr' id='par_1_5' title="bbox 225 1244 989 1282">
     <span class='ocr_line' id='line_1_20' title="bbox 225 1244 989 1282; baseline -0.003 -8"><span class='ocrx_word' id='word_1_134' title='bbox 225 1246 399 1274; x_wconf 66' lang='lat' dir='ltr'>Responnno:</span> <span class='ocrx_word' id='word_1_135' title='bbox 423 1245 593 1279; x_wconf 83' lang='lat' dir='ltr'>Dicendum,</span> <span class='ocrx_word' id='word_1_136' title='bbox 623 1245 699 1282; x_wconf 90' lang='lat' dir='ltr'>quod</span> <span class='ocrx_word' id='word_1_137' title='bbox 720 1245 874 1273; x_wconf 77' lang='lat' dir='ltr'>secundum</span> <span class='ocrx_word' id='word_1_138' title='bbox 897 1244 989 1273; x_wconf 85' lang='lat' dir='ltr'>catho-</span> 
     </span>
    </p>

    <p class='ocr_par' dir='ltr' id='par_1_6' title="bbox 31 1291 988 1328">
     <span class='ocr_line' id='line_1_21' title="bbox 31 1291 988 1328; baseline 0 -9"><span class='ocrx_word' id='word_1_139' title='bbox 31 1300 102 1319; x_wconf 70' lang='lat' dir='ltr'>nciusio</span> <span class='ocrx_word' id='word_1_140' title='bbox 113 1300 131 1319; x_wconf 78' lang='grc' dir='ltr'><strong>ι.</strong></span> <span class='ocrx_word' id='word_1_141' title='bbox 146 1292 226 1322; x_wconf 88' lang='lat' dir='ltr'>licam</span> <span class='ocrx_word' id='word_1_142' title='bbox 250 1293 394 1321; x_wconf 83' lang='lat' dir='ltr'>veritatem</span> <span class='ocrx_word' id='word_1_143' title='bbox 415 1292 521 1328; x_wconf 86' lang='lat' dir='ltr'>absque</span> <span class='ocrx_word' id='word_1_144' title='bbox 543 1292 629 1320; x_wconf 90' lang='lat' dir='ltr'>dubio</span> <span class='ocrx_word' id='word_1_145' title='bbox 644 1299 756 1320; x_wconf 81' lang='lat' dir='ltr'>necesse</span> <span class='ocrx_word' id='word_1_146' title='bbox 771 1294 812 1319; x_wconf 86' lang='lat' dir='ltr'>est</span> <span class='ocrx_word' id='word_1_147' title='bbox 827 1291 988 1325; x_wconf 76' lang='lat' dir='ltr'>concedere,</span> 
     </span>
    </p>

    <p class='ocr_par' dir='ltr' id='par_1_7' title="bbox 145 1337 988 1374">
     <span class='ocr_line' id='line_1_22' title="bbox 145 1337 988 1374; baseline -0.002 -7"><span class='ocrx_word' id='word_1_148' title='bbox 145 1339 285 1368; x_wconf 86' lang='lat' dir='ltr'>hominem</span> <span class='ocrx_word' id='word_1_149' title='bbox 306 1346 366 1367; x_wconf 87' lang='lat' dir='ltr'>esse</span> <span class='ocrx_word' id='word_1_150' title='bbox 388 1339 492 1372; x_wconf 86' lang='lat' dir='ltr'>Deum,</span> <span class='ocrx_word' id='word_1_151' title='bbox 514 1342 541 1367; x_wconf 86' lang='lat' dir='ltr'>et</span> <span class='ocrx_word' id='word_1_152' title='bbox 563 1338 650 1367; x_wconf 86' lang='lat' dir='ltr'>Deum</span> <span class='ocrx_word' id='word_1_153' title='bbox 684 1337 841 1372; x_wconf 88' lang='lat' dir='ltr'>hominem,</span> <span class='ocrx_word' id='word_1_154' title='bbox 874 1346 925 1374; x_wconf 88' lang='lat' dir='ltr'>pro</span> <span class='ocrx_word' id='word_1_155' title='bbox 956 1345 988 1366; x_wconf 87' lang='lat' dir='ltr'>eo</span> 
     </span>
    </p>

    <p class='ocr_par' dir='ltr' id='par_1_8' title="bbox 68 1385 988 1422">
     <span class='ocr_line' id='line_1_23' title="bbox 68 1385 988 1422; baseline 0 -10"><span class='ocrx_word' id='word_1_156' title='bbox 68 1394 129 1412; x_wconf 78' lang='lat' dir='ltr'>Ratio.</span> <span class='ocrx_word' id='word_1_157' title='bbox 144 1385 218 1422; x_wconf 88' lang='lat' dir='ltr'>quod</span> <span class='ocrx_word' id='word_1_158' title='bbox 240 1386 312 1414; x_wconf 90' lang='lat' dir='ltr'>duae</span> <span class='ocrx_word' id='word_1_159' title='bbox 333 1389 449 1413; x_wconf 85' lang='lat' dir='ltr'>naturae</span> <span class='ocrx_word' id='word_1_160' title='bbox 472 1385 508 1413; x_wconf 87' lang='lat' dir='ltr'>ibi</span> <span class='ocrx_word' id='word_1_161' title='bbox 537 1385 631 1413; x_wconf 85' lang='lat' dir='ltr'>unitae</span> <span class='ocrx_word' id='word_1_162' title='bbox 652 1388 718 1413; x_wconf 79' lang='lat' dir='ltr'>sunt</span> <span class='ocrx_word' id='word_1_163' title='bbox 740 1385 766 1413; x_wconf 92' lang='lat' dir='ltr'>in</span> <span class='ocrx_word' id='word_1_164' title='bbox 789 1392 873 1412; x_wconf 85' lang='lat' dir='ltr'>unam</span> <span class='ocrx_word' id='word_1_165' title='bbox 897 1392 988 1421; x_wconf 90' lang='lat' dir='ltr'>perso-</span> 
     </span>
    </p>

    <p class='ocr_par' dir='ltr' id='par_1_9' title="bbox 143 1431 989 1468">
     <span class='ocr_line' id='line_1_24' title="bbox 143 1431 989 1468; baseline -0.001 -8"><span class='ocrx_word' id='word_1_166' title='bbox 143 1440 216 1460; x_wconf 88' lang='lat' dir='ltr'>nam.</span> <span class='ocrx_word' id='word_1_167' title='bbox 239 1432 314 1468; x_wconf 88' lang='lat' dir='ltr'>Quae</span> <span class='ocrx_word' id='word_1_168' title='bbox 335 1435 429 1460; x_wconf 85' lang='lat' dir='ltr'>autem</span> <span class='ocrx_word' id='word_1_169' title='bbox 451 1431 478 1459; x_wconf 91' lang='lat' dir='ltr'>in</span> <span class='ocrx_word' id='word_1_170' title='bbox 501 1439 556 1459; x_wconf 91' lang='lat' dir='ltr'>uno</span> <span class='ocrx_word' id='word_1_171' title='bbox 578 1431 721 1467; x_wconf 85' lang='lat' dir='ltr'>supposito</span> <span class='ocrx_word' id='word_1_172' title='bbox 743 1431 881 1459; x_wconf 90' lang='lat' dir='ltr'>uniuntur</span> <span class='ocrx_word' id='word_1_173' title='bbox 897 1438 989 1459; x_wconf 84' lang='lat' dir='ltr'>neces-</span> 
     </span>
    </p>

    <p class='ocr_par' dir='ltr' id='par_1_10' title="bbox 143 1477 988 1517">
     <span class='ocr_line' id='line_1_25' title="bbox 143 1477 988 1517; baseline -0.002 -10"><span class='ocrx_word' id='word_1_174' title='bbox 143 1479 217 1507; x_wconf 89' lang='lat' dir='ltr'>sario</span> <span class='ocrx_word' id='word_1_175' title='bbox 248 1479 282 1507; x_wconf 90' lang='lat' dir='ltr'>de</span> <span class='ocrx_word' id='word_1_176' title='bbox 314 1486 342 1507; x_wconf 87' lang='lat' dir='ltr'>se</span> <span class='ocrx_word' id='word_1_177' title='bbox 374 1478 491 1507; x_wconf 86' lang='lat' dir='ltr'>invicem</span> <span class='ocrx_word' id='word_1_178' title='bbox 524 1478 739 1514; x_wconf 64' lang='lat' dir='ltr'>praedicantur,</span> <span class='ocrx_word' id='word_1_179' title='bbox 771 1478 792 1506; x_wconf 87' lang='lat' dir='ltr'>si</span> <span class='ocrx_word' id='word_1_180' title='bbox 815 1477 988 1517; x_wconf 82' lang='lat' dir='ltr'>accipiantur</span> 
     </span>
    </p>

    <p class='ocr_par' dir='ltr' id='par_1_11' title="bbox 144 1524 986 1562">
     <span class='ocr_line' id='line_1_26' title="bbox 144 1524 986 1562; baseline -0.002 -8"><span class='ocrx_word' id='word_1_181' title='bbox 144 1529 288 1559; x_wconf 77' lang='lat' dir='ltr'><em>concrete,</em></span> <span class='ocrx_word' id='word_1_182' title='bbox 319 1528 433 1562; x_wconf 86' lang='lat' dir='ltr'>propter</span> <span class='ocrx_word' id='word_1_183' title='bbox 466 1525 541 1553; x_wconf 90' lang='lat' dir='ltr'>illam</span> <span class='ocrx_word' id='word_1_184' title='bbox 575 1525 743 1557; x_wconf 79' lang='lat' dir='ltr'>maximam,</span> <span class='ocrx_word' id='word_1_185' title='bbox 779 1533 834 1562; x_wconf 84' lang='lat' dir='ltr'>qua</span> <span class='ocrx_word' id='word_1_186' title='bbox 869 1524 986 1553; x_wconf 86' lang='lat' dir='ltr'>dicitur:</span> 
     </span>
    </p>

    <p class='ocr_par' dir='ltr' id='par_1_12' title="bbox 150 1571 990 1610">
     <span class='ocr_line' id='line_1_27' title="bbox 150 1571 990 1610; baseline 0.001 -12"><span class='ocrx_word' id='word_1_187' title='bbox 150 1579 365 1610; x_wconf 85' lang='lat' dir='ltr'>«quaecumque</span> <span class='ocrx_word' id='word_1_188' title='bbox 381 1572 428 1600; x_wconf 92' lang='lat' dir='ltr'>uni</span> <span class='ocrx_word' id='word_1_189' title='bbox 445 1575 472 1600; x_wconf 89' lang='lat' dir='ltr'>et</span> <span class='ocrx_word' id='word_1_190' title='bbox 486 1571 576 1600; x_wconf 88' lang='lat' dir='ltr'>eidem</span> <span class='ocrx_word' id='word_1_191' title='bbox 593 1574 658 1600; x_wconf 89' lang='lat' dir='ltr'>sunt</span> <span class='ocrx_word' id='word_1_192' title='bbox 672 1571 778 1605; x_wconf 84' lang='lat' dir='ltr'>eadem,</span> <span class='ocrx_word' id='word_1_193' title='bbox 794 1572 865 1599; x_wconf 84' lang='lat' dir='ltr'>inter</span> <span class='ocrx_word' id='word_1_194' title='bbox 881 1579 910 1600; x_wconf 87' lang='lat' dir='ltr'>se</span> <span class='ocrx_word' id='word_1_195' title='bbox 925 1573 990 1600; x_wconf 88' lang='lat' dir='ltr'>sunt</span> 
     </span>
    </p>

    <p class='ocr_par' dir='ltr' id='par_1_13' title="bbox 144 1618 990 1655">
     <span class='ocr_line' id='line_1_28' title="bbox 144 1618 990 1655; baseline -0.002 -7"><span class='ocrx_word' id='word_1_196' title='bbox 144 1619 241 1648; x_wconf 83' lang='lat' dir='ltr'>eadem</span> <span class='ocrx_word' id='word_1_197' title='bbox 250 1630 278 1653; x_wconf 78' lang='lat'>»3</span> <span class='ocrx_word' id='word_1_198' title='bbox 299 1626 349 1655; x_wconf 89' lang='lat' dir='ltr'>per</span> <span class='ocrx_word' id='word_1_199' title='bbox 363 1626 447 1655; x_wconf 88' lang='lat' dir='ltr'>quam</span> <span class='ocrx_word' id='word_1_200' title='bbox 463 1619 544 1647; x_wconf 87' lang='lat' dir='ltr'>etiam</span> <span class='ocrx_word' id='word_1_201' title='bbox 561 1618 670 1646; x_wconf 80' lang='lat' dir='ltr'>fundari</span> <span class='ocrx_word' id='word_1_202' title='bbox 695 1618 778 1647; x_wconf 83' lang='lat' dir='ltr'>habet</span> <span class='ocrx_word' id='word_1_203' title='bbox 799 1618 888 1646; x_wconf 85' lang='lat' dir='ltr'>virtus</span> <span class='ocrx_word' id='word_1_204' title='bbox 910 1618 990 1654; x_wconf 85' lang='lat' dir='ltr'>syllo-</span> 
     </span>
    </p>

    <p class='ocr_par' dir='ltr' id='par_1_14' title="bbox 144 1665 988 1703">
     <span class='ocr_line' id='line_1_29' title="bbox 144 1665 988 1703; baseline -0.001 -9"><span class='ocrx_word' id='word_1_205' title='bbox 144 1666 224 1703; x_wconf 87' lang='lat' dir='ltr'>gismi</span> <span class='ocrx_word' id='word_1_206' title='bbox 246 1665 420 1702; x_wconf 74' lang='lat' dir='ltr'>expositorii‚</span> <span class='ocrx_word' id='word_1_207' title='bbox 442 1665 516 1702; x_wconf 90' lang='lat' dir='ltr'>quod</span> <span class='ocrx_word' id='word_1_208' title='bbox 540 1665 638 1701; x_wconf 83' lang='lat' dir='ltr'>probat</span> <span class='ocrx_word' id='word_1_209' title='bbox 661 1665 845 1702; x_wconf 79' lang='lat' dir='ltr'>Philosophus</span> <span class='ocrx_word' id='word_1_210' title='bbox 869 1665 894 1693; x_wconf 94' lang='lat' dir='ltr'>in</span> <span class='ocrx_word' id='word_1_211' title='bbox 917 1665 988 1693; x_wconf 84' lang='lat' dir='ltr'>libro</span> 
     </span>
    </p>

    <p class='ocr_par' dir='ltr' id='par_1_15' title="bbox 145 1711 989 1749">
     <span class='ocr_line' id='line_1_30' title="bbox 145 1711 989 1749; baseline -0.002 -7"><span class='ocrx_word' id='word_1_212' title='bbox 145 1713 271 1742; x_wconf 83' lang='lat' dir='ltr'>Priorum</span> <span class='ocrx_word' id='word_1_213' title='bbox 282 1713 300 1746; x_wconf 73' lang='lat'>²,</span> <span class='ocrx_word' id='word_1_214' title='bbox 322 1720 354 1741; x_wconf 86' lang='lat' dir='ltr'>ea</span> <span class='ocrx_word' id='word_1_215' title='bbox 374 1720 446 1749; x_wconf 84' lang='lat' dir='ltr'>quae</span> <span class='ocrx_word' id='word_1_216' title='bbox 467 1711 600 1740; x_wconf 83' lang='lat' dir='ltr'>dicuntur</span> <span class='ocrx_word' id='word_1_217' title='bbox 615 1712 649 1740; x_wconf 88' lang='lat' dir='ltr'>de</span> <span class='ocrx_word' id='word_1_218' title='bbox 670 1720 727 1740; x_wconf 92' lang='lat' dir='ltr'>uno</span> <span class='ocrx_word' id='word_1_219' title='bbox 741 1715 768 1740; x_wconf 91' lang='lat' dir='ltr'>et</span> <span class='ocrx_word' id='word_1_220' title='bbox 783 1712 890 1746; x_wconf 69' lang='lat' dir='ltr'>eodeni,</span> <span class='ocrx_word' id='word_1_221' title='bbox 912 1720 989 1748; x_wconf 81' lang='lat' dir='ltr'>prae-</span> 
     </span>
    </p>

    <p class='ocr_par' dir='ltr' id='par_1_16' title="bbox 145 1758 987 1795">
     <span class='ocr_line' id='line_1_31' title="bbox 145 1758 987 1795; baseline -0.004 -6"><span class='ocrx_word' id='word_1_222' title='bbox 145 1760 231 1789; x_wconf 81' lang='lat' dir='ltr'>dicari</span> <span class='ocrx_word' id='word_1_223' title='bbox 253 1760 287 1788; x_wconf 87' lang='lat' dir='ltr'>de</span> <span class='ocrx_word' id='word_1_224' title='bbox 309 1767 338 1788; x_wconf 89' lang='lat' dir='ltr'>se</span> <span class='ocrx_word' id='word_1_225' title='bbox 366 1759 491 1788; x_wconf 86' lang='lat' dir='ltr'>invicem.</span> <span class='ocrx_word' id='word_1_226' title='bbox 525 1759 549 1787; x_wconf 90' lang='lat' dir='ltr'>Si</span> <span class='ocrx_word' id='word_1_227' title='bbox 572 1759 657 1795; x_wconf 86' lang='lat' dir='ltr'>igitur</span> <span class='ocrx_word' id='word_1_228' title='bbox 686 1766 760 1787; x_wconf 88' lang='lat' dir='ltr'>unus</span> <span class='ocrx_word' id='word_1_229' title='bbox 782 1762 823 1787; x_wconf 88' lang='lat' dir='ltr'>est</span> <span class='ocrx_word' id='word_1_230' title='bbox 844 1758 987 1792; x_wconf 85' lang='lat' dir='ltr'>Christus,</span> 
     </span>
    </p>

    <p class='ocr_par' dir='ltr' id='par_1_17' title="bbox 145 1806 989 1844">
     <span class='ocr_line' id='line_1_32' title="bbox 145 1806 989 1844; baseline -0.001 -9"><span class='ocrx_word' id='word_1_231' title='bbox 145 1808 192 1844; x_wconf 94' lang='lat' dir='ltr'>qui</span> <span class='ocrx_word' id='word_1_232' title='bbox 213 1809 255 1835; x_wconf 88' lang='lat' dir='ltr'>est</span> <span class='ocrx_word' id='word_1_233' title='bbox 287 1806 359 1835; x_wconf 86' lang='lat' dir='ltr'>Deus</span> <span class='ocrx_word' id='word_1_234' title='bbox 389 1809 416 1834; x_wconf 91' lang='lat' dir='ltr'>et</span> <span class='ocrx_word' id='word_1_235' title='bbox 447 1806 545 1840; x_wconf 87' lang='lat' dir='ltr'>homo,</span> <span class='ocrx_word' id='word_1_236' title='bbox 571 1806 727 1834; x_wconf 82' lang='lat' dir='ltr'>necessario</span> <span class='ocrx_word' id='word_1_237' title='bbox 758 1809 867 1842; x_wconf 81' lang='lat' dir='ltr'>oportet</span> <span class='ocrx_word' id='word_1_238' title='bbox 895 1813 989 1834; x_wconf 86' lang='lat' dir='ltr'>conce-</span> 
     </span>
    </p>

    <p class='ocr_par' dir='ltr' id='par_1_18' title="bbox 144 1852 988 1887">
     <span class='ocr_line' id='line_1_33' title="bbox 144 1852 988 1887; baseline -0.001 -5"><span class='ocrx_word' id='word_1_239' title='bbox 144 1854 224 1887; x_wconf 87' lang='lat' dir='ltr'>dere,</span> <span class='ocrx_word' id='word_1_240' title='bbox 246 1853 333 1882; x_wconf 88' lang='lat' dir='ltr'>Deum</span> <span class='ocrx_word' id='word_1_241' title='bbox 355 1861 416 1882; x_wconf 84' lang='lat' dir='ltr'>esse</span> <span class='ocrx_word' id='word_1_242' title='bbox 438 1853 594 1886; x_wconf 89' lang='lat' dir='ltr'>hominem,</span> <span class='ocrx_word' id='word_1_243' title='bbox 610 1856 636 1881; x_wconf 88' lang='lat' dir='ltr'>et</span> <span class='ocrx_word' id='word_1_244' title='bbox 651 1853 791 1881; x_wconf 88' lang='lat' dir='ltr'>hominem</span> <span class='ocrx_word' id='word_1_245' title='bbox 814 1860 875 1881; x_wconf 82' lang='lat' dir='ltr'>esse.</span> <span class='ocrx_word' id='word_1_246' title='bbox 890 1852 988 1881; x_wconf 85' lang='lat' dir='ltr'>Deum.</span> 
     </span>
    </p>

    <p class='ocr_par' dir='ltr' id='par_1_19' title="bbox 146 1899 988 1937">
     <span class='ocr_line' id='line_1_34' title="bbox 146 1899 988 1937; baseline -0.001 -8"><span class='ocrx_word' id='word_1_247' title='bbox 146 1900 176 1928; x_wconf 89' lang='lat' dir='ltr'>Et</span> <span class='ocrx_word' id='word_1_248' title='bbox 197 1900 249 1929; x_wconf 89' lang='lat' dir='ltr'>hoc</span> <span class='ocrx_word' id='word_1_249' title='bbox 270 1900 383 1937; x_wconf 89' lang='lat' dir='ltr'>quidem</span> <span class='ocrx_word' id='word_1_250' title='bbox 398 1903 563 1928; x_wconf 83' lang='lat' dir='ltr'>attestantur</span> <span class='ocrx_word' id='word_1_251' title='bbox 578 1900 742 1927; x_wconf 86' lang='lat' dir='ltr'>Sanctorum</span> <span class='ocrx_word' id='word_1_252' title='bbox 757 1899 945 1933; x_wconf 76' lang='lat' dir='ltr'>auctoritates,</span> <span class='ocrx_word' id='word_1_253' title='bbox 961 1903 988 1928; x_wconf 89' lang='lat' dir='ltr'>et</span> 
     </span>
    </p>

    <p class='ocr_par' dir='ltr' id='par_1_20' title="bbox 13 1946 988 2030">
     <span class='ocr_line' id='line_1_35' title="bbox 35 1946 988 1982; baseline 0 -8"><span class='ocrx_word' id='word_1_254' title='bbox 35 1955 63 1974; x_wconf 65' lang='lat' dir='ltr'>ne</span> <span class='ocrx_word' id='word_1_255' title='bbox 73 1955 133 1982; x_wconf 44' lang='lat' dir='ltr'>,muco</span> <span class='ocrx_word' id='word_1_256' title='bbox 146 1948 331 1976; x_wconf 82' lang='lat' dir='ltr'>communiter</span> <span class='ocrx_word' id='word_1_257' title='bbox 345 1947 466 1976; x_wconf 80' lang='lat' dir='ltr'>fatentur</span> <span class='ocrx_word' id='word_1_258' title='bbox 481 1947 608 1975; x_wconf 83' lang='lat' dir='ltr'>doctores</span> <span class='ocrx_word' id='word_1_259' title='bbox 623 1946 785 1982; x_wconf 80' lang='lat' dir='ltr'>theologiae.</span> <span class='ocrx_word' id='word_1_260' title='bbox 799 1963 839 1966; x_wconf 97' lang='lat'><strong>—</strong></span> <span class='ocrx_word' id='word_1_261' title='bbox 850 1946 889 1975; x_wconf 90' lang='lat' dir='ltr'>De</span> <span class='ocrx_word' id='word_1_262' title='bbox 904 1946 988 1974; x_wconf 81' lang='lat' dir='ltr'>modo</span> 
     </span>
     <span class='ocr_line' id='line_1_36' title="bbox 13 1979 939 2030; baseline 0.001 -10"><span class='ocrx_word' id='word_1_263' title='bbox 13 1979 238 2022; x_wconf 55' lang='lat' dir='ltr'>Riss.⁶‘¹¹⁰³¹¹‘*tamen</span> <span class='ocrx_word' id='word_1_264' title='bbox 256 1993 453 2030; x_wconf 78' lang='lat' dir='ltr'>praedicandi</span> <span class='ocrx_word' id='word_1_265' title='bbox 473 1993 575 2022; x_wconf 86' lang='lat' dir='ltr'>diversi</span> <span class='ocrx_word' id='word_1_266' title='bbox 598 1993 785 2022; x_wconf 82' lang='lat' dir='ltr'>diversimode</span> <span class='ocrx_word' id='word_1_267' title='bbox 807 1993 939 2021; x_wconf 84' lang='lat' dir='ltr'>sentiunt.</span> 
     </span>
    </p>

    <p class='ocr_par' dir='ltr' id='par_1_21' title="bbox 223 2040 989 2076">
     <span class='ocr_line' id='line_1_37' title="bbox 223 2040 989 2076; baseline 0 -8"><span class='ocrx_word' id='word_1_268' title='bbox 223 2040 340 2076; x_wconf 82' lang='lat' dir='ltr'>Quidam</span> <span class='ocrx_word' id='word_1_269' title='bbox 363 2040 436 2068; x_wconf 89' lang='lat' dir='ltr'>enim</span> <span class='ocrx_word' id='word_1_270' title='bbox 452 2040 545 2068; x_wconf 82' lang='lat' dir='ltr'>dicere</span> <span class='ocrx_word' id='word_1_271' title='bbox 561 2040 722 2074; x_wconf 86' lang='lat' dir='ltr'>voluerunt,</span> <span class='ocrx_word' id='word_1_272' title='bbox 738 2040 813 2076; x_wconf 88' lang='lat' dir='ltr'>quod</span> <span class='ocrx_word' id='word_1_273' title='bbox 830 2040 897 2068; x_wconf 85' lang='lat' dir='ltr'>haec</span> <span class='ocrx_word' id='word_1_274' title='bbox 912 2048 989 2076; x_wconf 89' lang='lat' dir='ltr'>prae-</span> 
     </span>
    </p>

    <p class='ocr_par' dir='ltr' id='par_1_22' title="bbox 33 2086 989 2124">
     <span class='ocr_line' id='line_1_38' title="bbox 33 2086 989 2124; baseline 0.002 -11"><span class='ocrx_word' id='word_1_275' title='bbox 33 2095 101 2119; x_wconf 79' lang='lat' dir='ltr'>Opinio</span> <span class='ocrx_word' id='word_1_276' title='bbox 114 2096 131 2114; x_wconf 78' lang='grc' dir='ltr'><strong>ι.</strong></span> <span class='ocrx_word' id='word_1_277' title='bbox 145 2087 246 2116; x_wconf 85' lang='lat' dir='ltr'>dicatio</span> <span class='ocrx_word' id='word_1_278' title='bbox 267 2095 320 2116; x_wconf 93' lang='lat' dir='ltr'>non</span> <span class='ocrx_word' id='word_1_279' title='bbox 343 2088 378 2116; x_wconf 87' lang='lat' dir='ltr'>sit</span> <span class='ocrx_word' id='word_1_280' title='bbox 398 2087 425 2115; x_wconf 91' lang='lat' dir='ltr'>in</span> <span class='ocrx_word' id='word_1_281' title='bbox 447 2090 541 2120; x_wconf 74' lang='lat' dir='ltr'>recto,</span> <span class='ocrx_word' id='word_1_282' title='bbox 563 2087 611 2115; x_wconf 86' lang='lat' dir='ltr'>sed</span> <span class='ocrx_word' id='word_1_283' title='bbox 634 2087 660 2115; x_wconf 90' lang='lat' dir='ltr'>in</span> <span class='ocrx_word' id='word_1_284' title='bbox 682 2086 813 2124; x_wconf 80' lang='lat' dir='ltr'>obliquo,</span> <span class='ocrx_word' id='word_1_285' title='bbox 829 2090 859 2115; x_wconf 91' lang='lat' dir='ltr'>ut</span> <span class='ocrx_word' id='word_1_286' title='bbox 881 2087 916 2115; x_wconf 88' lang='lat' dir='ltr'>sit</span> <span class='ocrx_word' id='word_1_287' title='bbox 930 2095 989 2116; x_wconf 89' lang='lat' dir='ltr'>sen-</span> 
     </span>
    </p>

    <p class='ocr_par' dir='ltr' id='par_1_23' title="bbox 145 2133 987 2168">
     <span class='ocr_line' id='line_1_39' title="bbox 145 2133 987 2168; baseline -0.001 -5"><span class='ocrx_word' id='word_1_288' title='bbox 145 2142 208 2163; x_wconf 87' lang='lat' dir='ltr'>sus:</span> <span class='ocrx_word' id='word_1_289' title='bbox 231 2134 305 2163; x_wconf 89' lang='lat' dir='ltr'>Deus</span> <span class='ocrx_word' id='word_1_290' title='bbox 325 2137 367 2163; x_wconf 88' lang='lat' dir='ltr'>est</span> <span class='ocrx_word' id='word_1_291' title='bbox 387 2134 486 2168; x_wconf 88' lang='lat' dir='ltr'>homo,</span> <span class='ocrx_word' id='word_1_292' title='bbox 508 2134 536 2162; x_wconf 92' lang='lat' dir='ltr'>id</span> <span class='ocrx_word' id='word_1_293' title='bbox 557 2138 613 2167; x_wconf 88' lang='lat' dir='ltr'>est,</span> <span class='ocrx_word' id='word_1_294' title='bbox 636 2133 709 2162; x_wconf 90' lang='lat' dir='ltr'>Deus</span> <span class='ocrx_word' id='word_1_295' title='bbox 731 2134 815 2162; x_wconf 82' lang='lat' dir='ltr'>habet</span> <span class='ocrx_word' id='word_1_296' title='bbox 837 2134 987 2162; x_wconf 88' lang='lat' dir='ltr'>hominem.</span> 
     </span>
    </p>

    <p class='ocr_par' dir='ltr' id='par_1_24' title="bbox 14 2180 989 2217">
     <span class='ocr_line' id='line_1_40' title="bbox 14 2180 989 2217; baseline 0.002 -10"><span class='ocrx_word' id='word_1_297' title='bbox 14 2188 127 2212; x_wconf 66' lang='lat' dir='ltr'>inprobatur.</span> <span class='ocrx_word' id='word_1_298' title='bbox 144 2197 183 2201; x_wconf 80' lang='lat'>—-</span> <span class='ocrx_word' id='word_1_299' title='bbox 204 2181 235 2209; x_wconf 90' lang='lat' dir='ltr'>Et</span> <span class='ocrx_word' id='word_1_300' title='bbox 256 2181 301 2209; x_wconf 85' lang='lat' dir='ltr'>hic</span> <span class='ocrx_word' id='word_1_301' title='bbox 322 2181 422 2209; x_wconf 91' lang='lat' dir='ltr'>modus</span> <span class='ocrx_word' id='word_1_302' title='bbox 446 2180 557 2209; x_wconf 87' lang='lat' dir='ltr'>dicendi</span> <span class='ocrx_word' id='word_1_303' title='bbox 586 2180 722 2209; x_wconf 82' lang='lat' dir='ltr'>relabitur</span> <span class='ocrx_word' id='word_1_304' title='bbox 743 2181 779 2209; x_wconf 84' lang='lat' dir='ltr'>ad</span> <span class='ocrx_word' id='word_1_305' title='bbox 802 2181 910 2209; x_wconf 88' lang='lat' dir='ltr'>tertiam</span> <span class='ocrx_word' id='word_1_306' title='bbox 933 2181 989 2217; x_wconf 85' lang='lat' dir='ltr'>opi-</span> 
     </span>
    </p>

    <p class='ocr_par' dir='ltr' id='par_1_25' title="bbox 145 2227 987 2264">
     <span class='ocr_line' id='line_1_41' title="bbox 145 2227 987 2264; baseline 0 -8"><span class='ocrx_word' id='word_1_307' title='bbox 145 2228 267 2262; x_wconf 89' lang='lat' dir='ltr'>nionem,</span> <span class='ocrx_word' id='word_1_308' title='bbox 288 2235 360 2264; x_wconf 78' lang='lat' dir='ltr'>quae</span> <span class='ocrx_word' id='word_1_309' title='bbox 391 2227 477 2262; x_wconf 80' lang='lat' dir='ltr'>dixit,</span> <span class='ocrx_word' id='word_1_310' title='bbox 510 2228 648 2256; x_wconf 91' lang='lat' dir='ltr'>hominem</span> <span class='ocrx_word' id='word_1_311' title='bbox 682 2227 836 2264; x_wconf 78' lang='lat' dir='ltr'>praedicari</span> <span class='ocrx_word' id='word_1_312' title='bbox 866 2228 900 2256; x_wconf 90' lang='lat' dir='ltr'>de</span> <span class='ocrx_word' id='word_1_313' title='bbox 931 2228 987 2256; x_wconf 90' lang='lat' dir='ltr'>Deo</span> 
     </span>
    </p>

    <p class='ocr_par' dir='ltr' id='par_1_26' title="bbox 145 2273 987 2311">
     <span class='ocr_line' id='line_1_42' title="bbox 145 2273 987 2311; baseline -0.001 -8"><span class='ocrx_word' id='word_1_314' title='bbox 145 2275 298 2304; x_wconf 85' lang='lat' dir='ltr'>secundum</span> <span class='ocrx_word' id='word_1_315' title='bbox 315 2273 462 2308; x_wconf 78' lang='lat' dir='ltr'>habitum,</span> <span class='ocrx_word' id='word_1_316' title='bbox 478 2282 550 2311; x_wconf 90' lang='lat' dir='ltr'>quae</span> <span class='ocrx_word' id='word_1_317' title='bbox 564 2274 647 2303; x_wconf 87' lang='lat' dir='ltr'>etiam</span> <span class='ocrx_word' id='word_1_318' title='bbox 662 2274 793 2311; x_wconf 89' lang='lat' dir='ltr'>superius</span> <span class='ocrx_word' id='word_1_319' title='bbox 805 2274 814 2287; x_wconf 74' lang='lat'><strong>⁸</strong></span> <span class='ocrx_word' id='word_1_320' title='bbox 832 2274 987 2311; x_wconf 84' lang='lat' dir='ltr'>improbata</span> 
     </span>
    </p>

    <p class='ocr_par' dir='ltr' id='par_1_27' title="bbox 145 2320 987 2357">
     <span class='ocr_line' id='line_1_43' title="bbox 145 2320 987 2357; baseline 0 -9"><span class='ocrx_word' id='word_1_321' title='bbox 145 2324 194 2349; x_wconf 85' lang='lat' dir='ltr'>est.</span> <span class='ocrx_word' id='word_1_322' title='bbox 216 2320 389 2349; x_wconf 83' lang='lat' dir='ltr'>Manifestum</span> <span class='ocrx_word' id='word_1_323' title='bbox 411 2323 452 2349; x_wconf 84' lang='lat' dir='ltr'>est</span> <span class='ocrx_word' id='word_1_324' title='bbox 473 2320 572 2355; x_wconf 88' lang='lat' dir='ltr'>etiam,</span> <span class='ocrx_word' id='word_1_325' title='bbox 593 2320 667 2357; x_wconf 89' lang='lat' dir='ltr'>quod</span> <span class='ocrx_word' id='word_1_326' title='bbox 691 2321 760 2348; x_wconf 88' lang='lat' dir='ltr'>illud</span> <span class='ocrx_word' id='word_1_327' title='bbox 785 2328 837 2349; x_wconf 89' lang='lat' dir='ltr'>non</span> <span class='ocrx_word' id='word_1_328' title='bbox 870 2324 912 2349; x_wconf 90' lang='lat' dir='ltr'>est</span> <span class='ocrx_word' id='word_1_329' title='bbox 933 2321 987 2349; x_wconf 82' lang='lat' dir='ltr'>sus-</span> 
     </span>
    </p>

    <p class='ocr_par' dir='ltr' id='par_1_28' title="bbox 143 2366 985 2404">
     <span class='ocr_line' id='line_1_44' title="bbox 143 2366 985 2404; baseline 0.001 -9"><span class='ocrx_word' id='word_1_330' title='bbox 143 2366 267 2395; x_wconf 87' lang='lat' dir='ltr'>ficienter</span> <span class='ocrx_word' id='word_1_331' title='bbox 288 2367 403 2400; x_wconf 83' lang='lat' dir='ltr'>dictum,</span> <span class='ocrx_word' id='word_1_332' title='bbox 425 2367 503 2404; x_wconf 82' lang='lat' dir='ltr'>quia,</span> <span class='ocrx_word' id='word_1_333' title='bbox 525 2367 545 2395; x_wconf 88' lang='lat' dir='ltr'>si</span> <span class='ocrx_word' id='word_1_334' title='bbox 569 2367 709 2395; x_wconf 82' lang='lat' dir='ltr'>diceretur</span> <span class='ocrx_word' id='word_1_335' title='bbox 727 2367 799 2396; x_wconf 89' lang='lat' dir='ltr'>Deus</span> <span class='ocrx_word' id='word_1_336' title='bbox 815 2375 876 2396; x_wconf 86' lang='lat' dir='ltr'>esse</span> <span class='ocrx_word' id='word_1_337' title='bbox 892 2366 985 2402; x_wconf 75' lang='lat' dir='ltr'>homo,</span> 
     </span>
    </p>

    <p class='ocr_par' dir='ltr' id='par_1_29' title="bbox 144 2413 986 2447">
     <span class='ocr_line' id='line_1_45' title="bbox 144 2413 986 2447; baseline 0 -5"><span class='ocrx_word' id='word_1_338' title='bbox 144 2413 171 2442; x_wconf 90' lang='lat' dir='ltr'>id</span> <span class='ocrx_word' id='word_1_339' title='bbox 192 2417 234 2443; x_wconf 86' lang='lat' dir='ltr'>est</span> <span class='ocrx_word' id='word_1_340' title='bbox 255 2413 361 2442; x_wconf 76' lang='lat' dir='ltr'>liabens</span> <span class='ocrx_word' id='word_1_341' title='bbox 393 2413 553 2447; x_wconf 70' lang='lat' dir='ltr'>hominem,</span> <span class='ocrx_word' id='word_1_342' title='bbox 584 2414 681 2442; x_wconf 88' lang='lat' dir='ltr'>eadem</span> <span class='ocrx_word' id='word_1_343' title='bbox 710 2414 816 2442; x_wconf 84' lang='lat' dir='ltr'>ratione</span> <span class='ocrx_word' id='word_1_344' title='bbox 845 2414 986 2443; x_wconf 67' lang='lat' dir='ltr'>diceretur</span> 
     </span>
    </p>
   </div>
   <div class='ocr_carea' id='block_1_6' title="bbox 143 2461 985 2498">
    <p class='ocr_par' dir='ltr' id='par_1_30' title="bbox 143 2461 985 2498">
     <span class='ocr_line' id='line_1_46' title="bbox 143 2461 985 2498; baseline 0 -8"><span class='ocrx_word' id='word_1_345' title='bbox 143 2469 228 2495; x_wconf 82' lang='lat' dir='ltr'>caro,</span> <span class='ocrx_word' id='word_1_346' title='bbox 250 2461 316 2498; x_wconf 86' lang='lat' dir='ltr'>quia</span> <span class='ocrx_word' id='word_1_347' title='bbox 330 2461 414 2489; x_wconf 81' lang='lat' dir='ltr'>habet</span> <span class='ocrx_word' id='word_1_348' title='bbox 428 2469 554 2495; x_wconf 81' lang='lat' dir='ltr'>carnem,</span> <span class='ocrx_word' id='word_1_349' title='bbox 569 2465 596 2489; x_wconf 90' lang='grc' dir='ltr'>ει</span> <span class='ocrx_word' id='word_1_350' title='bbox 607 2469 674 2497; x_wconf 69' lang='lat' dir='ltr'>pes,</span> <span class='ocrx_word' id='word_1_351' title='bbox 691 2461 756 2498; x_wconf 87' lang='lat' dir='ltr'>quia</span> <span class='ocrx_word' id='word_1_352' title='bbox 779 2461 862 2490; x_wconf 87' lang='lat' dir='ltr'>habet</span> <span class='ocrx_word' id='word_1_353' title='bbox 877 2462 985 2498; x_wconf 85' lang='lat' dir='ltr'>pedem.</span> 
     </span>
    </p>
   </div>
   <div class='ocr_carea' id='block_1_7' title="bbox 1014 441 1021 1279">
    <p class='ocr_par' dir='ltr' id='par_1_31' title="bbox 1014 441 1021 1279">
     <span class='ocr_line' id='line_1_47' title="bbox 1014 441 1021 1279; baseline 0 0"><span class='ocrx_word' id='word_1_354' title='bbox 1014 441 1021 1279; x_wconf 95' lang='lat' dir='ltr'> </span> 
     </span>
    </p>
   </div>
   <div class='ocr_carea' id='block_1_8' title="bbox 1043 260 2030 2499">
    <p class='ocr_par' dir='ltr' id='par_1_32' title="bbox 1044 260 2001 436">
     <span class='ocr_line' id='line_1_48' title="bbox 1124 260 2001 298; baseline 0.002 -10"><span class='ocrx_word' id='word_1_355' title='bbox 1124 261 1155 289; x_wconf 81' lang='lat' dir='ltr'>Et</span> <span class='ocrx_word' id='word_1_356' title='bbox 1175 260 1237 289; x_wconf 89' lang='lat' dir='ltr'>ideo</span> <span class='ocrx_word' id='word_1_357' title='bbox 1257 260 1303 288; x_wconf 93' lang='lat' dir='ltr'>alii</span> <span class='ocrx_word' id='word_1_358' title='bbox 1326 260 1418 289; x_wconf 82' lang='lat' dir='ltr'>dicere</span> <span class='ocrx_word' id='word_1_359' title='bbox 1441 260 1606 294; x_wconf 88' lang='lat' dir='ltr'>voluerunt,</span> <span class='ocrx_word' id='word_1_360' title='bbox 1629 261 1703 297; x_wconf 90' lang='lat' dir='ltr'>quod</span> <span class='ocrx_word' id='word_1_361' title='bbox 1726 260 1787 289; x_wconf 81' lang='lat' dir='ltr'>talis</span> <span class='ocrx_word' id='word_1_362' title='bbox 1813 269 1890 298; x_wconf 84' lang='lat' dir='ltr'>prae·</span> <span class='ocrx_word' id='word_1_363' title='bbox 1903 266 1971 290; x_wconf 75' lang='lat' dir='ltr'>Opinio</span> <span class='ocrx_word' id='word_1_364' title='bbox 1983 267 2001 284; x_wconf 70' lang='lat'>2-</span> 
     </span>
     <span class='ocr_line' id='line_1_49' title="bbox 1045 307 1890 345; baseline 0 -10"><span class='ocrx_word' id='word_1_365' title='bbox 1045 307 1145 336; x_wconf 84' lang='lat' dir='ltr'>dicatio</span> <span class='ocrx_word' id='word_1_366' title='bbox 1166 310 1207 336; x_wconf 85' lang='lat' dir='ltr'>est</span> <span class='ocrx_word' id='word_1_367' title='bbox 1222 307 1253 335; x_wconf 78' lang='lat' dir='ltr'>in</span> <span class='ocrx_word' id='word_1_368' title='bbox 1269 311 1360 341; x_wconf 83' lang='lat' dir='ltr'>recto,</span> <span class='ocrx_word' id='word_1_369' title='bbox 1384 311 1575 336; x_wconf 85' lang='lat' dir='ltr'>verumtamen</span> <span class='ocrx_word' id='word_1_370' title='bbox 1592 316 1641 336; x_wconf 84' lang='lat' dir='ltr'>nee</span> <span class='ocrx_word' id='word_1_371' title='bbox 1657 311 1698 336; x_wconf 83' lang='lat' dir='ltr'>est</span> <span class='ocrx_word' id='word_1_372' title='bbox 1720 308 1890 345; x_wconf 81' lang='lat' dir='ltr'>praedicatio</span> 
     </span>
     <span class='ocr_line' id='line_1_50' title="bbox 1044 352 1888 392; baseline 0.004 -11"><span class='ocrx_word' id='word_1_373' title='bbox 1044 352 1183 391; x_wconf 73' lang='lat' dir='ltr'>formalis</span> <span class='ocrx_word' id='word_1_374' title='bbox 1214 361 1264 382; x_wconf 90' lang='lat' dir='ltr'>nec</span> <span class='ocrx_word' id='word_1_375' title='bbox 1293 353 1425 382; x_wconf 76' lang='lat' dir='ltr'>causalis</span> <span class='ocrx_word' id='word_1_376' title='bbox 1458 362 1508 382; x_wconf 90' lang='lat' dir='ltr'>nec</span> <span class='ocrx_word' id='word_1_377' title='bbox 1539 354 1746 388; x_wconf 74' lang='lat' dir='ltr'>accidentalis,</span> <span class='ocrx_word' id='word_1_378' title='bbox 1768 355 1815 384; x_wconf 90' lang='lat' dir='ltr'>sed</span> <span class='ocrx_word' id='word_1_379' title='bbox 1839 364 1888 392; x_wconf 85' lang='lat' dir='ltr'>per</span> 
     </span>
     <span class='ocr_line' id='line_1_51' title="bbox 1045 401 1888 436; baseline 0.002 -7"><span class='ocrx_word' id='word_1_380' title='bbox 1045 401 1241 434; x_wconf 58' lang='lat' dir='ltr'>identitatem</span> <span class='ocrx_word' id='word_1_381' title='bbox 1262 404 1290 429; x_wconf 84' lang='lat' dir='ltr'>et</span> <span class='ocrx_word' id='word_1_382' title='bbox 1310 404 1352 429; x_wconf 87' lang='lat' dir='ltr'>est</span> <span class='ocrx_word' id='word_1_383' title='bbox 1373 409 1486 430; x_wconf 83' lang='lat' dir='ltr'>sensus:</span> <span class='ocrx_word' id='word_1_384' title='bbox 1511 401 1584 430; x_wconf 85' lang='lat' dir='ltr'>Deus</span> <span class='ocrx_word' id='word_1_385' title='bbox 1606 405 1647 430; x_wconf 83' lang='lat' dir='ltr'>est</span> <span class='ocrx_word' id='word_1_386' title='bbox 1669 402 1768 436; x_wconf 85' lang='lat' dir='ltr'>homo,</span> <span class='ocrx_word' id='word_1_387' title='bbox 1790 402 1816 431; x_wconf 90' lang='lat' dir='ltr'>id</span> <span class='ocrx_word' id='word_1_388' title='bbox 1838 407 1888 435; x_wconf 80' lang='grc' dir='ltr'><strong>εει,</strong></span> 
     </span>
    </p>

    <p class='ocr_par' dir='ltr' id='par_1_33' title="bbox 1044 447 1890 486">
     <span class='ocr_line' id='line_1_52' title="bbox 1044 447 1890 486; baseline 0.004 -11"><span class='ocrx_word' id='word_1_389' title='bbox 1044 447 1118 475; x_wconf 90' lang='lat' dir='ltr'>Deus</span> <span class='ocrx_word' id='word_1_390' title='bbox 1140 451 1180 476; x_wconf 90' lang='lat' dir='ltr'>est</span> <span class='ocrx_word' id='word_1_391' title='bbox 1212 447 1258 476; x_wconf 91' lang='lat' dir='ltr'>ille</span> <span class='ocrx_word' id='word_1_392' title='bbox 1280 447 1327 484; x_wconf 80' lang='lat' dir='ltr'>qui</span> <span class='ocrx_word' id='word_1_393' title='bbox 1359 451 1400 476; x_wconf 85' lang='lat' dir='ltr'>est</span> <span class='ocrx_word' id='word_1_394' title='bbox 1432 448 1531 482; x_wconf 86' lang='lat' dir='ltr'>homo;</span> <span class='ocrx_word' id='word_1_395' title='bbox 1564 448 1609 477; x_wconf 80' lang='lat' dir='ltr'>ille</span> <span class='ocrx_word' id='word_1_396' title='bbox 1637 453 1747 483; x_wconf 85' lang='lat' dir='ltr'>autem,</span> <span class='ocrx_word' id='word_1_397' title='bbox 1779 449 1826 486; x_wconf 85' lang='lat' dir='ltr'>qui</span> <span class='ocrx_word' id='word_1_398' title='bbox 1849 454 1890 478; x_wconf 88' lang='lat' dir='ltr'>est</span> 
     </span>
    </p>

    <p class='ocr_par' dir='ltr' id='par_1_34' title="bbox 1044 494 2030 671">
     <span class='ocr_line' id='line_1_53' title="bbox 1045 494 1890 534; baseline 0.004 -12"><span class='ocrx_word' id='word_1_399' title='bbox 1045 494 1143 528; x_wconf 91' lang='lat' dir='ltr'>homo,</span> <span class='ocrx_word' id='word_1_400' title='bbox 1173 494 1199 522; x_wconf 91' lang='lat' dir='ltr'>id</span> <span class='ocrx_word' id='word_1_401' title='bbox 1221 497 1262 523; x_wconf 88' lang='lat' dir='ltr'>est</span> <span class='ocrx_word' id='word_1_402' title='bbox 1284 494 1367 522; x_wconf 86' lang='lat' dir='ltr'>Filius</span> <span class='ocrx_word' id='word_1_403' title='bbox 1390 495 1454 528; x_wconf 91' lang='lat' dir='ltr'>Dei,</span> <span class='ocrx_word' id='word_1_404' title='bbox 1486 495 1521 523; x_wconf 90' lang='lat' dir='ltr'>de</span> <span class='ocrx_word' id='word_1_405' title='bbox 1552 495 1609 523; x_wconf 91' lang='lat' dir='ltr'>Deo</span> <span class='ocrx_word' id='word_1_406' title='bbox 1640 496 1818 532; x_wconf 75' lang='lat' dir='ltr'>praedicatur</span> <span class='ocrx_word' id='word_1_407' title='bbox 1840 505 1890 534; x_wconf 88' lang='lat' dir='ltr'>per</span> 
     </span>
     <span class='ocr_line' id='line_1_54' title="bbox 1044 541 2030 589; baseline 0.003 -20"><span class='ocrx_word' id='word_1_408' title='bbox 1044 541 1278 577; x_wconf 83' lang='lat' dir='ltr'>praedicationem</span> <span class='ocrx_word' id='word_1_409' title='bbox 1301 541 1461 569; x_wconf 75' lang='lat' dir='ltr'>identitatis</span> <span class='ocrx_word' id='word_1_410' title='bbox 1473 541 1491 569; x_wconf 82' lang='lat'>⁴.</span> <span class='ocrx_word' id='word_1_411' title='bbox 1512 558 1550 562; x_wconf 86' lang='lat'><strong>—</strong></span> <span class='ocrx_word' id='word_1_412' title='bbox 1565 542 1617 570; x_wconf 87' lang='lat' dir='ltr'>Sed</span> <span class='ocrx_word' id='word_1_413' title='bbox 1640 550 1690 571; x_wconf 85' lang='lat' dir='ltr'>nec</span> <span class='ocrx_word' id='word_1_414' title='bbox 1711 543 1803 572; x_wconf 84' lang='lat' dir='ltr'>adhuc</span> <span class='ocrx_word' id='word_1_415' title='bbox 1819 544 1887 572; x_wconf 89' lang='lat' dir='ltr'>illud</span> <span class='ocrx_word' id='word_1_416' title='bbox 1905 546 2030 589; x_wconf 54' lang='lat' dir='ltr'>Notgurproba-</span> 
     </span>
     <span class='ocr_line' id='line_1_55' title="bbox 1046 585 1974 625; baseline 0.002 -10"><span class='ocrx_word' id='word_1_417' title='bbox 1046 587 1124 624; x_wconf 86' lang='lat' dir='ltr'>plene</span> <span class='ocrx_word' id='word_1_418' title='bbox 1147 587 1243 621; x_wconf 83' lang='lat' dir='ltr'>solvit,</span> <span class='ocrx_word' id='word_1_419' title='bbox 1266 588 1332 624; x_wconf 83' lang='lat' dir='ltr'>quia</span> <span class='ocrx_word' id='word_1_420' title='bbox 1353 588 1493 624; x_wconf 77' lang='lat' dir='ltr'>quaelibet</span> <span class='ocrx_word' id='word_1_421' title='bbox 1515 588 1676 625; x_wconf 72' lang='lat' dir='ltr'>implicatio</span> <span class='ocrx_word' id='word_1_422' title='bbox 1692 590 1796 618; x_wconf 83' lang='lat' dir='ltr'>claudit</span> <span class='ocrx_word' id='word_1_423' title='bbox 1818 590 1844 618; x_wconf 92' lang='lat' dir='ltr'>in</span> <span class='ocrx_word' id='word_1_424' title='bbox 1859 599 1888 619; x_wconf 76' lang='lat' dir='ltr'>sc</span> <span class='ocrx_word' id='word_1_425' title='bbox 1970 585 1974 589; x_wconf 77' lang='grc'><strong>”</strong></span> 
     </span>
     <span class='ocr_line' id='line_1_56' title="bbox 1045 634 1889 671; baseline 0.004 -9"><span class='ocrx_word' id='word_1_426' title='bbox 1045 634 1292 671; x_wconf 61' lang='lat' dir='ltr'>praedicationem</span> <span class='ocrx_word' id='word_1_427' title='bbox 1314 637 1341 662; x_wconf 88' lang='lat' dir='ltr'>et</span> <span class='ocrx_word' id='word_1_428' title='bbox 1363 635 1436 668; x_wconf 91' lang='lat' dir='ltr'>ideo,</span> <span class='ocrx_word' id='word_1_429' title='bbox 1458 643 1522 663; x_wconf 88' lang='lat' dir='ltr'>cum</span> <span class='ocrx_word' id='word_1_430' title='bbox 1545 635 1662 664; x_wconf 81' lang='lat' dir='ltr'>dicitur:</span> <span class='ocrx_word' id='word_1_431' title='bbox 1685 637 1760 665; x_wconf 87' lang='lat' dir='ltr'>Deus</span> <span class='ocrx_word' id='word_1_432' title='bbox 1782 641 1823 665; x_wconf 87' lang='lat' dir='ltr'>est</span> <span class='ocrx_word' id='word_1_433' title='bbox 1845 637 1889 665; x_wconf 83' lang='lat' dir='ltr'>illo</span> 
     </span>
    </p>

    <p class='ocr_par' dir='ltr' id='par_1_35' title="bbox 1043 682 1891 814">
     <span class='ocr_line' id='line_1_57' title="bbox 1044 682 1891 719; baseline 0.002 -9"><span class='ocrx_word' id='word_1_434' title='bbox 1044 682 1091 719; x_wconf 89' lang='lat' dir='ltr'>qui</span> <span class='ocrx_word' id='word_1_435' title='bbox 1113 685 1154 710; x_wconf 87' lang='lat' dir='ltr'>est</span> <span class='ocrx_word' id='word_1_436' title='bbox 1177 682 1274 715; x_wconf 88' lang='lat' dir='ltr'>homo,</span> <span class='ocrx_word' id='word_1_437' title='bbox 1296 682 1389 710; x_wconf 84' lang='lat' dir='ltr'>adhuc</span> <span class='ocrx_word' id='word_1_438' title='bbox 1411 682 1543 718; x_wconf 75' lang='lat' dir='ltr'>contingit</span> <span class='ocrx_word' id='word_1_439' title='bbox 1565 691 1701 719; x_wconf 67' lang='lat' dir='ltr'>quaerere</span> <span class='ocrx_word' id='word_1_440' title='bbox 1723 684 1757 712; x_wconf 86' lang='lat' dir='ltr'>de</span> <span class='ocrx_word' id='word_1_441' title='bbox 1780 684 1825 712; x_wconf 84' lang='lat' dir='ltr'>illa</span> <span class='ocrx_word' id='word_1_442' title='bbox 1841 684 1891 712; x_wconf 80' lang='lat' dir='ltr'>im-</span> 
     </span>
     <span class='ocr_line' id='line_1_58' title="bbox 1043 728 1888 768; baseline 0.005 -12"><span class='ocrx_word' id='word_1_443' title='bbox 1043 728 1216 766; x_wconf 77' lang='lat' dir='ltr'>plicatione,</span> <span class='ocrx_word' id='word_1_444' title='bbox 1238 736 1309 765; x_wconf 83' lang='lat' dir='ltr'>quae</span> <span class='ocrx_word' id='word_1_445' title='bbox 1331 732 1373 757; x_wconf 84' lang='lat' dir='ltr'>est</span> <span class='ocrx_word' id='word_1_446' title='bbox 1394 736 1429 757; x_wconf 87' lang='lat' dir='ltr'>ex</span> <span class='ocrx_word' id='word_1_447' title='bbox 1453 732 1531 765; x_wconf 78' lang='lat' dir='ltr'>parte</span> <span class='ocrx_word' id='word_1_448' title='bbox 1553 730 1720 766; x_wconf 73' lang='lat' dir='ltr'>praedicati,</span> <span class='ocrx_word' id='word_1_449' title='bbox 1749 731 1782 759; x_wconf 79' lang='lat' dir='ltr'>ad</span> <span class='ocrx_word' id='word_1_450' title='bbox 1805 740 1888 768; x_wconf 85' lang='lat' dir='ltr'>quam</span> 
     </span>
     <span class='ocr_line' id='line_1_59' title="bbox 1046 775 1891 814; baseline 0.004 -11"><span class='ocrx_word' id='word_1_451' title='bbox 1046 775 1278 813; x_wconf 75' lang='lat' dir='ltr'>praedicationem</span> <span class='ocrx_word' id='word_1_452' title='bbox 1313 776 1412 804; x_wconf 83' lang='lat' dir='ltr'>habeat</span> <span class='ocrx_word' id='word_1_453' title='bbox 1445 776 1560 807; x_wconf 83' lang='lat' dir='ltr'>reduci;</span> <span class='ocrx_word' id='word_1_454' title='bbox 1581 780 1608 805; x_wconf 88' lang='lat' dir='ltr'>et</span> <span class='ocrx_word' id='word_1_455' title='bbox 1632 781 1696 805; x_wconf 87' lang='lat' dir='ltr'>tunc</span> <span class='ocrx_word' id='word_1_456' title='bbox 1720 778 1761 806; x_wconf 89' lang='lat' dir='ltr'>vel</span> <span class='ocrx_word' id='word_1_457' title='bbox 1782 782 1891 814; x_wconf 81' lang='lat' dir='ltr'>oportet</span> 
     </span>
    </p>

    <p class='ocr_par' dir='ltr' id='par_1_36' title="bbox 1046 822 1889 859">
     <span class='ocr_line' id='line_1_60' title="bbox 1046 822 1889 859; baseline 0 -9"><span class='ocrx_word' id='word_1_458' title='bbox 1046 823 1086 851; x_wconf 85' lang='lat' dir='ltr'>ire</span> <span class='ocrx_word' id='word_1_459' title='bbox 1107 822 1134 850; x_wconf 93' lang='lat' dir='ltr'>in</span> <span class='ocrx_word' id='word_1_460' title='bbox 1157 822 1294 850; x_wconf 80' lang='lat' dir='ltr'>inlinitum</span> <span class='ocrx_word' id='word_1_461' title='bbox 1311 822 1495 859; x_wconf 74' lang='lat' dir='ltr'>implicando,</span> <span class='ocrx_word' id='word_1_462' title='bbox 1512 823 1555 851; x_wconf 84' lang='lat' dir='ltr'>vel</span> <span class='ocrx_word' id='word_1_463' title='bbox 1572 824 1729 859; x_wconf 77' lang='lat' dir='ltr'>oportebit⁵</span> <span class='ocrx_word' id='word_1_464' title='bbox 1744 832 1889 853; x_wconf 65' lang='lat' dir='ltr'>recurrero,</span> 
     </span>
    </p>

    <p class='ocr_par' dir='ltr' id='par_1_37' title="bbox 1045 868 1542 910">
     <span class='ocr_line' id='line_1_61' title="bbox 1045 868 1542 910; baseline 0 -13"><span class='ocrx_word' id='word_1_465' title='bbox 1045 869 1080 897; x_wconf 88' lang='lat' dir='ltr'>ad</span> <span class='ocrx_word' id='word_1_466' title='bbox 1103 868 1196 897; x_wconf 80' lang='lat' dir='ltr'>aliam</span> <span class='ocrx_word' id='word_1_467' title='bbox 1218 869 1333 910; x_wconf 84' lang='lat' dir='ltr'>modum</span> <span class='ocrx_word' id='word_1_468' title='bbox 1356 869 1542 905; x_wconf 82' lang='lat' dir='ltr'>praedicandi.</span> 
     </span>
    </p>

    <p class='ocr_par' dir='ltr' id='par_1_38' title="bbox 1045 916 2030 1328">
     <span class='ocr_line' id='line_1_62' title="bbox 1125 916 2030 963; baseline 0.004 -20"><span class='ocrx_word' id='word_1_469' title='bbox 1125 916 1155 944; x_wconf 89' lang='lat' dir='ltr'>Et</span> <span class='ocrx_word' id='word_1_470' title='bbox 1176 920 1324 953; x_wconf 87' lang='lat' dir='ltr'>propterea</span> <span class='ocrx_word' id='word_1_471' title='bbox 1346 920 1387 944; x_wconf 89' lang='lat' dir='ltr'>est</span> <span class='ocrx_word' id='word_1_472' title='bbox 1403 917 1501 945; x_wconf 80' lang='lat' dir='ltr'>tertius</span> <span class='ocrx_word' id='word_1_473' title='bbox 1517 917 1617 945; x_wconf 89' lang='lat' dir='ltr'>modus</span> <span class='ocrx_word' id='word_1_474' title='bbox 1632 917 1755 951; x_wconf 82' lang='lat' dir='ltr'>(licendi,</span> <span class='ocrx_word' id='word_1_475' title='bbox 1778 922 1808 946; x_wconf 88' lang='lat' dir='ltr'>nt</span> <span class='ocrx_word' id='word_1_476' title='bbox 1824 926 1885 947; x_wconf 80' lang='lat' dir='ltr'>cuni</span> <span class='ocrx_word' id='word_1_477' title='bbox 1901 921 1997 963; x_wconf 48' lang='lat' dir='ltr'>‘forjuliqss-</span> <span class='ocrx_word' id='word_1_478' title='bbox 2012 925 2030 956; x_wconf 61' lang='grc' dir='ltr'><strong>ξι</strong></span> 
     </span>
     <span class='ocr_line' id='line_1_63' title="bbox 1046 950 2030 1001; baseline 0.004 -11"><span class='ocrx_word' id='word_1_479' title='bbox 1046 963 1162 991; x_wconf 83' lang='lat' dir='ltr'>dicitnr:</span> <span class='ocrx_word' id='word_1_480' title='bbox 1187 963 1260 991; x_wconf 84' lang='lat' dir='ltr'>Deus</span> <span class='ocrx_word' id='word_1_481' title='bbox 1281 966 1322 991; x_wconf 88' lang='lat' dir='ltr'>est</span> <span class='ocrx_word' id='word_1_482' title='bbox 1345 963 1443 995; x_wconf 77' lang='lat' dir='ltr'>bomo,</span> <span class='ocrx_word' id='word_1_483' title='bbox 1467 963 1510 992; x_wconf 85' lang='lat' dir='ltr'>hic</span> <span class='ocrx_word' id='word_1_484' title='bbox 1539 967 1581 992; x_wconf 87' lang='lat' dir='ltr'>est</span> <span class='ocrx_word' id='word_1_485' title='bbox 1601 964 1767 1001; x_wconf 70' lang='lat' dir='ltr'>singyitlaris</span> <span class='ocrx_word' id='word_1_486' title='bbox 1790 950 1922 994; x_wconf 66' lang='grc' dir='ltr'>ιῐιοὼιεω</span> <span class='ocrx_word' id='word_1_487' title='bbox 1937 950 1995 963; x_wconf 51' lang='lat' dir='ltr'>cum</span> <span class='ocrx_word' id='word_1_488' title='bbox 2013 957 2030 963; x_wconf 71' lang='lat'>..</span> 
     </span>
     <span class='ocr_line' id='line_1_64' title="bbox 1046 1009 1891 1049; baseline 0.005 -12"><span class='ocrx_word' id='word_1_489' title='bbox 1046 1009 1234 1046; x_wconf 78' lang='lat' dir='ltr'>praedicandi.</span> <span class='ocrx_word' id='word_1_490' title='bbox 1255 1009 1312 1038; x_wconf 87' lang='lat' dir='ltr'>Non</span> <span class='ocrx_word' id='word_1_491' title='bbox 1333 1010 1407 1038; x_wconf 89' lang='lat' dir='ltr'>enim</span> <span class='ocrx_word' id='word_1_492' title='bbox 1429 1013 1471 1038; x_wconf 88' lang='lat' dir='ltr'>est</span> <span class='ocrx_word' id='word_1_493' title='bbox 1493 1010 1555 1039; x_wconf 72' lang='lat' dir='ltr'>talis</span> <span class='ocrx_word' id='word_1_494' title='bbox 1586 1011 1756 1048; x_wconf 75' lang='lat' dir='ltr'>praedicatio</span> <span class='ocrx_word' id='word_1_495' title='bbox 1781 1020 1831 1049; x_wconf 85' lang='lat' dir='ltr'>per</span> <span class='ocrx_word' id='word_1_496' title='bbox 1853 1021 1891 1041; x_wconf 79' lang='lat' dir='ltr'>es-</span> 
     </span>
     <span class='ocr_line' id='line_1_65' title="bbox 1045 1056 1891 1094; baseline 0.005 -11"><span class='ocrx_word' id='word_1_497' title='bbox 1045 1056 1168 1084; x_wconf 76' lang='lat' dir='ltr'>sentiam</span> <span class='ocrx_word' id='word_1_498' title='bbox 1200 1064 1250 1085; x_wconf 90' lang='lat' dir='ltr'>nec</span> <span class='ocrx_word' id='word_1_499' title='bbox 1283 1064 1332 1092; x_wconf 87' lang='lat' dir='ltr'>per</span> <span class='ocrx_word' id='word_1_500' title='bbox 1363 1065 1487 1084; x_wconf 77' lang='lat' dir='ltr'>causam</span> <span class='ocrx_word' id='word_1_501' title='bbox 1516 1064 1566 1086; x_wconf 86' lang='lat' dir='ltr'>nec.</span> <span class='ocrx_word' id='word_1_502' title='bbox 1588 1065 1637 1094; x_wconf 87' lang='lat' dir='ltr'>per</span> <span class='ocrx_word' id='word_1_503' title='bbox 1659 1057 1891 1092; x_wconf 69' lang='lat' dir='ltr'>inhaerentiam,</span> 
     </span>
     <span class='ocr_line' id='line_1_66' title="bbox 1046 1103 1891 1142; baseline 0.005 -12"><span class='ocrx_word' id='word_1_504' title='bbox 1046 1103 1118 1131; x_wconf 85' lang='lat' dir='ltr'>sicut</span> <span class='ocrx_word' id='word_1_505' title='bbox 1138 1103 1301 1131; x_wconf 82' lang='lat' dir='ltr'>ostendebat</span> <span class='ocrx_word' id='word_1_506' title='bbox 1333 1103 1403 1131; x_wconf 83' lang='lat' dir='ltr'>ratio</span> <span class='ocrx_word' id='word_1_507' title='bbox 1436 1104 1551 1137; x_wconf 74' lang='lat' dir='ltr'>ultima,</span> <span class='ocrx_word' id='word_1_508' title='bbox 1583 1104 1630 1132; x_wconf 89' lang='lat' dir='ltr'>sed</span> <span class='ocrx_word' id='word_1_509' title='bbox 1660 1108 1700 1133; x_wconf 81' lang='lat' dir='ltr'>est</span> <span class='ocrx_word' id='word_1_510' title='bbox 1722 1106 1891 1142; x_wconf 81' lang='lat' dir='ltr'>praedicatio</span> 
     </span>
     <span class='ocr_line' id='line_1_67' title="bbox 1046 1149 1890 1188; baseline 0.006 -12"><span class='ocrx_word' id='word_1_511' title='bbox 1046 1156 1096 1185; x_wconf 89' lang='lat' dir='ltr'>per</span> <span class='ocrx_word' id='word_1_512' title='bbox 1116 1149 1269 1181; x_wconf 72' lang='lat' dir='ltr'>unionem:</span> <span class='ocrx_word' id='word_1_513' title='bbox 1291 1149 1352 1178; x_wconf 90' lang='lat' dir='ltr'>ideo</span> <span class='ocrx_word' id='word_1_514' title='bbox 1374 1150 1447 1178; x_wconf 90' lang='lat' dir='ltr'>enim</span> <span class='ocrx_word' id='word_1_515' title='bbox 1471 1149 1553 1179; x_wconf 82' lang='lat' dir='ltr'>homo</span> <span class='ocrx_word' id='word_1_516' title='bbox 1570 1151 1749 1188; x_wconf 80' lang='lat' dir='ltr'>praedicatur</span> <span class='ocrx_word' id='word_1_517' title='bbox 1770 1152 1803 1181; x_wconf 89' lang='lat' dir='ltr'>de</span> <span class='ocrx_word' id='word_1_518' title='bbox 1826 1153 1890 1187; x_wconf 83' lang='lat' dir='ltr'>Deo,</span> 
     </span>
     <span class='ocr_line' id='line_1_68' title="bbox 1046 1196 1887 1236; baseline 0.005 -13"><span class='ocrx_word' id='word_1_519' title='bbox 1046 1196 1111 1232; x_wconf 89' lang='lat' dir='ltr'>quia</span> <span class='ocrx_word' id='word_1_520' title='bbox 1133 1196 1229 1224; x_wconf 89' lang='lat' dir='ltr'>unitur</span> <span class='ocrx_word' id='word_1_521' title='bbox 1260 1197 1283 1225; x_wconf 92' lang='lat' dir='ltr'>ei</span> <span class='ocrx_word' id='word_1_522' title='bbox 1318 1197 1344 1225; x_wconf 92' lang='lat' dir='ltr'>in</span> <span class='ocrx_word' id='word_1_523' title='bbox 1372 1197 1506 1226; x_wconf 83' lang='lat' dir='ltr'>unitatem</span> <span class='ocrx_word' id='word_1_524' title='bbox 1540 1206 1682 1235; x_wconf 75' lang='lat' dir='ltr'>personne.</span> <span class='ocrx_word' id='word_1_525' title='bbox 1707 1199 1737 1227; x_wconf 88' lang='lat' dir='ltr'>Et</span> <span class='ocrx_word' id='word_1_526' title='bbox 1758 1200 1887 1236; x_wconf 84' lang='lat' dir='ltr'>quoniam</span> 
     </span>
     <span class='ocr_line' id='line_1_69' title="bbox 1046 1243 1890 1280; baseline 0.006 -10"><span class='ocrx_word' id='word_1_527' title='bbox 1046 1243 1114 1271; x_wconf 82' lang='lat' dir='ltr'>haec</span> <span class='ocrx_word' id='word_1_528' title='bbox 1135 1243 1201 1271; x_wconf 91' lang='lat' dir='ltr'>unio</span> <span class='ocrx_word' id='word_1_529' title='bbox 1223 1246 1264 1271; x_wconf 88' lang='lat' dir='ltr'>est</span> <span class='ocrx_word' id='word_1_530' title='bbox 1285 1243 1467 1280; x_wconf 42' lang='lat' dir='ltr'>singularis&amp;</span> <span class='ocrx_word' id='word_1_531' title='bbox 1491 1252 1543 1272; x_wconf 91' lang='lat' dir='ltr'>non</span> <span class='ocrx_word' id='word_1_532' title='bbox 1575 1249 1617 1274; x_wconf 83' lang='lat' dir='ltr'>est</span> <span class='ocrx_word' id='word_1_533' title='bbox 1650 1246 1768 1280; x_wconf 88' lang='lat' dir='ltr'>mirum,</span> <span class='ocrx_word' id='word_1_534' title='bbox 1795 1247 1817 1275; x_wconf 92' lang='lat' dir='ltr'>si</span> <span class='ocrx_word' id='word_1_535' title='bbox 1839 1247 1890 1275; x_wconf 74' lang='lat' dir='ltr'>sin-</span> 
     </span>
     <span class='ocr_line' id='line_1_70' title="bbox 1045 1290 1627 1328; baseline 0.003 -10"><span class='ocrx_word' id='word_1_536' title='bbox 1045 1290 1170 1326; x_wconf 83' lang='lat' dir='ltr'>gularem</span> <span class='ocrx_word' id='word_1_537' title='bbox 1194 1290 1308 1318; x_wconf 88' lang='lat' dir='ltr'>modum</span> <span class='ocrx_word' id='word_1_538' title='bbox 1331 1291 1418 1327; x_wconf 79' lang='lat' dir='ltr'>exigit</span> <span class='ocrx_word' id='word_1_539' title='bbox 1439 1292 1627 1328; x_wconf 77' lang='lat' dir='ltr'>praedicandi.</span> 
     </span>
    </p>

    <p class='ocr_par' dir='ltr' id='par_1_39' title="bbox 1046 1337 2018 1553">
     <span class='ocr_line' id='line_1_71' title="bbox 1125 1337 2017 1385; baseline 0.006 -20"><span class='ocrx_word' id='word_1_540' title='bbox 1125 1337 1155 1365; x_wconf 85' lang='lat' dir='ltr'>Et</span> <span class='ocrx_word' id='word_1_541' title='bbox 1176 1345 1225 1374; x_wconf 89' lang='lat' dir='ltr'>per</span> <span class='ocrx_word' id='word_1_542' title='bbox 1256 1337 1305 1365; x_wconf 91' lang='lat' dir='ltr'>hoc</span> <span class='ocrx_word' id='word_1_543' title='bbox 1338 1341 1413 1374; x_wconf 80' lang='lat' dir='ltr'>patet</span> <span class='ocrx_word' id='word_1_544' title='bbox 1445 1338 1513 1367; x_wconf 89' lang='lat' dir='ltr'>illud</span> <span class='ocrx_word' id='word_1_545' title='bbox 1545 1340 1619 1376; x_wconf 89' lang='lat' dir='ltr'>quod</span> <span class='ocrx_word' id='word_1_546' title='bbox 1647 1340 1745 1368; x_wconf 91' lang='lat' dir='ltr'>ultimo</span> <span class='ocrx_word' id='word_1_547' title='bbox 1776 1343 2017 1385; x_wconf 53' lang='lat' dir='ltr'>quae1·e-ffflslgi³&#39;j⁵¹·</span> 
     </span>
     <span class='ocr_line' id='line_1_72' title="bbox 1046 1372 2018 1421; baseline 0.006 -10"><span class='ocrx_word' id='word_1_548' title='bbox 1046 1384 1144 1417; x_wconf 78' lang='lat' dir='ltr'>batur3</span> <span class='ocrx_word' id='word_1_549' title='bbox 1165 1384 1231 1420; x_wconf 87' lang='lat' dir='ltr'>quia</span> <span class='ocrx_word' id='word_1_550' title='bbox 1252 1384 1314 1412; x_wconf 86' lang='lat' dir='ltr'>talis</span> <span class='ocrx_word' id='word_1_551' title='bbox 1337 1385 1506 1421; x_wconf 82' lang='lat' dir='ltr'>praedicatio</span> <span class='ocrx_word' id='word_1_552' title='bbox 1527 1394 1580 1414; x_wconf 94' lang='lat' dir='ltr'>non</span> <span class='ocrx_word' id='word_1_553' title='bbox 1599 1387 1743 1415; x_wconf 89' lang='lat' dir='ltr'>reducitur</span> <span class='ocrx_word' id='word_1_554' title='bbox 1763 1388 1798 1416; x_wconf 80' lang='lat' dir='ltr'>ad</span> <span class='ocrx_word' id='word_1_555' title='bbox 1820 1388 1888 1416; x_wconf 81' lang='lat' dir='ltr'>alios</span> <span class='ocrx_word' id='word_1_556' title='bbox 1903 1372 1953 1390; x_wconf 54' lang='lat'><strong>“⁰¹³¹</strong></span> <span class='ocrx_word' id='word_1_557' title='bbox 1994 1373 2018 1385; x_wconf 35' lang='lat' dir='ltr'>m*</span> 
     </span>
     <span class='ocr_line' id='line_1_73' title="bbox 1046 1431 1889 1467; baseline 0.006 -9"><span class='ocrx_word' id='word_1_558' title='bbox 1046 1431 1143 1459; x_wconf 88' lang='lat' dir='ltr'>modos</span> <span class='ocrx_word' id='word_1_559' title='bbox 1174 1431 1351 1467; x_wconf 78' lang='lat' dir='ltr'>praedicandi</span> <span class='ocrx_word' id='word_1_560' title='bbox 1384 1436 1546 1466; x_wconf 85' lang='lat' dir='ltr'>consuetos,</span> <span class='ocrx_word' id='word_1_561' title='bbox 1580 1433 1662 1462; x_wconf 80' lang='lat' dir='ltr'>habet</span> <span class='ocrx_word' id='word_1_562' title='bbox 1694 1438 1785 1463; x_wconf 85' lang='lat' dir='ltr'>tamen</span> <span class='ocrx_word' id='word_1_563' title='bbox 1812 1435 1837 1463; x_wconf 95' lang='lat' dir='ltr'>in</span> <span class='ocrx_word' id='word_1_564' title='bbox 1861 1444 1889 1464; x_wconf 78' lang='lat' dir='ltr'>se</span> 
     </span>
     <span class='ocr_line' id='line_1_74' title="bbox 1046 1477 1888 1518; baseline 0.006 -13"><span class='ocrx_word' id='word_1_565' title='bbox 1046 1477 1207 1512; x_wconf 83' lang='lat' dir='ltr'>veritatem,</span> <span class='ocrx_word' id='word_1_566' title='bbox 1228 1478 1300 1507; x_wconf 86' lang='lat' dir='ltr'>sicut</span> <span class='ocrx_word' id='word_1_567' title='bbox 1321 1478 1471 1507; x_wconf 86' lang='lat' dir='ltr'>ostendunt</span> <span class='ocrx_word' id='word_1_568' title='bbox 1492 1479 1612 1508; x_wconf 84' lang='lat' dir='ltr'>rationes</span> <span class='ocrx_word' id='word_1_569' title='bbox 1632 1480 1667 1509; x_wconf 89' lang='lat' dir='ltr'>ad</span> <span class='ocrx_word' id='word_1_570' title='bbox 1690 1481 1761 1509; x_wconf 74' lang='lat' dir='ltr'>hanc</span> <span class='ocrx_word' id='word_1_571' title='bbox 1782 1486 1888 1518; x_wconf 83' lang='lat' dir='ltr'>partem</span> 
     </span>
     <span class='ocr_line' id='line_1_75' title="bbox 1046 1524 1183 1553; baseline 0.007 -1"><span class='ocrx_word' id='word_1_572' title='bbox 1046 1524 1183 1553; x_wconf 81' lang='lat' dir='ltr'>inductae.</span> 
     </span>
    </p>

    <p class='ocr_par' dir='ltr' id='par_1_40' title="bbox 1044 1571 2019 2361">
     <span class='ocr_line' id='line_1_76' title="bbox 1127 1571 2019 1612; baseline 0.004 -14"><span class='ocrx_word' id='word_1_573' title='bbox 1127 1572 1150 1599; x_wconf 82' lang='lat'>1.</span> <span class='ocrx_word' id='word_1_574' title='bbox 1173 1571 1210 1599; x_wconf 77' lang='lat' dir='ltr'>Ad</span> <span class='ocrx_word' id='word_1_575' title='bbox 1233 1571 1301 1599; x_wconf 90' lang='lat' dir='ltr'>illud</span> <span class='ocrx_word' id='word_1_576' title='bbox 1325 1579 1390 1600; x_wconf 86' lang='lat' dir='ltr'>vero</span> <span class='ocrx_word' id='word_1_577' title='bbox 1411 1572 1485 1608; x_wconf 89' lang='lat' dir='ltr'>quod</span> <span class='ocrx_word' id='word_1_578' title='bbox 1507 1572 1652 1607; x_wconf 86' lang='lat' dir='ltr'>obiicitur,</span> <span class='ocrx_word' id='word_1_579' title='bbox 1674 1574 1748 1610; x_wconf 87' lang='lat' dir='ltr'>qnod</span> <span class='ocrx_word' id='word_1_580' title='bbox 1776 1578 1889 1612; x_wconf 86' lang='lat' dir='ltr'>propter</span> <span class='ocrx_word' id='word_1_581' title='bbox 1903 1579 1974 1605; x_wconf 58' lang='lat' dir='ltr'>Somno</span> <span class='ocrx_word' id='word_1_582' title='bbox 1987 1584 2019 1602; x_wconf 71' lang='lat'>01³-</span> 
     </span>
     <span class='ocr_line' id='line_1_77' title="bbox 1045 1604 2011 1657; baseline 0.006 -12"><span class='ocrx_word' id='word_1_583' title='bbox 1045 1618 1175 1646; x_wconf 89' lang='lat' dir='ltr'>unionem</span> <span class='ocrx_word' id='word_1_584' title='bbox 1200 1618 1224 1646; x_wconf 92' lang='lat' dir='ltr'>in</span> <span class='ocrx_word' id='word_1_585' title='bbox 1248 1622 1348 1646; x_wconf 76' lang='lat' dir='ltr'>natura</span> <span class='ocrx_word' id='word_1_586' title='bbox 1369 1626 1424 1646; x_wconf 81' lang='lat' dir='ltr'>nna</span> <span class='ocrx_word' id='word_1_587' title='bbox 1446 1627 1564 1655; x_wconf 83' lang='lat' dir='ltr'>persona</span> <span class='ocrx_word' id='word_1_588' title='bbox 1586 1627 1639 1648; x_wconf 91' lang='lat' dir='ltr'>non</span> <span class='ocrx_word' id='word_1_589' title='bbox 1662 1621 1840 1657; x_wconf 78' lang='lat' dir='ltr'>praedicatur</span> <span class='ocrx_word' id='word_1_590' title='bbox 1855 1623 1888 1651; x_wconf 85' lang='lat' dir='ltr'>de</span> <span class='ocrx_word' id='word_1_591' title='bbox 1903 1604 2011 1626; x_wconf 52' lang='lat' dir='ltr'><strong>‘mmmm‘</strong></span> 
     </span>
     <span class='ocr_line' id='line_1_78' title="bbox 1045 1665 1890 1705; baseline 0.007 -13"><span class='ocrx_word' id='word_1_592' title='bbox 1045 1665 1115 1699; x_wconf 78' lang='lat' dir='ltr'>alia,</span> <span class='ocrx_word' id='word_1_593' title='bbox 1136 1665 1265 1701; x_wconf 88' lang='lat' dir='ltr'>quamvis</span> <span class='ocrx_word' id='word_1_594' title='bbox 1287 1665 1334 1693; x_wconf 80' lang='lat' dir='ltr'>illa</span> <span class='ocrx_word' id='word_1_595' title='bbox 1355 1666 1420 1693; x_wconf 91' lang='lat' dir='ltr'>unio</span> <span class='ocrx_word' id='word_1_596' title='bbox 1443 1666 1478 1694; x_wconf 84' lang='lat' dir='ltr'>sil</span> <span class='ocrx_word' id='word_1_597' title='bbox 1499 1666 1694 1695; x_wconf 85' lang='lat' dir='ltr'>excellentior:</span> <span class='ocrx_word' id='word_1_598' title='bbox 1717 1676 1783 1705; x_wconf 78' lang='lat' dir='ltr'>ergo</span> <span class='ocrx_word' id='word_1_599' title='bbox 1806 1669 1844 1698; x_wconf 86' lang='lat' dir='ltr'>sic</span> <span class='ocrx_word' id='word_1_600' title='bbox 1863 1673 1890 1698; x_wconf 86' lang='lat' dir='ltr'>et</span> 
     </span>
     <span class='ocr_line' id='line_1_79' title="bbox 1046 1711 2016 1751; baseline 0.007 -13"><span class='ocrx_word' id='word_1_601' title='bbox 1046 1711 1071 1739; x_wconf 92' lang='lat' dir='ltr'>in</span> <span class='ocrx_word' id='word_1_602' title='bbox 1096 1711 1248 1747; x_wconf 86' lang='lat' dir='ltr'>proposito;</span> <span class='ocrx_word' id='word_1_603' title='bbox 1273 1711 1438 1746; x_wconf 76' lang='lat' dir='ltr'>dicendum,</span> <span class='ocrx_word' id='word_1_604' title='bbox 1461 1713 1535 1749; x_wconf 89' lang='lat' dir='ltr'>quod</span> <span class='ocrx_word' id='word_1_605' title='bbox 1558 1722 1610 1741; x_wconf 92' lang='lat' dir='ltr'>non</span> <span class='ocrx_word' id='word_1_606' title='bbox 1638 1716 1772 1751; x_wconf 84' lang='lat' dir='ltr'>sequitur.</span> <span class='ocrx_word' id='word_1_607' title='bbox 1797 1716 1889 1745; x_wconf 78' lang='lat' dir='ltr'>Unitas</span> <span class='ocrx_word' id='word_1_608' title='bbox 1905 1719 2016 1738; x_wconf 65' lang='lat' dir='ltr'>Notandum-</span> 
     </span>
     <span class='ocr_line' id='line_1_80' title="bbox 1045 1758 1890 1796; baseline 0.008 -11"><span class='ocrx_word' id='word_1_609' title='bbox 1045 1758 1119 1786; x_wconf 87' lang='lat' dir='ltr'>enim</span> <span class='ocrx_word' id='word_1_610' title='bbox 1141 1758 1282 1787; x_wconf 86' lang='lat' dir='ltr'>Trinitatis</span> <span class='ocrx_word' id='word_1_611' title='bbox 1304 1759 1392 1787; x_wconf 81' lang='lat' dir='ltr'>maior</span> <span class='ocrx_word' id='word_1_612' title='bbox 1413 1763 1454 1788; x_wconf 83' lang='lat' dir='ltr'>est</span> <span class='ocrx_word' id='word_1_613' title='bbox 1475 1763 1611 1796; x_wconf 84' lang='lat' dir='ltr'>quantum</span> <span class='ocrx_word' id='word_1_614' title='bbox 1628 1762 1662 1790; x_wconf 79' lang='lat' dir='ltr'>ad</span> <span class='ocrx_word' id='word_1_615' title='bbox 1698 1763 1831 1791; x_wconf 84' lang='lat' dir='ltr'>rationem</span> <span class='ocrx_word' id='word_1_616' title='bbox 1854 1765 1890 1792; x_wconf 80' lang='lat' dir='ltr'>si-</span> 
     </span>
     <span class='ocr_line' id='line_1_81' title="bbox 1045 1804 1886 1846; baseline 0.008 -14"><span class='ocrx_word' id='word_1_617' title='bbox 1045 1804 1222 1833; x_wconf 79' lang='lat' dir='ltr'>militudinis</span> <span class='ocrx_word' id='word_1_618' title='bbox 1244 1809 1271 1833; x_wconf 88' lang='lat' dir='ltr'>et</span> <span class='ocrx_word' id='word_1_619' title='bbox 1298 1804 1532 1842; x_wconf 74' lang='lat' dir='ltr'>conformitatis,</span> <span class='ocrx_word' id='word_1_620' title='bbox 1556 1815 1608 1835; x_wconf 91' lang='lat' dir='ltr'>non</span> <span class='ocrx_word' id='word_1_621' title='bbox 1632 1812 1725 1837; x_wconf 86' lang='lat' dir='ltr'>autem</span> <span class='ocrx_word' id='word_1_622' title='bbox 1752 1815 1886 1846; x_wconf 79' lang='lat' dir='ltr'>quantuni</span> 
     </span>
     <span class='ocr_line' id='line_1_82' title="bbox 1046 1852 1887 1894; baseline 0.008 -15"><span class='ocrx_word' id='word_1_623' title='bbox 1046 1852 1079 1880; x_wconf 83' lang='lat' dir='ltr'>ad</span> <span class='ocrx_word' id='word_1_624' title='bbox 1102 1852 1237 1880; x_wconf 80' lang='lat' dir='ltr'>rationem</span> <span class='ocrx_word' id='word_1_625' title='bbox 1259 1856 1380 1881; x_wconf 76' lang='lat' dir='ltr'>mutuae</span> <span class='ocrx_word' id='word_1_626' title='bbox 1409 1853 1658 1889; x_wconf 69' lang='lat' dir='ltr'>praedicationis,</span> <span class='ocrx_word' id='word_1_627' title='bbox 1689 1864 1739 1892; x_wconf 87' lang='lat' dir='ltr'>pro</span> <span class='ocrx_word' id='word_1_628' title='bbox 1760 1864 1792 1885; x_wconf 90' lang='lat' dir='ltr'>eo</span> <span class='ocrx_word' id='word_1_629' title='bbox 1814 1858 1887 1894; x_wconf 86' lang='lat' dir='ltr'>quod</span> 
     </span>
     <span class='ocr_line' id='line_1_83' title="bbox 1046 1898 1890 1939; baseline 0.006 -13"><span class='ocrx_word' id='word_1_630' title='bbox 1046 1898 1093 1926; x_wconf 87' lang='lat' dir='ltr'>illa</span> <span class='ocrx_word' id='word_1_631' title='bbox 1114 1906 1185 1935; x_wconf 80' lang='lat' dir='ltr'>quae</span> <span class='ocrx_word' id='word_1_632' title='bbox 1206 1899 1374 1928; x_wconf 85' lang='lat' dir='ltr'>conveniunt</span> <span class='ocrx_word' id='word_1_633' title='bbox 1401 1900 1427 1927; x_wconf 88' lang='lat' dir='ltr'>in</span> <span class='ocrx_word' id='word_1_634' title='bbox 1460 1909 1522 1928; x_wconf 79' lang='lat' dir='ltr'>una</span> <span class='ocrx_word' id='word_1_635' title='bbox 1554 1904 1685 1935; x_wconf 70' lang='lat' dir='ltr'>patara,</span> <span class='ocrx_word' id='word_1_636' title='bbox 1708 1910 1760 1930; x_wconf 92' lang='lat' dir='ltr'>non</span> <span class='ocrx_word' id='word_1_637' title='bbox 1784 1904 1890 1939; x_wconf 82' lang='lat' dir='ltr'>praedi-</span> 
     </span>
     <span class='ocr_line' id='line_1_84' title="bbox 1045 1946 1889 1985; baseline 0.007 -12"><span class='ocrx_word' id='word_1_638' title='bbox 1045 1949 1144 1974; x_wconf 77' lang='lat' dir='ltr'>cantur</span> <span class='ocrx_word' id='word_1_639' title='bbox 1166 1946 1200 1974; x_wconf 91' lang='lat' dir='ltr'>de</span> <span class='ocrx_word' id='word_1_640' title='bbox 1222 1954 1251 1974; x_wconf 86' lang='lat' dir='ltr'>se</span> <span class='ocrx_word' id='word_1_641' title='bbox 1274 1946 1310 1974; x_wconf 91' lang='lat' dir='ltr'>ita</span> <span class='ocrx_word' id='word_1_642' title='bbox 1332 1950 1442 1979; x_wconf 75' lang='lat' dir='ltr'>mutim,</span> <span class='ocrx_word' id='word_1_643' title='bbox 1464 1947 1535 1975; x_wconf 83' lang='lat' dir='ltr'>sicut</span> <span class='ocrx_word' id='word_1_644' title='bbox 1559 1948 1603 1975; x_wconf 72' lang='lat' dir='ltr'>illa</span> <span class='ocrx_word' id='word_1_645' title='bbox 1625 1957 1696 1985; x_wconf 71' lang='lat' dir='ltr'>qnae</span> <span class='ocrx_word' id='word_1_646' title='bbox 1719 1955 1889 1979; x_wconf 80' lang='lat' dir='ltr'>concurrunt</span> 
     </span>
     <span class='ocr_line' id='line_1_85' title="bbox 1046 1993 1887 2034; baseline 0.005 -13"><span class='ocrx_word' id='word_1_647' title='bbox 1046 1993 1072 2021; x_wconf 89' lang='lat' dir='ltr'>in</span> <span class='ocrx_word' id='word_1_648' title='bbox 1095 2001 1186 2021; x_wconf 78' lang='lat' dir='ltr'>imam</span> <span class='ocrx_word' id='word_1_649' title='bbox 1205 2001 1380 2029; x_wconf 75' lang='lat' dir='ltr'>personam,</span> <span class='ocrx_word' id='word_1_650' title='bbox 1403 2002 1454 2030; x_wconf 90' lang='lat' dir='ltr'>pro</span> <span class='ocrx_word' id='word_1_651' title='bbox 1469 2002 1501 2022; x_wconf 85' lang='lat' dir='ltr'>eo</span> <span class='ocrx_word' id='word_1_652' title='bbox 1522 1995 1597 2031; x_wconf 86' lang='lat' dir='ltr'>quod</span> <span class='ocrx_word' id='word_1_653' title='bbox 1612 1999 1725 2024; x_wconf 71' lang='lat' dir='ltr'>natura</span> <span class='ocrx_word' id='word_1_654' title='bbox 1740 1996 1806 2025; x_wconf 89' lang='lat' dir='ltr'>dicit</span> <span class='ocrx_word' id='word_1_655' title='bbox 1821 1997 1887 2034; x_wconf 86' lang='lat' dir='ltr'>quid</span> 
     </span>
     <span class='ocr_line' id='line_1_86' title="bbox 1046 2039 1888 2079; baseline 0.005 -12"><span class='ocrx_word' id='word_1_656' title='bbox 1046 2048 1208 2073; x_wconf 83' lang='lat' dir='ltr'>commune,</span> <span class='ocrx_word' id='word_1_657' title='bbox 1241 2039 1405 2077; x_wconf 72' lang='lat' dir='ltr'>hypostasis</span> <span class='ocrx_word' id='word_1_658' title='bbox 1437 2040 1503 2069; x_wconf 83' lang='lat' dir='ltr'>dicit</span> <span class='ocrx_word' id='word_1_659' title='bbox 1528 2041 1703 2077; x_wconf 85' lang='lat' dir='ltr'>suppositum</span> <span class='ocrx_word' id='word_1_660' title='bbox 1726 2043 1888 2079; x_wconf 69' lang='lat' dir='ltr'>proprium,</span> 
     </span>
     <span class='ocr_line' id='line_1_87' title="bbox 1045 2086 1886 2123; baseline 0.005 -9"><span class='ocrx_word' id='word_1_661' title='bbox 1045 2086 1241 2123; x_wconf 74' lang='lat' dir='ltr'>consequentia</span> <span class='ocrx_word' id='word_1_662' title='bbox 1265 2090 1358 2115; x_wconf 88' lang='lat' dir='ltr'>autem</span> <span class='ocrx_word' id='word_1_663' title='bbox 1381 2086 1548 2115; x_wconf 82' lang='lat' dir='ltr'>affirmativa</span> <span class='ocrx_word' id='word_1_664' title='bbox 1570 2091 1644 2116; x_wconf 88' lang='lat' dir='ltr'>tenet</span> <span class='ocrx_word' id='word_1_665' title='bbox 1659 2088 1694 2117; x_wconf 82' lang='lat' dir='ltr'>ab</span> <span class='ocrx_word' id='word_1_666' title='bbox 1716 2089 1837 2118; x_wconf 86' lang='lat' dir='ltr'>inferiori</span> <span class='ocrx_word' id='word_1_667' title='bbox 1853 2090 1886 2118; x_wconf 85' lang='lat' dir='ltr'>ad</span> 
     </span>
     <span class='ocr_line' id='line_1_88' title="bbox 1045 2134 1888 2172; baseline 0.005 -11"><span class='ocrx_word' id='word_1_668' title='bbox 1045 2134 1187 2170; x_wconf 85' lang='lat' dir='ltr'>superius,</span> <span class='ocrx_word' id='word_1_669' title='bbox 1209 2142 1264 2162; x_wconf 87' lang='lat' dir='ltr'>non</span> <span class='ocrx_word' id='word_1_670' title='bbox 1278 2142 1293 2161; x_wconf 90' lang='lat' dir='ltr'>e</span> <span class='ocrx_word' id='word_1_671' title='bbox 1308 2142 1451 2162; x_wconf 83' lang='lat' dir='ltr'>converso.</span> <span class='ocrx_word' id='word_1_672' title='bbox 1469 2134 1543 2163; x_wconf 87' lang='lat' dir='ltr'>Unde</span> <span class='ocrx_word' id='word_1_673' title='bbox 1559 2135 1726 2172; x_wconf 85' lang='lat' dir='ltr'>cuicumque</span> <span class='ocrx_word' id='word_1_674' title='bbox 1742 2136 1888 2165; x_wconf 85' lang='lat' dir='ltr'>subiicitur</span> 
     </span>
     <span class='ocr_line' id='line_1_89' title="bbox 1045 2180 1890 2219; baseline 0.004 -11"><span class='ocrx_word' id='word_1_675' title='bbox 1045 2180 1097 2208; x_wconf 76' lang='lat' dir='ltr'>iste</span> <span class='ocrx_word' id='word_1_676' title='bbox 1118 2180 1219 2214; x_wconf 78' lang='lat' dir='ltr'>homo,</span> <span class='ocrx_word' id='word_1_677' title='bbox 1243 2184 1332 2217; x_wconf 85' lang='lat' dir='ltr'>potest</span> <span class='ocrx_word' id='word_1_678' title='bbox 1360 2181 1457 2210; x_wconf 83' lang='lat' dir='ltr'>subiici</span> <span class='ocrx_word' id='word_1_679' title='bbox 1490 2180 1592 2214; x_wconf 74' lang='lat' dir='ltr'>liomo‚·</span> <span class='ocrx_word' id='word_1_680' title='bbox 1618 2183 1785 2219; x_wconf 77' lang='lat' dir='ltr'>cuicumque</span> <span class='ocrx_word' id='word_1_681' title='bbox 1806 2183 1890 2211; x_wconf 86' lang='lat' dir='ltr'>subii-</span> 
     </span>
     <span class='ocr_line' id='line_1_90' title="bbox 1045 2227 1888 2265; baseline 0.005 -10"><span class='ocrx_word' id='word_1_682' title='bbox 1045 2228 1117 2255; x_wconf 86' lang='lat' dir='ltr'>citur</span> <span class='ocrx_word' id='word_1_683' title='bbox 1139 2227 1241 2261; x_wconf 81' lang='lat' dir='ltr'>liomo,</span> <span class='ocrx_word' id='word_1_684' title='bbox 1265 2232 1353 2265; x_wconf 82' lang='lat' dir='ltr'>potest</span> <span class='ocrx_word' id='word_1_685' title='bbox 1375 2228 1473 2256; x_wconf 78' lang='lat' dir='ltr'>subiici</span> <span class='ocrx_word' id='word_1_686' title='bbox 1495 2228 1626 2261; x_wconf 43' lang='lat' dir='ltr'>anima&amp;-</span> <span class='ocrx_word' id='word_1_687' title='bbox 1649 2229 1697 2257; x_wconf 86' lang='lat' dir='ltr'>sed</span> <span class='ocrx_word' id='word_1_688' title='bbox 1719 2238 1733 2257; x_wconf 87' lang='lat' dir='ltr'>e</span> <span class='ocrx_word' id='word_1_689' title='bbox 1755 2239 1888 2259; x_wconf 81' lang='lat' dir='ltr'>converso</span> 
     </span>
     <span class='ocr_line' id='line_1_91' title="bbox 1044 2275 1887 2312; baseline 0.004 -10"><span class='ocrx_word' id='word_1_690' title='bbox 1044 2283 1097 2302; x_wconf 87' lang='lat' dir='ltr'>non</span> <span class='ocrx_word' id='word_1_691' title='bbox 1120 2275 1261 2311; x_wconf 84' lang='lat' dir='ltr'>seqnitur:</span> <span class='ocrx_word' id='word_1_692' title='bbox 1285 2275 1318 2303; x_wconf 88' lang='lat' dir='ltr'>de</span> <span class='ocrx_word' id='word_1_693' title='bbox 1340 2283 1518 2312; x_wconf 81' lang='lat' dir='ltr'>quocumque</span> <span class='ocrx_word' id='word_1_694' title='bbox 1548 2276 1726 2312; x_wconf 67' lang='lat' dir='ltr'>praedicatur</span> <span class='ocrx_word' id='word_1_695' title='bbox 1757 2277 1887 2312; x_wconf 77' lang='lat' dir='ltr'>animai,</span> 
     </span>
     <span class='ocr_line' id='line_1_92' title="bbox 1044 2321 1887 2361; baseline 0.004 -12"><span class='ocrx_word' id='word_1_696' title='bbox 1044 2322 1221 2358; x_wconf 79' lang='lat' dir='ltr'>praedicatur</span> <span class='ocrx_word' id='word_1_697' title='bbox 1252 2325 1279 2350; x_wconf 90' lang='lat' dir='ltr'>et</span> <span class='ocrx_word' id='word_1_698' title='bbox 1311 2321 1408 2354; x_wconf 65' lang='lat' dir='ltr'>sionim</span> <span class='ocrx_word' id='word_1_699' title='bbox 1440 2322 1525 2350; x_wconf 87' lang='lat' dir='ltr'>immo</span> <span class='ocrx_word' id='word_1_700' title='bbox 1557 2325 1598 2350; x_wconf 82' lang='lat' dir='ltr'>est</span> <span class='ocrx_word' id='word_1_701' title='bbox 1620 2323 1654 2350; x_wconf 87' lang='lat' dir='ltr'>ibi</span> <span class='ocrx_word' id='word_1_702' title='bbox 1682 2332 1855 2361; x_wconf 67' lang='lat' dir='ltr'>consequens</span> <span class='ocrx_word' id='word_1_703' title='bbox 1871 2325 1887 2352; x_wconf 85' lang='lat'>⁷.</span> 
     </span>
    </p>

    <p class='ocr_par' dir='ltr' id='par_1_41' title="bbox 1044 2368 1890 2499">
     <span class='ocr_line' id='line_1_93' title="bbox 1044 2368 1885 2406; baseline 0.002 -9"><span class='ocrx_word' id='word_1_704' title='bbox 1044 2368 1119 2402; x_wconf 83' lang='lat' dir='ltr'>Ideo,</span> <span class='ocrx_word' id='word_1_705' title='bbox 1135 2369 1246 2405; x_wconf 68' lang='lat' dir='ltr'>quando</span> <span class='ocrx_word' id='word_1_706' title='bbox 1262 2377 1325 2396; x_wconf 72' lang='lat' dir='ltr'>aaa</span> <span class='ocrx_word' id='word_1_707' title='bbox 1347 2368 1513 2406; x_wconf 67' lang='lat' dir='ltr'>hypostasis</span> <span class='ocrx_word' id='word_1_708' title='bbox 1533 2369 1691 2397; x_wconf 66' lang='lat' dir='ltr'>subiicitur</span> <span class='ocrx_word' id='word_1_709' title='bbox 1707 2370 1826 2403; x_wconf 79' lang='lat' dir='ltr'>duobus,</span> <span class='ocrx_word' id='word_1_710' title='bbox 1842 2379 1885 2400; x_wconf 89' lang='lat' dir='ltr'>ne-</span> 
     </span>
     <span class='ocr_line' id='line_1_94' title="bbox 1044 2415 1890 2453; baseline 0.004 -10"><span class='ocrx_word' id='word_1_711' title='bbox 1044 2423 1119 2444; x_wconf 87' lang='lat' dir='ltr'>cesse</span> <span class='ocrx_word' id='word_1_712' title='bbox 1139 2419 1181 2443; x_wconf 87' lang='lat' dir='ltr'>est</span> <span class='ocrx_word' id='word_1_713' title='bbox 1203 2415 1249 2443; x_wconf 76' lang='lat' dir='ltr'>illa</span> <span class='ocrx_word' id='word_1_714' title='bbox 1271 2415 1321 2443; x_wconf 71' lang='lat' dir='ltr'>sibi</span> <span class='ocrx_word' id='word_1_715' title='bbox 1346 2416 1461 2444; x_wconf 84' lang='lat' dir='ltr'>invicem</span> <span class='ocrx_word' id='word_1_716' title='bbox 1484 2415 1596 2450; x_wconf 80' lang='lat' dir='ltr'>subiici,</span> <span class='ocrx_word' id='word_1_717' title='bbox 1619 2420 1645 2444; x_wconf 86' lang='lat' dir='ltr'>et</span> <span class='ocrx_word' id='word_1_718' title='bbox 1667 2416 1706 2445; x_wconf 81' lang='lat' dir='ltr'>sie</span> <span class='ocrx_word' id='word_1_719' title='bbox 1728 2425 1776 2453; x_wconf 85' lang='lat' dir='ltr'>per</span> <span class='ocrx_word' id='word_1_720' title='bbox 1797 2426 1890 2446; x_wconf 86' lang='lat' dir='ltr'>conse-</span> 
     </span>
     <span class='ocr_line' id='line_1_95' title="bbox 1044 2462 1890 2499; baseline 0.004 -9"><span class='ocrx_word' id='word_1_721' title='bbox 1044 2470 1132 2499; x_wconf 88' lang='lat' dir='ltr'>quens</span> <span class='ocrx_word' id='word_1_722' title='bbox 1152 2462 1332 2499; x_wconf 80' lang='lat' dir='ltr'>praedicari.</span> <span class='ocrx_word' id='word_1_723' title='bbox 1355 2463 1472 2498; x_wconf 88' lang='lat' dir='ltr'>Quando</span> <span class='ocrx_word' id='word_1_724' title='bbox 1493 2466 1586 2491; x_wconf 78' lang='lat' dir='ltr'>autem</span> <span class='ocrx_word' id='word_1_725' title='bbox 1610 2472 1672 2491; x_wconf 59' lang='lat' dir='ltr'>usna</span> <span class='ocrx_word' id='word_1_726' title='bbox 1690 2468 1802 2493; x_wconf 72' lang='lat' dir='ltr'>namra</span> <span class='ocrx_word' id='word_1_727' title='bbox 1825 2465 1890 2493; x_wconf 75' lang='lat' dir='ltr'>dici-</span> 
     </span>
    </p>
   </div>
   <div class='ocr_carea' id='block_1_9' title="bbox 757 2546 1272 2549">
    <p class='ocr_par' dir='ltr' id='par_1_42' title="bbox 757 2546 1272 2549">
     <span class='ocr_line' id='line_1_96' title="bbox 757 2546 1272 2549; baseline 0 0"><span class='ocrx_word' id='word_1_728' title='bbox 757 2546 1272 2549; x_wconf 95' lang='lat' dir='ltr'> </span> 
     </span>
    </p>
   </div>
   <div class='ocr_carea' id='block_1_10' title="bbox 144 2586 987 3004">
    <p class='ocr_par' dir='ltr' id='par_1_43' title="bbox 207 2586 984 2617">
     <span class='ocr_line' id='line_1_97' title="bbox 207 2586 984 2617; baseline 0.003 -9"><span class='ocrx_word' id='word_1_729' title='bbox 207 2587 213 2601; x_wconf 86' lang='lat'><em>1</em></span> <span class='ocrx_word' id='word_1_730' title='bbox 231 2586 275 2609; x_wconf 77' lang='lat' dir='ltr'>Cir.</span> <span class='ocrx_word' id='word_1_731' title='bbox 286 2587 347 2609; x_wconf 66' lang='lat' dir='ltr'>Alam.</span> <span class='ocrx_word' id='word_1_732' title='bbox 362 2587 390 2608; x_wconf 81' lang='lat' dir='ltr'>nb</span> <span class='ocrx_word' id='word_1_733' title='bbox 406 2587 490 2614; x_wconf 84' lang='lat' dir='ltr'>insulis,</span> <span class='ocrx_word' id='word_1_734' title='bbox 501 2587 611 2616; x_wconf 83' lang='lat' dir='ltr'>Theolog.</span> <span class='ocrx_word' id='word_1_735' title='bbox 622 2588 701 2616; x_wconf 80' lang='lat' dir='ltr'>Regni.</span> <span class='ocrx_word' id='word_1_736' title='bbox 713 2588 785 2616; x_wconf 77' lang='lat' dir='ltr'>regul.</span> <span class='ocrx_word' id='word_1_737' title='bbox 799 2588 832 2610; x_wconf 78' lang='lat'>12.</span> <span class='ocrx_word' id='word_1_738' title='bbox 842 2591 863 2610; x_wconf 86' lang='lat' dir='ltr'>et</span> <span class='ocrx_word' id='word_1_739' title='bbox 876 2589 910 2610; x_wconf 83' lang='grc'>18.</span> <span class='ocrx_word' id='word_1_740' title='bbox 920 2595 984 2617; x_wconf 82' lang='lat' dir='ltr'>seqq.</span> 
     </span>
    </p>

    <p class='ocr_par' dir='ltr' id='par_1_44' title="bbox 144 2626 987 2731">
     <span class='ocr_line' id='line_1_98' title="bbox 206 2626 986 2654; baseline 0.001 -6"><span class='ocrx_word' id='word_1_741' title='bbox 206 2626 215 2640; x_wconf 75' lang='lat'>‘²</span> <span class='ocrx_word' id='word_1_742' title='bbox 233 2626 291 2648; x_wconf 78' lang='lat' dir='ltr'>Libr.</span> <span class='ocrx_word' id='word_1_743' title='bbox 310 2626 324 2648; x_wconf 89' lang='lat'>1.</span> <span class='ocrx_word' id='word_1_744' title='bbox 343 2632 361 2648; x_wconf 78' lang='lat' dir='ltr'>e.</span> <span class='ocrx_word' id='word_1_745' title='bbox 379 2626 476 2648; x_wconf 77' lang='lat' dir='ltr'>6.&#39;Vi‹i‹‘</span> <span class='ocrx_word' id='word_1_746' title='bbox 494 2629 547 2648; x_wconf 89' lang='lat' dir='ltr'>tom.</span> <span class='ocrx_word' id='word_1_747' title='bbox 566 2626 579 2648; x_wconf 94' lang='grc'>1.</span> <span class='ocrx_word' id='word_1_748' title='bbox 604 2632 656 2654; x_wconf 76' lang='lat' dir='ltr'>pag.</span> <span class='ocrx_word' id='word_1_749' title='bbox 683 2626 740 2653; x_wconf 81' lang='lat'>576,</span> <span class='ocrx_word' id='word_1_750' title='bbox 768 2630 818 2649; x_wconf 77' lang='lat' dir='ltr'>noia</span> <span class='ocrx_word' id='word_1_751' title='bbox 845 2627 872 2654; x_wconf 81' lang='lat'>5,</span> <span class='ocrx_word' id='word_1_752' title='bbox 896 2627 934 2649; x_wconf 86' lang='lat' dir='ltr'>ubi</span> <span class='ocrx_word' id='word_1_753' title='bbox 957 2627 986 2649; x_wconf 82' lang='lat' dir='ltr'>de</span> 
     </span>
     <span class='ocr_line' id='line_1_99' title="bbox 144 2665 987 2693; baseline 0 -6"><span class='ocrx_word' id='word_1_754' title='bbox 144 2665 277 2693; x_wconf 79' lang='lat' dir='ltr'>syllogismo</span> <span class='ocrx_word' id='word_1_755' title='bbox 301 2665 439 2692; x_wconf 77' lang='lat' dir='ltr'>expositorio</span> <span class='ocrx_word' id='word_1_756' title='bbox 464 2665 559 2693; x_wconf 76' lang='lat' dir='ltr'>eiusque</span> <span class='ocrx_word' id='word_1_757' title='bbox 577 2666 688 2692; x_wconf 71' lang='lat' dir='ltr'>print-ipio</span> <span class='ocrx_word' id='word_1_758' title='bbox 706 2666 788 2693; x_wconf 79' lang='lat' dir='ltr'>agitur.</span> <span class='ocrx_word' id='word_1_759' title='bbox 807 2677 838 2682; x_wconf 85' lang='lat'>-—</span> <span class='ocrx_word' id='word_1_760' title='bbox 855 2666 987 2688; x_wconf 80' lang='lat' dir='ltr'>immediato</span> 
     </span>
     <span class='ocr_line' id='line_1_100' title="bbox 144 2703 643 2731; baseline -0.002 -4"><span class='ocrx_word' id='word_1_761' title='bbox 144 2708 195 2731; x_wconf 82' lang='lat' dir='ltr'>post</span> <span class='ocrx_word' id='word_1_762' title='bbox 213 2704 262 2726; x_wconf 71' lang='lat' dir='ltr'>Vnt.</span> <span class='ocrx_word' id='word_1_763' title='bbox 280 2704 375 2726; x_wconf 75' lang='lat' dir='ltr'>voculae.</span> <span class='ocrx_word' id='word_1_764' title='bbox 393 2709 420 2726; x_wconf 81' lang='lat' dir='ltr'>ea</span> <span class='ocrx_word' id='word_1_765' title='bbox 437 2704 535 2725; x_wconf 73' lang='lat' dir='ltr'>annectit</span> <span class='ocrx_word' id='word_1_766' title='bbox 551 2703 643 2726; x_wconf 79' lang='lat' dir='ltr'>scilieet.</span> 
     </span>
    </p>

    <p class='ocr_par' dir='ltr' id='par_1_45' title="bbox 204 2742 670 2770">
     <span class='ocr_line' id='line_1_101' title="bbox 204 2742 670 2770; baseline -0.002 -6"><span class='ocrx_word' id='word_1_767' title='bbox 204 2742 214 2757; x_wconf 73' lang='lat'>³</span> <span class='ocrx_word' id='word_1_768' title='bbox 231 2742 283 2765; x_wconf 78' lang='lat' dir='ltr'>Dist.</span> <span class='ocrx_word' id='word_1_769' title='bbox 301 2743 322 2764; x_wconf 85' lang='lat'>6.</span> <span class='ocrx_word' id='word_1_770' title='bbox 341 2749 360 2764; x_wconf 74' lang='lat' dir='ltr'>n.</span> <span class='ocrx_word' id='word_1_771' title='bbox 378 2743 399 2764; x_wconf 92' lang='grc' dir='ltr'>-Ι,</span> <span class='ocrx_word' id='word_1_772' title='bbox 417 2749 438 2770; x_wconf 81' lang='lat' dir='ltr'>q.</span> <span class='ocrx_word' id='word_1_773' title='bbox 457 2742 477 2764; x_wconf 84' lang='lat'>3.</span> <span class='ocrx_word' id='word_1_774' title='bbox 496 2746 515 2764; x_wconf 82' lang='lat' dir='ltr'>ei</span> <span class='ocrx_word' id='word_1_775' title='bbox 535 2742 631 2764; x_wconf 84' lang='lat' dir='ltr'>dubium</span> <span class='ocrx_word' id='word_1_776' title='bbox 650 2743 670 2764; x_wconf 73' lang='lat'>2.</span> 
     </span>
    </p>

    <p class='ocr_par' dir='ltr' id='par_1_46' title="bbox 145 2781 986 3004">
     <span class='ocr_line' id='line_1_102' title="bbox 207 2781 986 2814; baseline 0.001 -11"><span class='ocrx_word' id='word_1_777' title='bbox 207 2781 215 2795; x_wconf 79' lang='lat'>⁴</span> <span class='ocrx_word' id='word_1_778' title='bbox 232 2781 276 2803; x_wconf 70' lang='lat' dir='ltr'>Cir.</span> <span class='ocrx_word' id='word_1_779' title='bbox 295 2781 308 2803; x_wconf 90' lang='grc'>1.</span> <span class='ocrx_word' id='word_1_780' title='bbox 326 2782 386 2803; x_wconf 76' lang='lat' dir='ltr'>Seni.</span> <span class='ocrx_word' id='word_1_781' title='bbox 398 2781 420 2803; x_wconf 76' lang='lat' dir='ltr'>ci.</span> <span class='ocrx_word' id='word_1_782' title='bbox 434 2781 454 2803; x_wconf 71' lang='lat'>55.</span> <span class='ocrx_word' id='word_1_783' title='bbox 473 2787 492 2802; x_wconf 78' lang='lat' dir='ltr'>a.</span> <span class='ocrx_word' id='word_1_784' title='bbox 515 2781 531 2802; x_wconf 95' lang='grc'>1.</span> <span class='ocrx_word' id='word_1_785' title='bbox 545 2788 566 2809; x_wconf 86' lang='lat' dir='ltr'>q.</span> <span class='ocrx_word' id='word_1_786' title='bbox 583 2781 600 2802; x_wconf 90' lang='grc'>1.</span> <span class='ocrx_word' id='word_1_787' title='bbox 618 2781 646 2802; x_wconf 79' lang='lat' dir='ltr'>ad</span> <span class='ocrx_word' id='word_1_788' title='bbox 660 2782 715 2814; x_wconf 33' lang='lat' dir='ltr'>zuei</span> <span class='ocrx_word' id='word_1_789' title='bbox 727 2781 749 2803; x_wconf 86' lang='lat' dir='ltr'>d.</span> <span class='ocrx_word' id='word_1_790' title='bbox 763 2781 798 2804; x_wconf 78' lang='lat' dir='ltr'>3li.</span> <span class='ocrx_word' id='word_1_791' title='bbox 812 2789 833 2811; x_wconf 91' lang='lat' dir='ltr'>q.</span> <span class='ocrx_word' id='word_1_792' title='bbox 848 2783 908 2804; x_wconf 77' lang='grc'>2.-</span> <span class='ocrx_word' id='word_1_793' title='bbox 918 2783 986 2804; x_wconf 69' lang='lat' dir='ltr'>panio</span> 
     </span>
     <span class='ocr_line' id='line_1_103' title="bbox 145 2819 986 2850; baseline 0.001 -8"><span class='ocrx_word' id='word_1_794' title='bbox 145 2821 238 2842; x_wconf 68' lang='lat' dir='ltr'>inti—rios</span> <span class='ocrx_word' id='word_1_795' title='bbox 256 2824 306 2847; x_wconf 80' lang='lat' dir='ltr'>post</span> <span class='ocrx_word' id='word_1_796' title='bbox 321 2819 521 2848; x_wconf 72' lang='lat' dir='ltr'>praedicationem</span> <span class='ocrx_word' id='word_1_797' title='bbox 538 2820 586 2841; x_wconf 67' lang='lat' dir='ltr'>viii.</span> <span class='ocrx_word' id='word_1_798' title='bbox 604 2820 708 2847; x_wconf 68' lang='lat' dir='ltr'>adiungit</span> <span class='ocrx_word' id='word_1_799' title='bbox 724 2819 837 2850; x_wconf 74' lang='lat' dir='ltr'>aliquam.</span> <span class='ocrx_word' id='word_1_800' title='bbox 856 2833 885 2837; x_wconf 81' lang='lat'>—</span> <span class='ocrx_word' id='word_1_801' title='bbox 898 2821 986 2843; x_wconf 73' lang='lat' dir='ltr'>Tvrmi-</span> 
     </span>
     <span class='ocr_line' id='line_1_104' title="bbox 145 2858 986 2888; baseline 0.001 -7"><span class='ocrx_word' id='word_1_802' title='bbox 145 2865 188 2881; x_wconf 84' lang='lat' dir='ltr'>nus</span> <span class='ocrx_word' id='word_1_803' title='bbox 204 2858 343 2888; x_wconf 78' lang='lat' dir='ltr'>implicatio,</span> <span class='ocrx_word' id='word_1_804' title='bbox 363 2860 401 2887; x_wconf 86' lang='lat' dir='ltr'>qui</span> <span class='ocrx_word' id='word_1_805' title='bbox 420 2859 440 2880; x_wconf 90' lang='lat' dir='ltr'>in</span> <span class='ocrx_word' id='word_1_806' title='bbox 460 2859 501 2880; x_wconf 79' lang='lat' dir='ltr'>hac</span> <span class='ocrx_word' id='word_1_807' title='bbox 519 2859 624 2880; x_wconf 71' lang='lat' dir='ltr'>ulteriore</span> <span class='ocrx_word' id='word_1_808' title='bbox 651 2859 805 2886; x_wconf 72' lang='lat' dir='ltr'>propositioni·</span> <span class='ocrx_word' id='word_1_809' title='bbox 823 2861 933 2887; x_wconf 80' lang='lat' dir='ltr'>occurrit,</span> <span class='ocrx_word' id='word_1_810' title='bbox 957 2860 986 2881; x_wconf 79' lang='lat' dir='ltr'>si-</span> 
     </span>
     <span class='ocr_line' id='line_1_105' title="bbox 145 2897 985 2926; baseline 0.001 -7"><span class='ocrx_word' id='word_1_811' title='bbox 145 2898 236 2926; x_wconf 75' lang='lat' dir='ltr'>gnificat</span> <span class='ocrx_word' id='word_1_812' title='bbox 255 2898 433 2925; x_wconf 74' lang='lat' dir='ltr'>propositionem</span> <span class='ocrx_word' id='word_1_813' title='bbox 452 2897 577 2919; x_wconf 71' lang='lat' dir='ltr'>relativam.</span> <span class='ocrx_word' id='word_1_814' title='bbox 595 2898 631 2918; x_wconf 77' lang='lat' dir='ltr'>Sic</span> <span class='ocrx_word' id='word_1_815' title='bbox 654 2897 732 2919; x_wconf 71' lang='lat' dir='ltr'>Petrus</span> <span class='ocrx_word' id='word_1_816' title='bbox 750 2897 854 2925; x_wconf 58' lang='lat' dir='ltr'>Hispan,</span> <span class='ocrx_word' id='word_1_817' title='bbox 873 2899 985 2920; x_wconf 85' lang='lat' dir='ltr'>Summul.</span> 
     </span>
     <span class='ocr_line' id='line_1_106' title="bbox 145 2935 986 2965; baseline 0 -7"><span class='ocrx_word' id='word_1_818' title='bbox 145 2940 171 2958; x_wconf 90' lang='lat' dir='ltr'>tr.</span> <span class='ocrx_word' id='word_1_819' title='bbox 187 2935 215 2959; x_wconf 72' lang='lat' dir='ltr'>de</span> <span class='ocrx_word' id='word_1_820' title='bbox 232 2936 395 2964; x_wconf 73' lang='lat' dir='ltr'>Restriclione,</span> <span class='ocrx_word' id='word_1_821' title='bbox 415 2937 456 2964; x_wconf 77' lang='lat' dir='ltr'>nit,</span> <span class='ocrx_word' id='word_1_822' title='bbox 475 2937 638 2958; x_wconf 71' lang='lat' dir='ltr'>resti-ictionvin</span> <span class='ocrx_word' id='word_1_823' title='bbox 665 2937 712 2958; x_wconf 74' lang='lat' dir='ltr'>ili-ri</span> <span class='ocrx_word' id='word_1_824' title='bbox 740 2942 806 2963; x_wconf 76' lang='lat' dir='ltr'>posse</span> <span class='ocrx_word' id='word_1_825' title='bbox 830 2943 871 2964; x_wconf 67' lang='lat' dir='ltr'>per</span> <span class='ocrx_word' id='word_1_826' title='bbox 887 2938 986 2965; x_wconf 65' lang='lat' dir='ltr'>implicu-</span> 
     </span>
     <span class='ocr_line' id='line_1_107' title="bbox 145 2975 922 3004; baseline 0.001 -7"><span class='ocrx_word' id='word_1_827' title='bbox 145 2976 241 3003; x_wconf 75' lang='lat' dir='ltr'>tionem,</span> <span class='ocrx_word' id='word_1_828' title='bbox 261 2978 284 2998; x_wconf 88' lang='lat' dir='ltr'>ut</span> <span class='ocrx_word' id='word_1_829' title='bbox 300 2981 352 2997; x_wconf 87' lang='lat' dir='ltr'>cum</span> <span class='ocrx_word' id='word_1_830' title='bbox 371 2976 474 2998; x_wconf 74' lang='lat' dir='ltr'>dicatur:</span> <span class='ocrx_word' id='word_1_831' title='bbox 492 2976 573 3003; x_wconf 80' lang='lat' dir='ltr'>homo,</span> <span class='ocrx_word' id='word_1_832' title='bbox 591 2977 629 3004; x_wconf 84' lang='lat' dir='ltr'>qui</span> <span class='ocrx_word' id='word_1_833' title='bbox 648 2978 682 2997; x_wconf 79' lang='lat' dir='ltr'>cst</span> <span class='ocrx_word' id='word_1_834' title='bbox 698 2975 776 3001; x_wconf 73' lang='lat' dir='ltr'>albus„</span> <span class='ocrx_word' id='word_1_835' title='bbox 795 2977 864 2998; x_wconf 76' lang='lat' dir='ltr'>currit</span> <span class='ocrx_word' id='word_1_836' title='bbox 881 2980 922 2998; x_wconf 75' lang='lat' dir='ltr'>etv.</span> 
     </span>
    </p>
   </div>
   <div class='ocr_carea' id='block_1_11' title="bbox 1042 2588 1888 2966">
    <p class='ocr_par' dir='ltr' id='par_1_47' title="bbox 1106 2588 1442 2618">
     <span class='ocr_line' id='line_1_108' title="bbox 1106 2588 1442 2618; baseline 0.003 -8"><span class='ocrx_word' id='word_1_837' title='bbox 1106 2588 1116 2603; x_wconf 88' lang='lat'>⁵</span> <span class='ocrx_word' id='word_1_838' title='bbox 1132 2588 1204 2611; x_wconf 84' lang='lat' dir='ltr'>Codd.</span> <span class='ocrx_word' id='word_1_839' title='bbox 1222 2589 1240 2611; x_wconf 84' lang='lat' dir='ltr'>G</span> <span class='ocrx_word' id='word_1_840' title='bbox 1250 2589 1267 2610; x_wconf 91' lang='grc' dir='ltr'>Η</span> <span class='ocrx_word' id='word_1_841' title='bbox 1279 2589 1295 2610; x_wconf 79' lang='grc' dir='ltr'><strong>Κ</strong></span> <span class='ocrx_word' id='word_1_842' title='bbox 1308 2589 1327 2610; x_wconf 84' lang='lat' dir='ltr'>X</span> <span class='ocrx_word' id='word_1_843' title='bbox 1346 2590 1442 2618; x_wconf 80' lang='lat' dir='ltr'>oportet.</span> 
     </span>
    </p>

    <p class='ocr_par' dir='ltr' id='par_1_48' title="bbox 1106 2627 1663 2655">
     <span class='ocr_line' id='line_1_109' title="bbox 1106 2627 1663 2655; baseline 0.002 -6"><span class='ocrx_word' id='word_1_844' title='bbox 1106 2627 1115 2641; x_wconf 75' lang='grc' dir='ltr'>ὃ</span> <span class='ocrx_word' id='word_1_845' title='bbox 1133 2627 1160 2649; x_wconf 79' lang='lat' dir='ltr'>Ut.</span> <span class='ocrx_word' id='word_1_846' title='bbox 1177 2631 1293 2649; x_wconf 65' lang='lat' dir='ltr'>ostensum</span> <span class='ocrx_word' id='word_1_847' title='bbox 1312 2631 1343 2649; x_wconf 77' lang='lat' dir='ltr'>osi</span> <span class='ocrx_word' id='word_1_848' title='bbox 1361 2634 1429 2655; x_wconf 73' lang='lat' dir='ltr'>supro</span> <span class='ocrx_word' id='word_1_849' title='bbox 1449 2628 1470 2649; x_wconf 85' lang='lat' dir='ltr'>d.</span> <span class='ocrx_word' id='word_1_850' title='bbox 1489 2628 1509 2650; x_wconf 84' lang='lat'>6.</span> <span class='ocrx_word' id='word_1_851' title='bbox 1528 2634 1548 2650; x_wconf 80' lang='lat' dir='ltr'>a.</span> <span class='ocrx_word' id='word_1_852' title='bbox 1569 2629 1588 2649; x_wconf 92' lang='grc'>1.</span> <span class='ocrx_word' id='word_1_853' title='bbox 1605 2631 1626 2650; x_wconf 85' lang='lat' dir='ltr'>et</span> <span class='ocrx_word' id='word_1_854' title='bbox 1644 2629 1663 2650; x_wconf 79' lang='lat'>2.</span> 
     </span>
    </p>

    <p class='ocr_par' dir='ltr' id='par_1_49' title="bbox 1042 2666 1888 2966">
     <span class='ocr_line' id='line_1_110' title="bbox 1106 2666 1886 2695; baseline 0.004 -8"><span class='ocrx_word' id='word_1_855' title='bbox 1106 2666 1116 2680; x_wconf 91' lang='lat'><strong>⁷</strong></span> <span class='ocrx_word' id='word_1_856' title='bbox 1134 2667 1163 2688; x_wconf 79' lang='lat' dir='ltr'>De</span> <span class='ocrx_word' id='word_1_857' title='bbox 1182 2673 1226 2695; x_wconf 77' lang='lat' dir='ltr'>qun</span> <span class='ocrx_word' id='word_1_858' title='bbox 1246 2666 1329 2688; x_wconf 65' lang='lat' dir='ltr'>fallaci-‘i</span> <span class='ocrx_word' id='word_1_859' title='bbox 1348 2666 1401 2688; x_wconf 76' lang='lat' dir='ltr'>vide</span> <span class='ocrx_word' id='word_1_860' title='bbox 1419 2666 1519 2693; x_wconf 52' lang='lat' dir='ltr'>ixi-istut,</span> <span class='ocrx_word' id='word_1_861' title='bbox 1538 2667 1551 2688; x_wconf 92' lang='lat' dir='ltr'>l.</span> <span class='ocrx_word' id='word_1_862' title='bbox 1571 2667 1659 2688; x_wconf 69' lang='lat' dir='ltr'>lili-nell.</span> <span class='ocrx_word' id='word_1_863' title='bbox 1679 2673 1697 2688; x_wconf 60' lang='grc' dir='ltr'>υ.</span> <span class='ocrx_word' id='word_1_864' title='bbox 1717 2666 1737 2688; x_wconf 73' lang='grc'>4.</span> <span class='ocrx_word' id='word_1_865' title='bbox 1751 2667 1778 2691; x_wconf 74' lang='lat' dir='ltr'>(c.</span> <span class='ocrx_word' id='word_1_866' title='bbox 1792 2667 1829 2695; x_wconf 75' lang='grc'><em>5.).</em></span> <span class='ocrx_word' id='word_1_867' title='bbox 1843 2667 1886 2690; x_wconf 78' lang='lat' dir='ltr'>Cir.</span> 
     </span>
     <span class='ocr_line' id='line_1_111' title="bbox 1044 2704 1886 2733; baseline 0.001 -6"><span class='ocrx_word' id='word_1_868' title='bbox 1044 2712 1112 2733; x_wconf 81' lang='lat' dir='ltr'>suprn</span> <span class='ocrx_word' id='word_1_869' title='bbox 1132 2712 1184 2733; x_wconf 72' lang='lat' dir='ltr'>pag.</span> <span class='ocrx_word' id='word_1_870' title='bbox 1207 2706 1246 2733; x_wconf 67' lang='lat'>¹8,</span> <span class='ocrx_word' id='word_1_871' title='bbox 1266 2709 1315 2727; x_wconf 70' lang='lat' dir='ltr'>nota</span> <span class='ocrx_word' id='word_1_872' title='bbox 1335 2705 1355 2727; x_wconf 78' lang='lat'>5.</span> <span class='ocrx_word' id='word_1_873' title='bbox 1374 2717 1403 2720; x_wconf 97' lang='lat'><strong>—</strong></span> <span class='ocrx_word' id='word_1_874' title='bbox 1421 2706 1441 2726; x_wconf 89' lang='lat' dir='ltr'>ln</span> <span class='ocrx_word' id='word_1_875' title='bbox 1460 2705 1512 2726; x_wconf 72' lang='lat' dir='ltr'>cdd.</span> <span class='ocrx_word' id='word_1_876' title='bbox 1531 2706 1586 2726; x_wconf 70' lang='lat' dir='ltr'>huc(-</span> <span class='ocrx_word' id='word_1_877' title='bbox 1612 2704 1690 2727; x_wconf 70' lang='lat' dir='ltr'>uilium</span> <span class='ocrx_word' id='word_1_878' title='bbox 1719 2708 1843 2733; x_wconf 76' lang='lat' dir='ltr'>propositio</span> <span class='ocrx_word' id='word_1_879' title='bbox 1866 2708 1886 2729; x_wconf 90' lang='lat' dir='ltr'>in</span> 
     </span>
     <span class='ocr_line' id='line_1_112' title="bbox 1045 2743 1888 2774; baseline 0.002 -9"><span class='ocrx_word' id='word_1_880' title='bbox 1045 2744 1217 2765; x_wconf 66' lang='lat' dir='ltr'>hunerondum</span> <span class='ocrx_word' id='word_1_881' title='bbox 1236 2746 1336 2765; x_wconf 78' lang='lat' dir='ltr'>truncata</span> <span class='ocrx_word' id='word_1_882' title='bbox 1359 2747 1378 2764; x_wconf 70' lang='lat' dir='ltr'>ct</span> <span class='ocrx_word' id='word_1_883' title='bbox 1405 2743 1561 2765; x_wconf 68' lang='lat' dir='ltr'>transformata</span> <span class='ocrx_word' id='word_1_884' title='bbox 1588 2747 1637 2765; x_wconf 69' lang='lat' dir='ltr'>cst:</span> <span class='ocrx_word' id='word_1_885' title='bbox 1660 2743 1725 2766; x_wconf 71' lang='lat' dir='ltr'>Unde.</span> <span class='ocrx_word' id='word_1_886' title='bbox 1749 2744 1888 2774; x_wconf 66' lang='lat' dir='ltr'>cuicumqiw</span> 
     </span>
     <span class='ocr_line' id='line_1_113' title="bbox 1044 2781 1887 2810; baseline 0.002 -5"><span class='ocrx_word' id='word_1_887' title='bbox 1044 2781 1168 2805; x_wconf 80' lang='lat' dir='ltr'>subiicitur</span> <span class='ocrx_word' id='word_1_888' title='bbox 1184 2782 1226 2805; x_wconf 75' lang='lat' dir='ltr'>isla</span> <span class='ocrx_word' id='word_1_889' title='bbox 1243 2782 1357 2804; x_wconf 67' lang='lat' dir='ltr'>terminus</span> <span class='ocrx_word' id='word_1_890' title='bbox 1375 2782 1456 2809; x_wconf 76' lang='lat' dir='ltr'>homo,</span> <span class='ocrx_word' id='word_1_891' title='bbox 1483 2783 1557 2810; x_wconf 67' lang='lat' dir='ltr'>potest</span> <span class='ocrx_word' id='word_1_892' title='bbox 1580 2782 1664 2804; x_wconf 58' lang='lat' dir='ltr'>subiici</span> <span class='ocrx_word' id='word_1_893' title='bbox 1679 2785 1699 2806; x_wconf 76' lang='lat' dir='ltr'>et</span> <span class='ocrx_word' id='word_1_894' title='bbox 1716 2783 1755 2805; x_wconf 74' lang='lat' dir='ltr'>ilie</span> <span class='ocrx_word' id='word_1_895' title='bbox 1773 2784 1887 2807; x_wconf 72' lang='lat' dir='ltr'>tei-mimas</span> 
     </span>
     <span class='ocr_line' id='line_1_114' title="bbox 1044 2820 1888 2851; baseline 0.002 -8"><span class='ocrx_word' id='word_1_896' title='bbox 1044 2821 1136 2843; x_wconf 71' lang='lat' dir='ltr'>animal</span> <span class='ocrx_word' id='word_1_897' title='bbox 1145 2830 1154 2849; x_wconf 75' lang='lat'>,·</span> <span class='ocrx_word' id='word_1_898' title='bbox 1170 2821 1216 2843; x_wconf 75' lang='lat' dir='ltr'>scd.</span> <span class='ocrx_word' id='word_1_899' title='bbox 1228 2837 1233 2842; x_wconf 91' lang='lat'>.</span> <span class='ocrx_word' id='word_1_900' title='bbox 1250 2822 1271 2843; x_wconf 73' lang='lat' dir='ltr'>vt</span> <span class='ocrx_word' id='word_1_901' title='bbox 1288 2820 1357 2843; x_wconf 77' lang='lat' dir='ltr'>hoino</span> <span class='ocrx_word' id='word_1_902' title='bbox 1368 2829 1376 2848; x_wconf 83' lang='lat'>,·</span> <span class='ocrx_word' id='word_1_903' title='bbox 1393 2820 1424 2843; x_wconf 79' lang='lat' dir='ltr'>ibi</span> <span class='ocrx_word' id='word_1_904' title='bbox 1440 2822 1473 2843; x_wconf 69' lang='lat' dir='ltr'>est</span> <span class='ocrx_word' id='word_1_905' title='bbox 1494 2821 1556 2843; x_wconf 73' lang='lat' dir='ltr'>euim</span> <span class='ocrx_word' id='word_1_906' title='bbox 1581 2828 1730 2851; x_wconf 66' lang='lat' dir='ltr'>consequens.</span> <span class='ocrx_word' id='word_1_907' title='bbox 1750 2823 1817 2844; x_wconf 73' lang='grc' dir='ltr'><strong>ΡειιιΙιι</strong></span> <span class='ocrx_word' id='word_1_908' title='bbox 1836 2824 1888 2845; x_wconf 67' lang='lat' dir='ltr'>inse-</span> 
     </span>
     <span class='ocr_line' id='line_1_115' title="bbox 1045 2859 1887 2890; baseline 0.005 -9"><span class='ocrx_word' id='word_1_909' title='bbox 1045 2862 1092 2882; x_wconf 82' lang='lat' dir='ltr'>rins</span> <span class='ocrx_word' id='word_1_910' title='bbox 1110 2867 1151 2887; x_wconf 78' lang='lat' dir='ltr'>pro</span> <span class='ocrx_word' id='word_1_911' title='bbox 1168 2859 1255 2882; x_wconf 68' lang='lat' dir='ltr'>[licitur-</span> <span class='ocrx_word' id='word_1_912' title='bbox 1272 2860 1321 2882; x_wconf 74' lang='lat' dir='ltr'>rod.</span> <span class='ocrx_word' id='word_1_913' title='bbox 1342 2860 1357 2881; x_wconf 85' lang='lat' dir='ltr'>U</span> <span class='ocrx_word' id='word_1_914' title='bbox 1375 2860 1540 2889; x_wconf 71' lang='lat' dir='ltr'>praedicatur,</span> <span class='ocrx_word' id='word_1_915' title='bbox 1561 2865 1582 2883; x_wconf 70' lang='lat' dir='ltr'>vt</span> <span class='ocrx_word' id='word_1_916' title='bbox 1600 2861 1651 2883; x_wconf 71' lang='lat' dir='ltr'>‹loin</span> <span class='ocrx_word' id='word_1_917' title='bbox 1665 2862 1715 2884; x_wconf 75' lang='lat' dir='ltr'>cod.</span> <span class='ocrx_word' id='word_1_918' title='bbox 1734 2862 1751 2890; x_wconf 87' lang='lat' dir='ltr'>Q</span> <span class='ocrx_word' id='word_1_919' title='bbox 1770 2863 1801 2883; x_wconf 72' lang='lat' dir='ltr'>sii·</span> <span class='ocrx_word' id='word_1_920' title='bbox 1814 2864 1887 2885; x_wconf 71' lang='lat' dir='ltr'>tvi-mi-</span> 
     </span>
     <span class='ocr_line' id='line_1_116' title="bbox 1045 2897 1887 2930; baseline 0.004 -10"><span class='ocrx_word' id='word_1_921' title='bbox 1045 2901 1082 2920; x_wconf 74' lang='lat' dir='ltr'>nat</span> <span class='ocrx_word' id='word_1_922' title='bbox 1099 2899 1250 2920; x_wconf 72' lang='lat' dir='ltr'>solutionem:</span> <span class='ocrx_word' id='word_1_923' title='bbox 1268 2898 1311 2921; x_wconf 77' lang='lat' dir='ltr'>itin</span> <span class='ocrx_word' id='word_1_924' title='bbox 1333 2897 1376 2921; x_wconf 80' lang='lat' dir='ltr'>sibi</span> <span class='ocrx_word' id='word_1_925' title='bbox 1400 2898 1499 2921; x_wconf 68' lang='lat' dir='ltr'>inclecm</span> <span class='ocrx_word' id='word_1_926' title='bbox 1524 2898 1607 2922; x_wconf 79' lang='lat' dir='ltr'>subiici</span> <span class='ocrx_word' id='word_1_927' title='bbox 1631 2901 1652 2922; x_wconf 65' lang='lat' dir='ltr'>et</span> <span class='ocrx_word' id='word_1_928' title='bbox 1676 2906 1718 2929; x_wconf 68' lang='lat' dir='ltr'>per</span> <span class='ocrx_word' id='word_1_929' title='bbox 1743 2906 1887 2930; x_wconf 48' lang='lat' dir='ltr'>constemens</span> 
     </span>
     <span class='ocr_line' id='line_1_117' title="bbox 1042 2937 1185 2966; baseline 0 -7"><span class='ocrx_word' id='word_1_930' title='bbox 1042 2937 1185 2966; x_wconf 70' lang='lat' dir='ltr'>praedicari.</span> 
     </span>
    </p>
   </div>
  </div>
 </body>
</html>
