2166 3366
3 405 5 412 ι
15 396 146 416 Fundamenta.

13 1563 44 1582 Ad
57 1564 130 1587 opposi-

725 175 806 202 nts'r.
829 175 882 202 XX.
905 175 975 203 ΛΒΤ.
1000 175 1115 204 UNlCUS
1136 176 1271 212 QUAEST.
1294 177 1310 204 1.

154 254 196 280 cet
218 258 356 279 summam
380 251 512 279 virtutem
535 251 709 287 permittere,
725 260 837 280 servum
861 262 943 281 suum
965 253 1000 281 ab

154 298 208 325 alio
230 298 255 325 in
276 297 478 334 sempiternum
503 297 603 325 iniuste
625 298 753 326 detineri.

235 345 257 372 1.
282 344 319 372 Ex
347 344 437 381 prima
467 344 597 380 arguitur
623 344 677 372 ita:
710 345 732 373 si
762 353 814 373 non
844 346 923 375 decet
951 347 998 375 Dei

154 391 326 429 propositum
351 391 502 421 intirinari:
530 394 557 419 et
587 391 659 419 Dens
681 393 885 428 proposuerat¹
914 394 999 422 bomi-

153 447 214 467 nem
238 438 391 475 perducere
413 438 447 466 ad
471 438 684 471 beatitudinem,
703 442 730 466 et
745 439 859 475 perduci
884 448 935 468 non
953 440 998 468 lia-

153 485 210 519 bet,
232 485 368 522 quamdiu
390 489 483 513 manet
506 485 530 512 in
554 488 627 514 statu
650 485 762 513 ruinae:
785 494 851 522 ergo
868 487 997 515 indecens

151 536 208 565 est,
231 532 370 560 hominem
394 532 420 560 in
443 532 488 559 tali
512 535 585 560 statu
609 532 745 569 relinqui:
769 541 835 569 ergo
856 534 893 562 ab
915 543 997 571 oppo-

150 578 215 607 sicis
236 579 336 607 decens
358 582 414 612 est,
437 579 528 616 ipsum
552 579 675 616 reparari
699 583 725 608 et
747 580 873 609 relevari.

229 628 255 654 2.
279 626 316 654 Ex
341 626 463 654 secunda
484 626 613 662 arguitur
635 627 688 654 sic:
712 636 764 655 non
787 628 887 656 decet²
911 631 994 657 totam

150 672 338 710 posteritatem
372 672 606 709 sempiternaliter
637 673 764 701 danmari
801 682 851 710 pro
884 678 996 711 peccato

149 719 233 748 unius
262 719 400 750 bominis:
429 719 477 747 sed
507 722 563 747 tota
592 719 825 756 sempiternaliter
853 721 996 749 damnare-

149 769 207 801 tur,
230 766 280 795 nisi
304 765 443 803 reparatio
465 766 658 794 interveniret:
681 774 748 803 ergo
769 775 924 803 congruum
944 767 995 796 fuit

148 816 175 842 et
196 813 316 847 decens,
338 816 369 841 ut
392 813 465 841 Dens
488 813 627 840 bominem
652 817 803 849 repararet.

227 860 252 888 3.
288 860 326 888 Ex
360 859 440 888 tertia
471 860 600 896 arguitur
633 860 692 887 sic:
725 868 777 888 non
811 860 890 889 deret
921 869 995 889 sum-

149 915 222 936 mam
245 906 407 943 sapientiam
439 906 612 943 permittere,
637 906 832 935 universaliter
861 907 995 935 nobilissi-

149 962 222 983 mam
244 957 402 983 creaturam
425 953 479 981 tine
501 961 552 981 suo
573 953 712 985 t'raudari;
734 954 781 982 sed
811 954 861 982 nisi
885 962 994 991 repara-

148 1001 185 1030 tio
201 1001 393 1031 interveniret.
415 1008 511 1028 omnes
527 1000 653 1028 homines
676 1000 729 1028 tine
744 1008 794 1029 suo
813 1004 905 1029 essent
920 1001 992 1029 frau—

147 1048 217 1082 dati,
232 1052 259 1077 et
281 1048 318 1076 ita
333 1056 406 1076 vane
426 1055 523 1076 omnes
536 1046 593 1083 sitit·
614 1046 765 1075 (torinicum
779 1052 870 1076 <essent
891 1049 993 1076 consti-

147 1095 241 1128 luti³‚·
262 1095 336 1132 quod
363 1094 473 1122 divinae
501 1094 652 1130 sapientiae
675 1102 727 1122 non
750 1094 892 1131 congruit,
921 1102 992 1131 quae

146 1141 214 1170 nihil
238 1142 421 1178 incongruum
445 1141 522 1169 facit:
538 1148 605 1177 ergo
628 1144 723 1171 restat.
739 1142 814 1178 quod
837 1141 917 1170 valde
932 1150 993 1169 con-

145 1196 248 1226 gruum
271 1188 334 1222 fuit,
356 1196 443 1224 genus
466 1188 620 1216 humanum
644 1188 777 1224 reparari.

223 1236 250 1264 [ι.
274 1235 312 1264 Lx
328 1238 428 1272 quarta
448 1234 577 1271 arguitur
599 1235 652 1262 sic:
677 1243 728 1262 non
745 1235 823 1262 decet
852 1242 990 1262 summam

145 1282 277 1311 virtutem
301 1281 472 1319 permittere,
496 1289 591 1310 servos
612 1289 678 1309 suos
700 1281 799 1309 iniuste
816 1285 843 1309 et
858 1281 991 1309 violenter

143 1329 178 1358 ab
199 1328 362 1358 adversario
377 1328 510 1358 detineri:
532 1329 580 1356 sed
604 1328 653 1356 nist
671 1329 809 1365 reparatio
832 1328 991 1356 intervenis-

144 1379 200 1409 set,
215 1376 295 1404 multi
317 1375 390 1404 servi
409 1375 455 1404 Dei
478 1380 504 1403 et
519 1375 609 1403 Sancti
632 1375 824 1403 detinerentur
840 1375 865 1403 in
889 1375 988 1403 limbo:

144 1430 210 1460 ergo
231 1430 386 1459 congruum
410 1422 462 1451 suit
482 1425 508 1450 et
530 1422 646 1456 decens,
669 1430 718 1458 per
740 1422 921 1459 reparationis
946 1422 990 1451 be-

143 1470 274 1499 neficium
296 1469 438 1499 subveniri
462 1470 554 1506 generi
579 1470 709 1497 humano.

222 1517 274 1545 San
295 1524 405 1545 CONTRA
432 1516 483 1545 hoc
511 1516 641 1544 obiicitur
669 1516 721 1544 sic:
754 1517 778 1544 t.
803 1516 828 1544 Si
860 1516 989 1545 indecens

144 1563 253 1598 suisset,
274 1571 362 1600 genus
384 1563 538 1592 humanum
569 1572 622 1591 non
646 1563 788 1599 reparari,
809 1566 836 1591 et
865 1563 989 1592 inconve-

143 1610 241 1645 niens;
262 1614 289 1639 et
314 1610 487 1648 «quodlibet
514 1611 659 1639 minimum
683 1609 893 1640 inconveniens.
916 1609 988 1638 sicut

142 1657 208 1687 dicit
229 1658 375 1686 Anselmus
397 1657 422 1686 in
446 1658 537 1695 primo
560 1658 620 1686 Cur
638 1658 712 1685 Deus
727 1656 810 1685 homo
823 1657 842 1689 ⁴,
866 1657 921 1685 Deo
945 1660 987 1685 est

142 1704 312 1742 impossibile
324 1715 350 1732 n:
365 1713 432 1741 ergo
454 1705 505 1733 fuit
520 1704 702 1742 impossibile,
725 1704 812 1732 Deum
834 1712 922 1740 genus
939 1704 987 1732 bu—

143 1759 256 1780 manum
279 1759 332 1780 non
355 1759 495 1788 reparare.
513 1752 542 1779 Et
563 1759 598 1779 ex
622 1751 672 1779 hoc
688 1751 798 1779 elicitur
820 1750 926 1787 duplex
949 1751 986 1779 in-

141 1799 325 1827 conveniens:
348 1806 450 1832 unum,
471 1798 546 1834 quod
569 1798 642 1826 Dens
665 1806 716 1825 non
741 1797 880 1834 reparavit
897 1805 985 1834 genus

141 1845 296 1874 humanum
312 1848 426 1882 propter
438 1844 673 1873 misericordiam
683 1867 688 1875 ,
700 1844 748 1873 sed
764 1844 856 1881 potius
870 1847 984 1881 propter

139 1891 280 1920 vitandam
303 1892 500 1926 indecentiam;
515 1888 605 1925 atiud,
627 1891 701 1928 quod
717 1899 771 1919 non
793 1891 933 1927 reparavit
947 1898 983 1919 ex

139 1938 325 1973 liberalitate,
347 1939 395 1968 sed
417 1947 453 1968 ex
475 1939 644 1967 necessitate.
666 1938 745 1974 Quod
767 1938 789 1966 si
805 1945 904 1966 verum
926 1942 982 1973 est,

138 1994 192 2015 non
214 1989 343 2015 tenemur
363 1986 387 2015 ei
410 1986 444 2015 ad
467 1989 557 2014 tantas
578 1985 730 2021 gratiarum
750 1984 871 2013 actiones
879 1995 886 2019 ;
907 1985 982 2022 quod

138 2032 255 2070 impium
280 2035 308 2061 et
329 2033 556 2062 crudelissimum
579 2035 620 2060 est
641 2031 733 2060 dicere
746 2031 764 2058 ⁵.

216 2081 241 2108 ἓ.
264 2080 346 2114 Item,
375 2079 494 2108 nobilior
522 2082 651 2107 creatura
679 2082 721 2106 est
749 2078 868 2114 Angelus
896 2086 979 2114 quam

139 2126 234 2161 homo,
255 2129 282 2155 et
303 2130 417 2164 propter
439 2126 638 2155 beatitudinem
667 2128 709 2153 est
731 2124 814 2159 facta,
836 2124 908 2153 sicut
937 2125 982 2153 ho-

1840 180 1896 208 417

1058 261 1118 286 mo;
1140 254 1188 282 sed
1211 263 1264 282 non
1287 254 1380 283 decuit
1403 255 1490 284 Deum
1513 256 1638 285 relevare
1658 257 1789 293 angelum
1812 266 1827 285 a
1849 266 1901 286 suo

1057 302 1136 338 lapsu
1150 302 1175 329 ⁶:
1197 310 1264 339 ergo
1286 310 1335 330 nec
1356 302 1450 331 decuit
1472 311 1603 339 reparare
1625 311 1713 340 genus
1735 305 1899 333 humanum.

1135 348 1161 377 3.
1184 349 1266 383 ltcm,
1288 349 1359 377 sicut
1381 349 1460 377 decet
1481 350 1602 378 divinam
1626 350 1788 387 sapientiam
1811 355 1838 380 et
1857 351 1902 380 bo-

1056 395 1168 423 nitatem
1192 396 1317 424 relevare
1339 396 1499 428 cadentem.
1528 397 1567 425 sic
1588 397 1670 425 etiam
1696 397 1775 426 decet
1796 401 1902 427 susten-

1057 445 1114 470 tare
1137 445 1268 476 stantem;
1284 442 1332 470 sed
1350 451 1401 470 non
1418 443 1511 471 decuit
1533 443 1618 471 Deum
1637 447 1729 472 tenere
1748 448 1836 481 genus
1852 445 1901 473 hu-

1056 496 1183 523 manum,
1206 496 1239 517 ne
1262 489 1403 517 laberetur
1417 489 1441 517 ⁷:
1463 497 1529 526 ergo
1552 490 1671 524 videtur,
1690 491 1764 528 quod
1786 499 1839 519 non
1856 491 1901 520 de-

1054 535 1111 563 cuit
1134 535 1223 572 ipsum
1247 535 1371 564 relevare
1394 539 1454 573 post
1477 536 1567 573 ipsum
1592 536 1709 573 lapsum.

1132 582 1159 610 [ι.
1181 582 1262 616 Item,
1285 590 1337 610 non
1361 582 1439 611 deret
1461 583 1548 611 Deum
1563 583 1572 596 ⁸
1594 584 1683 613 facere
1702 589 1797 613 contra
1819 593 1898 614 suam

1056 629 1204 661 iustitiam;
1225 629 1272 657 sed
1290 629 1386 663 homo,
1402 638 1464 658 cuni
1488 630 1624 666 peccavit,
1647 631 1748 659 meruit
1762 640 1778 659 a
1800 632 1855 660 Deo
1871 633 1897 660 in

1053 679 1197 704 aeternum
1225 676 1363 713 separari:
1393 676 1414 704 si
1437 684 1504 712 ergo
1533 685 1582 713 per
1611 678 1813 714 reparationem
1842 679 1899 708 Deo

1054 723 1137 751 habet
1151 723 1294 759 coniungi,
1310 723 1430 757 videtur,
1445 723 1519 760 quod
1536 731 1680 760 nunqnam
1696 724 1797 759 decuit,
1810 734 1898 762 genus

1054 770 1208 798 humanum
1231 769 1365 807 reparari.

1132 818 1156 844 5.
1180 817 1259 850 ltem,
1281 817 1353 845 sicut
1368 817 1450 845 bomo
1473 817 1575 846 meruit
1590 825 1638 854 per
1661 821 1804 854 peccatum
1828 827 1899 847 mor-

1053 867 1106 892 tem
1129 863 1236 897 carnis‚
1262 863 1299 892 ita
1327 864 1409 892 etiam
1440 864 1542 892 meruit
1565 868 1680 893 mortem
1711 865 1895 902 sempiternae

1052 910 1253 943 damnationis;
1274 910 1322 939 sed
1345 919 1397 939 non
1421 911 1514 940 decuit
1536 911 1622 940 Deum
1647 912 1683 940 sic
1707 920 1839 949 reparare
1854 920 1897 950 ge·

1051 966 1104 985 nus
1121 957 1288 992 humanum,
1303 961 1334 986 ut
1347 966 1399 986 non
1413 961 1569 986 moreretur
1582 962 1670 987 morte
1685 959 1776 988 carnis
1789 959 1814 988 ⁹:
1830 968 1896 997 ergo

1051 1013 1104 1033 non
1127 1004 1219 1033 decuit
1244 1005 1283 1033 sic
1304 1012 1454 1041 reparare,
1480 1008 1511 1033 ut
1539 1013 1591 1033 non
1619 1009 1776 1034 moreretur
1806 1011 1894 1035 morte

1050 1051 1235 1088 sempiternae
1256 1051 1448 1080 damnationis.

1129 1099 1154 1126 6.
1177 1098 1256 1130 item,
1279 1106 1332 1126 non
1355 1098 1433 1127 decet
1463 1098 1550 1126 Deum
1572 1098 1662 1127 tacere
1688 1102 1784 1127 contra
1806 1099 1896 1136 dispo-

1050 1144 1177 1173 sitionem
1199 1152 1266 1173 suae
1287 1144 1453 1182 sapientiae;
1468 1145 1515 1174 sed
1539 1145 1612 1174 Deus
1628 1145 1709 1173 talem
1733 1146 1835 1174 fecerat
1851 1146 1895 1174 bo-

1051 1192 1166 1225 minem,
1181 1195 1224 1225 ul,
1240 1192 1261 1219 si
1279 1191 1360 1220 vellet
1375 1195 1462 1225 stare,
1477 1195 1578 1223 staret,
1593 1194 1620 1220 et
1642 1192 1662 1220 si
1680 1192 1762 1221 vellet
1781 1192 1894 1224 cadere.

1049 1238 1171 1266 caderet:
1188 1246 1255 1274 ergo
1269 1238 1341 1267 sieut
1356 1246 1409 1266 non
1425 1238 1504 1267 dccet
1526 1238 1612 1267 Deum
1629 1238 1719 1267 facere
1741 1239 1775 1267 de
1790 1242 1894 1274 stante,

1049 1288 1080 1313 ut
1101 1285 1196 1319 cadat,
1219 1286 1255 1313 ita
1277 1293 1330 1313 non
1353 1285 1431 1314 decet
1448 1285 1538 1322 ipsum
1560 1285 1650 1314 facere
1665 1286 1699 1314 de
1721 1286 1849 1321 cadente,
1864 1291 1894 1315 ut

1050 1336 1195 1368 resurgat:
1218 1340 1284 1368 ergo
1312 1340 1365 1360 non
1387 1332 1466 1361 decet
1493 1340 1558 1361 eum
1588 1341 1720 1370 reparare
1742 1333 1891 1362 humanam

1048 1383 1178 1407 naturam
1191 1378 1217 1406 ¹⁰.

1361 1480 1575 1501 CONCLUSIO.

1049 1565 1146 1593 Genus
1167 1564 1331 1593 havianum
1346 1565 1501 1602 reparari,
1516 1574 1681 1603 conqrzcum
1695 1570 1720 1594 et
1735 1567 1835 1595 decens
1849 1571 1889 1595 est

1111 1616 1172 1640 tum
1194 1620 1228 1640 eac
1248 1616 1333 1649 parte
1356 1613 1423 1645 Dei,
1446 1616 1504 1641 tum
1528 1622 1562 1642 er
1581 1618 1667 1650 parte
1688 1613 1822 1642 hominis.

1124 1706 1298 1734 nespoanssoz
1322 1705 1488 1740 Dicendum,
1510 1707 1583 1743 quod
1599 1707 1705 1744 absque
1727 1708 1812 1737 dubio
1828 1716 1889 1737 con-
1901 1718 2006 1737 conclusio.

1043 1760 1145 1789 gruum
1175 1756 1216 1781 est
1244 1756 1270 1780 et
1298 1752 1414 1787 decens,
1444 1754 1568 1790 reparari
1596 1762 1684 1790 genus
1713 1755 1887 1790 humanum3

1042 1807 1211 1836 congruum,
1240 1800 1366 1836 inquam,
1388 1803 1429 1828 est
1457 1803 1484 1828 et
1515 1800 1616 1829 decens
1648 1809 1702 1829 non
1731 1801 1821 1830 solnm
1850 1809 1887 1831 ex

1041 1849 1120 1882 parte
1144 1845 1211 1879 Del,
1237 1846 1286 1874 sed
1312 1846 1394 1874 etiam
1417 1854 1453 1874 ex
1482 1850 1561 1883 parte
1583 1845 1717 1875 hominis.
1740 1848 1779 1876 Ex
1809 1851 1887 1885 parte
1902 1858 2027 1886 congruentia

1044 1892 1110 1925 Dei,
1131 1892 1197 1929 quia
1218 1892 1297 1921 decet
1318 1892 1365 1921 Dei
1389 1893 1552 1929 potentiam,
1574 1894 1737 1931 sapientiam
1759 1897 1786 1923 et
1808 1882 2027 1923 mise-e‘p'mfflffl‘

1041 1938 1209 1972 ricordiam,
1231 1939 1302 1968 sicut
1328 1939 1354 1967 in
1380 1939 1545 1976 opponendo
1571 1944 1755 1969 monstratum
1781 1944 1822 1969 est
1843 1949 1887 1970 su-

1040 1986 1129 2022 pra¹¹.
1145 2002 1183 2006 —
1199 1986 1237 2014 Ex
1260 1989 1338 2023 parte
1360 1994 1426 2015 vero
1448 1985 1573 2015 hominis
1588 1987 1768 2024 congruentia
1789 1991 1831 2016 est
1852 1987 1885 2016 si·
1897 1999 1922 2025 Eg
1933 2001 1985 2025 pam
1994 1999 2026 2018 hc„

1040 2032 1155 2066 militer,
1177 2033 1199 2061 si
1221 2033 1414 2062 consideretur
1435 2033 1565 2070 cliynz‘cas
1589 2033 1715 2062 ltomz'nls
1736 2034 1839 2063 conditi
1858 2038 1884 2063 et
1898 2027 1960 2041 ¹⁰¹⁰*

1039 2079 1142 2107 modus
1165 2079 1281 2107 labendi
1298 2082 1324 2108 et
1344 2083 1440 2108 status
1462 2079 1546 2117 lapsi.
1558 2097 1597 2101 ——
1609 2081 1745 2118 Dt'ynt'tas
1764 2089 1884 2119 namque
1897 2092 1966 2111 Prima.

1039 2124 1165 2154 hominis
1180 2129 1255 2154 tanta
1275 2130 1347 2160 erat,
1363 2130 1393 2155 ut
1415 2131 1528 2164 propter
1544 2127 1636 2164 ipsum
1652 2127 1723 2156 facta
1745 2132 1810 2156 sunt
1826 2128 1885 2156 uni-

199 2260 206 2274 ¹
224 2260 296 2283 Codd.
314 2260 331 2283 C
342 2261 357 2282 1,
367 2261 384 2283 U
409 2267 435 2283 aa
461 2259 598 2289 proposuit,
628 2258 695 2281 codd.
722 2259 792 2280 BDG
802 2259 820 2280 Η
831 2259 836 2280 Ι
847 2259 865 2280 Μ
876 2259 892 2280 Ν
903 2258 920 2281 O
930 2259 948 2281 T
961 2260 980 2282 V

135 2298 293 2328 proposuerit.

197 2338 206 2352 ²
223 2338 279 2360 Cod.
298 2338 315 2360 11
333 2338 426 2366 supplet
443 2343 563 2360 sttinnmm
579 2335 734 2360 clementiam.

197 2375 206 2391 3
224 2377 304 2399 Psatm.
323 2377 359 2405 88,
378 2376 419 2398 48:
441 2376 548 2405 Nunquid
574 2376 635 2397 enim
661 2381 720 2397 vane
746 2375 880 2397 constituisti
898 2381 979 2398 omnes

135 2415 192 2438 filios
209 2416 348 2438 hominum?

197 2453 206 2468 ⁴
222 2454 277 2482 Cap.
295 2455 332 2476 20.
350 2454 394 2477 Cfr.
413 2454 468 2476 ibid.
486 2460 505 2476 e.
526 2454 560 2482 10,
573 2456 595 2475 et
612 2453 640 2475 de
652 2453 705 2475 Fide
723 2453 786 2474 Trin.
799 2458 818 2474 c.
831 2452 851 2474 5.
865 2453 907 2475 Pro
919 2452 975 2481 Deo,

134 2499 204 2522 quam
222 2494 341 2516 tectionem
360 2493 404 2514 tide
422 2492 489 2515 codd.
507 2492 579 2514 DFK
591 2492 607 2513 M
627 2492 828 2519 conservavimus,
847 2493 919 2513 textus
936 2492 978 2514 ori<

134 2533 180 2560 gin.
195 2532 219 2555 ιή
236 2532 295 2560 Deo,
310 2532 362 2555 edd.
377 2538 435 2561 erytt
452 2531 534 2554 Dema.
552 2544 577 2547 —
590 2531 692 2553 Subinde
705 2536 747 2558 pro
759 2536 815 2559 erqo
832 2529 878 2559 fait
894 2530 978 2560 impos-

133 2569 198 2593 sibile
214 2570 265 2593 cod.
284 2571 300 2591 B
316 2576 372 2599 eryo
390 2569 477 2597 decuit,
497 2574 518 2592 et
536 2576 578 2597 pro
596 2575 710 2598 reparare
728 2569 791 2591 multi
804 2569 872 2591 codd.
890 2573 911 2591 et
923 2569 977 2591 edd.

137 2610 158 2637 t,
176 2610 189 2631 ‘2
207 2610 288 2631 vitiose
306 2608 425 2638 reparari.

195 2647 205 2661 ⁵
222 2647 269 2669 Hoc
286 2647 370 2675 duplex
387 2648 551 2669 inconveniens
577 2647 648 2674 tangit
673 2646 785 2673 anselm„
812 2646 835 2668 n.
853 2645 899 2668 Cur
916 2646 977 2668 Deus

133 2688 213 2714 bomo,
232 2693 251 2709 e.
269 2687 289 2708 5.
308 2686 398 2709 dicens:
424 2686 469 2708 Sed
486 2687 504 2708 si
522 2687 549 2707 ita
568 2688 612 2713 est,
638 2685 730 2708 videtur
756 2686 820 2714 qnasi
847 2686 898 2713 cogi
916 2685 976 2707 Deus

132 2727 264 2748 necessitate
282 2725 367 2748 vitandi
386 2725 548 2753 indecentiam,
566 2727 591 2747 ut
607 2724 704 2746 satutem
717 2727 825 2752 procuret
842 2725 974 2747 humanam.

132 2764 254 2792 Quomodo
271 2770 327 2792 crgo
346 2764 423 2792 negari
441 2764 534 2791 poterit,
554 2763 605 2791 plus
618 2764 661 2785 hoc
678 2765 772 2790 propter
783 2769 808 2784 se
819 2763 893 2785 facere
905 2769 974 2791 quam

131 2805 226 2831 propter
243 2804 300 2825 nos?
319 2804 345 2825 At
362 2804 380 2825 si
392 2803 420 2825 ita
439 2804 481 2830 est,
501 2808 570 2831 quam
588 2803 685 2830 gratiam
702 2802 731 2823 itti
749 2801 862 2823 debemus
885 2808 926 2829 pro
948 2808 975 2823 eo

132 2842 194 2871 quod
211 2843 264 2864 facit
280 2844 374 2871 propter
390 2843 429 2864 se?
453 2841 574 2870 Quomodo
597 2842 664 2864 etiam
686 2843 787 2863 nostram
809 2841 975 2869 imputabimus

131 2881 227 2903 salutem
244 2882 293 2904 eius
310 2882 407 2909 gratiae,
425 2882 443 2903 si
462 2887 503 2903 nos
520 2881 592 2903 salvat
609 2881 759 2902 necessitate?

193 2919 204 2934 ⁶
220 2920 277 2943 Vide
294 2920 402 2948 Anselm.,
420 2920 444 2942 11.
462 2919 508 2942 Cur
526 2919 586 2941 Deus
603 2920 684 2947 homo,
703 2925 722 2941 c.
741 2919 782 2947 21,
800 2921 821 2941 et
834 2925 903 2947 supra
916 2918 938 2941 d.
952 2919 973 2940 2.

132 2965 151 2980 a.
173 2959 191 2980 1.
209 2965 231 2987 q.
249 2960 270 2981 2.
502 2963 507 2968 “

258 3010 282 3033 S.
300 3010 387 3033 Bomw.
405 3023 436 3026 —
454 3010 520 3032 'l'om.
540 3010 570 3031 tlt.

1097 2259 1107 2274 ⁷
1125 2259 1169 2282 Ct‘r.
1188 2260 1210 2281 11.
1229 2261 1288 2282 svnt.
1306 2260 1328 2282 d.
1347 2260 1383 2282 23.
1402 2267 1421 2282 a.
1444 2260 1460 2282 l.
1473 2267 1495 2288 q.
1518 2261 1535 2282 1.
1553 2266 1600 2288 seq.
1617 2272 1649 2276 —
1667 2261 1749 2283 Prone
1762 2260 1882 2283 laberetur

1036 2298 1088 2321 edd.
1111 2299 1128 2326 1,
1146 2299 1159 2320 2
1176 2300 1230 2321 ante
1247 2298 1353 2328 lapsum,
1373 2305 1432 2328 quae
1455 2298 1526 2321 verba
1546 2299 1595 2320 Vat.
1621 2299 1699 2321 verbis
1716 2305 1744 2321 ne
1762 2298 1881 2322 laberetur

1036 2337 1145 2366 adiungit.
1160 2338 1207 2359 Mox
1220 2344 1262 2366 pro
1273 2339 1325 2366 post
1337 2337 1414 2367 ipsum
1427 2337 1520 2367 lapsum
1532 2338 1599 2360 codd.
1613 2339 1629 2359 Α
1640 2338 1657 2359 K
1669 2338 1684 2359 Z
1703 2337 1734 2360 bb
1751 2340 1773 2360 et
1787 2338 1840 2361 edd.
1861 2339 1880 2367 t,

1036 2376 1049 2397 2
1065 2376 1118 2404 post
1136 2375 1236 2405 lapsam.

1097 2415 1107 2430 ⁸
1124 2416 1166 2437 t‘ro
1183 2415 1258 2437 Deum
1276 2416 1340 2438 multi
1358 2415 1425 2438 codd.
1444 2414 1530 2444 ipsum.

1096 2453 1107 2468 ⁹
1124 2455 1227 2482 August,
1246 2454 1268 2476 11.
1285 2454 1314 2476 de
1339 2454 1425 2476 Peccat.
1451 2455 1525 2477 merit.
1542 2457 1564 2476 et
1589 2455 1677 2477 remiss.
1704 2458 1746 2477 etc.
1765 2461 1784 2477 c.
1803 2455 1839 2477 31.
1858 2462 1878 2477 n.

1035 2491 1076 2514 50:
1095 2492 1182 2514 Poterat
1199 2496 1274 2514 autem
1292 2493 1359 2514 etiam
1379 2493 1421 2514 hoc
1439 2492 1524 2514 donare
1536 2492 1694 2521 credentibus,
1713 2496 1738 2515 ut
1756 2499 1798 2516 nee
1815 2494 1879 2516 istius

1034 2531 1190 2558 experirentur
1213 2532 1316 2559 corporis
1333 2534 1440 2557 mortem,
1459 2531 1500 2553 sed
1517 2532 1534 2553 si
1553 2532 1595 2554 hoc
1614 2533 1713 2559 fecisset,
1732 2534 1793 2555 carni
1811 2539 1879 2561 quae-

1034 2569 1088 2591 dam
1106 2570 1197 2592 felicitas
1215 2570 1348 2597 adderetur,
1362 2571 1503 2592 minueretur
1514 2572 1590 2592 autem
1603 2570 1655 2593 fidei
1667 2571 1799 2594 fortitudo...
1817 2571 1878 2600 Quid

1034 2609 1094 2629 enim
1112 2614 1223 2636 magnum
1240 2611 1299 2635 erat,
1318 2609 1430 2636 videndo,
1443 2614 1487 2630 non
1501 2610 1558 2631 mori
1576 2615 1615 2631 eos
1627 2610 1666 2638 qui
1684 2610 1814 2638 crederent,
1832 2617 1878 2633 cre-

1034 2646 1100 2675 dere,
1118 2653 1142 2669 sc
1161 2653 1204 2669 non
1230 2648 1387 2670 moriturum?
1413 2648 1502 2676 Quanto
1519 2651 1553 2670 est
1578 2649 1663 2676 maius,
1682 2652 1767 2677 quanto
1786 2650 1876 2677 fortius,

1034 2690 1118 2714 quanto
1136 2686 1272 2709 laudabilius
1289 2687 1317 2709 ita
1335 2687 1441 2714 credere,
1459 2690 1483 2709 ut
1500 2693 1524 2709 se
1541 2690 1617 2714 speret
1628 2688 1754 2710 moriturus
1766 2689 1815 2710 sine
1832 2688 1877 2711 fine

1033 2726 1166 2747 victurum?
1185 2729 1226 2747 etc.
1246 2725 1303 2747 Vide
1320 2726 1387 2747 etiam
1413 2726 1520 2753 Ansetm„
1546 2725 1574 2747 de
1600 2725 1712 2748 Concord.
1730 2733 1818 2754 praesc.
1836 2727 1875 2749 Dei

1033 2770 1085 2786 cum
1103 2763 1141 2786 lih.
1160 2763 1207 2786 arb.
1226 2770 1248 2792 q.
1266 2764 1287 2785 3.
1305 2769 1324 2786 e.
1342 2765 1363 2786 9.
1380 2775 1412 2780 —·
1429 2764 1480 2786 Post
1497 2770 1569 2791 pauca
1588 2770 1630 2792 pro
1647 2764 1680 2787 sic
1698 2771 1812 2794 reparare
1829 2771 1874 2788 non

1033 2803 1099 2830 pauci
1118 2802 1184 2824 codd.
1202 2801 1236 2825 sic
1252 2808 1370 2831 repararz.

1097 2840 1115 2855 ¹⁰
1131 2840 1186 2863 Cod.
1204 2841 1223 2863 Y
1239 2847 1314 2871 qenes
1330 2840 1470 2864 humanum.

1095 2879 1112 2894 ¹¹
1131 2880 1171 2902 llic
1188 2881 1209 2901 in
1227 2880 1328 2902 fundam.
1342 2880 1386 2902 Ctr.
1400 2881 1466 2903 etiam
1480 2887 1549 2909 supra
1562 2881 1584 2903 d.
1606 2882 1623 2903 t.
1642 2888 1662 2904 a.
1680 2882 1701 2904 ⁴2.
1719 2888 1741 2910 q.
1763 2883 1781 2904 1.
1798 2882 1874 2904 —De

1030 2918 1157 2941 rationibus
1173 2924 1203 2941 etv
1218 2920 1286 2948 parte
1303 2918 1406 2942 hominis
1423 2919 1462 2942 etr.
1480 2926 1549 2948 supra
1568 2920 1590 2942 d.
1609 2921 1629 2942 2.
1647 2927 1667 2942 a.
1689 2921 1706 2942 1.
1725 2927 1747 2949 q.
1766 2921 1792 2948 2,
1810 2923 1832 2943 et
1849 2921 1873 2943 n.

1032 2958 1091 2980 Sem.
1111 2958 1132 2979 d.
1151 2958 1187 2979 21.
1205 2964 1224 2979 a.
1243 2958 1263 2979 3.
1282 2964 1304 2986 q.
1323 2958 1343 2980 ’2.

1717 3010 1745 3031 53
