2166 3366
240 215 296 243 Stin

240 292 327 321 libido
349 291 508 324 intervenit,
530 289 574 318 vel
603 291 778 324 contemptus
792 288 814 322 ¹;
836 288 885 316 sed
911 287 1089 315 mendacium

241 338 395 367 officiosum
419 337 453 365 de
474 344 525 365 sua
553 336 660 364 ratione
686 343 739 363 non
769 334 835 363 dicit
867 334 1010 362 libidinem
1039 341 1089 362 nec

242 388 448 420 conteinptuin':
478 391 545 419 ergo
575 390 626 411 non
656 382 782 416 videtur,
811 381 886 418 quod
916 381 950 409 sit
973 380 1089 408 mortale

241 434 354 469 peccatu
361 439 394 458 m.

320 478 347 506 lt.
370 478 449 509 ltem,
472 485 534 506 cum
555 477 617 513 quis
640 475 730 504 iocat²
754 484 818 505 cum
834 475 964 512 proximo
986 482 1037 502 suo
1052 474 1090 502 di-

242 525 329 554 cendo
352 524 375 553 ei
398 523 535 557 tabulam„
558 531 611 551 non
628 523 691 551 facit
713 525 809 551 contra
823 522 946 558 aliquam
968 521 1090 558 prohibi-

242 573 359 601 tionem:
383 579 449 608 ergo
471 579 524 599 non
548 570 675 604 videtur,
698 570 771 607 quod
798 572 893 606 peccet
915 568 1089 602 mortaliter;

242 620 290 649 sed
314 619 447 648 mentitur
470 618 614 647 mendacio
637 617 742 646 iocoso:
766 625 831 654 ergo
847 625 900 645 non
920 624 1001 644 omne
1018 624 1091 644 men-

243 666 353 695 dacium
377 669 418 694 est
440 668 585 702 peccatum
609 664 734 692 mortale.

557 766 770 787 CONCLUSIO.

245 853 309 882 Non.
332 862 413 882 omne
434 852 621 881 mendacium
643 856 684 880 est
707 855 860 889 peccatum
881 851 1019 885 mortale,
1041 851 1092 879 secl

323 900 492 928 iteratione
522 899 572 928 Sttz'
599 899 716 937 generis
737 898 903 936 indifferens
938 902 1023 927 estet
1052 898 1092 926 ad

322 947 446 976 mortale
467 950 493 975 et
512 947 553 975 cttZ
573 946 693 975 veniale.

325 1042 497 1070 Respcmnno:
520 1041 689 1074 Dicendum,
711 1040 785 1077 quod
807 1039 913 1077 absque
935 1039 1021 1068 dubio
1037 1047 1090 1067 non

122 1096 230 1115 Conclusio.
244 1097 325 1117 omne
345 1089 521 1117 mendacium
540 1091 581 1116 est
597 1091 747 1125 peccaturo(
761 1087 891 1121 mortale,
908 1087 993 1114 immo
1009 1095 1093 1123 quan-

243 1140 302 1164 tum
324 1138 365 1164 est
387 1136 421 1164 de
449 1136 554 1163 ratione
577 1135 619 1163 sui
651 1134 781 1171 generis,
812 1134 972 1162 indifferens
1001 1137 1042 1161 est
1066 1136 1093 1162 et

168 1190 231 1209 Ratio.
245 1183 279 1211 ad
310 1182 426 1211 mortale
448 1186 474 1211 et
502 1182 536 1210 ad
560 1181 675 1210 veniale.
698 1198 735 1202 —-
762 1181 791 1209 Et
820 1181 890 1209 ratio
918 1180 1004 1209 huius
1032 1183 1090 1208 est:

244 1230 310 1267 quia
332 1230 426 1266 lingua
448 1229 536 1266 posita
557 1231 599 1257 est
620 1228 646 1256 in
670 1228 778 1256 lubrico
794 1227 812 1262 ³,
828 1230 855 1256 et
870 1227 978 1256 facilius
993 1229 1035 1255 est
1056 1227 1093 1255 lo-

244 1277 291 1314 qui
313 1284 397 1313 quam
421 1279 524 1309 taem-<33
541 1275 602 1304 ideo
624 1283 677 1303 non
693 1283 804 1311 semper
826 1274 999 1311 ponderatur
1013 1277 1091 1302 actus

244 1323 355 1360 linguae
376 1330 426 1351 nec
448 1322 597 1359 ponderari
620 1324 710 1358 potest
731 1321 856 1350 faciliter.
880 1321 994 1357 Propter
1017 1320 1092 1358 quod

244 1370 347 1399 dicitur
373 1369 461 1398 lacobi
484 1369 565 1397 tertio
580 1368 602 1397 ⁴:
633 1368 690 1404 Qui
714 1377 771 1396 non
794 1367 910 1406 offendit
937 1368 968 1396 z'n
989 1367 1091 1401 verbo,

244 1416 290 1445 Me
309 1416 457 1454 perfectus
477 1420 518 1444 est
538 1416 601 1449 vz'r;
617 1419 730 1453 propter
750 1416 823 1453 quod
841 1415 924 1444 etiam
946 1417 1091 1452 peccatum

102 1472 231 1491 Coroliarium.
244 1463 380 1492 mendacii
396 1471 450 1492 non
472 1466 513 1492 est
528 1463 694 1500 generaliter
717 1462 841 1491 mortale.
854 1477 893 1481 —
906 1462 959 1490 Sed
976 1461 1092 1490 mortale

245 1511 276 1540 fit
298 1512 404 1540 ratione
425 1510 558 1539 materiae
581 1510 663 1538 cirea
684 1518 773 1548 quam
796 1513 823 1538 et
844 1509 951 1538 ratione
973 1513 1094 1537 contem-

241 1563 311 1597 ptus
332 1563 359 1587 et
381 1559 486 1587 ratione
507 1557 675 1586 ‘nocumenti
689 1561 716 1586 et
735 1557 817 1586 etiam
834 1557 940 1585 ratione
963 1556 1094 1584 lihidinis

245 1605 409 1639 mentiendi,
431 1612 503 1641 quae
525 1604 642 1638 faciunt,
673 1604 848 1633 mendacium
872 1612 932 1632 esse
963 1603 1094 1640 pernicio-

246 1660 309 1681 sum
331 1655 358 1681 et
379 1651 496 1680 mortale
512 1654 673 1688 peccatum3
695 1654 722 1680 et
737 1651 803 1688 quia
826 1651 893 1679 haec
908 1659 960 1679 non
984 1658 1094 1687 semper

246 1702 418 1728 concurrunt
439 1699 474 1727 ad
497 1707 556 1727 esse
585 1698 736 1727 mendacii:
766 1698 827 1726 ideo
849 1701 939 1734 potest
967 1705 1027 1726 esse
1049 1697 1095 1725 ali-

245 1745 358 1783 quando
380 1745 499 1779 veniale,
521 1744 672 1782 aliquando
694 1744 824 1776 mortale,
846 1744 918 1773 sicut
944 1743 1095 1772 ostendunt

246 1793 367 1821 rationes
389 1792 422 1821 ad
445 1793 517 1821 hanc
539 1795 646 1829 partein
668 1791 814 1820 adductae.

328 1841 351 1868 l.
373 1840 410 1868 Ad
435 1839 503 1868 illud
526 1847 593 1867 vero
619 1839 693 1876 quod
716 1839 845 1867 obiicitur
867 1838 901 1866 de
930 1838 1094 1866 auctoritate

117 1893 189 1920 Somno
202 1898 234 1917 οι)-
248 1887 361 1921 Psalmi,
383 1887 458 1924 quod
480 1894 576 1915 omnes
594 1886 766 1923 perduntur,
782 1885 829 1922 qui
853 1884 1007 1921 loquuntur
1022 1892 1096 1913 men-

117 1919 227 1941 p⁰⁵¹²⁰rm
248 1934 375 1967 dacium;
404 1934 569 1966 dicendum,
599 1933 690 1970 quod,
719 1932 790 1960 sicut
818 1931 938 1960 Glossa⁵
965 1931 1094 1968 exponit,

248 1988 301 2008 non
324 1979 488 2016 intelligitur
517 1980 568 2008 lioc
590 1979 695 2007 dictum
725 1978 759 2007 de
782 1978 926 2006 mendacio
952 1977 1095 2014 generali-

249 2031 300 2060 ter,
317 2027 365 2055 sed
381 2024 536 2055 secundum
558 2026 743 2054 differentiam
764 2025 900 2053 mendacii
919 2024 1095 2061 perniciosi,-

248 2074 323 2102 unde
345 2072 504 2102 distributio
526 2072 573 2100 illa
594 2080 647 2100 non
671 2072 792 2100 refertur
812 2072 847 2100 ad
870 2071 962 2108 ipsum
985 2071 1096 2100 menda-

249 2120 339 2154 cium,
361 2120 410 2148 sed
432 2119 467 2148 ad
489 2127 622 2156 personas
645 2119 809 2147 mentientes
824 2118 871 2146 illo
892 2126 993 2155 genere
1024 2126 1096 2146 men-

249 2167 328 2196 dacii.
360 2167 421 2195 ldeo
442 2170 469 2195 et
498 2167 524 2194 in
547 2173 679 2203 processu
712 2166 759 2194 illo
781 2169 823 2194 est
850 2165 959 2193 fallacia
979 2164 1096 2202 fissqurae

250 2213 385 2242 dictionis
408 2217 522 2250 propter
543 2213 787 2241 commutationem
815 2212 1014 2249 suppositionis
1035 2211 1095 2240 eius

918 209 1169 238 SENTENTIARUM
1192 209 1250 238 Ltss.
1274 209 1313 237 111.

1146 287 1220 324 quod
1243 287 1304 315 dico
1326 287 1516 320 mendacium„
1532 287 1597 323 quia
1612 286 1643 314 fit
1665 294 1812 323 processus
1826 295 1842 314 a
1863 287 1992 315 determi-

1146 338 1219 362 nata
1241 334 1275 362 ad
1298 333 1462 371 confit-sam.

1227 382 1252 408 2.
1275 381 1312 409 Ad
1329 380 1398 409 illud
1414 380 1488 417 quod
1505 380 1634 408 obiicitur
1656 380 1690 409 de
1705 380 1868 408 auctoritate
1883 381 1992 417 Sapien-

1147 428 1215 461 tiae⁷
1237 428 1289 456 dici
1314 431 1415 464 potest,
1443 427 1519 466 quod
1541 427 1668 455 similiter
1696 428 1848 455 auctoritas
1870 427 1916 455 illa
1937 436 1991 456 non

1147 475 1322 511 intelligitur‘
1335 475 1368 503 de
1390 475 1514 512 quolibet
1536 474 1695 508 mendacio,
1717 475 1765 503 sed
1788 474 1822 503 de
1848 475 1992 503 mendacio

1144 522 1317 559 pert‘u'cz'oso.
1333 539 1372 542 —
1387 522 1417 550 Et
1431 522 1459 549 si
1473 521 1604 554 obiiciat,
1627 521 1701 558 quod
1719 521 1888 558 Augustinus
1910 529 1993 558 expo-

1148 570 1202 603 nit,
1224 569 1299 606 quod
1322 577 1501 606 quocumque
1524 569 1605 597 modo
1634 568 1767 597 mentitur
1789 569 1871 605 quis,
1893 569 1992 597 occidit

1147 616 1285 649 animamg
1308 615 1473 651 dicendum,
1495 616 1570 652 quod
1592 623 1641 644 nec
1664 616 1699 644 ibi
1730 616 1847 644 intendit
1869 616 1993 652 Augusti-

1148 671 1201 691 nus
1224 662 1392 690 distribuere
1418 670 1469 699 pro
1498 662 1627 691 omnibus
1649 662 1812 691 differentiis
1841 662 1993 697 mendacii;

1148 709 1196 738 sed
1220 709 1375 745 intelligens
1390 709 1424 737 de
1441 709 1585 737 mendacio
1604 709 1784 746 pernicioso,
1807 710 1880 746 quod
1903 712 1945 738 est
1966 710 1992 738 in

1149 757 1275 785 doctrina
1290 756 1442 792 religionis.
1459 756 1536 790 dicit,
1559 757 1633 793 quod
1650 756 1726 785 nullo
1742 759 1834 793 pacto,
1848 756 1925 785 nullo
1940 757 1994 786 fine

1149 807 1238 840 potest
1259 803 1321 840 quis
1344 803 1467 836 mentiri,
1489 803 1556 840 quin
1585 803 1692 831 occidat
1719 803 1854 837 animam;
1877 807 1903 832 et
1926 803 1994 832 illud

1150 850 1250 879 melius
1273 853 1360 887 potest
1382 850 1471 887 colligi
1494 858 1530 878 ex
1553 850 1645 878 littera
1666 850 1818 887 sequentifi.

1228 897 1253 925 3.
1276 897 1314 925 Ad
1338 897 1405 925 illud
1427 897 1501 933 quod
1523 896 1664 931 obiicitur,
1687 897 1762 933 quod
1777 897 1860 925 bomo
1883 905 1934 925 non
1952 897 1996 925 de-

1151 945 1195 973 bet
1219 944 1326 973 mentiri
1349 952 1400 980 pro
1423 943 1512 972 salute
1541 943 1672 977 alterius,
1701 952 1735 971 ne
1764 944 1885 971 animam
1915 952 1994 972 suam

1150 993 1271 1026 occidat;
1294 995 1383 1028 potest
1404 991 1474 1025 dici,
1496 991 1570 1028 quod
1593 991 1712 1019 verbum
1734 991 1804 1020 illud
1820 991 1996 1020 solummodo

1149 1040 1182 1068 ad
1203 1038 1347 1076 perfectos
1369 1047 1397 1067 se
1419 1038 1557 1073 extendit⁷
1580 1038 1614 1066 de
1636 1038 1739 1075 quibus
1762 1038 1886 1075 loquitur
1907 1039 1996 1075 Augu-

1150 1087 1239 1115 stinus
1260 1087 1285 1114 in
1308 1085 1435 1122 originali
1449 1086 1467 1119 ⁷,
1490 1085 1565 1114 unde
1587 1085 1682 1113 Glossa
1705 1085 1750 1113 illa
1772 1089 1865 1114 sumta
1886 1088 1935 1114 est.
1956 1103 1996 1106 —

1150 1130 1242 1162 Posset
1269 1133 1351 1161 etiam
1381 1132 1447 1167 dici,
1476 1132 1551 1169 quod
1575 1132 1692 1160 verbnm
1722 1132 1791 1160 illud
1821 1136 1862 1161 est
1888 1132 1994 1161 dictum
2009 1142 2139 1160 Atiasotutio.

1150 1180 1339 1214 consultorie,
1363 1182 1429 1217 quia
1448 1180 1531 1208 homo
1553 1188 1606 1208 non
1623 1182 1733 1208 tenetur
1756 1180 1867 1208 mentiri
1882 1188 1933 1217 pro
1948 1180 1996 1209 ali-

1150 1236 1205 1264 quo
1227 1236 1277 1256 nec
1298 1231 1408 1256 tenetur
1434 1226 1556 1255 animam
1589 1234 1667 1255 suam
1692 1227 1802 1256 laedere
1836 1235 1886 1264 pro
1908 1224 1998 1256 salute

1150 1274 1266 1303 alterins
1291 1274 1436 1311 corporali.
1464 1274 1600 1310 Quoniam
1623 1281 1689 1310 ergo
1717 1274 1861 1310 quodlibet
1888 1274 1998 1303 menda-

1151 1321 1242 1355 cium,
1264 1321 1315 1349 etsi
1337 1329 1390 1349 non
1414 1321 1527 1349 inducat
1549 1323 1681 1354 mortem,
1704 1320 1769 1357 quia
1791 1323 1883 1349 tamen
1904 1329 1998 1358 pecca-

1150 1372 1210 1396 tum
1232 1371 1286 1402 est,
1308 1367 1342 1396 ad
1366 1370 1483 1396 mortem
1500 1367 1636 1403 disponit;
1657 1367 1720 1396 ideo
1735 1367 1868 1401 consulit,
1891 1371 1922 1396 ut
1944 1376 1998 1396 non

1151 1415 1302 1444 mentiatur
1326 1423 1375 1451 pro
1395 1414 1485 1443 salute
1506 1415 1631 1451 corporis
1652 1415 1770 1443 alterius
1791 1415 1939 1443 servanda.
1970 1415 2000 1443 Et

1152 1463 1190 1491 sic
1211 1470 1247 1491 ex
1271 1462 1322 1491 boc
1343 1470 1397 1490 non
1420 1461 1548 1496 habetur,
1570 1462 1644 1499 quod
1667 1470 1748 1490 omne
1765 1461 1942 1491 mendacium
1965 1462 2000 1490 sit

1152 1509 1269 1537 mortale
1291 1512 1450 1546 peecatum,
1472 1509 1520 1537 sed
1543 1509 1617 1545 quod
1639 1513 1681 1537 est
1704 1509 1821 1537 mortale
1840 1512 1999 1546 peccatum,

1153 1556 1195 1584 vel
1217 1559 1374 1593 praeparat.

1230 1603 1256 1630 li.
1280 1602 1316 1631 Ad
1341 1602 1408 1630 illud
1432 1602 1507 1638 quod
1529 1601 1672 1636 obiicitur,
1694 1602 1768 1639 quod
1785 1610 1866 1631 omne
1890 1602 2000 1631 menda-

1152 1649 1225 1677 cium
1241 1652 1283 1677 est
1307 1649 1526 1685 peremptorium
1549 1649 1659 1677 virtutis
1675 1648 1813 1683 veritatis;
1835 1648 1998 1683 dicendum,

1152 1696 1227 1733 quod
1242 1696 1338 1724 virtus
1359 1695 1492 1724 veritatis
1510 1696 1602 1732 potius
1623 1699 1665 1725 est
1681 1696 1809 1724 voluntas
1824 1696 1933 1724 dicendi
1956 1703 1999 1724 ve·
2011 1703 2130 1731 Quiptvirius

1153 1751 1227 1778 rum,
1242 1751 1305 1771 cum
1319 1746 1428 1780 oportet
1442 1746 1469 1771 et
1483 1743 1611 1780 expedit,
1624 1751 1707 1780 quam
1724 1743 1759 1771 sit
1774 1743 1904 1771 continua
1915 1750 2000 1771 enun-
2012 1729 2104 1746 *mah*

1152 1790 1228 1819 tiatio
1245 1790 1301 1818 veri
1316 1790 1334 1818 ⁵.
1350 1790 1483 1827 Quamvis
1504 1793 1598 1818 autem
1621 1790 1738 1827 prolatio
1754 1789 1841 1827 ipsius
1861 1789 1997 1818 mendacii

1153 1840 1288 1874 repugnet
1314 1837 1398 1865 actui
1418 1837 1526 1865 dicendi
1543 1845 1656 1870 verum,
1671 1845 1725 1864 non
1748 1839 1838 1865 tamen
1862 1839 1999 1873 repugnat

1153 1884 1203 1921 ipsi
1227 1883 1354 1917 veritati,
1376 1892 1431 1920 qua
1452 1883 1515 1920 quis
1537 1883 1638 1919 refugit
1661 1883 1836 1912 mendacium
1856 1883 2000 1920 pernicio-

1152 1939 1227 1958 sum.
1241 1946 1278 1950 —
1290 1930 1343 1958 Nec
1365 1934 1406 1959 est
1421 1929 1511 1958 simile
1532 1930 1567 1958 de
1581 1930 1762 1958 fornicatione
1778 1933 1906 1966 respectu
1920 1930 1998 1959 casti-

1154 1977 1229 2010 tatis,
1252 1977 1383 2014 quoniam
1399 1980 1478 2005 actus
1494 1977 1540 2005 ille
1561 1977 1758 2005 universaliter
1773 1979 1815 2005 est
1831 1976 2001 2013 prohibitus;

1154 2032 1208 2051 non
1237 2023 1275 2052 sic
1297 2027 1391 2052 autem
1421 2024 1510 2052 omnis
1537 2023 1693 2052 differentia
1720 2023 1871 2057 mendacii,
1901 2026 1928 2051 θῖ
1949 2023 2001 2051 hoc

1153 2073 1195 2098 est
1217 2073 1331 2107 propter
1353 2070 1494 2098 lubricum
1510 2070 1598 2107 ipsius
1620 2070 1739 2106 linguae.
1756 2070 1832 2099 Unde
1853 2070 1999 2108 quaedam
2020 2079 2075 2106 *Duae
2089 2084 2133 2102 spe-

1154 2121 1219 2145 sunt
1241 2117 1384 2145 mendacia
1406 2117 1559 2151 exteriora,
1582 2124 1653 2154 quae
1675 2125 1729 2145 non
1751 2120 1932 2153 opponuntur
1947 2116 1997 2153 ipsi
2007 2102 2132 2145 {igssffinda'

1154 2163 1389 2197 virtuti-veritati,
1405 2163 1477 2192 sicut
1492 2167 1604 2200 peccata
1618 2163 1764 2197 venialia,
1780 2166 1807 2191 et
1822 2163 1893 2192 sicut
1907 2163 2001 2200 primi

1153 2214 1249 2239 motus
1266 2210 1392 2239 castitati.
1410 2210 1562 2245 Quaedam
1578 2218 1643 2238 vero
1659 2213 1839 2247 opponuntur
1854 2211 1926 2239 sicut
1940 2218 2001 2247 pec-

314 2347 319 2361 1
338 2347 382 2369 Csr.
402 2351 455 2369 tom.
476 2347 498 2368 ll.
516 2353 569 2374 pag.
588 2347 643 2373 9635,
663 2349 713 2368 nota
733 2347 753 2368 2.
771 2348 793 2367 ct
811 2352 864 2374 pag.
883 2347 935 2373 971,
954 2349 1004 2368 uota
1023 2347 1044 2368 ὅ.

312 2386 321 2400 2
338 2385 393 2408 Cod.
412 2386 429 2407 A
447 2389 468 2407 et
485 2385 537 2408 cdd.
560 2386 580 2412 l,
600 2386 612 2407 2
632 2384 744 2414 loquitur,
764 2385 815 2407 cod.
829 2385 849 2406 X
868 2384 938 2410 ludit.
956 2385 1007 2407 Vat.
1027 2384 1098 2414 toqui-

250 2426 290 2447 t‘itr
311 2424 346 2448 vel
364 2424 429 2447 ludit.

312 2464 322 2479 3
339 2466 442 2492 August..
461 2465 561 2486 Enarrat.
580 2465 601 2485 in
621 2464 654 2485 Ps.
675 2464 711 2485 38.
730 2470 751 2485 n.
770 2463 795 2485 3:
814 2463 860 2485 Non
878 2465 938 2485 enim
958 2463 1035 2491 lingua
1055 2463 1097 2484 fra<

242 2501 295 2525 ‘stra
314 2505 334 2525 in
352 2503 397 2525 udo
414 2506 459 2530 est,
478 2504 518 2525 nisi
538 2504 590 2531 quia
609 2503 673 2525 facile
695 2502 785 2524 labitur.
804 2504 876 2524 Serm.
899 2503 947 2524 180.
972 2502 1043 2527 (alins
1061 2502 1096 2523 28.

251 2543 279 2564 dc
298 2542 379 2565 Verbis
397 2543 510 2569 Apostoli)
529 2549 548 2564 c.
571 2543 604 2564 ll.
623 2549 642 2563 n.
666 2542 805 2569 12:1,1'ng11a
825 2542 952 2563 facilitatem
972 2541 1040 2563 babet
1052 2546 1098 2562 mo-

251 2586 302 2609 tus,
325 2582 347 2603 in
365 2582 412 2603 udo
430 2582 500 2609 posita
519 2585 565 2608 ost,
589 2581 653 2603 facile
671 2582 692 2602 in
716 2580 804 2602 lubrico
822 2581 912 2603 labitur.
934 2593 964 2595 —
985 2580 1095 2607 Superius

250 2624 301 2648 post
319 2620 455 2650 indifferens
466 2622 500 2643 est
510 2620 562 2643 edd.
577 2621 662 2643 addunt
674 2621 804 2649 peccatum.
819 2620 867 2642 Mox
881 2626 922 2647 pro
936 2621 1020 2647 tacere,
1036 2619 1097 2648 quod

251 2662 285 2681 est
303 2660 323 2681 in
343 2659 393 2682 cod.
412 2659 437 2687 Y,
456 2660 476 2681 in
495 2660 544 2681 aliis
561 2663 582 2682 et
600 2659 652 2682 edd.
670 2659 763 2688 fucare,
784 2658 825 2681 scd
842 2659 919 2681 minus
942 2664 1056 2686 congrue,
1075 2660 1099 2679 ut

251 2698 348 2720 videtur.

314 2737 323 2751 ⁴¹
342 2738 405 2759 Vei-s.
423 2739 444 2759 2.
462 2749 493 2753 —
509 2737 553 2759 Csr.
572 2737 634 2759 Alan.
653 2737 681 2759 ab
701 2737 791 2764 lnsulis,
811 2737 832 2758 11.
850 2740 927 2759 contra
953 2736 1097 2762 Ham-encas,

252 2783 271 2799 C.
294 2777 325 2798 15.
338 2783 394 2805 seq.y
409 2776 447 2798 ubi
469 2777 548 2798 refellit
560 2782 662 2798 errorem
676 2776 837 2797 Waldensium
850 2776 1000 2797 asserentium
1012 2793 1016 2802 ,
1030 2780 1098 2796 omno

252 2815 398 2837 mcudacimn
416 2822 466 2837 csse
484 2820 603 2843 peccatum
623 2815 724 2837 mortale.

315 2854 325 2868 ⁵
343 2854 418 2876 Verba
439 2854 532 2876 Glossae
558 2856 620 2875 sunt:
645 2854 700 2875 Dii-it
718 2854 823 2875 Salomon
843 2853 871 2874 do
889 2852 1022 2880 mendacioy
1045 2852 1098 2880 quia

253 2897 321 2913 omno
339 2897 372 2919 os,
393 2891 456 2921 quod
472 2891 596 2918 metttt'tttr,
623 2891 706 2914 occidit
729 2891 844 2913 animam..
863 2891 987 2913 Sciendum
1006 2892 1096 2915 tamen,

254 2930 299 2951 duo
316 2936 366 2952 csse
384 2931 500 2952 mendacia
511 2949 516 2955 ,
529 2937 600 2959 quae,
614 2931 663 2953 licet
681 2937 693 2952 a
706 2930 771 2958 culpa
786 2930 876 2957 penitus
893 2929 962 2951 libera
981 2935 1024 2951 non
1041 2929 1096 2955 sint,

255 2974 351 2995 parvam
369 2973 443 2991 tamen
462 2970 553 2996 culpam
572 2970 662 2991 liabent.
682 2969 785 2997 Quorum
799 2969 894 2990 altorum
908 2968 931 2990 lit
944 2974 1012 2990 cansa
1026 2968 1099 2989 iocan—

255 3006 300 3027 di...
326 3007 426 3028 Alterum
450 3014 506 3030 vero
532 3011 565 3030 ost
588 3009 693 3035 officiale,
720 3008 742 3030 id
759 3012 805 3035 cst,
824 3008 846 3029 lit
872 3014 940 3029 eausa
964 3007 1099 3029 benovolen-

1156 2346 1198 2367 tiae
1216 2349 1259 2367 etc.
1276 2345 1320 2367 Cfr.
1339 2345 1406 2366 etiam
1424 2344 1502 2366 Glossa
1524 2343 1649 2366 ordinaria
1667 2344 1688 2365 in
1706 2343 1849 2371 praedictum
1869 2346 1953 2365 textum
1967 2344 2000 2366 Ps.

1156 2383 1184 2411 5,
1202 2384 1228 2410 7;
1246 2387 1268 2405 ct
1289 2384 1397 2411 Augus-t,
1417 2382 1445 2404 (le
1467 2382 1598 2409 titt—udam,
1616 2388 1635 2404 c.
1663 2382 1694 2404 17,
1718 2387 1738 2403 n.
1757 2381 1794 2403 35.
1813 2394 1843 2397 —
1861 2382 1891 2404 De
1915 2382 2000 2404 fallacia

1154 2422 1247 2452 fimo-ae
1264 2421 1372 2445 clictiom's
1389 2423 1428 2444 cfr.
1446 2428 1515 2449 supi-:i
1543 2428 1595 2449 pag.
1626 2421 1678 2449 151,
1698 2423 1749 2443 nota
1768 2421 1793 2449 3⁷
1812 2423 1833 2443 et
1851 2421 1879 2443 de
1897 2422 2001 2449 supposi-

1156 2462 1215 2483 tione
1233 2460 1387 2483 [letes-minato
1406 2464 1428 2483 et
1444 2460 1543 2489 confusa
1562 2460 1616 2482 vide
1628 2460 1642 2482 1.
1660 2460 1720 2481 Sent.
1740 2460 1761 2481 d.
1780 2459 1801 2481 t.
1818 2466 1840 2488 q.
1859 2460 1875 2481 1,
1888 2460 1998 2481 scholion.

1126 2520 1128 2529 ,
1155 2512 1186 2516 -
1212 2501 1279 2522 paulo
1307 2501 1400 2522 inferius
1425 2506 1466 2528 pro
1489 2499 1551 2522 ‘uncle
1574 2498 1705 2522 distributio
1732 2498 1792 2526 itta,
1817 2499 1865 2520 scil.
1890 2500 2000 2521 terminus

1156 2545 1249 2567 omnes,
1270 2540 1315 2561 tere
1333 2546 1413 2561 omncs
1431 2539 1497 2561 codd.
1517 2538 1644 2566 distinctio,
1665 2538 1715 2560 cod.
1734 2539 1749 2560 Z
1767 2537 1897 2567 descriptio.

1218 2579 1227 2593 ⁶
1245 2579 1333 2601 Scilicet
1351 2579 1400 2600 libri
1418 2578 1447 2600 do
1459 2578 1568 2600 Conflictu
1587 2579 1695 2599 vitiorum
1708 2581 1749 2600 etc.
1768 2584 1787 2599 c.
1810 2578 1841 2604 te,
1855 2577 1893 2599 ubi
1908 2583 2001 2604 praeno-

1156 2618 1206 2639 tatis
1223 2617 1301 2639 verbis
1318 2617 1465 2644 subiungitur
1483 2616 1538 2638 illud
1555 2618 1626 2643 Apoc.
1645 2617 1684 2643 21,
1703 2616 1728 2638 8:
1747 2616 1772 2638 Et
1784 2615 1892 2637 omnibus
1910 2615 2001 2637 menda-

1155 2657 1221 2678 cibus
1239 2663 1292 2684 pars
1309 2657 1398 2678 illorum
1417 2656 1458 2677 orit
1476 2657 1497 2677 in
1515 2659 1596 2683 stagno
1614 2656 1674 2683 ignis
1692 2655 1791 2677 ardentis
1803 2655 1913 2682 sulphure
1931 2653 1999 2683 [Vul-

1156 2701 1219 2723 gatn:
1239 2695 1326 2718 ardenti
1345 2696 1397 2722 igne
1415 2698 1436 2716 et
1453 2694 1583 2723 sulphure]
1600 2706 1632 2710 ——-
1649 2695 1690 2716 1)ιό
1705 2695 1781 2723 poles!
1807 2693 1886 2722 colligyt'
1908 2693 1958 2715 cod.
1982 2693 1999 2714 l<

1156 2734 1282 2763 colliyitttr,
1298 2737 1319 2756 et
1332 2735 1400 2762 paulo
1418 2735 1524 2762 superius
1537 2740 1579 2761 pro
1597 2733 1663 2756 nullo
1678 2733 1725 2763 fine
1742 2733 1793 2755 cod.
1811 2734 1827 2754 A
1846 2731 1912 2754 mtllo
1925 2731 2000 2754 modo.

1218 2773 1227 2787 ⁷
1245 2774 1344 2795 Enarrat.
1358 2774 1378 2795 in
1398 2774 1431 2795 Ρε.
1449 2773 1469 2799 5
1489 2773 1509 2794 7.
1528 2779 1549 2794 n.
1567 2773 1594 2794 7:
1612 2773 1666 2794 Nam
1686 2773 1706 2794 in
1720 2773 1754 2794 bis
1767 2773 1805 2800 qui
1823 2772 1915 2799 perfecti
1933 2774 2001 2799 sunt⁷

1156 2819 1197 2834 nec
1215 2814 1254 2835 ista
1278 2813 1395 2835 mendacia
1422 2813 1568 2834 inveniuntur
1590 2816 1631 2833 otc.
1659 2824 1690 2827 —
1708 2811 1828 2839 Aliquanto
1847 2811 1940 2832 inferius
1959 2816 2000 2838 pro

1155 2851 1276 2880 corporali
1292 2852 1342 2874 cod,
1362 2854 1377 2873 A
1397 2851 1517 2880 corporis,
1537 2854 1558 2873 et
1576 2852 1597 2872 in
1624 2851 1667 2872 fine
1690 2850 1757 2872 solut.
1784 2850 1834 2871 cod.
1854 2850 1871 2871 Κ
1891 2849 1953 2871 addit
1970 2848 2003 2871 ml

1156 2891 1262 2917 mortem,
1282 2891 1334 2912 odd.
1352 2890 1384 2912 (nl
1400 2890 1466 2912 illust.

1218 2928 1227 2943 8
1244 2929 1287 2951 (Ἰν.
1306 2930 1402 2956 Aristot.,
1422 2929 1456 2950 tv.
1476 2930 1544 2951 litliic.
1562 2935 1581 2950 c.
1600 2929 1620 2950 7.
1632 2940 1663 2943 —
1675 2927 1724 2949 Mox
1742 2933 1783 2955 pro
1802 2927 1917 2956 rt’pttqnet
1935 2926 2001 2947 multi

1156 2967 1222 2989 codd.
1242 2969 1366 2997 repnynat,
1387 2972 1408 2990 et
1425 2968 1523 2989 subinde
1541 2973 1583 2994 pro
1602 2965 1681 2989 rit-tull
1701 2966 1749 2988 Vat.
1768 2965 1861 2988 rerllali
1878 2964 1966 2988 cirrati.
