2166 3366
17 289 132 310 :ouclusioh
147 282 230 311 hahet
250 289 343 311 secum
367 290 505 310 annexam
528 282 704 310 formidinem
727 285 753 310 et
776 281 988 315 vacillationem,

143 328 181 357 sic
204 337 256 356 non
280 331 368 365 potest
397 329 480 357 simul
506 332 579 357 stare
610 336 674 357 cum
708 328 805 356 habitu
825 328 895 364 fidei
915 329 988 357 circa

142 375 257 404 eandem
292 375 452 407 materiam,
486 384 536 412 pro
567 383 599 403 eo
631 375 705 412 quod
733 374 802 403 [ides
823 375 886 403 l'acit
908 375 988 411 plene

142 421 298 450 consentire
321 421 347 450 in
370 422 487 450 alteram
510 425 635 458 partem,
658 421 695 449 ita
716 422 791 458 quod
813 422 925 449 omnino
948 429 989 449 re-

142 472 220 506 putat
241 469 301 498 eius
322 469 480 506 oppositum
503 469 602 497 salsum
625 471 653 496 et
673 476 840 502 erroneum,
856 476 906 497 nec
928 477 988 505 pro-

141 518 203 552 pter
225 516 347 553 aliquam
371 516 504 544 rationem
527 515 770 551 supervenientem
786 518 879 551 posset
893 515 927 543 ad
944 523 989 552 op-

144 562 264 599 positum
288 562 429 595 inclinari3
451 565 477 590 ot
500 562 576 595 ideo,
598 562 664 598 quia
687 561 756 590 tollit
778 561 987 590 fluctuationem

143 609 292 646 opinionis,
315 608 367 637 isto
399 609 481 637 modo
510 609 619 637 dicendi
652 609 810 645 opinionem
837 608 935 645 opinio
957 608 990 637 si-

144 655 202 684 mul
224 663 288 684 cum
308 655 365 692 sicle
387 663 439 684 non
457 659 545 692 potest
566 663 596 684 se
617 655 736 692 compati
750 655 766 683 ¹.
788 671 826 676 --
847 656 873 684 Si
895 659 988 684 autem

13 708 129 729 Ἰιειιωιιιιιῑοῆ.
143 702 240 739 opinio
262 702 372 731 dicatur
393 702 517 731 secundo
546 702 644 736 modo.
674 702 779 731 scilicet
800 702 923 739 acceptio
946 703 991 731 de-

144 749 240 778 relicta
260 757 296 778 ex
319 749 474 777 rationibus
496 749 702 786 probabilibus;
718 749 756 778 sic
772 749 921 777 dicendum
938 753 990 782 est,

143 796 217 833 quod
239 796 313 825 circa
336 796 409 824 idem
431 796 516 824 simul
538 799 564 824 et
586 796 671 824 semel
698 799 787 832 potest
808 803 869 824 esse
891 795 989 832 opinio

143 846 170 872 et
189 842 278 880 fideti,
300 842 432 880 quoniam
456 842 534 870 multi
558 842 654 871 fideles
677 843 780 871 liabent
802 843 836 871 ad
865 850 897 870 ea
919 850 991 878 qnae

143 889 277 923 credunt,
299 889 403 918 multas
427 889 592 918 verisimiles
615 889 735 918 rationes
756 893 784 918 et
806 889 908 917 multas
931 897 991 925 pro-

146 937 267 971 babiles,
289 944 360 974 quac
382 937 486 965 liabent
512 944 646 973 generare
668 937 832 973 opinionem
854 940 990 973 quantum

144 983 178 1012 ad
210 984 372 1012 sociandum
405 983 519 1012 modum
549 983 659 1012 dicendi
692 983 867 1021 opinionem;
896 986 922 1011 et
945 982 992 1010 illa

143 1030 256 1068 quidem
279 1030 402 1067 acceptio
423 1033 554 1066 generata
576 1030 638 1058 [idei
662 1038 716 1058 non
732 1033 885 1067 repugnat,
908 1029 993 1058 immo

18 1081 129 1102 Notandum·
144 1077 285 1107 subservit
309 1080 336 1106 et
351 1077 512 1106 famulatur.
529 1077 574 1105 Est
595 1077 668 1105 enim
692 1078 717 1105 in
740 1077 804 1105 lidei
831 1076 992 1114 fomentum.

144 1127 281 1161 quantum
302 1124 337 1152 ad
371 1124 496 1152 infirmos
523 1127 550 1152 et
578 1124 604 1152 in
637 1123 874 1152 obtectionem-mn
906 1132 992 1161 ‹inan-

145 1175 203 1200 tum
226 1171 260 1200 ad
283 1171 428 1208 perfectos.

224 1217 264 1246 Ex
288 1217 330 1246 his
353 1220 427 1254 patet
449 1218 593 1255 responsio
614 1217 649 1246 ad
671 1217 863 1254 quaestionem
897 1225 994 1254 propo-

36 1268 130 1293 Epssot'us-
145 1263 239 1298 sitam,
262 1266 336 1300 patet
356 1264 438 1292 etiam
455 1264 599 1301 responsio
614 1264 649 1292 ad
664 1264 779 1293 obiecta.
798 1264 902 1300 Opinio
918 1264 990 1292 enim

142 1311 306 1348 probabilis
327 1311 482 1340 secundum
505 1319 599 1339 uatem
621 1311 736 1339 modum
759 1311 869 1339 dicendi
904 1315 993 1347 potest

145 1362 218 1389 stare
240 1359 323 1388 simul
346 1366 409 1388 curn
432 1358 502 1392 fide,
524 1358 596 1387 sicut
612 1358 731 1387 rationes
746 1358 781 1387 ad
797 1358 916 1395 primam
933 1366 994 1395 par-

145 1409 200 1435 tem
221 1405 385 1439 ostendunt;
408 1405 493 1433 imino
515 1405 634 1433 multum
658 1405 764 1433 confert
786 1404 850 1433 fidei
867 1405 994 1442 probahi-

145 1452 208 1482 litas
229 1453 385 1486 rationum‚
407 1452 478 1481 sicut
500 1452 606 1480 dictum
629 1452 680 1480 suit
702 1452 728 1480 in
752 1451 887 1488 principio
909 1452 990 1488 primi

146 1500 209 1529 libri
219 1500 238 1528 ².
259 1499 418 1528 Secundum
451 1499 545 1527 alium
571 1499 686 1527 modum
709 1498 836 1532 dicendi,
859 1498 886 1526 in
907 1506 993 1535 quan-

144 1550 204 1575 tum
225 1550 305 1575 sonat
326 1546 352 1574 in
386 1545 639 1582 imperfectionem,
668 1545 798 1574 videlicet
818 1548 902 1582 prout
923 1545 991 1573 dicit

145 1593 347 1622 vacillationem
381 1595 408 1621 et
440 1592 611 1620 innitentiam
646 1591 733 1628 ipsius
754 1599 885 1620 assensus
907 1599 993 1628 super

145 1639 368 1677 probabilitatem
399 1639 513 1667 rationis
544 1638 751 1676 principaliter,
780 1639 819 1667 sic
848 1638 931 1667 habet
954 1646 993 1666 re-

225 1922 317 1951 Tertio
338 1922 500 1959 quaeritur,
522 1924 618 1950 utrum
651 1921 720 1950 fides
748 1921 783 1950 sit
814 1921 849 1950 de
875 1921 935 1956 his,
957 1921 991 1950 de

146 1970 250 2008 quibus
272 1970 391 1998 habetur
412 1969 531 2006 cognitio
553 1968 709 1997 scientialis.
733 1969 764 1997 Et
784 1969 859 2006 quod
881 1969 933 2003 sic,
956 1969 993 1997 vi-

147 2017 230 2046 detur
251 2016 298 2045 tali
321 2016 436 2045 ratione.

229 2066 251 2093 1.
274 2064 459 2101 Philosophus
480 2062 581 2100 aliquis
603 2062 692 2091 sciens
720 2062 876 2091 rationibus
897 2071 993 2100 cogen-

21 2111 237 2145 undamenta-tffius,
258 2111 347 2140 Deum
369 2118 430 2140 esse
452 2118 557 2142 unum,
582 2109 757 2138 creatorem⁷
784 2109 927 2143 omnium,
948 2117 993 2146 po-

147 2160 200 2187 test
220 2158 316 2187 venire
336 2157 372 2185 ad
394 2157 494 2191 fidem,
524 2156 561 2184 ita
582 2155 656 2192 quod
685 2163 739 2183 non
761 2155 942 2184 obliviscatur
964 2155 994 2184 il-

147 2204 238 2233 larum
271 2204 428 2237 rationunn
459 2203 508 2232 sed
540 2202 629 2231 sciens
660 2202 722 2230 illas
751 2202 871 2230 rationes
909 2202 992 2231 habet

146 2251 304 2280 scientiam:
327 2258 393 2287 ergo
415 2250 537 2284 videtur,
555 2249 629 2286 quod
645 2249 731 2286 possit
746 2249 781 2277 de
795 2249 893 2277 eodem
908 2249 992 2277 simul

149 2298 252 2326 habere
273 2297 356 2326 fidem
380 2300 406 2325 et
428 2296 581 2325 scientiam.

227 2345 252 2373 Ξ).
275 2344 357 2377 item,
379 2343 480 2380 aliquis
501 2350 669 2379 cognoscens
690 2341 796 2379 aliquid
818 2349 867 2378 pcr
882 2341 993 2370 demon-

740 204 821 231 DtsT.
844 203 931 233 xxiv.
955 203 1027 232 ART.
1049 203 1076 231 ll.
1100 203 1235 240 QUAEST.
1259 204 1298 232 ΙΙΙ.
1838 206 1888 233 5:21

1047 281 1226 318 pugnantiam
1250 289 1314 310 cum
1337 281 1408 314 side;
1430 285 1457 310 et
1478 282 1517 310 sic
1539 282 1695 319 procedunt
1717 282 1837 311 rationes
1859 283 1892 311 ad

1045 328 1196 357 secundam
1220 332 1344 365 partem,
1368 329 1490 357 maxime
1522 329 1594 358 duae
1617 329 1750 362 ultimae.
1771 338 1892 366 quarum
1908 336 1935 376 ,ψ
1950 342 2003 369 arg-„u

1046 383 1101 403 una
1132 379 1225 404 sumta
1256 379 1297 404 est
1328 384 1363 404 ex
1398 375 1486 412 ipsius
1512 376 1648 413 opinionis
1671 376 1892 410 incertitudine,
1919 372 1935 376 ”
1955 367 1966 377 ”

1044 421 1132 449 altera
1161 430 1227 450 vero
1254 430 1290 450 ex
1321 422 1408 459 ipsius
1441 423 1578 459 opinionis
1608 422 1795 460 fille-lineato,
1827 424 1893 460 quia

1046 468 1237 505 principaliter
1260 468 1387 496 innititur
1411 469 1508 497 rationi
1532 469 1658 506 probanti
1671 469 1689 498 ³.

1128 516 1150 542 l.
1174 515 1209 543 Ad
1234 515 1303 544 illud
1327 523 1393 544 vero
1414 516 1489 552 quod
1511 517 1601 553 primo
1616 517 1746 545 obiicitur
1761 517 1795 546 dc
1812 518 1897 547 verbo
1910 528 1982 545 solutio
1995 534 2027 545 ι

1046 562 1182 598 Apostoli,
1204 562 1278 599 quod
1303 562 1372 590 tides
1393 566 1434 591 est
1456 567 1652 599 argumentum
1687 573 1740 593 non
1764 574 1897 602 apparen-
1911 553 2019 574 ‘'¹''¹¹⁰“'¹'''

1047 608 1133 641 tium;
1155 608 1322 642 dicendum,
1344 609 1419 646 quod
1442 610 1588 646 Apostolus
1611 614 1736 639 removet
1751 611 1786 639 ihi
1809 620 1825 640 a
1840 620 1896 640 crc-

1047 654 1124 683 dibili
1147 655 1339 691 apparentiam
1363 664 1415 684 non
1438 664 1670 694 qziamcmnqite,·
1692 666 1745 686 non
1760 658 1834 686 enim
1858 666 1897 687 rc-

1048 705 1140 730 movet
1160 701 1352 738 apparentiam
1371 701 1534 738 probabilis
1556 702 1720 739 opinionis,
1743 704 1792 732 sed
1815 705 1897 732 cerli-

1048 747 1192 775 ltttllnctlis
1206 747 1458 784 appi-eliensionis,
1472 749 1543 777 sicut
1558 753 1675 786 apparet
1691 750 1764 778 Deus
1781 750 1869 779 lleatis
1879 752 1895 778 ⁴.

1127 796 1153 822 2.
1175 794 1213 823 Ad
1237 795 1305 823 illud
1328 795 1403 832 quod
1429 795 1559 824 obiicitur
1591 796 1625 824 de
1649 796 1734 825 verbo
1756 797 1895 833 Gregorii:

1049 841 1127 870 Fides
1149 849 1202 869 non
1227 841 1309 870 habet
1326 842 1457 870 meritum
1480 846 1548 877 ctc.;
1564 843 1730 877 dicendum,
1753 844 1827 880 quod
1845 844 1896 872 lios·

1049 888 1177 925 intelligit
1198 888 1362 925 Gregorius,
1383 890 1496 926 quando
1518 890 1670 918 credulitas
1693 890 1755 919 lidei
1780 892 1897 919 omnino

1050 935 1177 963 innititur
1189 936 1383 972 experimento
1397 937 1510 965 rationis
1525 938 1691 974 probahilis;
1705 941 1732 967 et
1749 939 1799 967 hoc
1815 940 1897 968 modo

1048 982 1119 1019 (icles
1143 990 1208 1011 vcra
1232 991 1286 1011 non
1309 986 1362 1011 stat
1384 992 1447 1012 cuin
1470 984 1621 1021 opinione,
1645 985 1682 1013 ita
1702 986 1777 1023 quod
1803 986 1898 1014 innita-

1051 1032 1096 1058 tur
1128 1030 1261 1066 opinioni
1292 1034 1424 1068 tanquam
1457 1030 1667 1068 simulamenta,
1701 1033 1786 1062 immo
1808 1034 1896 1062 multo

1050 1077 1138 1113 magis
1150 1077 1272 1114 acceptio
1289 1077 1333 1106 illa
1350 1078 1511 1114 probabilis5
1526 1086 1561 1107 ex
1579 1079 1733 1108 rationibus
1748 1081 1897 1117 acquisita.

1050 1123 1084 1151 de
1106 1132 1161 1160 qua
1182 1124 1288 1152 dictum
1311 1128 1367 1158 est,
1389 1125 1463 1161 quod
1487 1128 1576 1161 potest
1597 1126 1695 1162 opinio
1717 1127 1786 1161 dici,
1809 1127 1898 1155 inniti-

1050 1174 1096 1198 tur
1119 1171 1169 1207 ipsi
1190 1170 1259 1206 fidei
1291 1174 1423 1208 tanquam
1458 1172 1584 1200 firmiori.
1618 1173 1647 1201 Et
1680 1173 1764 1202 liuius
1786 1173 1896 1210 signum
1914 1181 2025 1200 Notandum.

1050 1220 1106 1250 est,
1128 1217 1193 1253 qnia
1216 1217 1319 1246 multae
1343 1218 1462 1246 rationes
1485 1218 1617 1247 videntur
1639 1219 1717 1247 nobis
1740 1220 1898 1256 probabile>-

1050 1267 1076 1292 et
1100 1264 1179 1292 valde
1203 1264 1381 1293 rationabiles
1396 1265 1470 1293 circa
1485 1265 1585 1299 iidem,
1601 1274 1673 1302 quae
1689 1266 1820 1295 videntur
1836 1275 1896 1295 esse

1048 1310 1198 1340 abusiones
1218 1311 1356 1348 quaedam
1384 1311 1544 1340 hominibus
1567 1312 1734 1342 infidelibus.
1758 1313 1821 1342 ldeo
1843 1322 1898 1342 ma<

1050 1358 1091 1394 gis
1118 1357 1164 1386 illa
1193 1358 1316 1395 acceptio
1345 1358 1473 1387 innititur
1503 1359 1572 1395 fidei
1602 1368 1685 1396 quam
1709 1368 1724 1389 e
1746 1369 1897 1393 converso,

1050 1404 1113 1433 licet
1134 1405 1228 1441 aliquo
1250 1405 1332 1433 modo
1354 1405 1400 1433 illa
1423 1406 1506 1434 tidem
1522 1406 1612 1435 foveat
1636 1409 1663 1435 et
1678 1407 1810 1441 delectet,
1826 1408 1897 1437 sicut

1051 1451 1156 1480 dictum
1179 1455 1220 1480 est
1231 1452 1249 1479 ⁵.

1130 1498 1155 1525 3.
1177 1498 1204 1526 Ιι.
1226 1498 1264 1526 Ad
1287 1498 1358 1527 duas
1381 1499 1494 1527 ultimas
1517 1501 1637 1529 rationes
1660 1509 1713 1529 non
1728 1505 1837 1538 oportet
1859 1511 1898 1531 rt·-

1050 1544 1204 1581 spondere3
1226 1545 1292 1582 quia
1313 1546 1470 1582 procedunt
1491 1547 1525 1575 de
1558 1547 1617 1584 ipsa
1648 1548 1776 1584 opinione
1803 1556 1898 1577 secun-

1050 1592 1118 1620 dum
1140 1591 1261 1620 alterum
1279 1593 1392 1620 moduni
1416 1593 1542 1627 dicendi,
1559 1594 1714 1623 secundum
1737 1603 1819 1632 quem
1842 1604 1895 1624 non

1051 1641 1141 1674 potest
1154 1638 1238 1667 simul
1261 1642 1334 1667 stare
1350 1647 1414 1668 cum
1431 1640 1494 1674 side,
1515 1641 1587 1669 sicut
1608 1641 1687 1678 prius
1704 1645 1806 1671 tactum
1822 1646 1864 1672 est
1877 1644 1896 1671 ¹¹.

904 1736 1066 1773 QUAES'stO
1089 1737 1128 1764 lll.

493 1823 596 1852 Uli-mn
617 1820 689 1860 fides
710 1823 748 1852 sil
769 1823 803 1851 tle
824 1822 886 1857 liis,
908 1823 942 1852 de
962 1823 1068 1862 quibus
1091 1822 1214 1852 liabetur
1236 1824 1361 1861 cognitio
1382 1825 1552 1854 scientialis.

1050 1922 1211 1951 strationem
1234 1923 1306 1961 quia
1321 1923 1379 1952 sive
1395 1932 1444 1961 per
1466 1924 1612 1962 effectum,
1639 1925 1660 1953 si
1685 1926 1796 1963 incipiat
1817 1935 1898 1956 nosse

1050 1976 1100 2006 per
1121 1977 1245 1998 causam
1261 1970 1319 1999 sive
1334 1978 1385 2008 per
1400 1971 1665 2001 demonstrationem
1680 1978 1799 2010 propter
1814 1974 1895 2012 qaid,

1051 2024 1103 2043 non
1126 2020 1239 2053 propter
1262 2017 1314 2045 hoc
1328 2017 1430 2046 amittit
1445 2018 1567 2055 priorem
1583 2019 1780 2055 cognitionem,
1802 2029 1899 2058 quam-

1051 2062 1092 2090 vis
1114 2062 1182 2091 liaeo
1213 2064 1336 2092 secunda
1366 2064 1401 2092 sit
1429 2065 1548 2093 nobilior
1570 2065 1651 2094 illa⁸z
1674 2074 1741 2103 ergo
1762 2067 1835 2096 duae
1856 2076 1898 2096 co-

1050 2109 1186 2145 gnitiones
1216 2114 1332 2147 possunt
1365 2111 1461 2140 haberi
1494 2112 1529 2141 de
1560 2113 1674 2147 eodem,
1696 2122 1818 2151 quarum
1843 2123 1894 2143 una

1050 2156 1168 2185 nobilior
1189 2161 1231 2186 est
1252 2166 1336 2195 quam
1358 2158 1428 2194 alia,
1459 2163 1486 2188 et
1511 2168 1567 2188 una
1598 2168 1652 2188 non
1674 2161 1791 2198 expellit
1812 2162 1895 2190 allam

1050 2211 1100 2231 nec
1121 2208 1246 2233 evacuat.
1269 2205 1299 2233 Et
1331 2205 1352 2233 si
1386 2206 1436 2234 hoc
1461 2214 1559 2235 verum
1592 2210 1649 2241 est,
1672 2211 1737 2236 tunc
1768 2208 1896 2240 videtur,

1049 2250 1124 2287 quod
1155 2251 1239 2279 simul
1272 2252 1357 2288 possit
1389 2252 1495 2289 aliquid
1528 2254 1654 2290 cognosci
1688 2255 1896 2283 ratiocinatione

1049 2297 1185 2333 acquisita
1206 2301 1232 2326 et
1254 2298 1456 2327 illuminatione
1480 2300 1583 2328 infusa:
1606 2308 1673 2337 ergo
1694 2300 1729 2329 dc
1744 2301 1842 2329 eodem
1864 2301 1898 2329 si—

1050 2342 1108 2371 mul
1130 2347 1220 2379 potest
1241 2344 1337 2373 haberi
1361 2344 1429 2373 sides
1451 2349 1477 2373 et
1498 2345 1620 2374 scientia.

211 2486 218 2500 ¹
237 2486 352 2513 Bernard„
371 2486 398 2508 V.
417 2485 445 2508 de
467 2485 584 2507 Consider.
602 2491 621 2507 c.
639 2485 660 2506 3.
684 2491 705 2506 n.
724 2485 750 2506 6:
769 2483 836 2506 Fides
858 2486 893 2506 est
910 2485 993 2506 volun-

149 2526 202 2547 taria
220 2525 334 2553 quaedam
352 2528 374 2547 et
390 2528 451 2547 certa
475 2524 607 2551 praelibatio
633 2523 731 2545 necdum
753 2523 885 2550 propalatae
910 2524 992 2546 verita-

148 2565 182 2586 tis.
200 2563 332 2586 Intellectus
349 2567 383 2585 cst
395 2563 426 2585 rei
444 2563 612 2591 cuiuscumque
624 2562 743 2584 invisibilis
760 2565 820 2583 certa
834 2565 855 2584 et
874 2562 991 2584 manifesta

149 2603 232 2625 notitia.
251 2601 334 2631 Opinio
351 2605 385 2624 est
401 2602 466 2629 quasi
480 2607 522 2628 pro
540 2607 596 2622 vero
614 2600 698 2622 habero
711 2600 811 2628 aliquid,
830 2600 893 2628 quod
911 2600 992 2622 salsum

147 2647 198 2664 esse
216 2641 309 2663 nescias.
328 2640 399 2668 Ergo,
418 2643 442 2662 ut
460 2640 516 2667 dixi,
534 2639 591 2662 sides
608 2639 744 2667 ambiguum
763 2645 807 2661 non
827 2639 906 2667 hahet3
924 2642 963 2661 aut
974 2641 992 2661 si

149 2680 228 2707 habt-t.
245 2679 302 2710 (tiles
319 2686 363 2701 non
381 2682 427 2707 est,
445 2679 485 2701 sed
502 2678 588 2707 opinio.
601 2691 631 2694 -—
647 2679 716 2700 Paulo
733 2678 841 2705 superins
858 2684 900 2706 pro
914 2680 995 2707 posset

149 2720 196 2747 (sic
213 2719 280 2741 codd.
298 2721 315 2740 A
326 2719 344 2740 li
362 2722 384 2741 ct
401 2718 432 2740 bb
450 2724 462 2739 a
479 2717 580 2740 secunda
597 2717 681 2745 manu)
699 2718 735 2739 alii
752 2717 819 2739 codd.
835 2716 921 2746 possit,
940 2717 992 2739 edd.

148 2759 227 2788 polest.
246 2758 295 2780 Mox
313 2764 355 2785 pro
372 2756 484 2780 derelicta
501 2756 551 2778 cod.
570 2757 586 2778 Z
604 2755 694 2779 relicta.

211 2797 220 2811 ‘²
238 2797 340 2819 Drooem.
353 2803 374 2825 q.
394 2797 414 2818 2.
427 2808 458 2812 —
470 2795 572 2818 Subinde
586 2798 636 2823 post
652 2794 789 2818 Secundam
808 2794 857 2816 cod.
870 2795 888 2816 G
900 2795 994 2817 subiun-

149 2837 182 2864 git
198 2837 285 2858 autem.

211 2874 220 2889 ³
238 2874 309 2897 Codd.
327 2874 344 2896 G
356 2874 372 2896 ll
384 2874 431 2896 Mo
447 2872 577 2902 probabili,
602 2872 668 2894 codd.
688 2872 738 2894 lbb
756 2876 777 2895 et
794 2872 847 2894 edd.
870 2873 886 2899 l,
909 2873 922 2894 2
938 2878 994 2901 pro-

149 2912 258 2936 habiliori
266 2922 276 2941 ;
297 2913 352 2936 Cod.
376 2913 392 2935 Z
418 2912 529 2935 innititur
551 2911 651 2935 rationis
673 2910 844 2941 probabilitate.
873 2912 915 2933 Pro
937 2911 993 2941 quia

150 2952 200 2975 cod.
219 2952 234 2974 F
251 2953 278 2975 et.

211 2990 220 3005 ⁴
238 2990 282 3013 Cl'r.
300 2997 369 3018 supra
388 2990 410 3013 d.
429 2991 464 3012 23.
483 2997 502 3012 a.
525 2991 541 3012 l.
560 2996 581 3018 q.
600 2990 620 3011 3.
638 2989 667 3011 ad
685 2990 706 3011 ⁶2.
719 3001 748 3004 —
764 2988 836 3011 Codd.
855 2989 872 3010 M
884 2989 941 3011 OW
952 2995 994 3018 (ιρ-

275 3041 301 3065 S.
318 3042 406 3065 Boncw.
423 3054 455 3058 —
472 3042 539 3064 Tom.
558 3042 588 3063 lll.

1047 2486 1115 2514 paret
1131 2485 1158 2508 cle
1171 2485 1254 2509 Beatis.
1269 2487 1310 2508 l‘ro
1321 2486 1514 2515 apprehensionis
1526 2487 1594 2509 codd.
1609 2488 1626 2509 Α
1640 2488 1658 2510 l<
1672 2488 1895 2517 comprehensionis.

1049 2525 1159 2552 Superius
1176 2528 1227 2553 post
1240 2531 1286 2548 uon
1297 2525 1465 2554 apparentium
1482 2526 1535 2548 edd.
1553 2527 1662 2554 supplent
1679 2533 1768 2549 reram.

1112 2564 1121 2578 ⁵
1139 2564 1196 2586 Vide
1214 2565 1227 2586 l.
1240 2565 1301 2586 Sent.
1321 2570 1424 2592 prooem.
1437 2571 1458 2593 q.
1478 2566 1498 2587 2.
1516 2565 1544 2587 ad
1563 2566 1584 2587 6.
1595 2577 1627 2581 —
1640 2566 1682 2588 Pro
1693 2565 1762 2595 fidem
1780 2567 1832 2589 edd.
1846 2573 1895 2595 per-

1050 2608 1129 2629 peram
1145 2602 1208 2632 fides.
1227 2602 1282 2625 Cod.
1301 2603 1316 2625 F
1334 2604 1384 2625 voci
1401 2603 1456 2633 fidei
1470 2604 1575 2631 praefigit
1591 2603 1656 2633 ipsi:

1112 2641 1122 2655 ⁶
1139 2642 1196 2664 Vide
1214 2643 1314 2664 scholion
1333 2642 1361 2664 ad
1381 2643 1555 2670 praecedentem
1574 2647 1662 2672 quaest.

1113 2679 1122 2694 ⁷
1139 2680 1194 2702 Cod.
1212 2681 1231 2702 V
1250 2682 1285 2703 hic
1302 2682 1379 2703 inserit
1396 2687 1452 2704 esse.

1112 2717 1121 2732 ⁸
1139 2719 1196 2741 Vide
1214 2720 1312 2747 Ariston,
1330 2720 1345 2742 1.
1363 2720 1446 2742 Foster.
1464 2726 1483 2742 c.
1507 2721 1538 2742 l0.
1557 2720 1590 2747 (c.
1612 2721 1655 2749 13.)
1672 2724 1694 2744 et
1711 2722 1733 2743 ll.
1752 2728 1771 2744 c.
1793 2723 1810 2744 l.
1829 2729 1895 2751 seqq.

1052 2757 1226 2785 Demonstratio,
1247 2764 1306 2786 quae
1330 2759 1366 2780 hic
1384 2758 1531 2786 distinguitur
1553 2760 1574 2781 in
1597 2759 1815 2783 demonstrationem
1839 2761 1895 2790 quia.

1050 2799 1072 2818 ct
1094 2795 1312 2818 demonstrationem
1326 2798 1424 2825 propter
1440 2796 1512 2826 qnid,
1532 2799 1550 2819 si
1567 2797 1646 2821 stricte
1663 2799 1780 2827 accipitur,
1799 2805 1843 2821 non
1862 2803 1896 2822 est

1050 2834 1112 2856 idem
1129 2841 1155 2856 ac
1172 2835 1335 2858 demonstratio
1352 2842 1367 2858 a.
1383 2835 1461 2864 priori
1472 2839 1494 2858 et
1510 2842 1525 2859 (ι
1536 2836 1673 2865 posteriori,
1688 2838 1802 2866 siquidem
1821 2840 1895 2861 omnis

1051 2872 1214 2895 demonstratio
1229 2875 1327 2902 propter
1349 2874 1405 2903 qiaeicl
1421 2877 1455 2896 est
1472 2881 1487 2897 a
1504 2874 1591 2903 priori,
1615 2876 1654 2898 scd
1674 2882 1718 2898 non
1742 2878 1792 2899 vice
1814 2884 1894 2905 versa,

1051 2918 1104 2934 cum
1123 2912 1285 2935 demonstratio
1302 2914 1398 2942 propter
1422 2913 1478 2943 quid
1494 2915 1522 2937 sit
1540 2915 1574 2937 illa
1593 2918 1693 2943 tantum,
1712 2917 1733 2938 in
1755 2923 1800 2945 qua
1826 2922 1894 2939 causa

1051 2950 1190 2974 immediuttt'
1212 2952 1311 2974 affertur.
1329 2965 1359 2968 —
1377 2953 1418 2974 Pro
1442 2952 1544 2976 nobilior
1568 2954 1621 2976 edd.
1651 2955 1671 2982 l,
1696 2955 1708 2976 2
1726 2954 1816 2983 notior,
1844 2956 1894 2978 Vat.

1051 2989 1130 3012 notior
1148 2990 1183 3013 vel
1199 2989 1307 3013 nobilior.

1738 3045 1766 3066 66
