2166 3366
733 196 815 224 DtST.
839 196 939 224 xxvtt.
960 197 1032 226 ΛΒΤ.
1056 197 1072 225 l.
1096 197 1232 234 QUAEST.
1254 198 1295 226 tv.

141 276 273 304 quaestione
291 275 320 297 de
338 276 412 303 pruna
438 276 545 303 opinione
570 274 635 298 dicit.
655 274 746 297 difficile
769 280 820 296 esse
845 281 896 297 cam
922 276 990 297 susti-

141 321 205 342 nere,
223 318 244 337 et
262 315 311 337 loco
330 314 353 336 ll.
381 314 431 336 libri
454 315 490 337 cit.
515 315 575 336 clare
599 315 717 342 propriam
740 314 873 341 opinionem
897 315 989 336 manite-

140 357 189 376 stat.
207 353 335 376 Notandum
353 354 432 381 eliani,
451 353 513 382 quod
539 353 594 375 ibid.
612 353 641 375 ad
658 353 682 374 6.
708 354 798 379 asserit,
817 353 838 374 in
857 353 932 381 primo
951 354 989 375 lio-

139 393 199 415 mine
217 396 267 415 ante
285 393 376 420 lapsum
388 399 469 420 reapse
481 398 584 414 amorem
595 410 599 419 ,
610 398 656 421 quo
670 392 730 414 Deus
743 396 837 420 propter
849 398 872 414 se
885 395 906 414 et
918 398 989 420 supet·

138 432 214 454 omnIa
233 431 382 460 diligebatur,
400 432 448 454 sine
466 432 537 460 gratia
555 431 663 454 habituali
681 431 758 453 luisse.

202 471 243 493 Alii
261 474 454 494 commentatores
472 471 529 493 Petri
548 470 672 493 Lonibardi
690 471 828 499 plerumque
841 471 899 493 lianc
918 477 988 499 quae-

139 511 236 533 stionem
254 510 346 532 solvunt
363 511 385 532 in
403 510 426 532 ll.
444 510 504 532 Seni.
524 509 545 532 d.
564 509 600 531 26.
613 509 650 532 vel
664 509 706 536 27,
719 515 778 538 qnos
790 509 844 531 vide
861 510 883 531 in
901 510 988 532 scliolio

141 552 217 571 nostro
234 555 303 577 supra
322 550 396 571 citato.
414 549 501 571 Tamen
521 549 578 571 Petr.
604 556 615 570 a
643 549 704 576 Tar.,
729 549 757 571 de
783 548 864 571 eadem
888 550 934 577 agit
953 550 989 571 liic

140 594 162 616 q.
180 588 201 610 2.
219 594 238 609 a.
257 588 277 610 3.

201 627 224 649 ll.
243 627 265 649 ln
283 627 395 649 solutione
412 627 529 655 sequentis
547 626 587 654 (i.)
607 626 748 655 quaestionis
760 627 911 654 supponitur,
925 632 988 654 prae-

139 668 172 688 ter
190 665 293 688 habitum
310 665 508 694 supernaturalem
526 666 625 688 caritatis
642 672 692 688 esse
710 666 778 688 etiam
801 671 904 688 amorem
923 668 989 688 natu-

138 705 208 728 ralem
226 705 285 734 (six-e
302 706 450 734 acquisitum)
473 705 495 727 in
519 705 604 732 Deum,
630 707 655 727 ut
681 708 713 727 est
733 707 813 727 auctor
831 707 936 732 naturae,
956 704 985 727 d:

138 751 185 774 quo
202 745 242 768 cir.
260 745 274 767 l.
292 745 353 767 Sent.
371 744 392 767 (1.
415 745 448 766 17.
467 751 489 772 p.
508 744 524 766 Ι.
541 750 562 773 q.
581 744 607 772 3,
626 747 648 767 et
666 745 791 772 praecipue
809 744 831 766 ll.
849 744 910 766 sent.
930 744 953 766 (1.
967 744 987 766 3.

139 791 162 813 p.
180 784 203 806 ll.
221 791 241 807 a.
259 784 280 806 3.
298 790 320 812 q.
343 784 360 805 l.
377 784 400 805 in
418 789 482 811 corp.
500 787 521 806 et
539 783 567 805 ad
586 783 608 805 3.

201 824 262 846 Haec
274 823 377 846 doctrina
389 823 539 846 confirmatur
551 823 713 851 reprobatione
725 823 827 851 plurium
839 829 988 845 erronearum

141 862 333 891 propositionum,
352 867 410 890 quas
423 862 490 884 Baius
503 868 530 884 ex
548 861 649 884 tontibus
666 865 805 884 novatorum
826 862 910 884 saeculi
929 861 988 883 XYl.

139 902 224 930 bausit,
242 902 300 924 inter
317 907 375 930 quas
391 905 425 924 est
442 907 509 929 prop.
528 901 570 923 34:
593 910 603 921 α
615 901 732 924 Distinctio
754 901 789 923 illa
808 900 906 929 duplicis
927 907 989 923 amo·

138 941 180 969 ris,
198 939 318 964 naturalis
334 940 451 967 videlicet,
467 946 513 969 quo
531 940 592 962 Deus
604 943 695 963 amatur
713 943 737 962 ut
748 942 828 962 auctor
845 943 948 967 naturae,
967 942 989 962 et

138 978 251 1009 gratuiti,
270 986 317 1008 quo
336 979 396 1002 Deus
418 983 509 1002 amatur
530 982 553 1001 ut
575 979 728 1007 beatificator,
751 985 810 1001 vana
832 982 866 1001 est
889 982 911 1002 et
928 985 989 1002 com-

139 1019 239 1041 mentitia
257 1023 280 1041 et
300 1018 330 1041 ad
347 1018 491 1041 illudendum
512 1019 583 1041 sacris
600 1019 689 1041 Litteris
711 1021 733 1041 et
755 1019 860 1047 plurimis
883 1022 987 1041 veterum

139 1058 273 1081 testimoniis
290 1058 416 1086 excogitata
431 1065 442 1079 1>
456 1057 505 1085 (cfr.
518 1064 585 1086 prop.
598 1058 653 1086 36.).
665 1069 697 1074 -
709 1058 765 1080 Hinc
779 1057 841 1080 idem
854 1058 921 1080 Baius
934 1058 989 1080 inci-

139 1097 171 1120 dit
188 1098 210 1120 in
228 1097 298 1119 alium
316 1103 418 1119 errorem
431 1097 581 1125 reprobatum
598 1099 620 1119 et
637 1097 666 1119 ad
684 1098 742 1119 lianc
755 1100 855 1119 nostram
874 1098 989 1126 quaestio-

139 1142 191 1158 nem
209 1138 362 1164 spectantem,
380 1136 465 1158 scilicet
483 1142 549 1164 prop.
563 1136 604 1158 32:
621 1144 631 1156 ιι
643 1135 730 1158 Caritas
747 1136 795 1164 illa,
814 1142 873 1165 quae
890 1139 923 1158 est
941 1137 989 1165 ple-

140 1174 220 1198 nitudo
232 1175 311 1203 Legis,
325 1180 369 1197 non
387 1177 421 1197 est
437 1181 531 1203 semper
549 1175 669 1198 coniuncta
688 1180 741 1197 cum
760 1176 895 1197 remissione
912 1181 990 1203 pecca-

139 1217 214 1237 torum
226 1221 252 1242 »;
270 1217 292 1236 et
309 1220 375 1242 prop.
394 1214 437 1236 31:
459 1222 468 1234 a
481 1214 568 1237 Caritas
591 1214 690 1242 perfecta
709 1218 731 1237 et
754 1215 854 1242 sincera,
873 1221 932 1244 quae
955 1218 989 1237 est

138 1259 166 1276 ex
182 1253 252 1276 corde
275 1260 334 1282 puro
356 1257 377 1277 et
398 1255 535 1277 conscientia
559 1253 618 1277 bona
642 1258 664 1277 et
682 1253 727 1276 tide
748 1260 794 1276 non
811 1254 874 1282 ficta,
897 1257 942 1276 tam
965 1255 987 1276 in

139 1293 310 1316 catechumenis
325 1299 396 1322 quam
414 1293 435 1315 in
449 1293 626 1321 poenitentibus,
639 1296 714 1322 potest
727 1299 777 1316 esse
789 1294 838 1316 sine
855 1294 989 1316 remissione

139 1336 286 1360 peccatorum
299 1341 309 1352 υ
330 1331 379 1360 (ct'r,
399 1338 466 1361 prop.
486 1332 523 1354 33.
541 1333 578 1355 70.
596 1333 652 1361 71.).

201 1371 233 1394 ΙΙΙ.
251 1371 308 1394 t-tinc
321 1372 446 1394 certissima
459 1375 492 1394 est
510 1372 610 1394 auctoris
622 1372 739 1394 conclusio
752 1371 805 1397 (cfr.
818 1373 885 1394 eliam
899 1372 912 1394 l.
926 1373 987 1395 Seni.

1841 202 1896 229 599

1046 275 1068 297 d.
1091 276 1123 297 17.
1142 282 1164 304 p.
1184 276 1196 297 l.
1215 276 1270 298 dub.
1289 277 1331 299 6.».
1355 279 1375 298 ot
1398 277 1466 298 etiam
1486 278 1542 299 ratio
1565 277 1594 299 ab
1612 278 1663 305 ipso
1685 278 1750 300 allata
1769 278 1827 301 bona
1846 282 1896 306 est,

1046 314 1109 343 quod
1128 315 1210 337 scilicet
1229 321 1297 338 omne
1316 318 1435 343 peccatum
1453 317 1623 344 oppositionem
1645 316 1727 339 babeat
1746 324 1790 339 non
1809 321 1896 340 tantum

1047 360 1100 375 cum
1119 354 1197 376 nabitu
1215 355 1395 382 supet-imturali,
1414 355 1454 377 sed
1473 356 1540 377 etiam
1559 362 1612 378 cum
1631 356 1708 379 babitu
1726 356 1847 379 substrato
1865 363 1897 380 re·

1046 396 1125 420 spectu
1144 393 1197 415 recti
1216 393 1302 415 ordinis
1325 394 1354 416 ad
1372 394 1445 416 Deum
1468 398 1490 416 ut
1508 399 1625 417 ain-torem
1649 399 1749 418 naturae.
1773 396 1816 419 Etsi
1835 397 1895 418 enini

1046 431 1067 452 in
1085 431 1165 453 ordine
1183 433 1278 454 naturali
1300 441 1310 452 α
1323 439 1349 455 ex
1367 434 1544 460 superveniente
1562 435 1675 456 contrario
1693 437 1744 457 actu
1758 441 1803 457 non
1820 436 1896 457 statim

1047 470 1137 492 babitus
1155 472 1281 500 acquisitus
1293 472 1422 494 excluditur
1432 481 1442 492 n
1457 472 1493 499 (S.
1506 472 1597 500 Tuom„
1611 474 1632 495 S.
1645 474 1667 496 ll.
1681 473 1703 495 11.
1718 480 1740 502 q.
1753 473 1789 496 24.
1803 480 1823 496 a.
1841 475 1896 501 t‘2.):

1047 513 1123 532 tamen
1141 513 1261 538 peccatum
1280 517 1352 539 grave
1370 511 1548 540 quodcumque.
1566 513 1624 535 sicut
1641 512 1718 535 subito
1735 514 1842 541 importat
1856 517 1897 536 sta-

1047 552 1095 570 tum
1113 550 1212 576 peceati,
1231 550 1263 571 sic
1281 550 1380 572 excludit
1398 553 1482 572 rectam
1501 551 1668 574 ordinationem
1687 553 1755 574 etiam
1777 552 1805 574 ad
1825 553 1897 575 Deum

1047 590 1070 609 ut
1088 587 1157 610 finem
1181 589 1316 611 naturalem.
1335 589 1390 611 ilinc
1407 591 1466 612 sicut
1488 591 1570 613 caritas
1587 595 1647 613 recte
1671 591 1762 614 ordinat
1779 592 1808 614 ad
1826 592 1896 614 finem

1046 626 1161 654 ultimum,
1176 631 1223 649 tuni
1238 628 1364 650 natuialom
1378 631 1425 650 tuni
1439 630 1644 657 supernaturalem,
1663 633 1684 652 et
1697 636 1740 652 non
1759 631 1897 659 compatitur

1046 666 1192 688 aversionem
1211 673 1252 689 nec
1274 674 1286 688 a
1310 667 1353 689 tine
1376 668 1544 695 supernaturali
1569 675 1639 691 neca
1664 670 1707 692 line
1729 670 1840 692 naturali:
1865 671 1897 692 sic

1046 706 1085 734 qui
1103 709 1137 727 est
1155 712 1251 728 aversus
1268 713 1280 728 a
1303 706 1347 728 fine
1365 708 1533 734 supernaturali
1557 714 1602 729 non
1625 711 1697 736 potest
1719 714 1769 730 esso
1787 708 1845 731 bene
1863 716 1898 731 or-

1046 744 1137 767 dinatus
1155 744 1183 767 ad
1207 745 1276 767 tinem
1300 746 1434 769 naturalem.
1456 746 1512 769 ilinc
1535 747 1602 769 etiam
1621 748 1764 775 intelligitur,
1788 748 1852 777 quod
1875 749 1896 770 in

1046 787 1105 806 statu
1124 788 1218 806 naturae
1237 785 1313 813 lapsae
1327 791 1394 807 nemo
1412 786 1485 814 possit
1497 792 1574 808 amare
1593 786 1665 808 Deum
1677 793 1748 815 super
1764 788 1841 809 omnia
1855 789 1897 810 nisi

1047 823 1130 845 virtute
1147 824 1246 846 caritatis
1268 828 1289 846 et
1307 825 1393 853 gratiae
1416 825 1604 853 supernaturalis.
1617 838 1646 841 —
1660 826 1689 847 Ex
1712 829 1777 853 parte
1799 826 1896 849 subiecti

1047 862 1145 884 similem
1163 863 1273 885 rationem
1286 863 1350 885 affert
1362 864 1383 885 S.
1397 863 1480 886 Tliom.
1499 865 1548 893 (liic
1566 871 1588 893 q.
1602 865 1623 886 ²2.
1640 871 1660 886 a.
1676 864 1696 887 4.
1710 866 1852 894 quaestiunc.
1866 865 1895 894 1.)

1047 901 1137 924 dicens:
1158 910 1168 922 α
1183 902 1231 930 ipsa
1251 902 1350 931 (caritas)
1372 906 1447 926 motor
1464 907 1497 926 est
1515 904 1619 926 omnium
1637 905 1748 926 virtutum
1772 907 1792 927 ct
1811 905 1895 930 forma:

1047 941 1107 963 unde
1125 947 1194 964 omne
1216 944 1335 970 peccatum
1359 943 1477 965 caritatem
1501 943 1565 971 tollit,
1589 943 1610 965 in
1637 946 1749 972 quantum
1771 945 1897 972 opponitur

1047 981 1106 1003 actui
1125 981 1220 1003 alicuius
1237 982 1335 1004 virtutis.
1358 981 1383 1004 Et
1400 982 1453 1010 quia
1477 983 1548 1010 gratia
1567 988 1611 1005 non
1635 986 1709 1011 potest
1727 983 1772 1006 tolli
1794 984 1836 1006 nisi
1855 990 1896 1011 per

1047 1024 1183 1048 peccatum,
1207 1019 1258 1042 ideo
1282 1021 1364 1042 caritas
1387 1020 1471 1043 tollitur
1488 1020 1562 1043 ablata
1586 1022 1658 1049 gratia
1671 1030 1693 1044 a.
1712 1022 1770 1050 (Cir.
1792 1023 1814 1045 S.
1833 1023 1856 1045 lt.
1875 1023 1896 1045 ΙΙ.

1046 1066 1068 1088 q.
1088 1059 1124 1082 24.
1143 1066 1162 1082 a.
1180 1060 1213 1082 1-2.
1225 1064 1247 1082 et
1265 1060 1307 1088 Qq.
1326 1060 1411 1088 disput.
1429 1060 1458 1082 de
1475 1061 1567 1083 caritate
1579 1067 1599 1083 a.
1612 1062 1643 1089 6.)
1656 1073 1687 1077 —
1699 1061 1757 1084 Cum
1776 1063 1818 1084 bac
1831 1069 1898 1091 quae-

1046 1099 1118 1121 stione
1136 1098 1281 1127 aquuatenus
1293 1099 1400 1121 coliaeret
1418 1100 1522 1128 quaestio
1535 1100 1593 1122 inter
1611 1100 1745 1128 theologos,
1763 1102 1897 1128 praesertim

1047 1138 1179 1160 Tliomistas
1191 1140 1212 1160 et
1224 1139 1341 1166 Scotistas.
1358 1138 1483 1166 disputata,
1497 1145 1541 1167 qua
1560 1139 1646 1161 ratione
1660 1142 1780 1167 peccatum
1799 1140 1896 1168 expellat

1047 1177 1156 1205 gratiam,
1175 1180 1252 1199 utrum
1270 1177 1356 1200 scilicet
1379 1181 1458 1200 natura
1477 1184 1532 1205 sua,
1554 1178 1591 1200 vel
1608 1184 1635 1201 ex
1652 1178 1745 1201 decreto
1767 1179 1858 1207 divino;
1877 1183 1896 1202 et

1047 1219 1125 1238 utrum
1143 1216 1186 1239 sibi
1203 1216 1274 1239 ambo
1291 1219 1439 1245 opponantur
1451 1217 1557 1245 physice,
1573 1224 1600 1240 an
1614 1221 1701 1240 tantum
1713 1218 1830 1241 moraliter
1848 1219 1897 1247 (cir.

1046 1256 1102 1278 inira
1122 1255 1143 1278 d.
1162 1256 1199 1278 31.
1216 1262 1236 1278 a.
1259 1256 1276 1278 1.
1294 1262 1316 1285 q.
1339 1256 1356 1278 l.
1374 1255 1402 1278 ad
1421 1256 1460 1284 2.).

1110 1295 1146 1317 tv.
1166 1295 1197 1317 De
1215 1296 1257 1317 bac
1277 1295 1296 1317 si.
1314 1296 1448 1324 quaestione
1467 1300 1557 1324 praeter
1574 1296 1596 1318 S.
1616 1296 1744 1319 Ttaomam:
1763 1297 1785 1319 B.
1803 1297 1896 1326 Albert.,

1047 1335 1082 1356 liic
1099 1340 1119 1356 a.
1138 1334 1158 1356 3.
1178 1346 1207 1349 —
1226 1335 1282 1356 Deir.
1300 1342 1311 1356 a
1331 1334 1391 1362 Tar.,
1411 1335 1446 1356 liic
1464 1341 1486 1363 q.
1504 1334 1525 1357 5.
1544 1341 1563 1357 a.
1582 1335 1603 1357 2.
1616 1336 1758 1364 quaestiunc.
1777 1337 1797 1358 2.
1819 1348 1849 1351 —
1864 1336 1897 1358 Ri-

1046 1373 1124 1395 cliard.
1143 1379 1154 1395 a
1174 1373 1231 1395 Mod.
1250 1379 1297 1395 rem
1317 1374 1386 1401 tangit
1405 1374 1441 1396 liic
1458 1380 1477 1396 a.
1496 1375 1516 1396 ft.
1535 1381 1556 1403 q.
1576 1375 1596 1397 2.

903 1451 1066 1488 QUAESTIO
1089 1452 1129 1480 [V.

412 1526 515 1554 slsum
540 1525 657 1555 liabitas
679 1526 816 1555 [ἀι-ίίαηῖς
835 1527 927 1563 possit
948 1535 1008 1555 esse
1029 1526 1189 1564 informis,
1211 1536 1250 1555 an
1273 1536 1385 1564 semper
1406 1528 1444 1556 sit
1465 1529 1624 1565 formatus.

218 1614 324 1649 Quarto
338 1613 500 1650 quaeritur,
516 1617 612 1642 utrum
636 1613 749 1643 habitus
764 1613 887 1642 caritatis
902 1614 987 1651 possit

139 1668 199 1689 esse
222 1660 360 1694 informis,
382 1668 416 1688 an
433 1668 545 1698 semper
564 1660 598 1689 sit
613 1661 758 1690 formatus.
776 1661 805 1690 Et
827 1661 902 1698 quod
918 1668 988 1689 sem-

139 1714 189 1744 per
211 1706 245 1735 sit
267 1706 421 1741 formatus,
444 1706 567 1736 videtur:

224 1754 246 1782 l.
267 1753 359 1782 Primo
382 1761 431 1790 per
452 1754 652 1790 Augustinum.
671 1754 698 1782 in
722 1753 792 1782 libro
814 1754 847 1782 de
863 1755 933 1782 Vera
951 1754 989 1782 ln-

4 1800 302 1835 pnnflmemnocentiff:
330 1812 343 1826 «
358 1800 473 1830 Dilectio
494 1801 541 1830 Dei
564 1804 591 1830 et
612 1801 734 1838 proximi
757 1804 798 1830 est
821 1801 933 1838 propria
961 1805 988 1829 et

140 1848 268 1885 specialis
292 1847 381 1877 virtus
403 1848 514 1885 piorum
536 1851 620 1886 atque
636 1848 816 1883 Sanctorum,
833 1857 897 1877 cuni
919 1851 988 1877 cete-

140 1902 187 1924 rae
217 1895 334 1924 virtutes
357 1895 435 1924 bonis
465 1895 569 1932 possint
591 1903 652 1924 esse
680 1903 844 1924 communes
875 1899 901 1924 et
933 1904 989 1924 ma-

141 1942 174 1971 lis
189 1953 219 1975 »;
242 1942 291 1971 sed
312 1941 382 1971 aliae
412 1943 530 1971 virtutes
553 1950 606 1971 non
629 1946 695 1972 sunt
725 1950 888 1972 conununes
910 1942 988 1971 bonis

141 1993 166 2018 et
189 1989 285 2023 malis,
308 1989 359 2018 nisi
382 1989 448 2026 quia
470 1993 584 2027 possunt
607 1997 667 2018 esse
697 1989 846 2018 informes:
877 1990 898 2018 si
921 1997 988 2027 ergo

142 2036 243 2065 caritas
265 2044 318 2064 non
341 2039 430 2073 potest
453 2036 504 2065 isto
527 2036 609 2065 niodo
633 2044 694 2066 esse
716 2036 887 2071 communis,
917 2036 990 2065 vide-

142 2087 196 2113 tnr.
218 2083 292 2120 quod
316 2083 394 2112 nullo
415 2083 498 2112 inodo
520 2083 606 2121 possit
627 2091 687 2112 esse
710 2083 843 2112 informis

220 2132 247 2159 ⁹2.
271 2130 346 2164 item,
367 2129 479 2168 llugo²x
508 2142 520 2156 a
535 2130 683 2160 Caritatem
708 2131 802 2160 nullus
832 2131 923 2160 nialus
946 2131 990 2159 ba-

143 2177 207 2206 bere
224 2180 312 2214 potest
341 2189 375 2211 »;
397 2177 445 2206 sed
467 2177 488 2206 si
517 2182 607 2214 posset
637 2185 697 2207 esse
722 2178 866 2212 informis,
888 2177 990 2215 aliquis

145 2224 234 2253 malus
250 2227 342 2262 posset
364 2232 425 2253 eain
443 2224 558 2253 babere:
582 2225 754 2264 impossibile
770 2229 811 2254 est
833 2225 930 2262 igitur,
946 2225 992 2253 lia.-

143 2272 231 2300 bitum
254 2271 376 2300 caritatis
399 2271 544 2301 informem
567 2279 636 2301 esse.

223 2318 248 2346 3.
265 2318 344 2352 item.
361 2318 531 2355 impossibile
547 2322 600 2353 est,
617 2319 733 2347 sormam
751 2318 810 2347 fieri
828 2319 990 2353 inl'ormem;

144 2364 192 2393 sest
215 2364 316 2393 caritas
337 2369 378 2393 est
401 2365 489 2393 forma
512 2365 664 2399 virtutum,
681 2365 837 2394 secundum
859 2365 934 2402 quod
950 2365 992 2394 di-

144 2412 216 2441 citur
248 2419 332 2448 snper
364 2411 432 2440 illud
465 2412 499 2441 ad
537 2412 672 2441 Romanos
705 2413 838 2449 prinio³z
875 2412 992 2441 lustitia

146 2457 199 2486 Dei
219 2461 287 2491 etc.;
310 2458 419 2486 Glossa:
448 2469 460 2482 α
476 2458 544 2486 llaec
567 2462 607 2487 est
630 2459 756 2487 informis
778 2458 897 2496 qualitas
920 2466 993 2486 men-

146 2505 195 2535 tis.
215 2505 280 2541 quia
304 2505 405 2533 sociam
430 2513 482 2532 non
507 2505 587 2533 babet
610 2505 770 2533 caritatem.
785 2513 856 2541 quae
879 2508 919 2533 est
942 2505 993 2533 sor-

147 2560 188 2580 ma
212 2552 337 2580 omnium
362 2551 544 2580 virtutium:
567 2560 633 2585 eruo
654 2555 704 2580 etc.

210 2646 214 2660 ¹
235 2646 300 2668 Num.
319 2646 340 2667 7.
360 2645 417 2667 Vitli-
434 2651 503 2673 supra
523 2652 575 2673 pag.
595 2645 651 2672 tm,
671 2648 721 2667 nota
745 2646 762 2667 l.

208 2685 216 2699 Ἰ
236 2685 282 2707 Lib.
302 2685 323 2706 ll.
342 2684 370 2706 ‹io
388 2685 489 2706 Sam-ani.
509 2690 530 2712 p.
549 2684 602 2706 Xlll.
621 2690 640 2706 c.
663 2684 702 2706 ll:
720 2684 841 2706 Carttatvm
859 2685 932 2706 inatus
955 2685 992 2706 lia·

147 2724 200 2746 bvre
219 2730 263 2745 nnn
283 2727 379 2751 potest...
398 2724 451 2752 quia
470 2724 585 2745 tarnat-an
605 2723 689 2745 natm-c·
711 2726 731 2745 ol
755 2724 822 2745 sinuit
845 2723 918 2745 nialus
941 2729 991 2745 esst»

147 2769 214 2784 nenio
232 2767 311 2791 potest.
330 2763 375 2784 (Il'r.
393 2769 473 2789 opus-v.
492 2762 520 2783 dt·
540 2762 616 2783 l..'uulo
633 2763 745 2788 caritatis,
765 2766 814 2789 post
833 2763 943 2784 medium.

208 2802 217 2817 ³
237 2802 299 2824 Vei-s.
323 2802 355 2823 17.
379 2814 407 2817 —
431 2802 517 2829 inte-gra
541 2801 634 2823 (ilossao
657 2800 727 2823 voi-ba
753 2801 823 2822 babos
843 2807 913 2828 supra
939 2808 991 2829 pag.

147 2841 202 2869 vta-z,
221 2845 271 2863 nota
289 2841 311 2863 7.

209 2879 217 2894 ⁴
235 2880 273 2902 Cl'r
291 2881 326 2902 liic
344 2880 373 2901 lit.
392 2879 504 2907 Magistri,
523 2885 541 2900 (κ
560 2879 580 2900 ’2,
598 2882 619 2900 ‹·t
637 2879 658 2900 Ii.
678 2890 707 2894 --
726 2878 756 2900 tic
774 2878 818 2900 ilde
836 2879 925 2900 informi
939 2878 992 2900 title

148 2925 217 2947 <upra
237 2919 258 2941 ιΙ.
277 2920 313 2941 253.
332 2926 351 2940 a.
370 2919 390 2941 2.
409 2925 431 2947 q,
454 2919 470 2940 1.
490 2925 554 2947 quq.
572 2930 603 2934 —
622 2918 690 2940 l’anlo
709 2918 802 2940 iniurius
820 2924 861 2945 pro
878 2917 993 2947 ‹tilianam-

148 2958 200 2980 odd.
219 2965 271 2980 runi
291 2959 370 2986 pauci<
387 2957 454 2979 codd,
474 2956 572 2986 (titiant.
592 2961 612 2979 vt
631 2956 730 2979 subluit·-
749 2963 791 2984 prn
808 2957 891 2979 mnlrrt
908 2957 958 2979 mut.
973 2957 990 2978 M

148 3002 233 3025 snpra,
254 2997 304 3018 emt
324 2996 354 3019 bb
372 3001 450 3025 super.

1125 1615 1151 1642 li.
1175 1614 1254 1649 item,
1278 1615 1389 1643 virtutis
1405 1615 1528 1644 caritatis
1543 1619 1585 1644 est
1600 1615 1716 1653 diligere
1731 1617 1818 1646 Deum
1836 1625 1897 1654 pro—

1046 1664 1107 1698 pter
1130 1668 1158 1690 se
1180 1664 1207 1689 et
1228 1669 1313 1698 super
1335 1662 1428 1690 omnia
1444 1662 1470 1696 ⁴3
1493 1662 1541 1691 sed
1565 1662 1648 1691 istuin
1678 1667 1771 1692 actum
1801 1664 1896 1693 nullus

1048 1707 1151 1737 babere
1174 1711 1278 1745 potest,
1301 1709 1347 1746 qui
1379 1709 1462 1738 babet
1485 1709 1511 1738 in
1534 1718 1563 1739 se
1593 1711 1709 1739 mortale
1731 1715 1896 1748 peccalum,

1046 1762 1110 1783 cum
1135 1755 1160 1783 in
1184 1755 1258 1783 omni
1282 1755 1391 1783 mortali
1414 1759 1528 1792 peccato
1549 1757 1654 1794 aliquid
1681 1757 1814 1794 diligatur
1836 1766 1897 1787 con-

1047 1805 1089 1830 tra
1112 1801 1220 1830 Deum:
1243 1802 1264 1831 si
1292 1809 1360 1839 ergo
1381 1803 1439 1831 sola
1471 1803 1516 1831 illa
1540 1803 1629 1833 virtus
1658 1808 1746 1841 potest
1773 1813 1832 1834 esse
1862 1805 1898 1833 in-

1047 1848 1160 1882 formis,
1183 1849 1264 1877 cuius
1285 1853 1364 1877 actus
1387 1853 1475 1886 potest
1500 1850 1616 1887 reperiri
1638 1850 1663 1878 in
1683 1854 1843 1887 peccatore.
1866 1852 1898 1880 si-

1046 1899 1094 1924 cut
1115 1898 1190 1932 patet
1212 1896 1246 1924 de
1264 1896 1333 1929 ssde;
1356 1896 1483 1925 videtur.
1509 1897 1581 1934 quod
1599 1898 1701 1926 raritas
1723 1897 1898 1927 nullomodo

1047 1943 1133 1980 possit
1155 1951 1215 1972 esse
1237 1943 1371 1972 informis.

1129 1991 1154 2018 ὃ.
1185 1990 1270 2024 item,
1301 1990 1372 2019 sicut
1403 1990 1553 2020 infidelitas
1582 1995 1719 2029 repugnat
1747 1991 1829 2026 fidei,
1860 1992 1897 2021 sic

1049 2036 1136 2065 libido
1151 2040 1178 2065 et
1200 2045 1279 2065 amor
1296 2036 1461 2066 libidinosus
1483 2042 1621 2075 repugnat
1635 2039 1762 2073 caritati3
1786 2039 1834 2068 sed
1852 2039 1900 2068 ini-

1048 2083 1180 2121 possibile
1201 2087 1258 2117 est,
1282 2084 1408 2112 habitum
1431 2084 1494 2113 fidei
1518 2093 1566 2114 nec
1589 2086 1735 2115 informem
1767 2094 1814 2115 nec
1848 2086 1900 2115 sor-

1049 2135 1156 2160 matum
1179 2131 1261 2160 simul
1285 2135 1358 2160 stare
1380 2140 1444 2161 cuni
1468 2140 1564 2161 errore
1579 2136 1605 2161 et
1629 2133 1809 2162 iniitrlelitate:
1832 2142 1899 2170 ergo

1049 2179 1220 2216 impossibile
1242 2183 1296 2212 est,
1320 2179 1445 2208 habitum
1466 2179 1589 2208 caritatis
1615 2188 1664 2209 nec
1681 2180 1825 2209 informen]
1850 2189 1898 2209 nec

1049 2226 1200 2254 formatum
1223 2226 1307 2254 simul
1329 2230 1403 2254 stare
1425 2234 1488 2255 cuni
1513 2226 1635 2255 libidine.
1658 2227 1710 2255 Sed
1735 2234 1817 2255 omne
1839 2235 1900 2264 pet·-

1049 2275 1142 2301 catnm
1165 2276 1204 2301 est
1229 2272 1329 2305 libido.
1351 2272 1393 2301 vel
1416 2280 1452 2301 ex
1477 2272 1608 2305 libidine,
1638 2273 1792 2301 secundnm
1823 2273 1896 2310 qnod

1050 2319 1116 2348 dicit
1131 2319 1300 2355 Augustinus
1317 2319 1342 2347 ⁵:
1365 2326 1431 2355 ergo
1448 2319 1617 2355 impossibile
1638 2322 1691 2352 est,
1715 2319 1840 2347 habitum
1857 2328 1898 2348 ca-

1050 2365 1139 2394 ritatis
1161 2372 1210 2393 nec>
1233 2365 1378 2394 informem
1401 2373 1450 2393 nec
1473 2365 1622 2393 formatum
1646 2365 1762 2402 reperiri
1790 2366 1816 2394 in
1839 2374 1899 2403 pec—

1050 2414 1157 2439 catore:
1181 2419 1247 2447 ergo
1277 2419 1329 2439 non
1354 2411 1493 2448 reperitur
1521 2411 1572 2441 nisi
1596 2411 1621 2440 in
1652 2412 1711 2440 viro
1734 2412 1813 2441 iusto.
1843 2413 1894 2442 Sed

1051 2457 1077 2486 in
1100 2457 1147 2486 illo
1169 2466 1222 2486 non
1247 2458 1328 2487 babet
1349 2466 1410 2487 esse
1433 2458 1576 2493 informis,
1598 2459 1645 2487 sed
1666 2467 1777 2497 semper
1799 2460 1897 2488 sorma-

1052 2508 1113 2533 ttts:
1135 2513 1201 2541 vrgo
1222 2508 1272 2533 etc.

1129 2552 1181 2579 Sizn
1203 2559 1327 2579 cox'rnit:
1364 2553 1385 2579 i.
1416 2552 1482 2580 laun
1515 2552 1616 2589 aliquis
1648 2557 1756 2590 pet-rat.
1790 2554 1836 2590 qni
1871 2555 1896 2583 in

1111 2645 1121 2660 ⁵
1139 2645 1198 2667 Lini:
1218 2646 1231 2667 l.
1250 2646 1277 2667 ‹lo
1297 2646 1343 2668 Lib.
1362 2645 1416 2668 Ari).
1433 2654 1452 2668 (r.
1472 2646 1492 2668 3.
1512 2653 1532 2668 n.
1551 2649 1572 2668 κ.
1590 2653 1662 2676 seqq,
1690 2646 1728 2669 ubi
1755 2648 1812 2669 inu-r
1837 2648 1895 2670 alia:

1052 2693 1061 2703 ιι
1076 2684 1131 2706 ΝίΙιίΙ
1145 2685 1205 2706 alind
1218 2690 1288 2713 quam
1302 2684 1418 2707 libidinem
1437 2686 1458 2706 in
1477 2687 1522 2706 toto
1536 2685 1593 2707 malo
1607 2685 1702 2707 sariondi
1721 2692 1804 2713 genero
1823 2686 1896 2708 domi-

1050 2724 1097 2746 nari
1110 2733 1129 2745 ι».
1144 2723 1229 2745 thiat-n·
1242 2724 1270 2751 (υ,
1288 2723 1304 2745 si.
1318 2730 1338 2746 n.
1356 2724 1398 2746 um
1412 2725 1479 2746 otiam
1493 2724 1570 2748 ‹loct-t,
1585 2733 1593 2743 ιι
1605 2725 1722 2747 malt-sacta
1736 2731 1780 2747 non
1792 2725 1822 2747 ob
1835 2726 1896 2749 aliud

1050 2763 1108 2784 mala
1127 2769 1189 2789 esse,
1209 2763 1249 2784 nisi
1268 2763 1330 2791 qunti
1350 2763 1455 2791 tibidinv,
1475 2763 1496 2785 id
1520 2767 1551 2785 ost
1580 2763 1731 2791 improbanda
1758 2764 1895 2793 rupiditatv„

1049 2802 1139 2823 tluntn.
1158 2801 1182 2823 tit
1200 2802 1221 2823 in
1243 2801 1300 2823 libro
1322 2801 1350 2823 ‹le
1374 2801 1501 2829 ltlvinlarlo,
1525 2809 1544 2824 ν.
1566 2802 1588 2824 7.
1612 2809 1633 2824 n.
1661 2803 1693 2824 10.
1717 2802 1777 2825 idum
1801 2805 1895 2831 August.

1050 2839 1118 2862 dicit:
1142 2839 1222 2862 Libido
1239 2846 1332 2869 qtuiqtu¹
1350 2841 1397 2868 ipsa
1417 2843 1476 2862 rame
1493 2840 1600 2863 delinitur
1618 2842 1732 2869 appetitas
1749 2842 1831 2868 animi,
1850 2849 1896 2871 qno

1049 2879 1146 2901 aeternis
1158 2878 1224 2901 bunis
1236 2879 1350 2907 quaelibet
1368 2879 1500 2907 temporalia
1520 2884 1699 2908 praeponuntur.
1718 2880 1762 2903 Cir.
1787 2881 1845 2904 XlV.
1867 2881 1896 2904 dv

1049 2917 1097 2939 (Ἂν.
1117 2917 1168 2945 Dei,
1186 2926 1203 2939 r.
1227 2918 1258 2940 155,
1278 2924 1298 2940 n.
1317 2918 1337 2940 2.
1352 2930 1380 2934 —
1393 2919 1513 2947 Aliquanto
1530 2919 1622 2941 tna-rias
1640 2925 1681 2947 pro
1700 2919 1750 2942 rt'ro
1767 2919 1828 2943 inxto
1846 2921 1896 2943 rod.

1051 2957 1066 2979 7.
1083 2956 1164 2979 animm
1182 2956 1251 2979 insto,

1911 2551 1940 2569 Ad
1953 2551 2028 2574 opposi-

1946 2576 1991 2593 tunt.
