2166 3366
133 1212 207 1236 Duplex
213 1218 267 1237 prae-

146 1236 222 1255 dicatio.

134 2104 233 2122 Conclusio
245 2104 262 2122 1.

278 187 332 215 190

276 264 347 293 inest
368 263 392 292 ei
422 262 600 294 humanitas;
629 261 677 289 sed
703 260 871 296 cuicumque
900 259 971 287 inest
996 258 1123 287 humani-

276 314 333 343 tas,
355 310 521 338 informatur
542 307 729 336 humanitate:
753 314 819 342 ergo
841 305 875 334 de
897 305 945 333 illo
966 305 1025 333 solo
1045 312 1123 341 prae-

276 358 386 386 dicatur
408 355 504 388 homo,
527 356 655 390 respectu
677 353 758 381 cuius
780 353 940 380 humanitas
961 355 1002 380 est
1023 351 1121 379 forma.

276 404 330 432 Sed
364 401 523 431 humanitas
554 408 608 428 non
641 403 682 428 est
716 400 806 427 forma
840 399 951 427 divinae
986 402 1121 427 naturae:

276 458 342 487 ergo
366 450 435 477 haec
464 451 505 477 est
526 446 689 484 simpliciter
714 446 800 475 falsa:
830 446 925 474 divina
952 449 1053 474 natura
1082 448 1123 475 est

274 497 367 525 homo.

354 543 381 571 li.
404 542 485 575 Item,
501 541 522 570 si
539 541 633 569 divina
654 543 755 568 natura
769 542 811 568 est
834 540 930 573 homo,
945 542 994 567 aut
1016 539 1123 567 radone

275 589 430 622 essentiae,
452 591 500 616 aut
522 588 628 616 ratione
646 595 798 624 personae.
822 586 879 614 Non
906 586 1012 614 ratione
1034 594 1124 613 essen-

277 636 346 670 tiae,
375 636 441 673 quia
463 634 645 663 humanitatis
673 637 700 662 et
722 633 874 662 divinitatis
896 632 1032 661 essentiae
1061 632 1124 661 sim-

275 683 384 720 pliciter
406 685 471 711 sunt
492 682 653 715 distinctae3
676 689 729 709 non
752 680 859 708 ratione
876 688 1036 716 personae,
1058 679 1124 716 quia

275 734 377 759 natura
406 738 457 758 uon
485 729 616 765 supponit
637 736 688 765 pro
717 736 851 765 persona,
880 727 951 755 sicut
980 735 1067 763 supra
1096 727 1123 755 in

275 778 367 814 primo
388 776 482 804 lihrol
505 776 609 804 dictum
632 779 691 804 est:
714 782 780 811 ergo
809 774 877 802 haec
899 777 940 802 est
961 773 1124 810 simpliciter

276 825 361 853 falsa:
385 823 479 853 divina
499 827 599 851 natura
621 825 662 851 est
684 822 775 850 homo.

591 923 802 944 CONCLUSIO.

295 1012 427 1041 Locutio:
450 1010 552 1039 diviua
567 1013 680 1038 natura
702 1012 742 1037 est
764 1008 862 1042 liomo,
874 1012 966 1045 potest
989 1011 1104 1036 taiititiii

345 1059 479 1092 consedi,
501 1058 529 1086 si
548 1057 742 1094 praedicatur
763 1057 878 1085 ratione
899 1056 1052 1093 sttppositi.

355 1154 531 1181 RESPONnsso:
553 1152 722 1185 Dicendum,
738 1151 826 1188 quod,
842 1151 914 1179 sicut
934 1150 961 1178 in
984 1150 1074 1187 primo
1096 1149 1125 1177 li—

275 1200 346 1229 bro2
368 1199 495 1228 habitum
518 1199 581 1232 fuit,
603 1198 630 1226 in
652 1197 753 1226 divinis
775 1201 816 1225 est
838 1197 962 1234 reperire
984 1196 1125 1233 praedica-

276 1248 377 1275 tionem
402 1254 450 1283 per
473 1245 651 1273 identitatem
672 1248 699 1273 et
721 1252 770 1281 per
792 1243 1073 1276 denominationem,
1096 1243 1125 1270 li-

277 1297 320 1323 cet
341 1301 394 1321 nou
417 1299 620 1329 usquequaque
640 1291 753 1327 proprie
774 1291 895 1318 omniuo.
917 1290 1014 1318 Differt
1030 1294 1123 1318 autem

276 1339 446 1377 praedicatio
467 1346 516 1375 per
535 1337 798 1366 denominationem
814 1345 829 1365 a
852 1336 1057 1373 praedicatione
1074 1344 1124 1373 per

277 1387 468 1419 identitatem,
491 1385 572 1422 quia,
594 1393 657 1413 cum
681 1385 785 1422 aliquid
803 1384 981 1421 praedicatur
1004 1392 1054 1421 per
1070 1392 1125 1411 mo-

277 1434 344 1463 dum
367 1432 631 1465 denominativam,
653 1431 833 1469 praedicatur
855 1431 908 1459 sul]
937 1430 1044 1459 ratione
1066 1429 1125 1468 for-

276 1490 358 1514 mae,-
387 1484 418 1508 ut
446 1488 509 1508 cum
532 1479 649 1507 dicitur:
680 1479 758 1506 Pater
780 1481 903 1515 generat.
931 1477 999 1506 Cum
1030 1481 1123 1506 autem

276 1527 446 1565 praedicatio
461 1530 502 1555 est
516 1534 566 1563 per
588 1525 783 1559 identitatem,
800 1528 889 1561 potest
912 1524 1067 1561 praedIcari
1084 1533 1125 1552 ra-

276 1575 349 1603 tione
370 1573 531 1611 suppositi;
554 1577 583 1601 ut
605 1580 668 1601 cum
692 1572 808 1601 dicitur:
832 1572 927 1600 divina
948 1571 1068 1600 essentia
1084 1574 1126 1611 θεῖ

276 1623 367 1656 Pater,
397 1629 495 1650 sensus
523 1624 578 1649 est:
610 1620 704 1648 divina
726 1620 845 1648 essentia
867 1622 909 1648 est
938 1619 984 1648 ille
1007 1619 1052 1656 qui
1084 1621 1125 1647 est

276 1670 364 1698 Pater.
388 1669 418 1697 Et
439 1669 491 1697 hoc
512 1668 595 1696 modo
617 1676 671 1696 non
690 1665 872 1704 'praedicatur
894 1667 1001 1695 ratione
1022 1675 1125 1703 sappo-

275 1717 326 1745 siti
345 1717 397 1745 nisi
420 1716 494 1745 iltitd
514 1723 628 1750 nomen,
657 1715 732 1752 quod
754 1714 859 1743 claudit
888 1714 960 1742 intra
981 1721 1010 1742 se
1040 1722 1123 1742 suum

276 1764 465 1801 suppositum,
488 1763 559 1791 sicut
580 1766 621 1791 est
644 1769 743 1790 nomen
766 1761 986 1795 substantivum,
1002 1760 1045 1789 vel
1062 1760 1124 1789 sub-

275 1811 464 1840 stantivatum.
494 1810 570 1838 Hunc
600 1809 684 1846 igitur
706 1808 846 1845 duplicem
878 1807 993 1836 modum
1016 1808 1124 1844 praedi-

276 1858 357 1887 candi
388 1857 545 1894 reperimus
574 1856 601 1884 in
635 1855 736 1884 divinis
765 1855 920 1883 secundum
954 1854 1121 1883 catholicum

276 1906 392 1934 modum
414 1904 562 1941 loquendi,
578 1906 609 1932 ut
623 1903 729 1939 aliquid
745 1902 922 1939 praedicetur
944 1902 1051 1930 ratione
1065 1900 1125 1938 for-

276 1961 355 1986 mae,
375 1951 482 1988 aliquid
504 1951 610 1979 ratione
633 1949 785 1987 suppositi.

355 1999 423 2027 Cum
446 2006 512 2035 ergo
533 1998 695 2035 quaeritur,
718 2001 814 2025 utrum
843 1996 938 2025 divina
959 1999 1061 2024 natura
1089 1989 1124 2025 sit

276 2047 375 2079 honio,
397 2045 626 2082 distinguendum
649 2047 705 2078 est,
727 2043 792 2081 quia
815 2043 865 2072 isle
888 2043 1024 2072 terminus
1040 2042 1123 2071 liomo

277 2093 426 2130 dupliciter
448 2095 538 2129 potest
559 2091 673 2128 intelligi
697 2090 871 2128 praedicari:
895 2091 960 2128 quia
981 2091 1003 2119 si
1027 2090 1124 2119 intelli-

277 2144 359 2178 gatur
374 2139 529 2177 praedicari
547 2139 652 2167 ratione
673 2138 831 2175 suppositi,
851 2142 916 2166 tunc
932 2141 973 2166 θεῖ
997 2146 1075 2172 vera,
1098 2141 1124 2166 θῖ

276 2191 317 2216 θεῖ
339 2195 451 2216 sensus:
468 2186 562 2215 diviua
583 2185 721 2214 essentia³
736 2189 777 2214 est
799 2185 895 2219 homo,
911 2184 938 2213 id
954 2188 1008 2219 est,
1030 2184 1124 2213 divina

276 2234 396 2263 essentia
411 2236 452 2262 est
473 2233 519 2261 ille
534 2233 580 2269 qui
603 2236 644 2261 est
660 2233 756 2265 homo,
772 2236 799 2260 et
815 2231 959 2260 reducitur
980 2231 1032 2259 ista
1048 2239 1124 2267 prae-

277 2281 377 2311 dicatio
398 2281 433 2309 ad
454 2280 703 2318 praedicationem,
725 2287 796 2316 quae
818 2282 860 2307 est
875 2286 924 2315 per
946 2278 1124 2307 identitatem

276 2334 412 2367 quantum
435 2329 470 2357 ad
492 2327 688 2365 principalem
715 2326 958 2363 compositionem,
987 2330 1123 2363 quantum

277 2385 345 2405 vero
370 2376 403 2405 as]
435 2375 661 2413 implicationem
680 2374 688 2388 ⁴¹
716 2373 858 2402 clauditur
886 2372 923 2401 ibi
954 2373 1124 2409 praedicatio

277 2431 327 2461 per
341 2423 486 2451 unionem.
509 2422 607 2450 Divina
623 2421 696 2450 enim
713 2420 832 2450 essentia
853 2424 895 2449 est
911 2420 995 2449 Filius
1010 2420 1056 2449 Dei
1075 2428 1124 2457 per

277 2470 470 2503 identitatem
492 2469 540 2498 sed
563 2469 647 2497 Filius
670 2468 716 2496 Dei
739 2471 780 2496 est
801 2468 885 2496 homo
909 2475 956 2504 per
978 2466 1123 2495 unionem.

951 180 1203 209 SENTENTIARUM
1224 179 1285 208 LlB.
1305 179 1345 207 ΙΙΙ.

1179 275 1217 279 -
1231 258 1257 286 Si
1279 261 1373 286 autem
1396 257 1426 285 fit
1449 256 1617 293 praedicatio
1639 256 1744 285 ratione
1765 255 1881 293 formae
1902 255 1960 284 sive
1975 263 2024 292 per
2037 261 2151 282 nunciusioz

1180 305 1294 333 modum
1317 305 1463 333 cuiusdam
1487 303 1748 337 denominationis,
1771 303 1839 331 salsa
1860 306 1914 336 est;
1937 306 1963 331 et
1983 306 2025 331 θεῖ

1180 359 1292 380 sensus:
1316 351 1410 380 divina
1430 355 1532 379 natura
1553 354 1595 379 θεῖ
1616 350 1712 384 homo,
1734 350 1762 378 id
1784 353 1843 383 est,
1865 350 1959 377 divina
1980 357 2025 377 na-

1179 401 1244 426 tura
1262 401 1303 427 est
1323 398 1497 427 humanitate
1517 398 1673 426 informata.
1694 398 1725 426 Et
1745 397 1798 425 hoc
1820 397 1902 425 modo
1923 396 2024 425 locutio

1179 448 1221 474 θεῖ
1247 446 1335 478 salsa.
1357 445 1420 474 licet
1444 445 1600 473 secundum
1631 452 1745 473 sensum
1770 444 1893 481 priorem
1925 443 2025 472 habeat

1180 491 1340 524 veritatem,
1362 491 1433 519 sicut
1454 490 1604 519 ostendunt
1625 490 1746 519 rationes
1767 490 1801 518 ad
1823 490 1943 527 primam
1966 497 2026 526 par-

1180 542 1235 567 tem
1259 538 1395 566 inductae.

1262 586 1285 612 l.
1308 584 1347 613 Ad
1370 584 1437 612 illud
1468 592 1534 621 ergo
1561 584 1635 622 quod
1665 584 1756 621 primo
1784 583 1929 618 obiicitur,
1951 584 2024 620 quod
2039 591 2154 616 Soluiioop-

2039 615 2146 638 positorum.

1181 632 1252 660 sicut
1274 639 1303 659 se
1325 631 1410 659 habet
1430 631 1554 659 humana
1574 634 1676 659 natura
1704 630 1738 659 ad
1761 638 1821 659 esse
1842 630 1931 658 Deum
1958 633 2024 664 etc.;

1181 678 1344 711 dicendum,
1367 677 1440 714 quod
1464 677 1565 705 falsum
1587 681 1643 709 est,
1666 685 1716 713 pro
1745 685 1777 705 eo
1798 677 1872 714 quod
1903 677 2026 705 humana
2040 684 2153 705 Notandum.

1180 728 1281 753 natura
1303 733 1357 753 non
1380 724 1558 761 praedicatur
1581 724 1615 752 de
1636 732 1687 752 sua
1710 724 1850 761 hypostasi
1881 732 1931 760 per
1952 724 2028 752 iden-

1182 772 1309 805 titatem,
1330 771 1402 799 sicut
1423 771 1518 799 divina
1533 771 1710 807 praedicatur
1724 770 1732 783 ⁵
1753 775 1866 808 propter
1888 779 2027 799 summam

1182 818 1395 855 simplicitatem.
1418 818 1493 846 Unde
1516 818 1584 846 haec
1604 821 1646 846 est
1667 818 1750 846 falsa:
1773 818 1901 847 Christus
1915 821 1957 847 θεῖ
1979 818 2029 846 hu-

1181 874 1263 893 mana
1285 869 1401 898 natura3
1423 864 1552 901 quamvis
1580 865 1649 893 haec
1670 864 1705 893 sit
1728 872 1808 893 vera:
1838 864 1965 893 Christus
1986 868 2028 893 est

1182 912 1276 941 divina
1304 915 1412 947 natura.
1444 912 1475 939 Et
1496 911 1557 940 ideo
1586 919 1640 939 non
1670 912 1813 948 sequitur,
1843 912 1864 941 si
1891 912 1959 940 haec
1987 916 2028 940 est

1182 960 1264 989 falsa:
1288 960 1413 988 humana
1427 963 1528 987 natura
1549 963 1590 987 est
1604 959 1694 993 Deus,
1716 959 1790 996 quod
1807 959 1875 987 haec
1891 959 1926 988 sit
1946 959 2026 988 falsa:

1182 1008 1276 1036 divina
1297 1010 1399 1035 natura
1420 1010 1462 1035 est
1483 1007 1574 1034 homo.

1262 1056 1286 1082 Ξ).
1310 1054 1346 1082 Ad
1378 1053 1448 1082 illud
1478 1053 1552 1090 quod
1574 1053 1719 1088 obiicitur,
1742 1054 1814 1090 quod
1843 1053 1877 1082 de
1899 1062 2030 1090 quocum-

1181 1110 1235 1139 que
1268 1102 1446 1138 praedicatur
1474 1109 1533 1128 esse
1564 1099 1728 1134 liomiiiem,
1761 1101 1940 1137 praedicatur
1972 1109 2030 1129 esse

1180 1149 1321 1182 mortate‚·
1343 1148 1509 1182 dicendum,
1532 1148 1606 1184 quod
1629 1148 1680 1176 hoc
1701 1150 1743 1176 θεῖ
1764 1156 1863 1176 verum
1892 1151 2028 1184 quantum
2043 1152 2166 1186 Distiuctio-,1

1182 1196 1215 1224 ad
1239 1196 1491 1232 praedicationem,
1513 1203 1569 1231 qua
1590 1194 1673 1222 homo
1695 1194 1874 1231 praedicatur
1905 1202 1953 1231 per
1975 1203 2031 1223 mo·
2051 1192 2054 1195 ⁴

1182 1243 1249 1271 dum
1280 1241 1496 1270 denominandi.
1527 1242 1668 1278 Quantum
1698 1249 1765 1270 vero
1787 1241 1822 1270 ad
1851 1241 2031 1278 praedicatio-

1182 1298 1261 1324 nem,
1284 1298 1339 1326 qua
1361 1289 1539 1325 praedicatur
1561 1289 1668 1317 ratione
1688 1289 1849 1326 suppositi,
1872 1297 1925 1317 non
1947 1289 2029 1318 hahet

1182 1336 1337 1364 veritatem.
1369 1335 1461 1363 Homo
1490 1336 1580 1370 enim,
1602 1343 1665 1364 cum
1695 1335 1730 1364 sit
1752 1344 1852 1364 nomen
1882 1335 2029 1364 substanti-
2043 1341 2155 1359 Notandum-

1183 1391 1263 1417 vum,
1290 1384 1396 1411 ratione
1416 1382 1562 1419 suppositi
1590 1386 1679 1419 potest
1707 1383 1879 1419 praedicari;
1906 1383 2029 1411 mortale

1182 1438 1261 1464 vero,
1288 1438 1352 1458 cum
1375 1430 1409 1458 sit
1438 1437 1539 1458 nomen
1567 1429 1751 1463 adiectivum,
1780 1430 1915 1459 adiective
1945 1434 2030 1460 reten-

1182 1481 1240 1506 tum
1256 1478 1265 1491 ⁶
1286 1477 1363 1514 ponit
1385 1484 1445 1505 rem
1474 1484 1554 1505 suam
1576 1477 1650 1505 circa
1672 1477 1759 1511 illud,
1782 1477 1817 1506 de
1846 1486 1902 1514 quo
1923 1478 2030 1515 praedi-

1183 1527 1270 1553 catur.
1302 1525 1335 1552 Et·
1360 1524 1431 1552 sicut
1462 1532 1516 1551 non
1539 1524 1683 1560 sequitur:
1713 1524 1808 1552 divina
1839 1525 1958 1553 essentia
1989 1529 2030 1554 est

1182 1572 1274 1605 Pater,
1296 1580 1362 1608 ergo
1384 1571 1479 1599 divina
1507 1571 1625 1599 essentia
1647 1574 1776 1607 generat,
1805 1572 1844 1600 sic
1867 1580 1920 1600 uon
1943 1573 2031 1610 sequi-

1183 1622 1246 1647 tur:
1277 1618 1371 1647 divina
1399 1617 1519 1646 essentia
1547 1621 1588 1647 est
1618 1618 1715 1653 homo,
1742 1626 1808 1655 ergo
1838 1619 1958 1647 moritur
1987 1619 2029 1648 vel

1182 1666 1315 1694 nascitur.

1262 1712 1287 1740 3.
1310 1712 1347 1740 Ad
1370 1712 1439 1740 illud
1464 1719 1529 1740 vero
1551 1712 1625 1749 quod
1648 1712 1792 1747 obiicitur,
1812 1712 1886 1749 quod
1909 1712 1944 1741 de
1965 1721 2031 1750 quo-

1181 1767 1302 1797 cumque
1324 1760 1503 1796 praedicatur
1525 1758 1624 1793 liomo,
1648 1759 1718 1788 inest
1744 1759 1768 1788 ei
1791 1760 1970 1795 humanitasg
1992 1761 2030 1789 di-

1180 1807 1312 1840 cendum,
1336 1806 1411 1843 quod
1434 1814 1532 1834 verum
1555 1810 1596 1835 est
1617 1806 1651 1835 de
1674 1806 1721 1834 illo
1745 1807 1827 1835 modo
1849 1807 2030 1844 praedicatlo-

1181 1855 1236 1888 nis,
1257 1860 1313 1891 quo
1335 1854 1418 1882 modo
1434 1854 1611 1890 praedicatur
1634 1853 1739 1882 ratione
1755 1852 1889 1891 formae,-
1911 1855 2029 1883 sednon

1181 1902 1215 1931 de
1234 1902 1281 1930 illo
1304 1910 1358 1938 quo
1381 1900 1559 1938 praedicatur
1575 1900 1680 1929 ratione
1695 1900 1854 1937 sttppositi;
1875 1904 1941 1930 tunc
1955 1902 2028 1930 enini

1180 1957 1234 1977 non
1259 1948 1447 1985 significatur,
1470 1948 1545 1984 quod
1571 1947 1731 1976 humanitas
1754 1947 1818 1976 insit
1845 1948 1883 1983 ei,
1913 1948 1947 1977 de
1974 1957 2029 1986 quo

1178 1996 1384 2033 praedicatam
1401 1995 1449 2024 sed
1465 1994 1539 2032 quod
1557 1994 1627 2023 inest
1649 1994 1746 2028 alicui,
1762 1995 1836 2032 quod
1857 1994 1940 2024 liabet
1955 1995 2029 2024 ideu-

1182 2043 1289 2071 titatem
1313 2050 1377 2070 cum
1398 2049 1446 2073 eo,
1469 2042 1502 2070 de
1524 2049 1580 2078 quo
1601 2041 1791 2078 praedicatur.

1260 2090 1285 2118 [ι.
1308 2090 1346 2117 Ad
1369 2089 1438 2117 illud
1461 2088 1536 2126 quod
1557 2088 1702 2123 obiicitur,
1724 2088 1799 2125 quod
1823 2089 1891 2117 haec-
1913 2097 1967 2117 non
1988 2093 2029 2118 est

1181 2145 1248 2165 vera
1282 2137 1388 2165 ratione
1420 2136 1591 2165 substantiae
1620 2136 1662 2166 vel
1685 2143 1834 2172 personae:
1865 2136 1959 2164 divina
1985 2144 2030 2164 na-

1181 2186 1245 2212 tura
1266 2187 1308 2212 est
1330 2183 1426 2217 homo;
1442 2183 1605 2218 dicendum,
1627 2184 1702 2221 quod
1725 2183 1775 2211 etsi
1792 2182 1895 2211 divina
1916 2186 2029 2211 viatura

1181 2239 1234 2259 non
1257 2234 1403 2267 supponat
1425 2238 1475 2267 pro
1505 2238 1641 2267 persona,
1663 2229 1746 2259 lzomo
1776 2233 1868 2258 tamen
1898 2238 1949 2267 pro
1971 2237 2031 2267 per-

1181 2286 1248 2306 sona
1270 2280 1360 2314 potest
1375 2285 1548 2314 supponere,
1570 2277 1672 2305 divina
1696 2286 1761 2306 vero
1779 2281 1892 2305 viatura
1913 2276 2030 2305 subiici-

1181 2328 1230 2352 tur
1253 2324 1357 2352 ratione
1380 2325 1442 2357 sui;
1465 2324 1503 2352 ita
1524 2324 1600 2360 quod
1623 2323 1767 2352 veritatem
1791 2323 1894 2352 habet⁷
1923 2323 2028 2351 ratione

1180 2371 1343 2408 utriusque:
1367 2371 1473 2399 ratione
1494 2371 1579 2399 unius
1601 2378 1638 2399 ex
1659 2374 1738 2408 parte
1758 2370 1899 2404 subiecti,
1922 2369 2027 2398 ratione

1182 2426 1247 2447 vero
1268 2418 1385 2447 alterius
1407 2426 1444 2447 ex
1466 2422 1544 2455 parte
1563 2418 1747 2455 praedicati,
1769 2417 1898 2446 videlicet
1920 2417 2026 2445 ratione

1181 2474 1317 2503 personae
1328 2466 1345 2494 ⁸.

341 2780 349 2794 ¹
367 2780 420 2802 Dist.
440 2779 460 2802 4.
478 2787 499 2809 [1.
522 2781 538 2802 l.
557 2782 579 2802 et
594 2780 616 2802 d.
635 2780 656 2802 5.
674 2786 693 2802 a.
714 2780 732 2802 rl.
752 2786 773 2808 q.
796 2780 813 2802 l.

340 2819 350 2833 ²
367 2820 421 2842 Dist.
439 2819 460 2841 ὅ.
478 2826 497 2841 a.
521 2820 537 2841 l.
555 2826 577 2848 q.
599 2820 616 2841 l.
635 2819 663 2841 :id
681 2820 701 2841 2.
720 2822 741 2841 et
759 2819 783 2847 33
802 2819 824 2841 d.
844 2819 879 2841 33.
898 2826 919 2848 [1.
933 2819 958 2847 33
977 2819 998 2841 d.
1017 2818 1054 2840 34.
1066 2825 1088 2847 q.
1102 2819 1122 2840 2.

341 2858 350 2873 ³
366 2858 438 2881 Coelo.
458 2859 489 2880 lL
499 2859 515 2880 N
525 2859 541 2880 Z
559 2865 584 2881 ua
604 2865 628 2880 cc
646 2862 668 2880 et
684 2858 737 2880 cdd.
759 2859 780 2887 l,
794 2859 806 2880 2
819 2859 915 2881 παίωνα.
930 2859 998 2880 Paulo
1016 2858 1123 2886 superius

279 2904 320 2926 pro
337 2897 394 2927 qaia
410 2897 451 2920 iste
469 2904 512 2919 non
531 2898 599 2925 pauci
617 2897 683 2920 codd.
703 2898 761 2919 male
779 2897 842 2927 quod
858 2897 915 2927 qaia
932 2897 981 2920 iste.

342 2936 349 2950 ⁴
366 2936 429 2964 Quae
447 2937 549 2964 intelligit
575 2937 755 2964 propositionem
780 2937 911 2965 relativam:
938 2935 980 2965 qui
995 2936 1029 2959 est
1045 2935 1122 2958 homo.

279 2974 323 2997 Csr.
341 2981 409 3002 supra
429 2981 481 3002 pag.
501 2974 552 3002 ⁴71,
571 2978 622 2996 nota
642 2974 661 2996 4.

1243 2778 1253 2792 ⁵
1270 2777 1341 2801 Codd.
1361 2778 1402 2800 FU
1419 2778 1527 2805 supplent
1544 2777 1571 2800 de
1588 2783 1640 2800 sua.
1658 2776 1760 2799 Subinde
1779 2782 1820 2804 pro
1838 2782 1959 2799 summam
1975 2775 2028 2799 sim-

1179 2817 1306 2847 plicitatem
1327 2817 1394 2839 codd.
1413 2817 1457 2838 AN
1480 2822 1550 2839 suam
1574 2815 1754 2845 simplieitatem.
1780 2828 1817 2833 Ἀ,
1832 2815 1863 2837 De
1886 2815 2029 2843 simplicitate

1180 2857 1219 2879 Dei
1237 2859 1259 2878 et
1276 2857 1442 2884 compositione
1460 2859 1615 2884 creaturarum
1634 2855 1673 2877 cfr.
1692 2855 1705 2876 l.
1728 2855 1789 2877 Sent.
1808 2854 1830 2876 d.
1844 2855 1864 2876 8.
1883 2861 1905 2882 p.
1925 2854 1947 2876 ΙΙ.
1966 2860 1987 2882 q.
2007 2855 2028 2876 2.

1243 2895 1252 2909 ⁶
1271 2896 1312 2918 l‘ro
1330 2896 1446 2918 retentum
1465 2895 1514 2917 Vat.
1532 2895 1637 2922 tantam,
1657 2893 1709 2916 edd.
1732 2894 1753 2921 l,
1773 2895 1785 2915 2
1804 2894 1901 2916 tentam.

1243 2934 1252 2949 ⁷
1270 2935 1369 2963 Supple:
1388 2934 1423 2956 illa
1442 2934 1576 2962 propositio.

1243 2973 1252 2987 Β
1270 2973 1329 2995 Vide
1346 2974 1447 2995 scholion
1465 2972 1495 2995 ad
1515 2973 1532 2994 1.
1551 2978 1573 3000 q.
1591 2972 1659 2995 huius
1676 2974 1717 2994 art.
