2166 3366
11 1153 69 1180 ἵει-δᾳ.
79 1153 128 1171 Hila-

47 1182 76 1194 1¹11.

888 200 1073 229 DlSTlNCTlO
1095 201 1160 229 XVI.

1831 202 1887 230 343

807 311 1096 348 DISTINCTIO
1122 312 1228 348 XVI.

517 419 578 446 Car.
598 419 615 445 1.

163 507 202 533 De
221 505 383 542 quibusdam
405 500 531 540 capitulis
552 504 658 532 Hilarii
675 505 812 536 obscuris,
832 504 929 541 quibus
949 513 965 532 α

234 557 314 576 carne
335 548 438 575 Christi
455 548 560 575 dolores
579 547 735 574 submoveri
753 547 888 575 videntur.

212 634 401 660 Verumtamen
417 633 501 666 magis
515 637 622 660 movent
635 640 667 660 ac
682 633 860 660 difficiliorem
874 634 987 660 afferunt

142 677 325 712 quaestionem
340 676 421 703 verba
436 676 544 709 Hilarii,
558 676 657 711 quibus
671 676 777 703 videtur
791 677 904 709 tradere,
918 677 987 703 ictus

142 723 168 747 et
187 720 296 747 vulnera
317 723 342 746 et
362 719 514 746 huiusmodi
535 720 574 746 sic
599 720 623 746 in
644 720 777 746 Christum
799 720 937 751 incidisse,
959 722 986 746 ut

142 763 274 797 passionis
292 762 412 789 dolorem
433 770 483 789 non
505 763 662 794 incuterent,
676 763 746 789 sicut
761 763 851 795 telum,
872 765 984 789 tractum

142 813 189 840 per
209 812 305 840 aquam
327 805 368 832 vel
382 805 469 838 ignem
490 805 531 832 vel
551 806 628 838 aera,
648 812 678 832 ea
699 805 774 837 facit,
788 812 857 840 quae
870 808 904 838 et,
924 812 985 831 cnm

141 849 255 876 trahitur
274 855 322 883 per
335 855 448 882 corpora
464 848 588 879 animata,
607 848 670 882 quia
690 848 807 882 perforat
821 851 846 874 et
859 854 986 881 compun-

141 891 190 926 git,
211 898 261 917 non
291 895 377 918 tamen
406 890 525 917 dolorem
555 891 665 924 ingerit,
685 890 747 925 quia
769 898 819 917 non
844 893 905 916 sunt
925 889 985 916 illae

141 941 184 961 res
210 941 325 968 capaces
353 933 461 960 doloris.
482 933 518 960 lta
538 936 563 960 et
591 941 690 967 corpus
709 933 805 959 Christi
825 933 882 959 sine
905 940 983 959 sensu

141 984 242 1011 poenae
265 977 318 1003 vim
333 983 435 1010 poenae
455 977 594 1010 excepisse
613 976 692 1007 dicit,
712 976 789 1010 quia,
803 976 872 1002 sicut
886 983 985 1010 corpus

142 1023 260 1046 nostrum
281 1027 331 1045 non
352 1019 433 1046 habet
452 1019 530 1045 talem
550 1023 687 1050 naturam,
707 1022 736 1045 ut
765 1018 852 1045 valeat
879 1018 985 1045 calcare

141 1062 240 1093 undas,
260 1063 295 1088 ita
316 1069 415 1096 corpus
434 1062 530 1089 Christi
551 1062 616 1088 dicit
636 1069 686 1088 non
717 1061 842 1088 habuisse
863 1064 983 1088 naturam

141 1105 223 1132 nostri
242 1105 355 1136 doloris,
376 1105 438 1139 quia
458 1112 508 1131 non
530 1105 623 1131 habuit
642 1107 763 1131 naturam
784 1104 817 1130 ad
832 1104 984 1130 dolendum.

140 1162 176 1167 —
189 1148 230 1174 Ait
245 1148 314 1174 enim
330 1148 355 1174 ιιι
369 1148 473 1174 decimo
488 1147 556 1174 libro
570 1147 603 1174 de
617 1147 744 1174 Trinitate
756 1147 778 1172 ¹:
804 1158 814 1169 κ
830 1147 985 1180 Unigenitus

140 1191 210 1217 Deus
230 1190 364 1216 hominem
386 1197 477 1216 verum
503 1190 651 1217 secundum
681 1190 882 1216 similitudinem
903 1189 984 1216 nostri

115 1230 271 1261 'hominis.
300 1240 351 1259 non
379 1232 506 1259 deficiens
535 1240 549 1259 a
577 1240 605 1259 se
631 1233 704 1264 Deo,
727 1233 829 1259 sumsit.
859 1232 885 1258 In
914 1240 984 1267 quo,

7 1712 92 1731 Dubium
111 1714 125 1731 ι.

13 2527 94 2546 nubium
110 2528 127 2546 2.

141 1277 264 1310 quamvis
283 1279 328 1302 ant
348 1276 416 1302 ictus
436 1276 581 1307 incideret,
605 1279 650 1303 aut
679 1275 775 1302 vulnus
795 1275 985 1307 descenderet,

141 1322 187 1345 aut
207 1319 267 1345 nodi
288 1323 493 1351 concurrerent,
514 1322 559 1345 aut
587 1319 728 1353 suspensio
758 1319 888 1349 elevaret,
912 1319 985 1345 affer-

142 1365 199 1388 rent
218 1361 325 1396 quidem
347 1362 414 1388 haec
438 1361 566 1396 impetum
596 1362 742 1395 passionis,
764 1369 813 1387 non
835 1365 921 1387 tamen
941 1360 985 1387 do-

142 1404 225 1431 lorem
245 1404 377 1438 passionis
396 1404 535 1434 inferrent:
557 1408 584 1431 ut
599 1404 679 1430 telum
694 1404 801 1438 aliquod
817 1411 913 1438 aquam
929 1411 986 1438 per-

141 1447 243 1478 forans,
264 1446 304 1473 vel
334 1447 419 1480 ignem
448 1454 645 1481 compungens,
675 1447 714 1473 vel
744 1448 806 1473 aera
828 1447 984 1479 vulnerans,

140 1497 232 1516 omnes
252 1489 360 1524 quidem
390 1490 438 1516 has
466 1490 603 1524 passiones
632 1494 742 1516 naturae
762 1497 826 1516 suae
847 1490 937 1521 infert,
957 1493 985 1516 ut

141 1533 255 1567 perforet
273 1532 291 1563 ²,
321 1537 349 1559 ut
377 1536 553 1567 compungat,
582 1536 609 1559 ιιι
641 1533 773 1565 vulneret,
796 1533 841 1559 sed
863 1536 984 1559 naturam

141 1583 216 1602 snam
238 1576 263 1602 iu
283 1576 335 1602 hoc
355 1576 444 1610 passio
465 1576 535 1602 illata
556 1584 606 1603 non
628 1576 736 1607 retinet,
760 1576 823 1602 dnm
846 1576 870 1602 in
891 1579 984 1602 natura

142 1626 193 1645 non
214 1622 253 1645 est
274 1618 313 1644 vel
335 1626 431 1652 aquam
452 1618 547 1650 forari,
576 1618 617 1644 vel
638 1619 719 1653 pungi
741 1619 839 1651 ignem,
861 1618 902 1645 vel
923 1619 985 1645 aera

142 1661 291 1693 vulnerari,
311 1662 435 1695 quamvis
454 1665 563 1688 naturae
579 1661 622 1687 teli
637 1662 671 1687 sit
684 1665 709 1687 et
723 1661 864 1688 vulnerare
878 1665 903 1688 et
917 1669 986 1687 com-
1001 1665 1007 1669 “

141 1712 258 1739 pungere
279 1708 304 1731 et
333 1704 426 1731 forare.
456 1705 552 1731 Passus
580 1705 688 1739 quidem
708 1704 828 1731 Christus
848 1707 901 1737 est,
921 1704 984 1730 ‹lum

140 1746 269 1776 caeditur,
289 1746 352 1773 dum
366 1746 547 1780 suspenditur,
561 1746 623 1773 dum
639 1747 764 1776 moritur:
779 1746 824 1772 sed
841 1746 865 1772 ιιι
886 1753 985 1780 corpus

142 1790 246 1816 irruens
264 1790 353 1824 passio
374 1797 422 1816 nec
440 1797 491 1816 non
512 1790 560 1816 fuit
573 1791 673 1824 passio,
689 1797 740 1816 non
755 1792 842 1816 tamen
862 1793 984 1816 naturam

142 1833 272 1867 passionis
287 1833 420 1866 exercuit,
441 1833 503 1859 dnm
519 1836 543 1859 et
557 1833 662 1867 poenali
678 1833 824 1859 ministerio
844 1840 929 1867 poena
943 1833 986 1859 de-

141 1876 238 1907 saevit,
258 1879 283 1902 et
304 1877 387 1902 virtus
406 1876 529 1910 corporis
548 1877 604 1902 sine
623 1883 703 1902 sensu
722 1883 824 1911 poenae
853 1876 905 1902 vim
926 1883 986 1910 poe-

142 1926 191 1945 nae
205 1919 230 1945 in
244 1926 274 1945 se
286 1919 464 1945 desaevientis
484 1919 598 1953 excepit.
619 1919 716 1945 Habuit
735 1926 798 1945 sane
818 1918 882 1945 illud
904 1919 986 1945 domi-

142 1962 230 1988 nicum
245 1969 343 1996 corpus
357 1961 458 1988 doloris
471 1962 552 1988 nostri
569 1965 698 1993 naturam,
712 1962 733 1988 si
753 1969 853 1996 corpus
866 1965 984 1988 nostrum

142 2004 167 2030 id
189 2007 299 2030 naturae
324 2003 417 2034 habet,
437 2007 465 2030 nt
491 2004 575 2030 calcet
604 2004 689 2030 undas
708 2007 733 2031 et
754 2003 851 2031 fluctus
870 2004 986 2039 desuper

141 2051 184 2074 eat
204 2054 252 2073 nec
271 2047 378 2073 clausae
398 2047 492 2073 domus
512 2047 657 2073 obstaculis
676 2051 808 2074 arceatur.
828 2047 861 2073 At
882 2054 944 2073 vero
963 2047 984 2073 si

141 2090 267 2116 dominici
288 2090 411 2124 corporis
430 2090 515 2116 solnm
537 2090 585 2116 ista
612 2094 705 2116 natura
725 2090 772 2121 sit,
793 2093 821 2116 nt
842 2090 941 2116 feratur
959 2090 984 2116 in

142 2133 258 2159 humidis
278 2136 303 2159 et
323 2133 397 2159 sistat
411 2133 436 2159 in
452 2133 560 2167 liquidis
574 2136 599 2159 et
613 2136 713 2160 structa
730 2137 906 2166 transcurrat3
920 2133 984 2168 qnid

141 2183 190 2210 per
209 2179 330 2202 naturam
347 2176 454 2202 humani
469 2176 590 2210 corporis
604 2183 711 2202 carnem
726 2183 758 2203 ex
779 2176 879 2210 Spiritu
892 2180 985 2203 sancto

141 2222 297 2253 conceptam
319 2219 486 2245 iudicamus?
500 2218 566 2245 Caro
589 2219 631 2246 illa
646 2219 680 2245 de
693 2219 775 2246 caelis
794 2222 847 2252 est,
868 2223 893 2245 et
906 2219 985 2245 homo

142 2262 185 2289 ille
204 2262 237 2289 de
258 2262 311 2288 Deo
332 2265 379 2294 est,
394 2262 495 2289 habens
508 2263 540 2289 ad
556 2263 710 2297 patiendum
725 2270 839 2297 corpus,
852 2266 877 2289 et
891 2270 986 2297 passus

141 2307 193 2336 est,
213 2304 260 2330 sed
280 2308 402 2330 naturam
423 2312 473 2331 non
494 2305 648 2332 habensad
668 2305 847 2331 dolendum».
868 2305 938 2331 Idem
960 2305 984 2331 in

142 2347 234 2374 eodem
247 2347 270 2373 ³:
296 2347 474 2378 “Videamus
494 2355 526 2374 an
547 2348 590 2374 ille
611 2348 743 2382 passionis
762 2348 828 2374 ordo
849 2348 987 2375 infirmita-

141 2392 192 2415 tem
215 2389 240 2415 in
260 2389 371 2416 Domino
392 2390 492 2416 doloris
512 2391 648 2424 permittat
668 2391 785 2424 intelligi.
805 2390 896 2417 Dilatis
915 2391 984 2417 enim

142 2432 245 2464 causis,
271 2440 303 2459 ex
332 2432 431 2467 quibus
461 2436 559 2459 metum
591 2433 701 2460 Domino
721 2434 840 2460 haeresis
862 2433 985 2464 ascribit,

141 2482 184 2501 res
213 2475 298 2509 ipsas,
328 2479 356 2501 ut
382 2479 471 2508 gestae
499 2479 574 2507 sunt,
603 2476 779 2503 conferamus.
803 2476 896 2510 Neque
916 2476 985 2502 enim

142 2518 198 2544 fieri
220 2521 319 2552 potest,
340 2521 366 2544 nt
388 2519 465 2544 timor
486 2518 543 2544 eius
563 2518 727 2551 significetur
747 2519 771 2544 in
787 2518 890 2548 verbis,
909 2518 986 2544 cuins

142 2560 239 2587 fidncia
260 2561 428 2587 contineatur
448 2561 473 2586 in
494 2561 576 2587 factis.
591 2561 722 2587 'l'imuisse
737 2561 828 2593 igitur,
844 2561 986 2593 haeretice,

1044 420 1195 454 passionem
1217 420 1322 447 videtur
1332 421 1362 447 ⁴?
1375 421 1426 448 Sed
1441 421 1475 448 ob
1490 422 1653 454 ignorantiae
1667 422 1747 448 huius
1767 429 1886 449 errorem

1044 463 1136 489 Petrus
1155 467 1181 490 et
1199 467 1308 490 satanas
1332 467 1355 490 et
1384 464 1544 491 scandalum
1564 468 1611 492 est.
1640 465 1714 492 Anne
1734 465 1818 492 timuit
1840 466 1886 500 qui

1043 508 1152 533 armatis
1171 506 1266 533 obvius
1287 507 1406 541 prodiit?
1426 508 1456 533 Et
1478 508 1503 534 in
1527 515 1641 542 corpore
1661 508 1719 535 eius
1747 508 1887 535 infirmitas

1041 549 1105 580 fuit,
1133 548 1166 575 ad
1196 549 1273 575 cuius
1301 557 1443 576 occursum
1472 553 1639 577 consternata
1667 550 1885 584 persequentium

1043 592 1147 624 agmina
1168 592 1299 625 supinatis
1318 592 1477 626 corporibus
1491 592 1684 619 conciderunt?
1702 593 1785 624 Quam
1806 593 1887 627 igitur

1044 634 1223 660 infirmitatem
1252 634 1413 661 dominatam
1443 635 1522 661 huius
1542 637 1664 670 corporis
1687 636 1789 669 credis,
1809 637 1886 663 cuins

1043 679 1142 702 tantam
1163 676 1256 703 habuit
1275 681 1368 703 natura
1389 677 1536 704 virtutem?
1554 677 1604 704 Sed
1620 678 1686 705 forte
1700 679 1819 705 dolorem
1833 679 1888 705 vul-

1042 725 1135 745 nerum
1155 719 1263 745 timuit?
1281 719 1379 752 Quem,
1399 727 1478 753 rogo,
1498 727 1513 746 o
1534 723 1561 746 ιιι
1581 720 1731 747 dominicae
1752 721 1887 748 infirmita-

1043 761 1075 787 tis
1096 765 1226 793 assertor,
1245 762 1409 796 penetrantis
1429 770 1536 789 carnem
1556 763 1624 790 clavi
1639 764 1733 790 habuit
1748 767 1886 797 terrorem,

1042 804 1088 838 qui
1108 804 1225 831 excisam
1245 812 1338 831 aurem
1366 805 1422 832 solo
1451 806 1566 832 restituit
1592 807 1713 833 attactu?
1732 807 1886 834 Producens

1042 847 1109 874 haec
1129 850 1216 874 autem
1236 854 1330 874 manns
1349 847 1454 874 clavum
1475 848 1561 881 dolet,
1581 852 1605 875 et
1626 849 1705 876 sentit
1724 850 1820 876 vulnus
1840 850 1886 884 qui

1041 890 1116 917 alteri
1137 890 1256 917 dolorem
1278 890 1395 917 vulneris
1412 898 1464 917 non
1478 891 1606 926 reliquit?
1619 892 1778 926 Pungendae
1798 893 1886 919 earnis

1042 936 1114 959 metu
1135 933 1216 959 tristis
1235 936 1288 964 est,
1317 934 1394 960 cuius
1415 934 1440 960 in
1469 937 1568 961 attactu
1595 942 1659 961 earo
1688 939 1748 969 post
1776 936 1885 962 caedem

1041 977 1194 1002 sanaturn?
1213 976 1275 1002 Item
1288 976 1311 1002 ⁵:
1336 976 1465 1003 «Collatis
1486 977 1566 1010 igitur
1589 977 1721 1004 dictorum
1742 982 1887 1011 gestorum-

1042 1026 1094 1052 qne
1115 1019 1272 1050 virtutibus,
1292 1019 1467 1046 demonstrari
1489 1027 1540 1046 non
1561 1024 1600 1046 cst
1614 1021 1783 1054 ambiguum,
1804 1022 1829 1047 in
1844 1030 1886 1048 na-

1042 1065 1100 1088 tura
1119 1062 1241 1095 corporis
1260 1062 1318 1088 eins
1337 1062 1518 1089 infirmitatem
1536 1070 1683 1097 corporeae
1703 1067 1814 1091 naturae
1835 1072 1885 1091 non

1040 1104 1137 1136 fuisse,
1157 1108 1182 1131 et
1202 1104 1352 1138 passionem
1373 1105 1460 1136 illam,
1479 1105 1542 1132 licet
1560 1107 1667 1141 corpori
1688 1107 1758 1134 illata
1773 1108 1819 1139 sit,
1835 1116 1884 1134 non

1042 1150 1130 1174 tamen
1160 1151 1281 1174 naturam
1309 1147 1416 1174 dolendi
1437 1149 1543 1183 corpori
1566 1149 1699 1181 intulisse;
1726 1151 1804 1184 quia,
1826 1151 1887 1177 licet

1042 1191 1125 1217 forma
1145 1191 1267 1224 corporis
1286 1191 1368 1217 nostri
1389 1194 1457 1217 esset
1478 1192 1503 1218 in
1524 1192 1651 1224 Domino,
1672 1200 1723 1219 non
1745 1196 1831 1220 tamen
1853 1194 1888 1220 vi-
1902 1222 1910 1226 ,

1043 1233 1126 1260 tiosae
1147 1233 1307 1259 infirmitatis
1327 1237 1432 1260 nostrae
1452 1234 1535 1260 forma
1549 1237 1606 1260 erat
1627 1235 1651 1260 ιιι
1671 1242 1799 1269 corpore,
1814 1236 1885 1270 quod

1042 1283 1075 1302 ex
1094 1279 1225 1310 conceptu
1247 1276 1362 1310 Spiritus
1380 1277 1464 1302 sancti
1487 1277 1567 1310 Virgo
1588 1278 1762 1311 progenuit».
1783 1293 1818 1297 —
1838 1279 1887 1305 An-

1041 1319 1119 1349 disti,
1139 1319 1235 1350 lector,
1257 1319 1337 1345 verba
1358 1319 1465 1350 Hilarii,
1485 1319 1583 1354 quibus
1603 1320 1722 1347 dolorem
1742 1321 1887 1348 excludere

1042 1362 1154 1388 videtur.
1169 1361 1219 1388 Sed
1235 1362 1265 1393 si,
1285 1369 1397 1388 excussa
1412 1370 1505 1389 sensus
1519 1366 1544 1389 et
1559 1363 1701 1397 impietatis
1716 1364 1885 1396 hebetudine,

1042 1404 1196 1438 praemissis
1215 1405 1356 1438 diligenter
1376 1405 1497 1431 intendas
1527 1409 1607 1440 atque
1627 1407 1710 1440 ipsius
1736 1407 1886 1442 scripturae

1042 1448 1269 1473 circumstantiam
1292 1448 1431 1481 inspicias;
1453 1448 1584 1475 dictorum
1600 1450 1728 1476 rationein
1743 1454 1823 1485 atque
1838 1451 1887 1477 vir-

1043 1493 1124 1516 tutem
1153 1491 1293 1524 percipere
1322 1494 1467 1525 utcumque
1496 1492 1595 1524 poteris
1628 1495 1651 1518 et
1685 1493 1885 1528 intelligentiam

1042 1540 1154 1565 arguere
1173 1541 1223 1559 non
1244 1533 1393 1560 attentabis.
1414 1534 1571 1568 Intelligitur
1584 1535 1653 1561 enim
1675 1543 1705 1562 ea
1725 1537 1827 1563 ratione
1847 1537 1887 1563 di-

1043 1575 1126 1607 xisse,
1146 1575 1264 1602 dolorem
1288 1577 1420 1610 passionis
1441 1577 1465 1603 in
1485 1577 1618 1604 Christum
1639 1585 1690 1604 non
1711 1579 1846 1612 incidisse,
1861 1583 1886 1606 et

1044 1619 1168 1645 virtutem
1181 1618 1190 1631 ⁶
1209 1620 1331 1653 corporis
1350 1619 1446 1646 Christi
1475 1620 1615 1654 excepisse
1636 1621 1687 1647 vim
1708 1625 1810 1656 poenae
1829 1623 1886 1649 sine

1043 1669 1121 1688 sensu
1143 1669 1256 1695 poenae,
1277 1662 1340 1696 qnia
1367 1670 1476 1689 causam.
1496 1666 1521 1689 et
1547 1663 1674 1690 meritum
1694 1664 1794 1691 doloris
1815 1665 1839 1690 ιιι
1860 1672 1887 1691 se

1041 1712 1092 1730 non
1109 1704 1208 1731 habuit.
1223 1705 1297 1736 Quod
1313 1705 1417 1731 videtur
1432 1709 1551 1737 notasse,
1566 1706 1609 1732 nbi
1625 1707 1676 1733 ait:
1696 1707 1772 1733 «Non
1787 1707 1888 1734 habens

1041 1751 1170 1773 naturam
1185 1747 1218 1774 ad
1233 1747 1411 1774 dolendum».
1426 1748 1458 1774 Et
1472 1749 1531 1775 ideo
1547 1756 1596 1775 non
1612 1749 1754 1777 iudicanda
1771 1754 1810 1777 est
1824 1758 1887 1777 caro

1042 1789 1113 1816 illius
1133 1789 1280 1816 secundum
1310 1793 1431 1817 naturam
1462 1792 1542 1817 nostri
1573 1792 1706 1826 corporis;
1734 1800 1781 1819 nec
1808 1794 1832 1819 in
1855 1800 1886 1820 eo

1043 1833 1123 1860 ctiam
1143 1833 1289 1859 dominium
1320 1833 1411 1860 habuit
1443 1834 1545 1868 passio3
1566 1835 1601 1861 ita
1622 1836 1701 1861 etiam
1721 1843 1772 1862 nou
1794 1836 1888 1862 habuit

1043 1879 1165 1902 naturam
1185 1875 1217 1902 ad
1234 1876 1395 1908 timendum,
1410 1876 1450 1903 νει
1465 1877 1638 1909 tristandum,
1651 1879 1714 1912 quia
1729 1886 1780 1904 non
1795 1879 1888 1905 habuit

1044 1918 1122 1945 talem
1143 1922 1280 1949 naturam,
1300 1919 1325 1945 in
1350 1926 1401 1953 qua
1424 1923 1493 1946 esset
1513 1928 1593 1946 causa
1614 1921 1729 1954 timoriS,
1749 1921 1789 1947 vel
1812 1922 1887 1948 tristi-

1044 1962 1102 1988 tiae..
1123 1962 1213 1995 ltaque
1232 1961 1372 1988 necessitas
1393 1962 1501 1989 timendi
1522 1963 1635 1989 nonfuit
1656 1963 1681 1989 in
1701 1971 1745 1995 eo,
1766 1964 1835 1990 sicut
1849 1968 1888 1990 est

1043 2005 1068 2030 in
1090 2004 1180 2035 nobis;
1201 2011 1248 2030 nec
1268 2007 1370 2031 natura
1399 2004 1499 2031 doloris
1523 2005 1571 2032 fuit
1601 2006 1625 2032 in
1647 2013 1692 2039 eo,
1713 2006 1782 2033 sicut
1802 2010 1840 2033 cst
1861 2008 1886 2033 in

1043 2047 1125 2073 nobis.

1411 2133 1472 2160 Car.
1493 2134 1520 2160 ll.

1060 2220 1098 2245 De
1118 2218 1227 2245 tristitia
1248 2219 1351 2246 Christi
1368 2224 1392 2246 ει
1411 2219 1467 2247 eius
1487 2228 1567 2247 caasa
1585 2219 1732 2247 secundum
1751 2220 1873 2247 cundem.

1118 2304 1267 2332 'tristitiam
1287 2308 1373 2332 tamen
1395 2306 1419 2332 in
1440 2313 1471 2332 eo
1490 2306 1587 2339 fuisse,
1607 2311 1801 2340 consequenter
1820 2315 1889 2334 asse-

1044 2348 1092 2380 rit,
1112 2348 1159 2374 sed
1178 2356 1288 2374 causam
1308 2348 1365 2374 eius
1385 2348 1518 2374 exstitisse
1539 2356 1589 2374 non
1604 2356 1678 2375 suam
1694 2352 1820 2381 mortem,
1841 2349 1886 2376 sed

1045 2390 1176 2416 defectum
1198 2390 1265 2416 Petri
1295 2394 1318 2416 et
1350 2390 1461 2416 aliorum
1493 2390 1688 2424 Apostolorum.
1713 2392 1782 2418 Dicit
1802 2393 1887 2425 enim,

1043 2433 1176 2459 Christum
1198 2441 1248 2459 non
1267 2437 1378 2467 propter
1404 2436 1531 2466 mortem,
1551 2434 1597 2460 sed
1618 2442 1700 2469 usque
1719 2434 1756 2460 ad
1774 2439 1886 2462 mortem

1044 2476 1144 2502 tristem
1165 2476 1258 2507 fnisse,
1275 2476 1315 2502 his
1330 2476 1449 2502 verbis⁷:
1469 2487 1480 2499 «
1491 2476 1639 2510 Interrogo,
1654 2477 1718 2511 quid
1733 2479 1766 2504 sit
1787 2479 1887 2505 tristem

1043 2525 1101 2545 esse
1120 2526 1204 2553 usque
1223 2518 1259 2544 ad
1277 2522 1397 2545 mortem.
1417 2518 1473 2545 Non
1496 2520 1565 2545 enim
1586 2520 1705 2546 eiusdem
1719 2521 1889 2554 significatio-

1044 2560 1083 2586 nis
1103 2563 1155 2591 est,
1175 2560 1275 2586 tristem
1296 2567 1353 2587 esse
1371 2565 1483 2596 propter
1501 2565 1614 2587 mortem
1630 2565 1655 2588 ct
1675 2570 1756 2598 usquc
1770 2562 1806 2589 ad
1819 2572 1888 2589 mor-

205 2678 211 2692 ¹
230 2678 295 2700 Num.
315 2678 350 2700 23.

204 2717 213 2731 ²
230 2717 301 2740 Codd.
319 2717 386 2746 soret.
407 2717 462 2739 lnst'ss
482 2723 523 2745 pro
541 2718 630 2740 Passus
647 2717 740 2747 quidem
757 2718 810 2740 cdd.
826 2718 848 2746 1,
867 2719 879 2739 8
897 2718 986 2741 Passus

142 2755 262 2779 invenitur
284 2756 391 2786 quidem,
411 2760 432 2778 et
450 2756 532 2778 deinde
550 2757 656 2778 omittunt
672 2757 712 2779 est.
731 2756 832 2785 Denique
851 2763 893 2784 pro
916 2756 986 2779 {lomi-

143 2795 221 2818 uicum
238 2801 325 2824 corpus
342 2795 394 2817 edd.
417 2796 438 2822 ι,
458 2795 470 2815 8
489 2801 541 2817 enni
559 2795 662 2823 originali
685 2795 780 2817 nonani
796 2801 897 2824 corpus,
917 2798 938 2818 et
955 2797 985 2817 in-

140 2834 208 2855 ferius
233 2834 315 2856 iterum
334 2840 387 2855 cum
405 2833 472 2855 codd.
497 2834 580 2861 ΑΕΒ,
599 2836 620 2855 ut
638 2837 715 2856 contra
741 2834 867 2862 originale,
893 2833 987 2856 Domini

142 2872 255 2902 corporis.

203 2911 213 2926 ³
232 2911 286 2933 lbid.
300 2918 321 2933 n.
340 2912 376 2934 ²26.
394 2914 416 2934 et
433 2911 468 2933 ⁵27.
488 2911 508 2933 ln
528 2915 587 2934 textu
601 2912 665 2939 plura
679 2918 690 2932 a
710 2911 815 2939 Magistro
829 2912 912 2933 omissa
925 2915 983 2933 sunt.

205 2950 213 2965 ⁴
233 2951 254 2973 ln
272 2951 375 2979 originali
394 2951 442 2973 sic:
460 2951 575 2973 Timuisse
593 2951 644 2979 nbi,
657 2958 670 2973 o
682 2951 804 2979 haeretice,
818 2951 928 2973 Dominus
940 2952 984 2979 glo-

143 2991 188 3012 riae
206 2991 334 3017 passionem
351 2990 456 3012 vidi-tur?
467 3002 496 3005 —
506 2990 554 3012 Mox
568 2990 687 3017 rvspicitur
700 2990 773 3012 naun.
790 2990 823 3017 16,
836 2990 871 3012 23.
886 2992 907 3011 et
925 2990 982 3012 loun.

1047 2679 1087 2707 ts,
1106 2679 1243 2701 6.—f‘aulo
1260 2679 1355 2701 inferius
1372 2682 1423 2707 post
1441 2681 1503 2701 Anne
1521 2679 1600 2702 timuit
1615 2680 1680 2708 cdd„
1698 2682 1798 2709 exceptis
1821 2682 1837 2708 t,
1857 2682 1885 2709 S,

1043 2718 1130 2740 addunt
1150 2717 1224 2746 mori,
1243 2718 1370 2746 refragante
1387 2719 1455 2741 etiam
1473 2719 1584 2747 originali.

1104 2756 1113 2771 ⁵
1131 2756 1185 2778 lbid.
1204 2763 1225 2779 n.
1244 2756 1279 2778 35.

1104 2795 1113 2810 ⁶
1131 2795 1186 2817 Edd.
1206 2796 1231 2823 l,
1250 2796 1262 2815 8
1280 2795 1383 2823 virtute,-
1401 2799 1452 2824 post
1470 2795 1557 2819 (ΓΙιι-ιζιίί
1572 2797 1623 2819 cod.
1641 2798 1657 2819 Α
1670 2800 1692 2819 et
1704 2797 1753 2820 Vnt.
1766 2804 1819 2820 cum
1832 2798 1885 2821 edd.

1043 2833 1068 2862 t,
1086 2834 1112 2861 5,
1131 2835 1156 2862 ti,
1175 2835 1188 2855 9
1206 2834 1315 2856 adiiciunt
1331 2834 1380 2857 sibi.

1103 2872 1112 2887 ⁷
1131 2872 1185 2894 thid.
1203 2879 1224 2895 n.
1243 2873 1286 2900 3ss;
1305 2874 1326 2894 in
1344 2879 1390 2902 quo
1409 2877 1467 2896 textu
1485 2874 1551 2902 edd„
1568 2879 1661 2903 excepta
1684 2875 1701 2903 l,
1721 2876 1745 2904 Β,
1758 2879 1809 2898 antt·
1832 2876 1885 2899 Non

1042 2911 1103 2935 enim
1121 2912 1229 2935 atliiriunt
1246 2913 1267 2935 el
1283 2912 1371 2935 tristem
1393 2918 1442 2935 esse
1463 2914 1559 2942 propter
1581 2915 1693 2941 mortem,
1719 2915 1886 2943 refragantibus

1042 2951 1109 2974 codd.
1128 2955 1147 2973 ot
1166 2952 1275 2979 originali.
1295 2953 1345 2981 qu.
1366 2953 1428 2974 locus
1445 2956 1478 2975 est
1496 2953 1550 2975 ibid.
1575 2960 1656 2981 partini
1680 2955 1783 2982 inferius;
1808 2956 1887 2978 tertius

1043 2997 1063 3012 n.
1083 2990 1119 3012 37.
1138 2991 1158 3012 in
1178 2991 1232 3018 llne,
1251 2990 1288 3013 nlJi
1308 2992 1428 3019 respicitur
1446 2992 1520 3015 Muttn.
1539 2993 1578 3020 26,
1599 2992 1634 3015 tt.

1900 1286 2012 1309 Explicatlo.
