2166 3366
748 201 828 229 DlST.
851 201 937 229 XXlll.
959 201 1032 230 ΛΒΤ.

153 280 180 306 et
201 277 263 305 talis
284 277 418 314 cognitio,
451 286 507 315 qua
535 279 710 315 cognoscitur
732 278 806 307 Deus
827 287 887 308 esse
909 280 998 308 trinus

152 328 179 353 et
200 331 290 358 unus,
312 324 355 352 vel
378 328 419 353 est
440 324 558 361 cognitio
578 324 662 361 fidei,
679 325 721 353 vel
737 328 778 353 est
793 325 911 362 cognitio
926 334 999 354 com-

152 369 371 407 prehensionis:
394 378 457 399 cum
479 379 546 407 ergo
568 371 718 399 daemones
740 379 792 400 non
816 371 935 400 habeant
957 380 998 400 co-

153 417 303 453 gnitionem
325 416 588 453 comprehensionis
609 418 643 446 de
659 418 717 454 ipsa
733 417 880 452 Trinitate‚
895 419 998 447 liabent

153 471 219 501 ergo
240 463 422 500 cognitionem
445 463 519 499 fidei.

232 511 284 539 San
305 518 432 540 conruit:
458 511 482 538 1.
504 511 593 547 Super
615 511 684 539 illud
704 512 842 540 secundae
857 512 891 540 ad
907 512 999 540 Corin-

19 557 230 586 Fundam'muta-tbios
251 557 370 586 sexto¹:
395 557 475 593 Quae
506 557 652 585 conventio
686 557 796 586 Christi
819 559 859 587 ad
881 558 997 587 Belial?

154 603 220 633 dicit
241 603 353 632 Glossa:
381 603 484 632 «Sicut
513 603 641 632 Christus
662 604 755 632 omnia
776 604 860 639 bene,
883 605 921 633 sic
943 605 997 633 dia-

152 650 234 679 holus
255 650 347 679 omnia
376 650 448 679 male
462 661 490 684 »;
511 650 558 679 sed
582 651 697 679 credere
718 651 781 680 tidei
804 651 928 680 informis
956 656 997 680 est

152 701 231 727 actus
252 697 363 726 virtutis
384 701 411 726 et
432 700 510 726 actus
532 697 641 726 honus:
663 705 729 734 ergo
750 699 770 726 si
794 698 937 727 daemonis
955 702 997 727 est

152 745 245 773 omnia
276 744 348 773 male
379 744 484 779 facere,
518 744 643 777 videtur,
675 744 749 781 quod
772 745 919 782 adipsum
942 754 995 773 non

153 794 256 828 spectet
288 791 379 828 ipsum
402 791 531 824 credere,
553 798 620 827 ergo
651 799 699 819 nec
729 791 831 820 habere
853 791 937 820 fidem
960 792 998 820 in-

152 838 278 867 formem.

231 886 257 913 ⁹2.
280 884 362 919 item,
394 884 464 913 fides
490 884 615 913 informis
636 887 676 913 est
700 884 811 913 habitus
834 885 942 914 infusus
970 889 997 914 et

153 931 258 961 donum
281 931 328 960 Dei
343 930 370 959 ²:
393 931 414 959 si
437 939 503 968 ergo
525 931 675 960 daemones
697 931 799 960 liabent
828 932 926 966 tidem,
948 936 996 961 aut

154 978 243 1007 infusa
264 982 306 1007 est
327 978 367 1007 eis
388 982 454 1006 ante
477 978 602 1014 lapsum,
624 982 673 1006 aut
692 982 777 1014 past,-
798 983 864 1007 [mcc
887 979 994 1016 lapsum

153 1033 222 1060 non,
244 1025 309 1062 quia
332 1029 397 1053 tunc
418 1032 472 1053 non
494 1028 573 1053 erant
595 1025 621 1052 in
644 1027 732 1058 statu,
755 1025 780 1053 in
800 1033 856 1062 quo
870 1029 942 1054 esset
956 1025 996 1054 eis

154 1072 223 1102 tides
243 1075 419 1109 opportuna;
448 1076 513 1108 post
545 1071 652 1108 lapsum
683 1080 752 1105 non,
780 1072 845 1109 quia
866 1072 994 1101 obstinati

153 1123 233 1154 sunt,
255 1122 286 1148 ut
307 1119 379 1148 dona
411 1119 458 1147 Dei
488 1126 541 1147 non
565 1119 669 1155 possint
691 1119 849 1155 suscipere:
878 1127 944 1156 ergo
973 1119 995 1148 si

154 1173 296 1204 nunquam
320 1166 479 1194 babuerunt
500 1165 625 1194 habitum
649 1165 711 1194 {idei
735 1166 870 1200 infusum,
885 1169 911 1194 et
927 1166 996 1194 fides

155 1213 280 1242 informis
300 1216 341 1242 est
363 1220 413 1250 per
435 1212 619 1246 infusionem;
642 1220 694 1241 nou
713 1220 779 1249 ergo
796 1213 895 1241 liabent
912 1212 994 1241 fidem

154 1261 308 1289 informem.

232 1307 257 1336 3.
280 1307 362 1341 item,
385 1307 512 1340 credere,
535 1307 609 1344 quod
626 1310 668 1335 est
683 1310 762 1335 actus
778 1307 840 1336 fidei
857 1307 994 1341 informis,

152 1357 194 1383 est
215 1353 420 1389 voluntarium,
446 1353 526 1390 quia,
553 1361 644 1382 «cum
677 1356 768 1382 cetera
800 1353 885 1390 possit
913 1353 995 1381 homo

152 1400 267 1435 nolens,
289 1400 404 1429 credere
426 1408 480 1428 non
503 1403 591 1437 potest
613 1400 663 1428 nisi
685 1400 800 1428 volens³
814 1410 845 1433 »ς
867 1400 914 1428 sed
934 1400 996 1428 dae-

152 1455 263 1481 mones,
294 1451 430 1484 quantum
453 1450 495 1475 est
515 1454 551 1475 ex
574 1450 652 1483 parte
675 1446 824 1475 voluntatis
845 1454 927 1480 suae,
957 1454 996 1474 re-

152 1497 276 1531 pugnant
301 1493 375 1522 omni
399 1493 507 1522 veritati
529 1496 556 1522 et
576 1493 650 1521 omni
674 1493 762 1521 bono:
785 1493 806 1521 si
830 1493 914 1529 igitur
936 1493 994 1529 ipsa

152 1540 222 1569 fides
244 1540 368 1569 informis
383 1540 446 1569 l'acit
460 1540 575 1568 credere
592 1539 761 1574 voluntarie,
778 1539 904 1573 Videtur,
920 1539 993 1576 quod

152 1587 300 1616 daemones
323 1595 376 1615 non
400 1587 519 1615 habeant
540 1586 636 1623 ipsam.

230 1634 256 1662 [ι.
279 1634 361 1667 ltem,
384 1634 453 1662 tides
481 1633 607 1662 informis
635 1636 676 1661 est
699 1633 865 1670 principium
889 1633 995 1662 timoris

151 1679 278 1714 servilis,
301 1683 328 1708 et
351 1680 433 1708 timor
465 1679 574 1708 servilis
605 1680 668 1708 facit
692 1683 833 1715 peccatum
857 1679 993 1716 sugere‘:

151 1727 172 1756 si
195 1734 261 1764 ergo
282 1726 351 1755 fides
374 1727 498 1755 informis
519 1729 590 1755 esset
613 1727 639 1754 in
661 1726 858 1760 daemonibus,
873 1730 945 1754 esset
968 1725 994 1754 in

150 1774 190 1803 eis
211 1774 276 1810 suga
297 1774 416 1802 alicuius
437 1773 559 1810 peccati:
582 1773 603 1801 si
627 1781 693 1809 ergo
716 1772 825 1800 nullum
851 1776 993 1809 peccatum

150 1820 275 1857 fugiunt,
304 1820 431 1855 videtur,
453 1820 525 1857 quod
551 1820 662 1848 habitus
685 1819 809 1848 informis
831 1819 856 1847 in
880 1819 919 1848 eis
940 1827 994 1847 non

151 1867 316 1904 reperiatur.

464 1967 675 1989 CONCLUSIO.

152 2054 187 2082 In
208 2053 398 2082 ctaemoizz'bus
429 2058 469 2082 esc
500 2053 602 2091 aliqua
632 2052 702 2089 fides
731 2051 885 2088 informis,
905 2056 994 2089 prout

232 2105 327 2129 tamen
350 2105 431 2129 caret
450 2109 507 2128 iton⁴
534 2104 646 2128 tanmem
667 2099 768 2136 forma
789 2099 907 2127 'virtuti-s
926 2108 994 2137 yra-

232 2147 331 2181 tttitae,
353 2147 403 2175 sed
430 2147 517 2175 etiam
538 2146 638 2183 sommi
654 2145 770 2174 habitus
791 2146 932 2179 ινίνιιιοδί,
954 2147 994 2175 in-

230 2193 294 2231 fusi
314 2199 339 2223 et
364 2193 531 2222 voluntarii.

231 2288 405 2316 Respouneo:
430 2287 595 2319 Dicendum,
627 2286 700 2322 quod
733 2285 803 2313 sicut
828 2293 863 2313 ex
886 2293 994 2322 praece·

152 2334 281 2363 dentibus
295 2334 303 2346 ¹⁵
326 2337 414 2371 patet,
437 2334 505 2362 fides
528 2332 652 2361 informis
674 2332 775 2360 dicitur
801 2332 910 2360 duobus
939 2340 994 2360 mo-

13 2376 139 2420 Ῑζζῐξζξζὶξξθς
152 2380 211 2409 dis:
234 2381 395 2418 quaedam,
418 2388 489 2417 quae
512 2380 637 2408 innititur
658 2379 772 2415 primae
798 2379 917 2407 Verilatz'
928 2387 994 2416 pro-

148 2431 214 2465 pter
234 2436 280 2461 se,
303 2428 431 2464 quamvis
448 2427 473 2455 in
490 2427 576 2463 ipsam
600 2434 652 2454 non
676 2426 769 2454 tendat
790 2426 924 2460 amandog
940 2426 993 2454 alia

152 2477 193 2502 est
214 2474 283 2502 fides
306 2474 446 2507 informis,
468 2481 539 2510 quae
563 2473 688 2501 innititur
711 2472 761 2508 ipsi
788 2471 904 2499 ueritati
923 2472 993 2500 (trti-

1054 202 1082 230 ll.
1105 202 1239 239 QUAEST.
1263 202 1301 230 lll.
1840 206 1897 235 493

1055 279 1189 308 culortmn
1218 284 1337 318 propter
1368 281 1499 318 aliquam
1531 281 1675 310 rationem
1696 287 1836 311 creatam.
1867 284 1896 312 Et

1053 326 1154 363 prima
1175 327 1287 363 quidem
1310 327 1413 356 dicitur
1433 327 1504 364 fides
1526 327 1681 365 informis,
1704 337 1756 357 non
1775 329 1840 366 quia
1855 338 1897 359 ca-

1056 376 1115 401 reat
1134 372 1235 410 forma
1255 373 1339 409 (idei,
1371 374 1525 402 secundum
1548 375 1622 411 quod
1645 379 1685 404 est
1706 375 1818 409 virtus,
1847 377 1895 405 sed

1055 420 1145 447 solum
1178 420 1332 449 secundum
1358 421 1433 457 quod
1455 424 1497 449 est
1517 421 1613 450 virttis
1632 422 1789 459 mahtim,-
1813 426 1840 452 et
1862 424 1896 452 de

1056 466 1106 495 hac
1138 466 1242 495 dictum
1264 470 1305 494 est
1328 467 1441 503 priusfi,
1463 468 1536 504 quod
1559 471 1600 497 est
1622 468 1733 497 habitus
1755 469 1897 499 virtuosus

1055 516 1081 541 et
1103 513 1213 541 habitus
1235 513 1351 543 infusus.
1374 514 1504 542 Secundo
1527 523 1592 543 vero
1615 515 1696 544 modo
1710 516 1813 545 dicitur
1826 516 1897 553 fides
1911 523 2024 542 Notandum.

1055 558 1210 596 informis,
1226 560 1291 597 quia
1307 564 1382 589 caret
1395 559 1495 597 forma
1509 561 1593 597 fidei,
1609 565 1635 590 et
1650 563 1805 592 secuudum
1820 564 1895 600 quod

1053 606 1150 635 virtus
1171 610 1227 641 est,
1250 611 1276 635 et
1295 607 1449 636 secuudum
1465 608 1538 645 quod
1553 609 1689 645 qratuita
1703 613 1751 638 est.
1768 610 1833 638 Nam
1852 611 1897 639 illa

1055 653 1221 687 credulitas,
1243 662 1298 690 qua
1319 653 1383 690 quis
1403 655 1517 683 assentit
1538 655 1663 684 articulis
1685 659 1798 692 propter
1818 657 1898 685 ratio—

1056 707 1118 728 nem
1147 703 1268 728 creatam
1301 700 1506 737 principaliter,
1528 708 1581 729 non
1603 702 1693 730 solum
1716 706 1791 731 caret
1813 703 1898 731 inten-

1055 746 1127 775 tione
1149 746 1261 775 habitus
1280 747 1425 783 gyratuz'ti,
1447 748 1495 776 sed
1517 748 1599 776 etiam
1620 749 1769 778 intentione
1785 750 1896 778 habitus

1053 792 1186 820 virtuosi.
1202 792 1310 821 Nullius
1324 793 1397 821 enim
1413 793 1525 822 virtutis
1541 793 1651 822 videtur
1665 802 1725 823 esse
1739 795 1746 808 ⁷
1768 796 1895 830 credere,

1056 847 1120 867 cum
1142 839 1205 876 quis
1226 839 1314 868 credit
1335 839 1477 869 innitendo
1499 840 1686 877 persuasioni.
1711 849 1795 878 quam
1812 842 1895 871 videt.

1132 886 1157 914 Si
1181 886 1264 922 igitur
1288 886 1338 914 hoc
1358 887 1484 915 secundo
1506 887 1588 915 modo
1603 888 1755 924 accipiatur
1770 889 1896 917 informis
1910 895 2036 914 Conc¹usiot

1055 932 1139 966 sides,
1162 932 1199 961 sic
1221 933 1332 961 concedi
1355 936 1459 970 potest,
1481 941 1540 962 eam
1571 935 1687 971 reperiri
1711 935 1736 963 in
1758 935 1897 964 daemoni-

1054 979 1115 1008 bus.
1146 979 1248 1007 liabent
1269 980 1342 1008 enim
1364 980 1485 1017 aliquam
1509 981 1631 1009 notitiam
1654 985 1681 1009 et
1701 982 1896 1011 credulitatem

1054 1026 1088 1054 de
1109 1025 1235 1054 articulis
1256 1029 1283 1054 et
1304 1027 1500 1060 credibilibus,
1522 1035 1593 1064 quae
1614 1028 1728 1065 quidem
1753 1023 1831 1065 fides'
1852 1037 1897 1066 po-

1054 1075 1106 1101 test
1127 1072 1179 1100 dici
1202 1073 1259 1101 sive
1282 1073 1449 1106 credulitas,
1472 1078 1585 1111 propter
1606 1074 1656 1102 hoc
1678 1075 1752 1112 quod
1776 1084 1828 1104 uon
1854 1080 1896 1105 est

1054 1119 1079 1147 in
1102 1119 1141 1148 eis
1156 1119 1229 1148 visio
1244 1123 1356 1157 aperta.
1368 1136 1406 1140 —-
1421 1121 1450 1149 Et
1465 1120 1511 1149 illa
1526 1121 1638 1158 quidem
1654 1122 1772 1159 cognitio
1794 1124 1895 1160 partim
1907 1128 2035 1147 Corossnrium·

1052 1166 1104 1196 fuit
1125 1167 1164 1195 eis
1186 1167 1271 1196 indita
1293 1176 1306 1195 a
1327 1167 1428 1204 primo
1460 1168 1637 1202 conditione,
1667 1169 1766 1205 partim
1790 1174 1831 1198 est
1859 1178 1895 1199 ex

1053 1213 1252 1251 acquisicione.
1275 1214 1293 1242 A
1317 1214 1406 1251 prima
1428 1215 1500 1243 enim
1523 1215 1684 1243 conditione
1715 1225 1765 1245 sua
1794 1217 1897 1246 babue-

1054 1264 1122 1288 runt
1143 1260 1324 1297 cognitionem
1347 1261 1469 1298 aliquam
1492 1261 1526 1290 de
1547 1262 1672 1290 articulis
1694 1263 1895 1300 pertinentibus

1052 1307 1086 1336 ad
1114 1307 1303 1340 Il‘rirtz'tatem,
1325 1316 1396 1344 quae
1418 1309 1467 1336 etsi
1492 1312 1555 1337 tnnc
1578 1317 1630 1337 non
1648 1310 1825 1338 merereturs
1841 1311 1894 1339 dici
1908 1316 1973 1357 02⁰3}
1990 1316 2036 1357 grti-

1051 1353 1139 1390 fides,
1155 1354 1240 1382 immo
1256 1354 1347 1391 potius
1362 1355 1486 1392 coynitio
1502 1356 1760 1392 contemplationi&
1783 1344 1926 1394 ριόρῑει·αἱ
1936 1346 1956 1357 ⁰³
1974 1344 1984 1358 Θ
2006 1344 2034 1357 ‘³⁰'

1052 1400 1206 1429 absentiam
1235 1401 1413 1437 aenigmatis,
1436 1405 1548 1438 peccato
1570 1405 1660 1431 tamen
1683 1403 1895 1439 superveniente

1052 1452 1079 1476 et
1100 1448 1255 1484 aenigmate
1285 1448 1488 1485 subsequente,
1510 1449 1555 1477 illa
1578 1449 1696 1486 cognitio
1718 1450 1820 1479 meruit
1841 1450 1893 1480 dici

1052 1494 1139 1529 fide-s,
1163 1503 1226 1523 cum
1249 1495 1283 1523 sit
1304 1495 1422 1531 cognitio
1443 1495 1625 1531 aenigmatica
1643 1496 1677 1524 de
1694 1496 1736 1525 liis
1751 1504 1822 1534 quae
1837 1505 1896 1534 spe-

1053 1544 1127 1570 ctant
1148 1541 1183 1570 ad
1206 1541 1309 1570 divina.
1323 1558 1362 1562 -
1376 1544 1515 1578 Quantum
1532 1546 1624 1571 autem
1640 1543 1675 1571 ad
1690 1543 1823 1572 articulos
1838 1552 1896 1580 spe-

1052 1591 1158 1616 ctantes
1178 1588 1213 1616 ad
1243 1587 1455 1616 lczmzanicatcm
1484 1592 1525 1617 est
1551 1589 1576 1617 in
1598 1589 1638 1617 eis
1659 1590 1778 1626 cognitio
1798 1590 1896 1628 acqui·
1909 1599 1990 1626 umque
2003 1600 2037 1618 nu-

1051 1635 1110 1663 sita
1132 1635 1289 1671 permulta
1321 1635 1455 1663 miracula
1484 1639 1510 1664 et
1541 1636 1733 1672 experimenta
1761 1640 1788 1665 et
1816 1638 1893 1674 quasi
1910 1625 2006 1641 ''mmm‘'

1051 1685 1160 1710 extorta
1183 1682 1343 1710 necessitate
1365 1682 1495 1719 quadam.
1518 1682 1589 1710 Dum
1605 1683 1677 1711 enim
1694 1683 1843 1713 daemones
1859 1685 1896 1713 vi-

1052 1728 1118 1757 dent
1139 1732 1246 1765 aperte,
1262 1736 1309 1757 eos
1323 1728 1369 1765 qui
1386 1729 1526 1757 Christum
1540 1729 1549 1741 ⁰
1572 1730 1690 1758 credunt
1705 1734 1732 1759 et
1746 1731 1769 1759 ei
1792 1732 1897 1760 confor-

1053 1779 1181 1809 mantur,
1203 1784 1255 1803 non
1278 1783 1358 1812 posse
1380 1776 1526 1808 damnari;
1556 1777 1699 1805 manifesta
1721 1778 1826 1807 ratione
1855 1787 1896 1807 co-

1054 1825 1161 1858 guntur
1182 1822 1311 1856 credere,
1341 1822 1422 1851 sidem
1447 1822 1618 1851 credentium
1643 1824 1667 1851 in
1690 1823 1831 1852 Christum
1854 1832 1896 1853 ve-

1053 1876 1111 1896 ram
1135 1876 1213 1902 esse;
1235 1876 1267 1897 ac
1288 1876 1338 1905 per
1361 1869 1411 1897 hoc
1434 1876 1483 1906 per
1505 1877 1677 1906 consequens
1695 1871 1825 1905 credunt,
1840 1878 1896 1899 om-

1052 1915 1097 1943 nia
1118 1922 1177 1943 esse
1200 1922 1281 1949 vera,
1313 1923 1385 1952 quae
1406 1915 1553 1944 Christiani
1576 1916 1709 1950 credunt3
1731 1920 1758 1945 et
1779 1925 1814 1945 ex
1844 1918 1895 1946 hoc.

1052 1962 1135 1990 etiam
1158 1965 1366 1998 perterrentur.
1390 1966 1504 1999 propter
1525 1962 1598 1999 quod
1622 1962 1688 1991 dicit
1708 1963 1806 1992 beatus
1827 1964 1896 1992 laco-

1051 2008 1119 2042 bus,
1142 2009 1216 2045 quod
1238 2009 1360 2037 credunt
1381 2013 1406 2037 et
1426 2009 1658 2037 contremiscunt.

1130 2055 1155 2082 Si
1179 2062 1244 2083 vero
1277 2055 1426 2092 loquamur
1453 2056 1486 2084 de
1509 2056 1563 2084 lide
1584 2056 1710 2090 informi,
1739 2057 1894 2086 secundum

1051 2101 1125 2138 quod
1148 2101 1282 2138 accipitur
1300 2102 1399 2138 primo
1422 2102 1518 2136 modo.
1541 2103 1669 2132 videlicet
1691 2107 1773 2140 prout
1793 2108 1833 2132 est
1850 2104 1895 2132 ha-

1051 2147 1125 2176 bitus
1148 2148 1295 2176 virtuosus
1317 2152 1343 2176 et
1365 2149 1476 2177 habitus
1498 2148 1617 2185 infit-sus·
1639 2153 1664 2178 et
1686 2150 1768 2178 etiam
1799 2150 1895 2179 volun-

1052 2194 1170 2227 icti-ium
1194 2193 1243 2222 hoc
1266 2195 1363 2227 modo,
1385 2195 1435 2223 etsi
1451 2195 1608 2232 reperiatur
1623 2196 1649 2223 in
1666 2196 1824 2225 christianis
1840 2197 1893 2225 via-
1907 2206 2005 2225 Conclusio
2016 2207 2034 2224 Ξ,

1050 2240 1173 2274 toribus,
1205 2249 1258 2269 non
1282 2244 1371 2269 tamen
1395 2245 1484 2278 potest
1506 2242 1622 2278 reperiri
1646 2242 1671 2270 in
1695 2243 1892 2274 daemonibus.

1051 2290 1110 2315 tum
1133 2288 1197 2324 quia
1219 2288 1270 2324 ipsi
1292 2296 1345 2316 non
1369 2292 1433 2316 sunt
1454 2289 1509 2325 apti
1525 2289 1558 2317 ad
1576 2289 1766 2326 suscipiendos
1782 2290 1894 2318 habitus

1051 2334 1171 2367 infusos,
1194 2337 1252 2362 tum
1275 2334 1340 2370 quia
1362 2334 1490 2362 voluntas
1512 2342 1607 2363 eorum
1637 2336 1722 2372 magis
1745 2344 1831 2372 prona
1853 2339 1894 2364 est

1050 2380 1084 2407 ad
1107 2380 1329 2416 impugnandum
1361 2380 1504 2408 veritatem
1532 2382 1691 2409 secuudum
1709 2382 1843 2418 pietatem
1858 2382 1893 2416 ¹''‚

1050 2433 1133 2462 quam
1156 2426 1190 2454 ad
1207 2426 1413 2454 assentiendum
1429 2427 1462 2455 ei.
1478 2443 1516 2447 —
1532 2427 1606 2455 Unde
1622 2428 1813 2456 concedendae
1829 2433 1893 2457 sunt

1050 2472 1184 2505 rationes.
1207 2480 1277 2509 quae
1301 2473 1350 2501 hoc
1372 2474 1529 2502 ostendunt.

214 2641 220 2655 ¹
240 2641 304 2663 γει-ς.
326 2641 359 2663 15.
377 2641 454 2663 Glossa
472 2641 586 2662 invenitur
601 2640 664 2668 apud
682 2640 738 2662 Petr.
757 2640 878 2662 Lomberd.
892 2641 913 2662 iu
931 2641 991 2663 huuc

151 2680 238 2707 locum;
257 2680 318 2708 apud
337 2679 444 2702 §trabum
461 2684 482 2702 et
504 2680 619 2707 Lyranutu
641 2679 737 2701 habetur
754 2680 775 2701 in
798 2679 872 2702 Matth.
895 2680 932 2707 12,
955 2680 991 2702 35.

151 2718 195 2741 cfr.
214 2719 308 2740 tonissll.
327 2725 380 2746 pag.
402 2718 455 2745 178,
473 2721 523 2740 nota
546 2719 562 2740 1.
582 2719 602 2740 ln
620 2718 697 2740 Glossa
715 2718 792 2740 Petrus
804 2718 926 2740 Lombard.
942 2721 993 2746 post

152 2756 206 2780 berte
223 2758 312 2785 supplet
325 2756 386 2787 agit,
409 2757 457 2779 Vat.
474 2756 538 2786 facit.
552 2769 583 2773 —
595 2757 625 2779 De
642 2756 731 2779 minori
746 2757 787 2779 cfr.
805 2763 873 2785 supra
892 2764 913 2786 q.
936 2758 951 2779 1.

213 2797 222 2811 ἵ
240 2796 284 2819 Csr.
303 2800 390 2825 quaest.
409 2796 513 2824 praeced.

213 2835 222 2850 ³
241 2836 267 2858 Ut
284 2836 337 2857 dicit
355 2838 457 2863 August„
476 2836 497 2856 In
511 2835 569 2857 ioan.
587 2835 676 2862 Evang.
689 2839 713 2857 tr.
733 2835 769 2857 26.
788 2841 808 2856 n.
822 2836 843 2856 2.
861 2834 905 2857 Ct‘r.
923 2841 991 2862 supra

153 2880 204 2901 pag.
222 2873 274 2902 475,
293 2877 342 2896 uota
360 2874 381 2896 3.

214 2911 222 2926 ⁴
242 2913 298 2935 Vide
317 2913 371 2935 inira
391 2913 420 2934 lit.
439 2913 553 2940 Magisui,
571 2912 593 2934 d.
612 2912 717 2934 xxxw.
733 2918 752 2934 c.
771 2911 790 2934 4.

216 2950 226 2965 ⁵
241 2951 332 2978 Quaest.
354 2951 459 2979 praeced.
477 2963 507 2967 -—
524 2950 595 2973 Codd.
614 2952 629 2972 A
641 2951 646 2971 1
658 2951 673 2972 l(
686 2951 726 2972 LZ
749 2950 772 2973 in
794 2950 992 2979 pJ-aecerlmitibus.

153 2989 201 3011 Mox
219 2993 269 3016 post
286 2989 403 3018 quaedam
420 2989 469 3011 cod.
489 2989 503 3011 F
521 2989 582 3011 addit
600 2988 661 3011 enim
679 2990 712 3011 est
728 2988 784 3018 fides
802 2988 917 3018 informis.

1110 2641 1119 2655 ⁵
1138 2641 1228 2669 Quae-st.
1252 2642 1268 2662 t.
1286 2647 1333 2669 seq.
1347 2654 1376 2657 —
1390 2642 1458 2663 Paulo
1474 2645 1526 2664 ante
1539 2648 1580 2669 pro
1592 2643 1672 2665 careal
1683 2643 1761 2672 forano
1776 2643 1831 2672 fidei
1841 2644 1892 2666 cod.

1049 2680 1066 2702 Ο
1084 2681 1165 2703 cureat
1180 2679 1245 2703 omm‘
1260 2679 1346 2708 forma.

1111 2719 1120 2733 ⁷
1140 2720 1181 2741 t‘ro
1200 2719 1290 2742 ridetur
1307 2725 1355 2742 esse
1372 2720 1439 2742 codd.
1457 2721 1473 2742 Α
1485 2720 1502 2741 l(
1522 2721 1561 2742 est.

1111 2758 1120 2772 ⁸
1139 2758 1193 2780 Cod.
1212 2758 1229 2780 U
1252 2758 1398 2786 merebatur,
1419 2759 1472 2781 edd.
1495 2760 1605 2782 meretur.
1630 2760 1698 2782 Paulo
1720 2761 1827 2788 superius
1850 2767 1892 2788 pro

1049 2796 1184 2819 habuerunt
1196 2796 1246 2818 cod.
1258 2797 1275 2818 A
1290 2795 1363 2819 habet.
1377 2798 1436 2819 —S.
1451 2797 1532 2819 Thom.
1546 2799 1576 2824 (S.
1592 2798 1614 2820 11.
1627 2798 1649 2820 11.
1668 2805 1689 2826 q.
1703 2798 1723 2820 5.
1741 2805 1761 2821 a.
1778 2799 1805 2826 l.)
1818 2800 1894 2827 Ange-

1050 2835 1076 2856 lis
1094 2838 1144 2856 ante
1157 2834 1353 2857 confirmationem
1366 2838 1387 2857 et
1399 2835 1488 2863 lapsum
1502 2835 1602 2858 attribuit
1613 2835 1701 2858 dorium
1714 2835 1806 2865 qratiae
1818 2841 1838 2858 et
1852 2843 1893 2864 per

1051 2879 1196 2901 consequens
1215 2872 1298 2902 sidem;
1317 2873 1344 2895 de
1365 2873 1407 2895 hcc
1425 2875 1578 2896 controversia
1597 2874 1635 2896 cir.
1655 2874 1676 2896 ll.
1689 2874 1748 2897 Seni.
1762 2875 1783 2897 d.
1801 2874 1817 2896 i.
1830 2881 1850 2897 a.
1875 2876 1892 2896 1.

1051 2919 1072 2940 q.
1087 2912 1108 2933 2.
1126 2915 1147 2933 et
1165 2912 1272 2934 scholion.

1113 2950 1122 2963 ⁹
1140 2950 1194 2972 Cod.
1212 2956 1237 2971 an
1256 2949 1362 2978 Clo-isto,
1384 2951 1432 2973 Vat.
1456 2957 1509 2973 cum
1527 2952 1639 2974 nonnullis
1662 2952 1728 2974 codd.
1747 2952 1827 2980 (codd.
1846 2952 1891 2974 NT

1051 2995 1062 3010 a
1082 2988 1180 3011 secunda
1199 2992 1281 3016 manu)
1300 2988 1322 3011 ῖη
1341 2988 1468 3012 Christum.
1600 2989 1619 3004 ¹⁰
1636 2991 1704 3018 Epist.
1722 2990 1751 3013 acl
1769 2991 1812 3013 Tit.
1834 2991 1851 3018 1,
1871 2992 1892 3013 l.
