2166 3366
115 1024 213 1043 Conclusio
225 1024 241 1042 1.

127 1214 210 1236 Quatuor
224 1213 243 1231 in

116 1237 245 1260 praedestina-

115 1261 165 1279 tione
184 1260 245 1279 consi-

115 1284 205 1302 uei-auda.

116 1354 215 1373 Conclusio
225 1354 242 1372 2.

115 1543 215 1561 Conclusio
226 1543 243 1561 3.

258 186 316 215 244

260 264 311 293 Dei
332 264 363 292 in
383 264 491 292 virtute
511 266 562 291 etc.
584 279 623 282 —
644 262 719 291 unde
741 262 871 290 0171171778
886 264 928 289 est
941 261 969 289 ei
981 261 1108 298 spiritus

257 321 315 340 non
337 312 378 340 ad
397 318 570 339 mensuram
590 327 629 330 —
650 317 701 338 nos
722 312 816 337 autem
842 308 1042 346 praedestinati
1065 316 1109 336 su-

258 367 322 387 mus
342 358 377 386 ad
399 358 518 394 gratiam
549 360 671 385 creatam
694 359 722 385 et
743 356 868 384 finitam:
901 363 968 392 ergo
990 355 1011 384 si
1035 363 1109 384 crea·

257 409 317 434 tum
350 407 376 433 et
407 404 519 432 finitum
550 412 604 432 non
630 403 797 432 univocatur
819 403 847 431 in
869 402 963 439 aliquo
985 410 1049 430 011111
1071 402 1109 430 10-

257 454 350 481 010010
371 454 398 479 01
420 450 542 484 infinito,
563 450 721 479 necessario
737 450 881 487 sequitur,
897 449 973 486 quod
995 449 1109 486 praede-

257 498 368 527 stinatio
400 498 557 527 secundum
579 497 662 526 aliam
684 500 711 526 et
732 497 815 525 aliam
839 497 975 525 rationem
998 496 1109 525 dicatur

258 547 292 575 de
313 546 394 574 nobis
415 549 442 574 et
463 546 498 574 de
519 545 638 574 Christo.

574 647 789 668 CONCLUSIO.

257 734 495 763 Praedestinatio
519 732 633 762 Cltrz'stt
647 733 774 771 qaedam
790 733 875 761 7770110
891 735 933 760 081
946 731 1109 769 conformis

334 785 454 810 nostrae
482 779 764 818 praedestinationi,
797 780 925 817 quodam
947 779 1032 808 niodo
1054 777 1109 816 difl

336 828 461 866 formis,
484 831 510 856 et
529 836 588 856 non
609 826 720 855 dicitnr
736 835 803 854 077777
826 825 881 855 stac
896 826 1034 860 tinivoee,
1049 825 1111 854 77787

337 879 482 913 quatenns
497 878 538 903 081
559 875 586 903 07
606 873 778 911 conformis.

336 971 513 999 Responono:
530 969 699 1003 Dicendum,
715 969 789 1006 quod
802 968 1019 1005 praedestinatio
1034 968 1110 996 Chri-

256 1018 289 1047 sti
313 1018 436 1055 quodam
458 1017 542 1045 modo
564 1016 649 1044 habet
670 1014 905 1053 conformitatem
927 1015 962 1043 ad
985 1018 1109 1043 nostram

256 1064 557 1102 praedestinationem,
593 1063 714 1101 quodam
751 1063 835 1091 modo
867 1061 1088 1100 difformitatem
1100 1072 1110 1095 ,-

257 1112 331 1150 quod
355 1115 445 1149 patet,
468 1111 489 1140 si
512 1111 694 1139 attendantur
715 1119 747 1138 ea
769 1118 841 1147 quae
863 1110 937 1139 circa
958 1109 1110 1147 praedesti-

256 1159 396 1188 nationem
419 1162 485 1187 sunt
498 1158 515 1185 ¹.
538 1157 738 1186 Consideratur
753 1157 826 1185 enim
850 1156 1066 1193 praedestinatio
1081 1156 1108 1184 in

257 1206 465 1243 comparatiOne
480 1205 514 1233 ad
528 1204 796 1242 praedestinantem
813 1207 839 1232 et
854 1204 890 1232 ad
908 1203 1110 1240 praedestina-

258 1259 320 1282 117777
335 1256 362 1282 01
377 1253 410 1281 ad
435 1252 594 1280 10177777777777
609 1254 635 1280 01
650 1251 686 1280 011
702 1250 846 1279 initialem
864 1254 985 1279 8117177777.
1001 1250 1026 1278 Si
1043 1258 1109 1287 ergo

257 1301 451 1330 consideretur
466 1299 683 1337 praedestinatio
699 1298 854 1327 secundum
871 1298 1107 1334 comparationem

256 1348 292 1376 ad
313 1346 591 1384 praedestinantem,
603 1345 688 1373 unius
700 1344 816 1373 rationis
827 1347 854 1372 et
867 1344 1018 1372 conformis
1034 1343 1109 1371 modi

257 1398 298 1424 est
327 1393 544 1431 praedestinatio
575 1391 677 1420 Christi
703 1394 814 1420 nostrae
843 1390 1110 1428 praedestinati0ni3

258 1442 354 1471 eodem
384 1440 458 1469 enim
481 1440 580 1473 modo,
602 1447 658 1476 quo
685 1439 761 1467 Deus
789 1438 1009 1475 praedestinavit
1035 1437 1111 1465 Chri-

258 1493 349 1523 stum,
371 1487 591 1525 praedestinavit
605 1490 632 1515 et
647 1494 705 1515 nos.
719 1486 794 1514 —Si
816 1485 968 1522 loquamur
990 1484 1017 1512 10
1039 1492 1111 1513 com-

257 1536 401 1573 paratione
417 1535 451 1563 ad
467 1537 578 1562 8117177777
594 1542 613 1561 a
628 1542 695 1571 qao,
708 1532 872 1569 simpliciter
888 1535 930 1561 est
945 1531 1110 1560 differentia.

257 1583 325 1612 Nam
355 1590 405 1610 nos
433 1589 484 1619 per
512 1581 631 1618 gratiam
657 1579 920 1617 praedestinationis
945 1579 1049 1615 eripuit
1077 1578 1111 1607 de

258 1633 333 1658 statu
361 1629 465 1666 peccati
494 1630 521 1656 et
550 1628 584 1656 de
613 1635 706 1655 massa
734 1626 915 1663 perditionis,
945 1625 1017 1654 sicut
1046 1625 1112 1653 dicit

258 1677 354 1705 Glossa
376 1684 462 1713 super
484 1675 555 1703 illud
577 1674 612 1703 ad
629 1675 766 1702 Romanos
781 1676 879 1702 octavo
892 1672 901 1685 ²
915 1683 920 1701 :
938 1673 1016 1708 Quos
1027 1681 1114 1709 prae-

259 1723 416 1753 destinavit
437 1722 488 1751 1708
509 1726 535 1751 et
555 1722 687 1755 vocavit,
720 1724 747 1750 et
779 1721 837 1758 ipse
871 1723 968 1749 textus
989 1720 1094 1749 indicat
1106 1731 1113 1755 3

257 1772 333 1800 hunc
354 1774 449 1799 autem
472 1773 577 1798 statum
597 1777 650 1797 non
673 1771 715 1797 est
737 1768 862 1805 reperire
884 1767 911 1796 in
934 1767 1045 1796 Christo
1068 1767 1114 1795 ali⁴

256 1826 313 1855 quo
335 1818 427 1846 modo.
450 1817 482 1845 Et
508 1816 547 1845 510
577 1818 715 1853 quantum
737 1815 771 1843 ad
795 1815 920 1852 primum
943 1818 985 1843 est
1006 1814 1116 1851 simpli-

937 183 1191 213 SENTENTtARUM
1212 182 1271 211 LIB.
1294 183 1334 211 111.

1165 262 1237 290 citer
1258 261 1475 295 convenientia,
1508 264 1644 298 quantum
1674 261 1709 290 ad
1739 261 1888 296 ultimum,
1910 262 2014 291 scilicet

1165 311 1302 346 quantum
1324 309 1360 337 ad
1382 312 1486 337 statum
1500 308 1519 343 ²³,
1541 307 1716 345 differentia.
1763 303 1765 305 ’

1245 356 1386 392 Quantum
1409 363 1475 384 vero
1497 355 1531 384 ad
1565 355 1622 384 duo
1653 355 1819 384 intermedia
1847 356 1949 392 partim
1974 359 2017 385 est
2029 362 2147 382 Conclusiot

1166 402 1384 436 convenientia,
1405 403 1508 440 partim
1530 401 1705 440 differentia.
1728 402 1755 430 In
1778 402 1858 431 nobis
1879 402 1953 431 enim
1975 406 2017 432 est

1166 449 1383 485 praedestinatio
1415 452 1545 486 respectu
1566 453 1712 483 naturae,
1734 452 1761 478 et
1782 450 1865 478 etiam
1888 453 2019 487 respectu

1164 504 1325 533 personae,
1347 498 1375 525 et
1397 497 1485 533 magis
1500 496 1615 533 proprie
1630 499 1761 533 respectu
1773 505 1919 533 personae
1932 505 2018 533 quam

1165 546 1305 571 naturae.
1328 542 1356 570 10
1378 542 1488 571 Christo
1510 546 1604 572 autem
1623 547 1665 572 est
1680 543 1897 580 praedestinatio
1912 544 2020 573 ratione

1166 593 1296 618 naturae
1324 593 1491 623 assumtae,
1513 598 1586 627 quae
1608 590 1736 627 sequitur
1758 590 1882 619 divinam
1904 591 2020 628 disposi-

1167 636 1286 671 tionem,
1308 645 1363 665 non
1386 637 1493 666 ratione
1511 646 1676 674 personae;
1695 641 1723 666 et
1737 638 1776 666 ita
1796 638 1919 675 quodam
1935 639 2018 668 modo

1167 686 1209 712 est
1230 683 1445 717 convenientia,
1461 687 1488 712 01
1503 685 1625 721 quodam
1643 684 1726 713 modo
1741 683 1907 722 differentia
1928 693 2020 722 respe-

1167 734 1214 759 ctu
1245 731 1453 768 praedestinati.
1476 748 1515 751 —
1536 732 1673 768 Respectu
1694 732 1777 760 etiam
1799 732 1911 760 termini
1933 733 2019 762 consi·
2031 737 2150 757 Conclusio5

1168 778 1272 807 militer
1293 782 1335 807 est
1347 778 1365 806 ⁴.
1390 778 1458 806 Nam
1488 786 1538 807 nos
1560 787 1660 808 sumus
1681 779 1880 816 praedestinati
1903 779 1938 808 ad
1959 788 2020 817 gra-

1167 825 1234 853 tiam
1256 828 1283 853 et
1298 825 1431 862 gloriam,
1448 825 1576 854 similiter
1591 828 1618 854 et
1632 826 1776 859 Christus;
1791 827 1840 855 sed
1855 835 1906 856 nos
1920 835 2020 856 sumus

1167 872 1366 908 praedestinati
1399 873 1433 901 ad
1467 873 1690 910 participandam
1713 874 1831 910 gratiam
1853 876 1880 902 et
1901 873 2019 911 gloriam

1166 919 1345 953 87700088700,
1369 919 1497 948 Christus
1519 923 1613 948 autem
1635 920 1733 948 87777771.
1756 921 1839 955 11001,
1855 929 1905 949 005
1920 929 2020 950 sumus

1167 965 1367 1002 praedestinati
1389 966 1424 994 ad
1447 966 1564 1003 gratiam
1585 975 1730 1003 personae
1745 967 1929 1005 singularis,
1944 968 2021 996 Chri-

1167 1015 1228 1041 stus
1249 1015 1343 1041 autem
1359 1013 1394 1041 ad
1410 1013 1529 1050 gratiam
1550 1013 1670 1042 unionis
1691 1017 1718 1043 et
1739 1014 1905 1052 singularis
1922 1023 2020 1052 perso-

1167 1060 1263 1093 nae⁵;
1285 1063 1311 1089 et
1332 1060 1370 1089 ita
1392 1063 1500 1089 tantum
1521 1061 1605 1089 habet
1620 1064 1756 1098 quantum
1773 1070 1823 1090 nos
1844 1064 1871 1090 et
1894 1062 2020 1091 abundat

1167 1115 1183 1134 a
1204 1107 1303 1142 nobis,
1325 1115 1357 1136 ae
1378 1115 1429 1144 per
1451 1108 1503 1136 11οο
1524 1108 1647 1145 quodam
1669 1109 1753 1138 modo
1778 1110 1925 1144 convenit,
1954 1118 2020 1147 quo-

1167 1154 1232 1182 dam
1255 1154 1338 1183 modo
1360 1155 1479 1183 excedit.
1502 1155 1607 1184 Verum
1629 1159 1671 1184 est
1686 1156 1786 1192 igitur,
1808 1156 1884 1193 quod
1906 1157 2146 1207 praede-gfflssgffiio

1167 1201 1279 1229 stinatio
1300 1200 1401 1230 Christi
1424 1202 1546 1239 quodam
1569 1202 1653 1231 modo
1674 1206 1716 1231 est
1734 1202 1897 1240 conformis
1912 1206 1939 1232 et
1953 1212 2019 1240 quo-

1167 1248 1231 1278 dam
1254 1249 1338 1277 modo
1359 1247 1527 1286 diffoi·n'zis;
1548 1252 1575 1277 et
1596 1249 1618 1277 si
1640 1249 1799 1278 notificetur
1814 1251 1969 1279 secundum
1990 1251 2020 1279 il-

1168 1295 1233 1329 lud,
1256 1295 1283 1323 in
1306 1304 1361 1332 quo
1382 1296 1589 1330 conformatur,
1605 1300 1647 1325 est
1662 1296 1847 1331 ztnivoeatio;
1862 1298 2019 1326 secundum

1167 1345 1261 1371 autem
1284 1343 1360 1379 quod
1382 1343 1570 1377 disconvenit,
1591 1352 1657 1371 non.

1248 1390 1279 1417 Et
1300 1397 1350 1426 per
1372 1389 1425 1418 hoc
1441 1392 1535 1426 patent
1550 1390 1672 1419 rationes
1686 1391 1721 1419 ad
1737 1395 1887 1429 utramque
1901 1395 2020 1429 partem.
2045 1394 2075 1414 Ad
2095 1400 2148 1418 argu·
2163 1386 2166 1425 t

2033 1420 2103 1437 menta.

1168 1436 1236 1465 Nam
1259 1436 1381 1473 primae,
1404 1445 1476 1474 qnae
1495 1437 1661 1473 ostendunt,
1677 1438 1752 1475 quod
1767 1439 1802 1467 sit
1816 1442 1928 1468 nostrae
1943 1447 2021 1476 prae-

1168 1483 1344 1512 destinationi
1367 1483 1533 1518 conformis,
1554 1484 1712 1521 procedunt
1730 1493 1745 1513 a
1765 1488 1843 1522 parte
1864 1486 2021 1522 praedesti—

1168 1531 1286 1564 nantis,
1318 1531 1361 1559 vel
1391 1531 1609 1568 praedestinati
1636 1536 1773 1569 quantum
1802 1533 1837 1561 ad
1858 1537 2020 1568 naturam,

1170 1578 1213 1607 vel
1235 1586 1272 1606 ex
1294 1581 1375 1615 parte
1397 1578 1518 1607 termini
1537 1583 1674 1616 quantum
1696 1580 1730 1608 ad
1751 1580 1887 1617 qratiam
1910 1584 1938 1609 et
1963 1581 2021 1619 910-

1169 1625 1272 1659 7·7ῗ17777;
1293 1628 1320 1653 01
1342 1625 1380 1654 510
1402 1633 1502 1654 verum
1534 1626 1714 1655 concludunt.
1736 1627 1864 1656 Rationes
1890 1635 1957 1657 vero
1985 1628 2020 1657 ad

1170 1672 1330 1709 oppositum
1350 1673 1506 1709 procedunt
1521 1673 1555 1701 de
1571 1673 1631 1710 ipsa
1644 1674 1899 1710 praedestinatione
1912 1683 1929 1703 a
1943 1678 2023 1712 parte

1170 1723 1267 1748 81071778
1292 1719 1434 1754 initiatis,
1466 1720 1510 1749 vel
1532 1729 1548 1749 a
1569 1724 1649 1758 parte
1676 1722 1894 1759 praedestinati
1916 1723 2023 1752 ratione

1168 1776 1330 1805 personae,
1353 1768 1397 1796 vel
1419 1776 1435 1796 a
1456 1771 1536 1805 parte
1558 1768 1677 1796 termini
1706 1769 1813 1798 ratione
1841 1769 1961 1798 unionis
1983 1770 2023 1799 di-

1173 1814 1279 1848 vinae;
1301 1816 1328 1843 et
1348 1814 1407 1843 suis
1428 1815 1480 1843 viis
1502 1815 1695 1844 concedendae
1718 1820 1783 1845 sunt
1807 1816 1941 1853 singulae.

1007 1929 1271 1966 SCHOLION.

321 2045 335 2067 l.
354 2045 400 2066 lam
417 2050 486 2072 supra
506 2043 528 2065 d.
546 2043 567 2065 7.
586 2050 605 2065 a.
624 2044 644 2064 2.
663 2049 685 2071 q.
705 2043 748 2064 1-3.
767 2042 832 2070 plura
851 2042 909 2064 dicta
928 2044 981 2063 sunt
998 2041 1027 2063 de
1048 2047 1111 2069 prae-

259 2084 408 2106 destinatione
426 2084 532 2110 respcctu
550 2081 647 2109 Christi;
666 2081 695 2103 ad
708 2086 777 2109 quem
796 2081 872 2103 locum
895 2080 1003 2102 lectorem
1020 2080 1112 2102 remitti-

259 2129 318 2145 mus.
337 2135 368 2138 —
385 2123 445 2144 Haec
463 2122 483 2144 vl.
501 2122 605 2150 quaestio
623 2120 722 2143 dilucide
740 2123 762 2142 01
774 2120 833 2147 aptis
846 2119 1030 2142 distinctionibus
1042 2121 1111 2141 totam

259 2168 308 2184 rem
327 2162 440 2189 explanat.
459 2160 541 2182 lisdem
569 2158 753 2181 distinctionibus
770 2159 841 2181 utitur
858 2158 880 2180 S.
900 2158 982 2180 Thom.
1001 2158 1023 2179 in
1046 2156 1112 2180 Com-

260 2204 330 2223 ment.
348 2200 391 2229 (ΙΙΙ.
410 2200 470 2222 Sent.
489 2199 511 2221 d.
531 2199 567 2220 110.
585 2205 607 2227 q.
626 2198 647 2220 3.
666 2198 808 2226 quaestione.
827 2196 893 2225 2.)‘et
909 2197 1002 2219 easdem
1020 2196 1112 2219 conclu-

259 2242 335 2263 siones
352 2239 428 2262 habet.
447 2239 575 2260 Generatim
594 2240 670 2259 nutem
689 2237 751 2264 dicit,
772 2236 1005 2264 praedestinationem
1027 2236 1110 2258 Christi

259 2287 286 2301 ac
304 2282 404 2301 nostram
423 2284 467 2300 non
486 2284 536 2300 0550
554 2277 658 2299 0111511001
676 2277 781 2304 rationis,
808 2275 849 2297 sed
876 2276 1001 2297 convenire
1023 2277 1110 2297 tantum

260 2318 389 2341 secundum
407 2316 553 2347 [titctloffianz.
572 2317 615 2338 Pro
632 2322 679 2345 quo
697 2315 761 2338 addit
778 2316 836 2337 hanc
854 2315 964 2336 rationem
975 2332 980 2342 ,
998 2314 1060 2343 qnod
1078 2321 1111 2336 ra-

260 2358 290 2380 tio
302 2356 410 2387 specifica
423 2355 544 2379 cuiuslibet
556 2357 632 2377 motus
645 2355 756 2382 accipitur
769 2359 840 2381 penes
853 2354 975 2375 terminum
988 2353 1020 2376 ad
1031 2359 1108 2382 quem,

260 2397 299 2425 qui
312 2397 333 2418 in
346 2396 435 2419 Christo
448 2398 481 2418 est
492 2394 549 2418 unio
563 2393 588 2417 in
599 2399 714 2424 persona,
734 2399 794 2422 quac
806 2399 850 2414 non
865 2393 906 2414 nisi
919 2392 1047 2414 secundum
1060 2398 1111 2414 ana-

1170 2041 1255 2068 logiam
1273 2041 1391 2069 quandam
1405 2041 1511 2063 convenit
1523 2047 1576 2063 cum
1590 2040 1677 2064 unione
1687 2047 1730 2071 per·
1741 2041 1902 2071 operationem
1914 2041 2021 2071 (gratiam

1170 2082 1192 2101 et
1203 2080 1323 2107 gloriam),
1337 2085 1396 2108 quae
1408 2082 1442 2102 est
1454 2081 1565 2102 terminus
1577 2079 1609 2103 ad
1626 2086 1695 2110 qaam
1707 2081 1729 2102 in
1747 2081 1828 2103 ceteris
1840 2081 2021 2109 praedestinatis.

1233 2118 1266 2140 De
1283 2119 1326 2140 hac
1344 2119 1364 2141 t.
1383 2119 1532 2147 quaestione:
1550 2120 1611 2142 Alex.
1629 2116 1693 2147 I-Ial.‚l
1703 2120 1725 2142 S.
1738 2126 1761 2148 p.
1779 2120 1812 2142 111.
1830 2126 1852 2148 q.
1871 2120 1892 2142 3.
1909 2126 1940 2142 m.
1958 2120 1979 2142 6.
1991 2133 2023 2137 —

1169 2159 1193 2180 B.
1211 2158 1308 2187 Α111011.,
1327 2159 1360 2180 111.
1378 2159 1439 2181 Sent.
1458 2159 1480 2180 d.
1501 2159 1535 2181 10.
1554 2165 1573 2181 a.
1593 2160 1629 2181 19.
1647 2171 1678 2175 -
1695 2160 1753 2181 Petr.
1779 2166 1791 2182 a
1815 2159 1879 2188 Tan,
1906 2160 1939 2182 lll.
1960 2160 2021 2182 Sent.

1170 2198 1191 2219 d.
1214 2198 1247 2219 ¹0.
1266 2204 1288 2226 q.
1308 2198 1328 2219 3.
1346 2204 1366 2220 a.
1385 2198 1406 2220 2.
1424 2210 1455 2213 ——
1471 2198 1579 2220 Richard.
1598 2204 1609 2220 a
1628 2198 1697 2227 Med,
1723 2198 1754 2220 Ill.
1780 2199 1841 2221 Sent.
1865 2198 1887 2221 d.
1907 2199 1943 2221 to.
1961 2205 1980 2221 a.
2000 2199 2021 2221 4.

1169 2243 1191 2265 q.
1211 2237 1231 2258 rl.
1250 2248 1282 2252 —
1298 2236 1372 2264 AEgid.
1391 2237 1430 2265 R„
1449 2237 1479 2259 ΙΙΙ.
1499 2238 1559 2259 Sent.
1578 2237 1600 2259 d.
1621 2238 1656 2259 10.
1674 2244 1696 2266 q.
1714 2238 1735 2260 3.
1753 2237 1809 2260 duh.
1828 2238 1864 2260 lat.
1884 2238 1904 2260 l.
1926 2250 1953 2253 —
1969 2238 2022 2260 Dio-

1169 2282 1219 2302 nys.
1237 2275 1325 2303 Carta,
1344 2276 1376 2297 lll.
1394 2276 1455 2298 Sent.
1474 2276 1495 2298 d.
1514 2276 1535 2298 7.
1554 2283 1576 2305 q.
1599 2277 1625 2304 3,
1652 2276 1753 2299 breviter
1779 2277 1851 2305 tangit
1875 2277 2022 2305 quaestiones

1169 2315 1238 2337 huius
1255 2317 1296 2337 art.

1234 2354 1255 2376 ll.
1274 2354 1412 2382 Sequentcm
1431 2354 1471 2383 (2.)
1490 2355 1648 2383 quaestionem
1666 2355 1688 2377 S.
1707 2355 1790 2377 Thom.
1808 2354 1840 2383 (S.
1858 2355 1891 2377 ΙΙΙ.
1910 2361 1932 2384 q.
1951 2354 1987 2377 24.
2000 2361 2020 2377 a.

1169 2393 1200 2422 3.)
1218 2393 1300 2415 eadem
1318 2394 1464 2416 conclusione
1482 2395 1561 2422 solvit,
1580 2394 1621 2416 sed
1638 2400 1690 2416 cam
1702 2393 1780 2416 verbis
1798 2394 1942 2423 aliquatenus
1960 2394 2021 2417 diffe-

324 2530 330 2544 1
350 2530 406 2552 Edd.
424 2536 476 2551 cum
497 2529 576 2557 paucis
593 2528 660 2551 codd.
687 2527 797 2550 adiiciunt
819 2526 1000 2550 consideranda.
1020 2527 1041 2549 ln
1060 2527 1111 2550 cod.

261 2571 279 2593 U
297 2571 329 2593 sic
346 2571 457 2597 scriptum
481 2572 526 2591 est:
545 2567 649 2598 quodam
674 2566 743 2590 modo
761 2566 831 2589 habet
846 2566 1036 2595 conformitatem
1058 2572 1112 2590 cnm

261 2611 346 2633 nostra
362 2607 587 2638 praedestinatione,
607 2606 710 2637 quodam
728 2605 821 2629 7770710...
840 2605 861 2628 si
877 2605 1028 2633 attendatur,
1048 2605 1111 2629 077·οη

261 2655 322 2678 qnae
346 2646 530 2677 praedestinatio
556 2645 729 2669 consideratur.
756 2644 943 2668 Praedestinatz'o
966 2644 1027 2667 enim
1046 2644 1114 2667 habet

262 2687 464 2717 comparationmn
481 2686 513 2709 nd
528 2685 743 2715 praedestinantmn
760 2688 801 2707 etc.

325 2727 335 2740 ²
352 2726 417 2748 Vers.
435 2726 472 2747 30.
496 2737 526 2741 —-
551 2725 630 2747 Glossa
648 2724 685 2746 hic
710 2723 809 2746 adducta
827 2726 852 2745 ut
873 2721 998 2745 ordinaria
1016 2722 1114 2745 habetur

262 2765 325 2793 apud
343 2764 451 2787 Strabum
469 2766 491 2786 et
507 2764 623 2791 Lyranum
649 2765 671 2785 et
696 2765 770 2785 sumta
788 2764 822 2784 est
844 2768 870 2784 ex
888 2762 992 2790 August¹⁷
1011 2762 1111 2784 Enarrat.

263 2805 284 2826 111
302 2805 337 2826 Ρ5.
358 2803 408 2826 150.
427 2809 448 2825 n.
475 2803 500 2830 3,
527 2802 566 2825 ubi
593 2802 622 2824 ad
648 2801 748 2823 verbum
772 2801 855 2828 legitur
871 2801 917 2822 sic:
935 2799 1113 2822 Praedestinatio

263 2846 338 2865 nostra
357 2849 401 2864 non
419 2843 440 2864 in
459 2841 526 2864 nobis
538 2841 595 2863 sacta
607 2844 647 2868 est,
659 2840 700 2863 sed
713 2841 734 2862 in
747 2839 836 2862 occulto
849 2839 913 2867 apud
924 2840 1001 2867 ipsum
1014 2837 1112 2868 [Deum]

263 2882 285 2903 10
303 2881 352 2903 eius
370 2881 528 2908 praescientia.
547 2880 601 2902 Tria
618 2885 675 2901 vero
693 2879 779 2907 reliqua
798 2879 819 2900 in
839 2877 905 2899 nobis
922 2877 991 2899 fiunt:
1009 2877 1112 2905 vocatio,

263 2920 403 2948 iustificatio,
430 2919 571 2947 glorificatio.
599 2919 717 2941 Vocamur
742 2917 912 2945 praedicatione
935 2917 1112 2944 poenitentiae...

263 2960 343 2982 Vocati
361 2960 519 2981 renuntiamus
536 2957 628 2980 diabolo
646 2964 688 2985 per
700 2957 875 2985 poenitentiam,
889 2962 917 2978 ne
934 2955 977 2978 sub
995 2956 1050 2983 iugo
1063 2955 1112 2977 eius

263 3005 425 3021 remaneamus
441 3001 483 3020 etc.
501 2997 546 3020 Cfr.
564 2997 643 3019 Glossa
660 2995 834 3024 interlineatis,
855 2995 951 3023 allegata
969 3000 1039 3023 supra
1056 3000 1111 3022 pag.

1174 2520 1223 2549 ¹77,
1242 2524 1293 2543 nota
1307 2521 1327 2542 8.
1341 2520 1503 2543 Animadverte
1521 2521 1602 2548 etiam,
1620 2519 1685 2548 quod
1701 2520 1809 2547 Augusti,
1828 2519 1856 2542 de
1869 2519 1933 2541 Dono
1945 2525 2021 2547 perse-

1170 2566 1218 2582 ver.
1245 2566 1263 2582 0.
1289 2559 1324 2582 14.
1348 2566 1369 2582 n.
1393 2560 1433 2587 35,
1459 2559 1549 2582 delinita
1576 2560 1640 2586 prius
1663 2558 1870 2586 praedestinatione
1892 2558 1970 2587 (quod
1993 2558 2021 2580 sit

1174 2607 1183 2619 t(
1195 2600 1343 2627 praescientia
1361 2599 1446 2621 scilicet
1465 2601 1487 2620 et
1507 2598 1652 2626 praeparatio
1670 2597 1835 2619 beneficiorum
1858 2597 1911 2625 Dei,
1934 2596 2020 2625 quibus

1170 2639 1296 2660 certissime
1309 2638 1434 2661 liberantur
1446 2639 1588 2666 quicumque
1600 2636 1765 2664 libel-autum),
1779 2636 1844 2658 dicit:
1857 2635 1930 2658 Ceteri
1942 2638 2020 2658 autem

1170 2677 1210 2700 ubi
1228 2678 1269 2700 nisi
1287 2678 1309 2699 in
1327 2683 1402 2699 massa
1420 2676 1555 2704 perditionis
1571 2676 1631 2698 iusto
1649 2676 1728 2698 divino
1745 2675 1829 2697 iudicio
1842 2675 2019 2703 relinquuntur?

1233 2716 1243 2731 ³
1260 2716 1315 2739 Cod.
1333 2717 1352 2738 Μ
1370 2716 1485 2738 subtexuit
1503 2714 1631 2743 initialem,
1653 2715 1701 2736 Vat.
1719 2715 1754 2737 est
1768 2713 1912 2742 simpliciter.

1234 2755 1243 2770 ⁴
1261 2756 1312 2778 Vat.
1329 2755 1389 2778 bene.
1407 2755 1499 2783 supplet
1517 2754 1621 2784 quodam
1638 2753 1707 2777 modo
1725 2752 1898 2779 convenientia,
1917 2754 1940 2776 et
1964 2758 2019 2782 qao-

1170 2795 1225 2818 dam
1243 2795 1313 2818 modo
1330 2793 1474 2824 differentia,
1494 2793 1547 2816 edd.
1567 2794 1574 2815 l
1586 2811 1591 2821 ,
1610 2794 1623 2815 2
1641 2791 1773 2822 differentia
1791 2794 1886 2814 tantum.
1904 2792 1954 2814 Mox
1971 2792 2020 2819 plu-

1170 2835 1221 2857 rimi
1239 2834 1308 2857 codd.
1326 2835 1433 2857 omittunt
1444 2832 1560 2856 similiter.
1574 2832 1660 2854 Deinde
1677 2830 1744 2853 codd.
1765 2831 1800 2852 11<
1812 2831 1856 2852 LT
1868 2831 1915 2853 UV
1935 2837 1961 2853 aa
1982 2830 2019 2853 bis

1170 2880 1212 2902 pro
1229 2879 1274 2896 7708
1290 2879 1375 2896 sumus
1392 2872 1533 2895 substituunt
1550 2877 1594 2894 nos
1610 2869 1715 2900 fuimus,
1735 2869 1803 2891 codd.
1821 2870 1838 2891 Α
1849 2869 1891 2890 FG
1902 2869 1949 2897 QU
1963 2875 2019 2898 per-

1170 2912 1302 2942 cipiendam
1319 2918 1362 2940 pro
1378 2909 1581 2941 participandam,
1596 2913 1618 2931 et
1636 2914 1678 2936 pro
1694 2907 1799 2937 qratiam
1811 2909 1832 2931 et
1848 2906 1952 2937 plor-iam
1964 2907 2017 2930 edd.

1170 2955 1192 2974 et
1208 2958 1253 2974 non
1272 2952 1342 2981 pauci
1357 2951 1425 2973 codd.
1442 2949 1548 2980 gloriam
1565 2949 1587 2971 et
1601 2947 1714 2977 qratiam.

1232 2991 1242 3006 ⁵
1258 2991 1303 3014 cfr.
1320 2991 1377 3013 infra
1395 2990 1417 3013 d.
1437 2990 1472 3011 13.
1490 2996 1511 3011 0.
1531 2989 1550 3010 Ἰ1.
1568 2994 1591 3016 q.
1612 2987 1631 3009 1.
1648 2993 1713 3015 seqq.
1731 2989 1753 3009 et
1770 2992 1790 3008 a.
1808 2987 1828 3008 2.
1847 2993 1869 3015 q.
1887 2987 1908 3009 2.
