2166 3366
10 934 96 953 ›iniones.

773 164 855 192 DlST.
878 164 930 193 Vll.
952 164 1025 192 ART.
1046 165 1063 192 l.
1086 164 1222 200 QUAEST.
1244 164 1262 192 Ι.

223 243 354 272 Similiter
369 243 451 272 tertia
465 251 531 280 pars
552 242 713 280 principalis
729 242 864 271 dividitur
887 242 912 270 in
929 250 989 278 par-

145 295 186 320 tes
206 294 271 320 tres.
293 291 321 318 ln
343 298 465 327 quarum
487 290 577 327 prima
598 289 719 326 explicat
738 289 890 318 locutiones
911 296 988 326 prae-

144 339 244 367 missas
274 337 428 366 secundum
461 337 571 365 tertiam
602 336 775 365 sententiam.
809 336 836 364 ln
865 335 988 364 secunda

144 393 212 414 vero
225 384 299 413 elicit
309 392 346 412 ex
360 383 533 421 praemissis,
549 383 689 420 quandam
704 382 803 411 aliam¹
820 382 987 411 locutionem

145 440 199 461 non
220 438 280 460 esse
302 430 502 467 recipiendam,
524 430 580 458 ibi:
603 430 638 458 Et
666 429 728 457 licet
756 429 876 457 dicatur
904 428 988 457 homo

147 478 222 506 Deus
243 480 294 506 ete.
316 477 344 505 ln
373 477 454 505 tertia
475 484 541 505 vero
572 479 599 504 et
619 476 718 505 ultima
745 475 878 509 ostendit,
910 483 939 504 se
961 475 988 503 in

1837 166 1890 194 16¹.)

1046 242 1277 278 praecedentibus
1298 242 1475 279 opinionibus
1498 250 1661 279 suspensam
1689 243 1811 271 tenuisse
1833 251 1892 272 sen-

1045 289 1172 322 tentiam,
1199 289 1235 317 ita
1257 289 1332 326 quod
1360 289 1394 318 ad
1416 289 1523 318 nullam
1551 289 1758 326 praedictarum
1787 290 1890 327 opinio-

1045 343 1113 363 num
1134 335 1315 364 declinaverit
1337 336 1424 373 magis
1445 344 1529 373 quam
1551 336 1586 364 ad
1608 336 1738 371 aiteram,
1760 336 1816 365 ibi:
1840 336 1890 365 Sa-

1046 382 1082 410 tis
1097 382 1248 419 diligenter
1263 382 1349 411 iuxta
1364 383 1549 411 diversorum
1564 383 1720 412 sententias
1742 387 1792 412 etc.
1809 400 1847 404 —
1860 384 1889 412 Et
1904 389 1958 408 Nota-

1046 437 1081 458 ex
1106 429 1156 457 hoc
1181 432 1271 466 patet,
1292 429 1367 466 quod
1389 438 1444 458 non
1466 434 1508 459 est
1523 430 1722 468 imponendum
1747 431 1889 467 Magistro,

1046 475 1120 512 quod
1142 475 1226 504 fuerit
1247 483 1282 504 ex
1304 476 1432 512 opinione
1453 477 1534 505 tertia
1544 476 1561 504 ².

907 585 1129 614 PRAENOTATA.

223 698 291 726 Nota
312 697 409 734 igitur,
437 697 511 734 quod
534 697 560 725 in
583 700 639 725 tota
666 700 744 733 parte
764 696 816 725 ista
837 696 888 725 has
916 696 986 724 duas

145 745 297 774 locutiones
317 744 460 781 explanat:
484 744 567 772 homo
588 744 677 772 factus
691 747 733 772 est
747 744 835 776 Deus;
850 746 889 771 et:
912 743 988 771 Chri-

145 795 205 821 stus
225 791 447 828 praedestinatus
469 793 510 819 est
532 798 592 819 esse
613 791 697 818 Filius
719 790 777 818 Dei.

222 838 330 866 Prima
351 838 425 866 enim
447 838 539 874 opinio
554 837 691 871 concedit,
713 837 787 873 quod
804 836 877 865 Deus
899 836 988 865 factus

13 887 133 929 &⁰322ss
145 888 187 914 est
207 885 303 917 homo,
324 888 351 913 et
372 892 387 913 e
408 892 555 918 converso;
577 884 641 921 quia
664 884 747 912 homo
768 883 795 911 in
817 883 926 912 Christo
947 886 989 911 est

145 932 281 969 quaedam
304 931 458 960 substantia
471 930 489 965 ³,
521 938 592 968 quae
624 930 713 967 coepit
744 938 804 959 esse
837 930 910 958 Deus
938 937 988 966 per

145 978 272 1015 gratiam.
294 995 332 998 —
353 977 487 1006 Secunda
518 985 584 1006 vero
615 977 708 1014 opinio
738 977 881 1011 concedit,
912 976 986 1014 quod

145 1025 220 1054 Deus
240 1025 329 1054 factus
357 1028 399 1053 est
427 1025 522 1059 bomo³
551 1028 578 1052 et
605 1032 620 1053 e
648 1031 798 1058 converso;
827 1023 892 1060 quia
913 1023 988 1052 Deus

145 1072 235 1109 coepit
249 1079 309 1100 esse
324 1071 478 1100 subsistens
493 1070 520 1099 in
535 1071 646 1100 duabus
661 1071 777 1104 naturis,
792 1073 819 1098 et
833 1077 869 1098 ex
886 1070 938 1099 hoc
953 1070 990 1098 fa-

146 1122 221 1148 ctum
236 1121 290 1152 est,
305 1121 336 1146 ut
350 1117 505 1146 subsistens
520 1117 547 1145 in
562 1117 673 1146 duabus
688 1117 796 1145 naturis
809 1117 844 1145 sit
859 1117 988 1145 Deus.—

145 1164 304 1194 Secundum
321 1164 436 1192 tertiam
451 1164 608 1200 opinionem
624 1163 738 1192 dieitur:
751 1163 825 1192 Deus
844 1164 932 1192 factus
947 1166 988 1192 est

146 1212 242 1246 homo,
262 1215 288 1240 et
303 1219 318 1240 e
332 1219 478 1241 converso:
494 1211 559 1248 quia
574 1211 648 1239 Deus
662 1211 767 1247 accepit
789 1210 945 1243 hominem,
962 1214 988 1239 et

145 1266 182 1287 ex
203 1259 255 1287 hoc
270 1258 372 1287 sactum
394 1262 448 1291 est,
462 1258 537 1295 quod
554 1258 659 1286 babens
670 1257 680 1270 ⁴
693 1258 833 1286 hominem
849 1261 891 1286 est
906 1257 988 1287 Deus.

223 1304 354 1333 Similiter
373 1305 475 1341 prima
496 1304 588 1341 opinio
603 1304 741 1339 concedit,
764 1305 838 1341 quod
861 1304 988 1333 Christus

16 1354 61 1372 stem
74 1354 92 1372 ἓ·
108 1354 134 1372 ¹*
146 1352 369 1389 praedestinatus
384 1356 425 1380 est
439 1359 500 1380 esse
522 1351 605 1380 Filius
619 1351 681 1384 Dei;
700 1351 765 1388 quia
782 1351 827 1379 ille
849 1350 932 1379 homo
947 1354 989 1380 est

41 1378 97 1396 cutio.

1044 695 1127 724 Filius
1144 695 1191 723 Dei
1214 703 1268 723 non
1284 703 1333 732 per
1355 699 1497 730 naturam,
1512 696 1560 724 sed
1583 704 1633 733 per
1648 697 1779 733 gratiam,
1794 701 1821 726 et
1837 698 1888 726 hoc

1045 742 1157 779 quidem
1176 742 1213 770 ab
1227 745 1341 771 aeterno
1362 743 1414 771 fuit
1429 743 1598 779 praevisum.
1615 760 1653 764 ——
1668 744 1802 773 Secunda
1823 753 1889 773 vero

1045 789 1137 826 opinio
1166 789 1250 823 dicit,
1275 789 1349 826 quod
1372 789 1499 818 Christus
1520 793 1562 818 est
1583 791 1807 827 praedestinatus
1828 800 1888 820 esse

1046 836 1129 864 Filius
1151 836 1214 870 Dei;
1230 836 1294 873 quia
1308 845 1434 873 persona
1456 836 1515 869 illa,
1539 837 1565 865 in
1587 841 1724 874 quantum
1741 838 1839 872 homo,
1860 839 1887 866 id

1045 886 1087 911 est
1108 883 1134 911 in
1156 886 1292 920 quantum
1318 883 1471 912 subsistens
1494 884 1520 912 in
1542 884 1653 913 duabus
1676 885 1799 919 naturis,
1821 885 1890 914 scili-

1044 933 1087 958 cet
1107 930 1200 958 anima
1221 933 1248 958 et
1276 938 1374 964 carne,
1404 931 1627 967 praedestinatus
1649 935 1705 963 est.
1736 935 1763 960 et
1791 932 1828 960 ita
1849 940 1890 960 ra-

1047 977 1118 1005 tione
1146 976 1341 1011 humanitatis,
1370 985 1424 1005 non
1453 977 1614 1006 divinitatis.
1639 995 1676 998 —
1698 979 1795 1007 Tertia
1825 987 1890 1008 vero

1045 1023 1137 1060 opinio
1158 1024 1237 1058 dicit,
1258 1024 1332 1061 quod
1353 1024 1494 1058 Christus,
1517 1025 1672 1053 seeundum
1695 1026 1770 1062 quod
1793 1026 1890 1059 homo9

1045 1073 1086 1098 est
1107 1070 1343 1107 praedestinatus,
1371 1079 1426 1099 non
1448 1071 1513 1108 quia
1542 1070 1625 1100 ltomo
1647 1072 1692 1101 ille
1714 1073 1749 1101 sit
1776 1073 1889 1110 praede-

1045 1117 1179 1149 stinatus,
1201 1125 1251 1146 nec
1266 1117 1331 1154 quia
1349 1126 1476 1154 persona
1491 1118 1538 1146 illa
1560 1119 1714 1148 subsistens
1730 1119 1757 1147 in
1778 1120 1889 1148 duabus

1044 1163 1152 1192 naturis
1173 1163 1208 1192 sit
1231 1164 1449 1200 praedestinata,
1478 1165 1527 1193 sed
1550 1166 1617 1202 quia
1638 1166 1712 1203 quod
1740 1167 1891 1203 praedesti-

1046 1214 1140 1239 natum
1163 1214 1205 1239 est
1218 1211 1241 1239 ei
1263 1211 1298 1239 ab
1323 1216 1436 1240 aeterno
1457 1213 1589 1241 collatum
1613 1216 1654 1242 est
1676 1214 1698 1242 ei
1717 1214 1742 1242 in
1765 1217 1888 1251 tempore

1045 1266 1095 1295 per
1123 1259 1257 1294 gratiam;
1288 1266 1342 1287 non
1373 1259 1446 1288 enim
1477 1260 1679 1289 humanitatem
1709 1261 1829 1290 habuit⁵
1854 1262 1889 1290 ab

1045 1309 1173 1339 aeterno,
1194 1305 1243 1334 sed
1258 1314 1308 1342 per
1323 1307 1441 1343 gratiam
1457 1307 1562 1343 accepit
1583 1315 1618 1335 ex
1635 1310 1771 1345 tempore,
1795 1316 1890 1337 secun-

1045 1352 1113 1380 dum
1133 1352 1207 1389 quod
1231 1352 1304 1381 Deus
1325 1353 1503 1389 praeviderat
1526 1354 1712 1383 aeternaliter.

793 1461 942 1490 TRACTAT
945 1461 978 1489 10
999 1461 1241 1498 QUAESTIONUM.

224 1572 262 1601 Ad
284 1572 493 1608 intelligentiam
515 1575 608 1600 autem
631 1571 716 1600 huius
730 1571 818 1609 partis
833 1571 928 1600 incidit
942 1572 987 1601 hic

146 1619 271 1657 quaestio
286 1619 359 1647 cirea
374 1619 430 1647 duo
445 1618 599 1647 secundum
615 1619 671 1647 duo
686 1626 788 1655 genera
804 1618 988 1653 locutionum,

145 1674 218 1704 quae
239 1666 266 1694 in
288 1666 379 1694 littera
400 1669 589 1702 exponuntur.

224 1713 315 1742 Primo
336 1713 482 1749 quaeritur
503 1712 537 1741 de
557 1712 743 1741 locutionibus
764 1711 988 1748 exprimentibus

145 1760 234 1797 ipsam
256 1759 395 1788 unionem.

223 1806 350 1834 Secundo
371 1805 517 1843 quaeritur
538 1805 572 1833 de
594 1804 780 1834 locutionibus
808 1805 988 1842 exprimenti-

145 1853 199 1882 bus
219 1853 330 1882 unionis
351 1851 639 1891 praedestinationem.

1124 1572 1202 1601 Circa
1224 1572 1347 1609 primum
1369 1576 1545 1610 quaeruntur
1568 1574 1628 1602 tria.

1126 1618 1216 1647 Primo
1240 1619 1385 1656 quaeritur
1417 1619 1451 1648 de
1482 1620 1534 1648 hac
1562 1620 1710 1649 locutione:
1742 1621 1815 1650 Deus
1847 1626 1889 1651 est

1046 1665 1138 1699 homo,
1159 1668 1186 1694 et
1206 1665 1290 1694 homo
1311 1669 1352 1694 est
1373 1666 1455 1694 Deus.

1123 1711 1250 1740 Secundo
1271 1720 1337 1741 vero
1368 1713 1514 1749 quaeritur
1546 1713 1580 1742 de
1611 1714 1677 1743 hac:
1704 1715 1778 1744 Deus
1800 1716 1888 1745 factus

1045 1761 1086 1787 est
1107 1758 1199 1786 homo.

1123 1805 1215 1833 Tertio
1236 1806 1381 1843 quaeritur
1403 1806 1437 1835 de
1459 1806 1522 1835 hac:
1547 1807 1630 1836 homo
1645 1808 1734 1837 factus
1749 1812 1791 1837 est
1805 1809 1887 1839 Deus.

873 1962 1108 1996 ARTICULUS
1134 1963 1156 1995 I.

620 2068 661 2096 De
682 2068 875 2096 locutionibus
896 2068 1124 2105 exprimentibus
1146 2069 1242 2106 ipsam
1263 2069 1408 2098 unionem.

917 2165 1080 2202 QUAESTIO
1101 2166 1118 2194 1.

679 2263 783 2291 Utrum
805 2271 875 2291 vera
895 2263 935 2291 sz't
954 2263 1075 2292 locutio:
1099 2264 1176 2292 Deus
1197 2267 1237 2292 est
1259 2263 1351 2293 homo.

223 2374 301 2403 Circa
315 2374 438 2411 primum
453 2374 492 2402 sic
510 2373 671 2411 proceditur
681 2376 709 2402 et
723 2374 870 2411 quaeritur
885 2374 920 2402 de
935 2374 986 2403 bac

145 2420 297 2450 locutione:
320 2421 393 2449 Deus
408 2423 450 2449 est
465 2421 555 2449 homo.
573 2420 603 2449 Et
617 2420 692 2458 quod
708 2420 743 2449 sit
757 2428 824 2449 vera
835 2444 842 2455 ‚
858 2421 985 2449 videtur:

226 2468 250 2495 1.
271 2466 321 2495 Per
343 2466 412 2495 illud
435 2467 509 2503 quod
531 2466 633 2496 dicitur
654 2467 680 2495 in
696 2467 860 2504 Symbolo⁶:
887 2467 987 2496 «Deus

3 2516 172 2542 Fundamentaet,
192 2513 275 2542 homo
297 2521 370 2541 unus
391 2517 433 2541 est
453 2513 579 2542 Christus
590 2524 616 2542 »z
639 2513 766 2543 Christus
792 2514 876 2550 igitur
898 2517 924 2542 et
945 2517 987 2543 est

144 2560 218 2589 Deus
239 2564 266 2588 et
287 2563 328 2588 est
353 2560 435 2588 homo
455 2563 482 2588 et
502 2563 544 2588 est
565 2568 651 2595 unus3
670 2560 718 2589 sed
740 2568 934 2598 quaecumque
949 2561 986 2589 di-

145 2609 247 2635 cuntur
268 2606 303 2635 de
324 2614 380 2635 uno
407 2609 434 2635 et
466 2606 500 2635 de
521 2606 619 2635 eodem
645 2606 799 2635 secundum
824 2615 985 2641 numerum,

208 2795 214 2809 ¹
233 2794 288 2817 Cod.
307 2795 325 2817 K
343 2794 487 2824 ambiquam.
645 2794 655 2809 ²
672 2794 716 2817 Csr.
734 2801 803 2823 supra
822 2796 844 2818 d.
857 2797 878 2818 6.
893 2796 948 2819 dub.
967 2798 987 2819 2.

206 2833 216 2848 ³
234 2833 289 2856 Edd.
307 2837 328 2855 et
346 2834 445 2855 nonnulli
463 2833 530 2855 codd.
548 2833 635 2856 addunt
650 2839 693 2862 per
709 2835 831 2857 naturam.

207 2871 215 2886 ⁴
233 2872 276 2894 Pro
293 2871 356 2901 quod
371 2871 458 2895 habens
475 2872 528 2894 edd.
546 2871 609 2902 quod
625 2872 755 2895 secundum
772 2872 841 2896 hunc.

206 2911 216 2926 ὅ
234 2911 262 2933 ltn
280 2911 346 2934 codd.
365 2911 410 2939 Qu
429 2911 457 2937 (K
480 2918 491 2933 a
508 2911 608 2933 secunda
627 2912 722 2939 manu);
740 2912 761 2933 in
786 2912 878 2941 reliquis
894 2915 916 2935 et
933 2913 985 2935 cdd.

145 2951 220 2973 minus
232 2957 333 2978 congrue
346 2950 452 2973 hominis.
467 2951 514 2973 Mox
528 2958 569 2978 pro
586 2950 737 2974 aetemaliter
753 2953 804 2973 cod.
815 2953 831 2973 Α
841 2951 870 2974 ab
883 2953 985 2975 aeterno.

270 3002 295 3025 S.
313 3002 401 3025 Βοηαυ.
419 3014 450 3018 -
467 3002 533 3024 Torn.
552 3002 584 3024 ΙΙΙ.

1043 2374 1175 2403 dicuntur
1198 2374 1232 2403 de
1263 2382 1292 2403 se
1325 2375 1457 2404 invicem:
1491 2383 1558 2413 ergo
1581 2376 1654 2405 Deus
1676 2380 1717 2405 est
1739 2377 1838 2412 homo,
1860 2381 1887 2406 et

1044 2421 1127 2449 homo
1148 2425 1190 2450 est
1210 2421 1294 2450 Deus.

1122 2469 1147 2496 2.
1170 2468 1249 2502 item,
1272 2468 1430 2498 Bernardus
1453 2469 1479 2497 in
1511 2469 1608 2507 quinto
1636 2470 1671 2498 ad
1695 2470 1884 2506 Eugenium⁷z

1048 2515 1186 2543 «Tantam
1208 2518 1235 2544 et
1257 2520 1312 2543 tam
1328 2523 1491 2553 expressam
1507 2517 1562 2545 vim
1580 2517 1689 2545 unionis
1712 2517 1738 2545 in
1760 2525 1789 2546 se
1810 2526 1886 2555 prae-

1043 2561 1095 2589 fert
1116 2569 1148 2589 ea
1170 2569 1303 2598 persona,
1324 2570 1380 2599 qua
1401 2562 1475 2591 Deus
1497 2566 1524 2591 et
1550 2563 1632 2591 bomo
1655 2572 1727 2592 unus
1748 2567 1789 2592 est
1810 2564 1885 2592 Chri-

1043 2611 1118 2642 stus,
1139 2611 1186 2642 ut,
1208 2608 1229 2637 si
1253 2608 1310 2637 duo
1331 2609 1365 2637 de
1387 2617 1416 2638 se
1438 2610 1593 2646 praedices,
1617 2618 1669 2638 non
1691 2618 1806 2639 erres».

1106 2797 1116 2811 ⁶
1133 2798 1292 2819 Athanasium.
1311 2809 1341 2812 —
1358 2797 1389 2819 De
1406 2796 1494 2819 minori
1510 2797 1549 2819 cfr.
1564 2798 1667 2825 Ariston,
1681 2798 1725 2820 Vll.
1739 2798 1817 2826 Topic.
1831 2805 1850 2820 c.
1867 2799 1884 2821 1.

1106 2834 1115 2849 7
1133 2835 1186 2856 Sive
1203 2835 1231 2856 dc
1248 2834 1364 2857 Considcr.
1382 2841 1401 2857 c.
1420 2836 1440 2857 9.
1454 2841 1474 2857 n.
1494 2836 1535 2863 21,
1554 2835 1616 2863 quod
1631 2837 1783 2858 testimonium
1802 2837 1822 2858 in
1842 2840 1885 2859 tex-

1044 2877 1066 2896 tu
1084 2874 1165 2901 origin.
1183 2875 1215 2895 sie
1231 2874 1290 2896 exit:
1309 2877 1332 2896 ut
1349 2875 1366 2895 si
1384 2874 1431 2896 duo
1449 2874 1482 2896 illa
1496 2874 1524 2896 de
1536 2881 1560 2896 se
1579 2875 1676 2897 invicem
1696 2876 1821 2903 praedives,
1840 2881 1883 2897 non

1042 2913 1167 2939 erraveris,
1186 2913 1257 2934 Deum
1276 2913 1381 2935 videlicet
1399 2914 1527 2942 nominem,
1545 2917 1568 2936 et
1593 2915 1708 2936 bominem
1734 2915 1806 2936 Deum
1830 2920 1883 2936 vere

1042 2952 1197 2981 catholicoque
1215 2953 1372 2980 pronuntians.

1730 3005 1759 3026 22
