2166 3366
244 172 282 200 [10

244 258 295 287 per
315 257 360 283 ea,
382 257 431 286 per
455 256 527 286 quae
548 248 600 276 fuit
622 247 788 281 destructio;
810 254 875 274 cum
902 245 1018 282 angelus
1037 245 1093 274 fue-

245 297 281 325 rit
294 296 463 333 principium
489 295 572 323 totius
594 293 852 331 praevaricationis,
874 292 999 327 videtur,
1016 292 1091 329 quod

246 343 365 380 Angelus
393 342 523 371 debuerit
554 340 660 369 assumi
692 340 727 368 ad
759 339 957 376 complendum
990 341 1092 375 myste-

244 390 340 419 rium¹
363 388 575 425 redemptionis:
598 390 625 416 et
646 387 684 415 ita
706 386 794 414 maior
816 386 867 414 fuit
890 385 1050 422 congruitas
1065 386 1091 413 in

245 441 346 466 natura
367 435 492 472 angelica
513 442 597 472 quam
621 434 753 462 humana.

323 484 375 511 SED
396 490 519 510 CONTssa:
540 483 562 509 1.
579 481 718 509 Α5511111110
739 483 781 509 651
795 483 875 508 actus
897 487 1033 516 personae
1048 479 1095 507 ha-

103 531 336 560 Fundamenta·bentis
359 529 563 559 distinctionem
586 528 741 556 secundum
760 527 912 564 originem,
935 526 1093 555 cuiusmodi

245 576 385 606 distinctio
406 579 447 604 est
469 575 495 603 in
519 574 622 603 divinIs
643 574 784 611 personis:
814 582 881 610 ergo
907 573 955 601 illa
976 576 1094 607 natura,

245 625 272 652 in
298 632 353 660 qna
382 622 465 651 habet
494 630 555 650 esse
584 621 725 650 distinctio
752 621 907 658 personalis
937 620 1094 649 secundum

245 670 393 707 originem,
416 669 551 697 maiorem
575 668 659 697 habet
680 668 881 705 congruitatem
904 667 940 696 ad
962 667 1094 695 unionem

245 717 435 755 personalem,
457 724 542 753 quam
565 715 612 743 illa
634 723 705 752 quae
721 718 797 743 caret
818 714 981 743 huiusmodi
998 714 1096 743 distin-

245 765 353 799 ctione,
375 764 423 793 sed
446 764 474 792 10
501 762 663 791 hominibus
683 766 725 791 cst
752 761 914 791 huiusmodi
938 761 1094 796 distinctio,

245 813 272 840 in
296 811 403 848 Angelis
424 819 491 839 vero
513 818 567 838 non
581 809 603 838 2:
628 818 694 845 ergo
716 812 767 838 etc.

325 860 350 887 2.
373 858 455 891 11601,
487 856 624 886 assumtio
656 859 802 884 creaturae
827 856 863 884 ad
885 856 1045 884 Creatorem
1068 855 1094 883 in

244 906 351 934 unitate
379 912 514 942 personae
544 904 595 932 fuit
623 903 657 931 ad
682 903 848 931 humilitatis
877 902 1096 931 commendatio-

245 952 348 986 nem³3
377 952 425 980 sed
454 951 543 979 maior
574 954 691 988 apparet
720 950 886 979 humilitatis
915 949 1039 987 dignatio
1068 949 1094 977 in

245 999 416 1029 assumtione
439 998 559 1027 1100111115
586 997 712 1026 mortalis
733 1005 818 1034 quam
846 996 962 1034 spiritus
986 997 1096 1024 immor-

245 1047 319 1076 talis:
343 1054 410 1083 ergo
432 1045 556 1079 videtur,
579 1044 655 1081 quod
670 1045 759 1081 magis
780 1051 938 1080 congruum
960 1043 1045 1072 suerit
1059 1043 1093 1071 ad

245 1094 375 1122 unionem
398 1093 523 1121 humana
544 1095 645 1120 natura
666 1099 751 1128 quam
773 1090 906 1128 angelica.

325 1140 350 1168 3.
373 1140 459 1174 item,
486 1138 622 1168 assumtio
654 1141 695 1167 est
711 1137 901 1175 principaliter
923 1140 1038 1174 propter
1054 1145 1097 1175 ge-

244 1188 320 1216 neris
342 1187 459 1216 assumti
486 1186 707 1223 reparationenn
736 1185 784 1214 sed
814 1184 920 1221 angeli,
948 1185 996 1222 qui
1026 1184 1095 1222 lapsi

246 1239 325 1265 sunt.
348 1237 536 1272 peccaverunt
557 1237 670 1270 peccato
692 1232 906 1266 irremediabili,
923 1232 995 1261 sicut
1017 1240 1097 1268 supe-

245 1283 305 1311 rins
326 1282 353 1310 in
376 1280 498 1310 secundo
512 1280 521 1293 ⁴
545 1280 596 1308 fuit
619 1283 779 1313 ostensum,
802 1279 929 1307 homines
951 1286 1018 1307 vero
1034 1286 1097 1316 pec-

245 1332 305 1358 cato
332 1327 523 1357 remediabili:
554 1335 620 1363 ergo
643 1326 730 1363 magis
760 1334 918 1363 congruum
941 1326 993 1354 fuit
1021 1334 1097 1354 assu-

245 1384 322 1405 mere
343 1376 496 1404 humanam
520 1378 650 1403 naturam
673 1382 758 1411 quam
780 1373 943 1410 angelicam.

323 1423 349 1451 [1.
374 1423 453 1456 item,
474 1422 565 1456 Deus,
587 1421 725 1458 quidquid
748 1420 824 1454 facit,
846 1419 1097 1456 congruentissime

245 1470 327 1504 facit,
350 1469 397 1498 sed
421 1469 495 1497 Deus
521 1476 668 1506 nusquam
690 1467 815 1505 Δ11196103
837 1465 1038 1504 apprehendit,
1061 1466 1096 1495 ad

245 1518 383 1546 Hebraeos
405 1516 562 1546 secundo⁵:
586 1524 652 1552 ergo
675 1515 763 1544 maior
785 1515 837 1543 fuit
858 1515 1040 1551 congruentia
1061 1515 1097 1543 ad

244 1565 380 1593 unionem
402 1564 430 1592 in
453 1564 577 1592 humana
599 1566 701 1591 natura
722 1570 807 1599 quam
829 1562 856 1589 in
878 1561 1011 1598 angelica.

565 1648 778 1670 CONCLUSIO.

266 1721 363 1750 Maior
382 1720 441 1758 fait
460 1719 653 1758 congruentia
672 1719 712 1747 act
733 1718 870 1747 111110116111
890 1718 919 1746 in
935 1721 1077 1746 creatura

438 1766 572 1795 hnmana
594 1775 683 1804 qnam
705 1766 736 1794 in
758 1765 900 1803 anyclica.

324 1847 498 1875 Respounno:
522 1845 692 1879 Dicendum,
714 1844 789 1881 quod
811 1843 917 1881 absque
940 1842 1026 1871 dubio
1042 1851 1097 1871 ma-

126 1902 231 1920 Conclusio.
246 1895 287 1922 ior
316 1893 368 1922 fuit
397 1892 579 1929 congruentia
608 1892 643 1920 ad
673 1892 805 1919 unionem
835 1891 861 1918 in
890 1894 1022 1919 creatura
1044 1890 1097 1918 hu-

247 1950 329 1970 mana
351 1949 435 1978 quam
465 1940 492 1968 in
514 1939 646 1976 angelica.
675 1939 705 1967 Et
737 1939 789 1967 1106
815 1937 931 1975 quidem
953 1937 1019 1966 satis
1043 1945 1097 1965 ma-

247 1988 357 2016 nifestat
386 1987 445 2024 ipsa
466 1986 591 2023 operatio
621 1985 724 2014 divina.
746 1985 821 2013 Deus
843 1984 920 2012 enim
947 1992 1097 2022 nusquam

249 2034 373 2072 Anyelos
398 2032 603 2071 apprehendit,
630 2033 680 2061 sed
704 2041 799 2060 semen
825 2030 965 2060 Abrahae
991 2039 1097 2068 appre-

248 2080 353 2110 stendit.

327 2128 403 2156 Ratio
424 2131 518 2156 autem
544 2127 655 2155 maioris
671 2126 869 2163 congruentiae
891 2125 1041 2162 dupliciter
1056 2132 1097 2153 ac-

106 2184 234 2210 inplexi-azio
248 2175 363 2212 cipitur.
393 2175 522 2204 videlicet
551 2174 707 2203 secundum
738 2173 877 2201 humanae
906 2176 1024 2201 naturae
1052 2172 1097 2200 in-

106 2208 221 2231 principalis.

247 2222 443 2254 stitutionem,
466 2225 493 2249 et
515 2220 671 2250 secundum
692 2219 819 2248 eiusdem
841 2218 1069 2256 reparationem.

313 2380 319 2394 1
340 2380 388 2402 Vat.
407 2378 574 2402 ministerium.

311 2419 320 2434 ‘·'
337 2419 395 2442 Vide
412 2418 497 2446 vex-ba,
516 2425 575 2447 quae
593 2420 647 2440 tom.
667 2418 687 2439 ll.
707 2424 760 2446 pag.
778 2418 830 2446 103,
845 2420 896 2439 nota
909 2418 930 2439 6.
943 2420 965 2439 61
977 2423 1030 2445 pag.
1048 2415 1096 2443 104,

248 2462 298 2482 0010
317 2459 369 2481 510
387 2458 499 2481 Ricliardo
517 2465 528 2480 0
547 2458 569 2480 S.
589 2458 656 2486 Vict.‚
678 2457 713 2479 lV.
731 2457 760 2479 de
778 2457 840 2479 Trin.
859 2463 878 2479 c.
901 2457 933 2478 13.
952 2462 1017 2485 seqq.
1041 2458 1096 2478 attu-

248 2499 323 2521 limus.
342 2498 387 2521 Ct'r.
404 2499 472 2521 6111101
490 2498 602 2525 Anselm.,
622 2497 644 2519 ll.
663 2496 709 2519 Cur
726 2497 786 2519 Deus
805 2497 886 2524 homo,
899 2502 918 2518 c.
940 2496 976 2518 2l.
988 2508 1020 2511 —
1032 2494 1097 2518 Circa

251 2539 340 2560 initium
353 2544 401 2566 arg.
420 2537 487 2559 codd.
507 2537 524 2558 M
535 2536 553 2558 Ο
571 2542 613 2564 pro
631 2535 765 2559 cuiusmodi
782 2535 866 2557 liabent
883 2534 969 2564 qualis.

312 2576 321 2591 3
338 2576 382 2599 Cfr.
402 2577 455 2598 Phil.
474 2577 498 2603 2,
517 2576 537 2598 6.
556 2582 621 2604 seqq.
647 2575 692 2598 Cl'r.
712 2576 780 2597 ctiam
801 2576 908 2602 August„
932 2574 960 2596 de
981 2573 1096 2596 Pracdest.

251 2616 352 2638 Sanctor.
365 2622 384 2638 c.
407 2616 439 2638 15.
458 2622 478 2638 n.
496 2616 532 2637 31.
545 2627 576 2631 -
589 2616 630 2637 Pro
642 2614 674 2637 ad
691 2614 827 2637 Creatorem
844 2613 911 2636 codd.
930 2613 949 2635 M
960 2612 977 2635 O
994 2619 1010 2636 a
1028 2612 1096 2635 Crea-

253 2656 309 2677 tore.
327 2654 391 2677 Circa
410 2655 477 2676 tinem
496 2661 545 2682 arg.
563 2660 606 2682 pro
624 2659 757 2683 congruum
776 2653 826 2675 cod.
845 2653 864 2681 Q
881 2653 963 2675 mclius
981 2658 1097 2682 congrua.

313 2692 322 2707 ⁴
339 2693 392 2715 Dist.
410 2693 432 2715 7.
451 2700 471 2721 p.
491 2694 504 2715 l.
522 2700 542 2715 a.
565 2694 582 2715 1.
600 2700 622 2722 (1.
645 2693 661 2714 1.
680 2696 702 2715 61
719 2693 740 2714 d.
760 2693 796 2714 21.
814 2699 834 2714 0,
853 2692 873 2714 3.
892 2698 914 2720 q.
933 2693 954 2714 2.

313 2732 322 2747 5
341 2732 405 2754 Vcrs.
428 2733 460 2754 16.

315 2771 324 2786 ⁶
342 2771 414 2794 Codd.
432 2772 447 2793 A
458 2771 473 2793 F
484 2771 528 2793 RN
547 2771 635 2794 addunt
651 2772 749 2794 natura.
768 2771 810 2793 Pro
822 2770 987 2794 discretionem
1004 2770 1057 2793 cdd.
1076 2773 1098 2792 ct

254 2811 355 2833 nonnulli
374 2810 441 2832 codd.
459 2809 636 2833 distinctionem.
655 2809 699 2832 Cfr.
717 2810 740 2832 ll.
759 2810 820 2832 Sent.
843 2809 864 2831 d.
883 2809 903 2831 3.
922 2816 945 2837 p.
964 2810 978 2831 1.
997 2815 1017 2831 a.
1036 2810 1056 2830 2.
1075 2815 1097 2837 q.

257 2851 273 2872 1.
291 2856 355 2878 seqq.

314 2888 323 2903 ⁷
342 2889 363 2910 10
381 2888 439 2910 libro
457 2888 486 2910 de
503 2888 588 2916 Spiritu
605 2890 627 2909 et
644 2888 719 2910 anima
738 2888 804 2915 (inter
821 2893 891 2915 opera
908 2887 1015 2915 August.)
1028 2893 1047 2909 c.
1065 2887 1097 2909 18,

252 2931 273 2950 et
291 2928 327 2950 35.
345 2927 389 2950 Ct'r.
408 2927 431 2948 11,
449 2927 510 2948 Sem.
528 2926 550 2948 d.
573 2927 605 2948 16.
624 2932 642 2948 a.
662 2927 682 2948 2.
700 2932 722 2954 q.
745 2927 761 2948 1.
774 2926 867 2948 —Vat.
880 2928 932 2954 post
948 2924 1099 2955 Auyustinus

251 2967 389 2989 interjiciens
406 2965 476 2995 quod,
496 2966 614 2994 sequentia
633 2965 688 2987 salso
705 2968 730 2987 ut
746 2966 866 2992 Augustini
884 2964 956 2987 verba
973 2964 1072 2987 exhibet.

923 166 1179 196 SENTENTIARUM
1200 167 1260 195 LIB.
1282 167 1322 195 Ill.

1229 245 1388 273 Secundum
1412 252 1533 281 namque
1552 244 1692 272 humanae
1706 247 1824 273 naturae
1846 244 1998 273 institucio-

1149 300 1215 320 nem
1235 292 1324 320 maior
1346 295 1387 320 est
1409 291 1571 328 congruitas
1593 291 1618 319 in
1641 291 1765 319 humana
1787 294 1888 320 natura
1912 300 1996 329 quam

2012 258 2066 276 Ratio
2080 258 2097 277 1.
2107 259 2139 278 tri.

2047 282 2095 305 plex.

1150 338 1177 366 in
1199 338 1339 375 angelica;
1361 342 1388 367 et
1416 339 1468 367 hoc
1490 338 1592 375 triplici
1621 338 1655 367 de
1678 346 1771 367 causa.
1786 355 1825 359 —
1844 339 1935 367 Prima
1956 342 2097 370 6511131101.

1150 388 1265 421 propter
1281 385 1468 421 personalem
1494 385 1709 420 discretionem,
1736 393 1808 421 quae
1833 385 1948 423 quidem
1969 387 1996 415 in

1150 433 1274 460 humana
1290 432 1299 445 ⁶
1322 433 1464 469 reperitur
1486 432 1641 461 secundum
1665 432 1823 470 originem,
1846 436 1873 462 et
1894 441 1949 461 non
1971 434 1998 462 in

1150 479 1293 515 angelica,
1319 482 1346 507 et
1368 479 1430 507 ideo
1452 479 1541 516 inagis
1570 479 1756 516 congruebat,
1779 480 1854 517 quod
1880 488 1999 517 persona

1151 525 1222 559 Filii,
1244 533 1316 562 quae
1339 525 1533 562 distinquitnr
1555 534 1570 554 a
1592 533 1711 562 persona
1734 526 1821 555 Patris
1843 528 1998 556 secundum

1150 572 1309 610 oriyinem,
1331 580 1394 601 eam
1415 576 1546 601 naturam
1569 573 1720 610 acciperet,
1747 574 1774 602 in
1796 582 1851 611 qua
1877 575 2000 612 proprie-

1151 622 1236 648 tatem
1258 619 1399 648 filiationis
1415 620 1564 654 retineret3
1586 624 1613 649 et
1634 621 1686 649 1106
1702 621 1816 658 quidem
1839 621 1942 650 factum
1958 625 2000 651 est

1151 666 1178 694 in
1206 666 1347 694 humanae
1376 670 1493 694 naturae
1522 668 1700 696 assumtione.
1731 667 1797 696 Nam
1821 668 1895 697 idem
1925 668 1998 705 ipse,

1152 714 1199 751 qui
1221 714 1256 742 al)
1277 716 1391 742 aeterno
1413 716 1473 742 erat
1488 713 1576 742 Patris
1602 714 1698 749 Filius,
1714 723 1750 743 ex
1772 717 1897 752 tempore
1912 716 2001 745 factus

1152 764 1193 790 est
1215 760 1289 789 filius
1312 760 1433 797 Virginis
1456 761 1562 789 matris.

1231 808 1358 836 Secunda
1375 808 1445 835 ratio
1460 810 1501 836 est
1520 812 1634 844 propter
1650 808 1782 837 maiorem
1801 809 1896 837 (tinini
1912 818 2001 838 exem-

1150 855 1247 892 plaris
1269 855 1579 891 repraesentationcm,
1602 855 1709 884 ratione
1730 856 1812 885 6111115
1833 857 1917 885 110010
1936 856 2000 885 dici-

1152 906 1198 931 tur
1220 902 1318 930 minor
1340 902 1477 930 mandas.
1500 902 1597 930 Anima
1618 902 1692 930 601111
1708 902 1852 931 rationalis
1873 906 1999 932 0011100-

1152 953 1211 979 tum
1235 952 1425 987 repraesentat
1449 949 1550 984 Deum,
1576 952 1660 986 prout
1685 950 1879 979 consideratur
1902 950 1932 979 in
1953 960 1998 986 se,

1152 996 1202 1025 sed
1223 996 1250 1024 in
1273 999 1410 1033 quantum
1432 995 1537 1024 unitur
1565 996 1697 1032 corpori,
1724 996 1799 1033 quod
1826 996 1897 1033 regit
1918 1000 1944 1026 et
1973 997 2000 1026 in

1152 1051 1208 1079 quo
1230 1045 1285 1071 toto
1308 1042 1455 1076 inhahitat,
1478 1043 1549 1070 sicut
1570 1042 1645 1071 Deus
1666 1042 1693 1070 10
1709 1043 1806 1071 maiori
1831 1043 1951 1078 mundog
1973 1047 2000 1073 et

1153 1090 1204 1118 lioc
1226 1089 1333 1127 pluries
1348 1089 1414 1117 dicit
1435 1089 1607 1126 Augustinus
1620 1089 1638 1117 ⁷.
1666 1090 1777 1118 Ratione
1807 1090 1892 1119 liuius
1918 1091 2000 1119 maio-

1153 1137 1191 1165 ris
1213 1136 1414 1165 conformitatis
1438 1137 1525 1164 maior
1546 1139 1607 1165 erat
1628 1136 1699 1164 ratio
1721 1136 1895 1165 unibilitatis.

1232 1183 1324 1212 Tertia
1346 1183 1416 1211 ratio
1448 1186 1490 1212 est
1516 1186 1630 1220 propter
1658 1183 1847 1220 multiplicem
1876 1182 2002 1212 hominis

1153 1231 1395 1268 compositionem.
1419 1230 1489 1267 Quia
1510 1231 1584 1259 enim
1601 1230 1683 1259 homo
1706 1231 1877 1267 compositus
1900 1234 1942 1260 est
1966 1239 2001 1260 ex

1153 1281 1254 1307 natura
1269 1278 1407 1315 corporali
1430 1282 1456 1306 et
1472 1278 1624 1315 spirituali,
1646 1281 1673 1306 et
1688 1278 1811 1315 quodam
1833 1278 1916 1307 modo
1931 1286 2003 1307 corn—

1154 1325 1278 1354 municat
1299 1333 1363 1354 cum
1379 1325 1454 1353 omni
1477 1328 1619 1358 creatura,
1641 1325 1713 1353 sicut
1728 1325 1795 1354 dicit
1817 1325 1966 1362 Gregorius
1980 1326 2002 1360 ὃς

1153 1373 1217 1401 111116
1246 1375 1303 1406 651,
1324 1372 1400 1409 quod
1430 1380 1494 1400 cum
1517 1372 1641 1400 humana
1670 1374 1771 1400 natura
1800 1372 1955 1401 assumitur
1977 1376 2003 1402 et

1154 1419 1314 1453 deificatur,
1337 1419 1460 1456 quodam
1482 1419 1564 1447 modo
1586 1419 1677 1447 omnis
1699 1422 1800 1447 natura
1822 1419 1849 1447 in
1871 1427 1904 1448 ea
1925 1419 2003 1448 exal-

1156 1469 1243 1500 tatur,
1266 1466 1334 1494 dum
1358 1466 1383 1493 iu
1407 1474 1458 1494 suo
1473 1465 1556 1494 simili
1572 1466 1671 1494 Deitati
1694 1465 1800 1494 unitur.
1818 1466 1848 1494 Et
1870 1466 1934 1495 hinc
1948 1470 2002 1502 est,

1154 1514 1229 1550 quod
1251 1513 1386 1542 assumtio
1402 1513 1541 1541 hnmanae
1562 1516 1679 1542 naturae
1695 1513 1758 1550 plus
1780 1513 1846 1542 facit
1861 1513 1897 1542 ad
1919 1514 2003 1542 totius

1154 1560 1278 1589 universi
1294 1560 1491 1597 perfectionem
1508 1567 1593 1597 quam
1608 1560 1757 1597 angelicae.
1769 1577 1809 1579 —
1822 1560 1852 1588 Et
1868 1560 1930 1589 ideo
1949 1569 2004 1589 ma-

1154 1608 1195 1636 ior
1216 1610 1258 1636 est
1284 1607 1309 1635 in
1332 1614 1365 1635 ea
1392 1607 1553 1644 congruitas
1574 1607 1609 1635 ad
1637 1607 1769 1636 unionem
1791 1607 1875 1636 etiam
1904 1615 2003 1636 secun-

1154 1654 1222 1682 dum
1245 1662 1325 1683 suam
1349 1653 1569 1682 institutionem.

1233 1701 1365 1730 Similiter
1381 1705 1408 1730 et
1430 1701 1586 1730 secundum
1601 1701 1820 1738 reparationem
1839 1702 1928 1730 maior
1944 1710 2005 1731 600-

1153 1748 1260 1785 gruitas
1276 1748 1302 1776 in
1324 1756 1357 1777 ea
1372 1749 1513 1785 reperitur
1531 1748 1565 1776 ad
1582 1748 1713 1777 unionem
1729 1749 1831 1785 triplici
1854 1757 1890 1778 ex
1906 1757 2002 1784 causa,

1154 1795 1258 1824 scilicet
1279 1795 1345 1832 quia
1368 1795 1451 1823 1101110
1465 1795 1562 1832 mayis
1584 1794 1745 1832 indigebat,
1767 1798 1794 1823 et
1810 1795 1910 1824 minus
1932 1795 2005 1824 inclt-

1151 1850 1229 1879 vqnzts
1250 1845 1328 1875 erat,
1351 1844 1378 1870 et
1399 1841 1529 1878 amplias
1557 1841 1584 1870 ei
1600 1842 1758 1878 proderat,
1789 1845 1820 1870 ut
1846 1842 1930 1871 Filius
1956 1843 2002 1871 Dei

1153 1892 1311 1917 assumeret
1332 1892 1463 1917 naturam
1485 1897 1575 1917 suam.
1596 1905 1635 1909 —
1650 1889 1735 1926 Magis
1754 1889 1914 1927 indigebat,
1938 1890 2003 1927 quia

1154 1937 1228 1964 totus
1250 1935 1346 1972 lapsus
1368 1935 1459 1964 fuerat
1470 1935 1491 1969 Ο;
1507 1935 1606 1963 minus
1622 1935 1762 1973 indignas
1779 1938 1853 1968 erat,
1869 1936 1934 1973 quia
1954 1944 2003 1973 per

1154 1982 1241 2010 alium
1263 1986 1422 2016 corruerat;
1444 1982 1573 2019 amplia-3
1595 1982 1622 2010 ei
1642 1983 1799 2019 proderat,
1823 1983 1889 2020 quia
1910 1983 2003 2012 adhuc

1154 2030 1181 2057 in
1204 2029 1277 2057 malo
1299 2029 1456 2058 obstinatus
1478 2037 1532 2057 000
1555 2032 1623 2059 erat.
1643 2047 1681 2050 -—
1697 2029 1833 2066 Quoniam
1855 2031 1940 2067 igitur
1966 2030 2004 2059 di-

1154 2076 1218 2105 vina
1240 2076 1432 2105 misericordia
1452 2076 1503 2104 ista
1526 2076 1577 2104 tria
1592 2080 1690 2113 pensat
1713 2077 1739 2104 in
1763 2076 1918 2110 beneficiis,
1932 2085 2004 2114 quae

1154 2123 1307 2160 impendit;
1339 2123 1402 2152 hinc
1431 2127 1488 2157 est,
1510 2123 1584 2160 quod
1607 2123 1701 2157 Dens,
1724 2123 1776 2161 qai
1805 2127 1846 2152 est
1873 2123 1952 2152 clives
1974 2124 2005 2152 in

1153 2170 1375 2204 misericordia,
1395 2174 1516 2207 propter
1536 2170 1662 2199 nimiam
1685 2171 1858 2204 caritatem,
1881 2179 1940 2208 qna
1962 2170 2006 2199 di-

1155 2217 1224 2246 texit
1244 2226 1296 2245 nos
1308 2218 1336 2251 ¹⁰,
1354 2218 1441 2254 magis
1457 2218 1589 2246 assumsit
1604 2217 1756 2245 humanam
1774 2220 1905 2246 naturam
1921 2225 2004 2255 quam

1219 2376 1228 2391 8
1245 2376 1305 2399 Libr.
1324 2376 1360 2398 Vl.
1379 2376 1456 2398 Moral.
1475 2382 1493 2398 c.
1517 2376 1549 2397 16.
1568 2382 1589 2397 0.
1608 2376 1644 2397 20.
1663 2378 1685 2397 et
1702 2375 1724 2398 ll.
1742 2376 1764 2397 in
1777 2375 1863 2403 Evang.
1877 2375 1954 2397 homil.
1968 2376 2004 2398 29.

1155 2423 1176 2438 n.
1196 2417 1216 2438 2.
1235 2416 1297 2438 idem
1316 2416 1382 2438 docet
1400 2416 1509 2443 August„
1527 2415 1600 2437 Serm.
1620 2414 1655 2437 43.
1674 2414 1738 2444 (alias
1757 2414 1794 2437 27.
1812 2415 1840 2437 de
1854 2414 1936 2437 VerbiS
1948 2415 2006 2443 Apo-

1156 2455 1215 2484 stoli)
1234 2461 1253 2477 c.
1272 2455 1292 2477 3.
1311 2461 1331 2476 n.
1351 2454 1371 2476 i.

1217 2494 1226 2507 ⁹
1244 2494 1276 2515 Do
1293 2494 1335 2515 hac
1354 2493 1426 2521 prima
1444 2494 1531 2515 ratione.
1548 2492 1612 2521 (quia
1629 2495 1695 2515 totus
1707 2493 1785 2520 lapsus
1803 2492 1884 2520 suerat)
1903 2492 1943 2514 cfr.
1962 2492 2005 2514 Au-

1155 2536 1227 2561 gust,
1246 2533 1359 2555 Euchirid.
1378 2539 1396 2555 c.
1416 2533 1452 2555 28.
1470 2539 1491 2555 n.
1511 2533 1539 2560 9;
1558 2532 1587 2554 de
1603 2532 1705 2554 secunda
1722 2532 1788 2560 (quia
1807 2532 1883 2554 minus
1896 2531 2004 2559 indignus

1155 2572 1212 2601 erat)
1230 2572 1269 2594 cfr.
1287 2573 1397 2600 August.⁷
1417 2572 1515 2599 Exposit.
1528 2572 1597 2599 Epist.
1615 2571 1645 2593 ad
1662 2571 1709 2593 Gal.
1728 2571 1753 2599 3,
1771 2571 1804 2592 19.
1817 2576 1839 2592 n.
1854 2569 1891 2592 24.
1904 2576 1945 2592 nec
1958 2576 2001 2592 non

1155 2612 1266 2639 Ansclm¹⁷
1286 2611 1310 2633 ll.
1328 2610 1373 2633 Cur
1392 2611 1452 2633 Deus
1469 2612 1549 2639 110010,
1568 2616 1587 2633 6.
1606 2611 1643 2632 21.
1655 2611 1757 2632 61611001
1770 2612 1824 2632 tom.
1841 2609 1866 2631 ll.
1884 2615 1938 2637 pag.
1951 2609 2003 2637 506,

1156 2654 1207 2673 nota
1225 2651 1254 2679 6;
1273 2651 1301 2673 (16
1319 2651 1381 2672 tei-tiu
1409 2651 1495 2672 ratione
1518 2650 1557 2672 cfr.
1576 2649 1700 2677 Bcrnard.‚
1720 2650 1792 2671 Serm.
1815 2649 1832 2670 1.
1852 2648 1880 2670 dc
1897 2648 2003 2670 Adventu

1155 2690 1256 2717 Domini,
1275 2696 1296 2711 n.
1315 2689 1335 2711 4.
1353 2696 1401 2718 seq.
1420 2692 1441 2711 ct
1458 2689 1481 2711 Il.
1500 2690 1560 2711 Sent.
1587 2689 1610 2711 d.
1636 2688 1657 2710 7.
1676 2695 1697 2716 p.
1717 2689 1729 2710 l.
1748 2695 1767 2710 a.
1789 2688 1808 2709 t.
1827 2694 1848 2716 q.
1872 2688 1888 2709 1.
1908 2700 1938 2702 -
1962 2687 2004 2709 Ρ10

1155 2728 1180 2751 in
1196 2728 1260 2751 malo
1278 2727 1409 2751 obstinatas
1427 2727 1494 2750 codd.
1513 2728 1589 2749 minus
1606 2726 1665 2749 bene
1682 2726 1707 2749 in
1723 2725 1816 2749 malum
1833 2724 1972 2748 obstinatus.

1220 2767 1238 2781 ¹0
1255 2768 1310 2795 Epli.
1330 2768 1355 2795 2,
1381 2766 1401 2788 4.
1421 2779 1452 2782 —-
1468 2766 1538 2788 Paulo
1563 2766 1658 2788 inferius
1682 2771 1724 2793 pro
1742 2764 1919 2793 suscipiendum
1936 2764 2003 2787 codd.

1156 2806 1305 2829 BCDEGII
1315 2807 1331 2828 L
1349 2806 1375 2833 (N
1393 2812 1405 2828 a
1423 2806 1497 2834 prima
1518 2805 1598 2834 manu)
1617 2805 1634 2826 T
1645 2804 1729 2826 UVaa
1746 2803 1919 2827 suscitandum.
1945 2803 2004 2826 Sub-

1155 2846 1209 2868 inde
1226 2852 1268 2874 pro
1285 2846 1312 2868 ut
1329 2845 1397 2868 codd.
1414 2846 1431 2866 A
1443 2845 1461 2866 Τ
1479 2845 1507 2867 ut
1522 2845 1558 2872 et,
1578 2843 1630 2866 edd.
1648 2844 1671 2866 et
1685 2844 1720 2866 ut.
1746 2843 1797 2865 Post
1822 2849 1895 2870 pauca
1913 2849 1955 2870 pro
1972 2842 2005 2865 ad

1155 2884 1257 2908 numam*
1272 2884 1366 2914 Ueneris
1383 2883 1561 2915 reparationem
1579 2883 1629 2905 Vat.
1646 2881 1676 2905 ab
1701 2881 1803 2905 humani
1827 2881 1921 2911 ‚ceneris
1938 2887 2003 2911 repa-

1156 2924 1254 2948 ratione.

2015 818 2069 837 Ratio
2082 819 2099 837 2.

2016 1193 2070 1212 Ratio
2083 1193 2101 1212 3.

2040 1710 2095 1728 Ratio
2107 1710 2125 1728 2.

2017 1733 2126 1757 principalis

2018 1757 2092 1781 triplex.
