2166 3366
155 272 268 309 quidem
297 274 363 300 suut
393 279 504 299 summa
535 270 648 299 bonitas
670 273 697 299 et
728 278 839 299 summa
859 270 997 299 verz'tas'.

156 319 209 347 Hoc
230 321 323 347 autem
355 326 408 346 non
438 321 480 346 est
510 318 635 355 reperire
663 317 690 345 in
712 317 867 354 proposit0;
889 320 916 345 et
937 317 999 346 ideo

154 372 208 393 non
230 367 304 392 tenet
325 364 394 392 ratio
416 364 471 392 illa.

233 411 303 440 Haec
323 415 417 440 autem
449 411 522 439 dicta
553 412 619 439 sunt
650 410 684 438 de
716 410 811 444 latria,
843 411 997 439 secundum

17 465 143 491 namna-1031
156 458 230 495 quod
249 458 371 495 proprie
392 457 528 494 accipitur
548 465 600 493 pro
621 456 719 485 habitu
734 456 871 493 dirigente
892 457 925 485 ad
943 457 1000 485 cul-

10 493 101 532 έέἷὲἶρῃθ
116 488 217 533 1¹¹'tum
238 505 423 538 exteriorem,
444 504 491 541 qui
514 503 626 540 proprie
648 503 750 531 dicitur
766 503 888 532 servitus
910 504 956 532 Dei
972 507 999 532 et

154 551 288 580 adoratio.
311 551 341 579 Et
362 551 414 579 hoc
436 550 518 578 modo
539 558 593 578 non
615 553 656 578 est
678 550 750 578 idem
768 550 859 578 latria
880 554 907 578 et
929 550 1000 578 theo-

154 598 250 631 sebia,
272 601 303 625 ut
323 606 339 625 a
370 597 507 634 principio
538 597 643 625 dictum
669 600 718 625 est.
741 597 767 625 Si
790 600 884 625 autem
906 597 998 626 latria

155 645 264 673 dicatur
285 643 381 672 culeus
408 643 544 676 interior,
577 651 640 672 cum
663 643 708 672 ille
730 643 861 672 consistat
893 644 920 672 in
942 652 1000 672 cre-

154 691 246 720 dendo
267 694 293 719 et
314 690 455 727 diligendo
486 693 513 719 et
544 690 683 726 sperando
715 690 817 724 Deum,
839 690 910 719 sicut
932 691 999 719 dicit

153 737 324 774 Augustinus
345 737 374 765 in
396 737 586 771 Euchiridio²g
607 737 646 766 sic
667 745 721 765 non
737 738 849 774 ponitur
870 745 931 766 esse
946 737 1000 766 vir-

154 788 200 813 tus
213 783 388 817 cardinalis5
404 784 453 812 sed
469 783 640 821 theoloyt‘ca,
656 792 723 818 non,
739 785 866 821 inquam,
887 784 923 812 ab
937 784 999 812 aliis

233 1044 336 1080 Quarto
358 1043 516 1080 quaeritur,
547 1046 644 1071 utrum
677 1042 768 1071 latria
790 1042 825 1071 sit
846 1042 937 1071 virtus
958 1042 996 1070 di-

151 1090 250 1119 stincta
271 1098 287 1118 a
308 1089 399 1118 dulia..
424 1090 452 1118 Et
473 1089 548 1126 quod
571 1097 637 1123 non,
659 1089 779 1118 videtur.
821 1081 826 1088 “

232 1138 256 1165 ⁴1.
278 1137 367 1174 Super
389 1136 458 1165 illud
490 1136 621 1164 Psahni⁵z
655 1136 775 1164 Domine
798 1136 875 1164 Deus
896 1144 995 1170 metis,

23 1186 139 1228 Adfflmi'
151 1183 182 1212 in
204 1187 228 1211 te
248 1183 368 1220 speravi
376 1193 386 1216 ,·
400 1182 506 1211 Giossa:
535 1182 681 1211 «Domine
695 1183 821 1211 omnium
839 1190 888 1220 per
903 1186 996 1220 poten-

99 1223 103 1228 ’
152 1230 232 1265 tiam,
254 1230 298 1259 cui
330 1229 448 1258 debetur
469 1229 570 1263 dulia,-
603 1230 679 1258 Deus
700 1230 827 1258 omnium
849 1238 900 1267 per
920 1238 995 1258 crea-

151 1278 267 1311 tionem,
288 1277 333 1305 cui
365 1277 483 1305 debetur
513 1276 604 1305 latria
617 1286 643 1305 ».·
665 1285 732 1313 ergo
753 1277 775 1305 si
799 1277 916 1305 Domino
938 1277 994 1305 Deo

150 1332 204 1352 non
224 1324 342 1353 debetur
362 1324 414 1352 nisi
438 1323 520 1352 unica
540 1324 646 1361 species
667 1324 850 1358 adorationis,
866 1324 995 1353 videlicet

151 1370 259 1399 latria.-
281 1378 347 1407 ergo
369 1369 461 1398 latria
483 1374 510 1398 et
531 1370 614 1398 dulia
636 1378 690 1398 non
707 1373 772 1399 sunt
794 1371 921 1399 diversae
937 1378 996 1407 spe-

150 1417 206 1446 cies
229 1417 347 1446 virtutis.

229 1465 255 1492 2.
277 1464 356 1498 Item,
378 1464 475 1492 eadem
497 1468 539 1492 est
559 1464 665 1500 species
686 1464 811 1498 virtutis,
833 1473 888 1502 qua
909 1464 996 1493 credi-

151 1513 198 1539 tur
218 1518 300 1539 omne
322 1510 509 1544 credendum,
530 1511 635 1539 scilieet
658 1511 716 1547 ipsa
738 1510 839 1539 fides⁶z
866 1519 932 1547 ergo
954 1518 996 1539 ea-

150 1557 214 1586 dem
229 1561 271 1586 est
284 1557 390 1594 species
406 1557 530 1591 virtutis,
551 1565 607 1594 qua
621 1557 722 1586 colitur
736 1565 818 1586 omne
833 1557 995 1589 colendum;

151 1605 199 1633 sed
221 1604 383 1633 huiusmodi
405 1608 471 1633 sunt
491 1604 583 1632 latria
605 1608 631 1632 et
653 1604 753 1632 dritta:
776 1612 842 1641 ergo
864 1607 914 1632 etc.

228 1651 254 1680 3.
276 1652 356 1686 lteui,
377 1651 474 1680 eadem
496 1655 538 1680 est
552 1651 659 1688 species
674 1651 797 1685 virtutis,
813 1659 869 1688 qua
883 1655 995 1679 amatur

149 1706 231 1727 omne
252 1698 418 1731 amandum,
434 1697 563 1726 videlicet
579 1698 638 1734 ipsa
653 1697 785 1726 caritas⁷z
808 1706 875 1734 ergo
896 1698 993 1726 eadem

149 1745 255 1774 ratione
285 1745 382 1773 eadem
415 1747 456 1773 est
488 1745 594 1781 species
625 1744 751 1777 virtutis,
782 1753 838 1781 qua
859 1744 994 1773 adoratur

149 1799 231 1820 omne
252 1791 441 1824 adorandum
462 1791 510 1820 sed
533 1791 694 1820 huiusmodi
718 1794 759 1820 est
781 1791 862 1819 latria
888 1795 915 1820 et
946 1791 995 1820 du-

149 1837 197 1866 lia:
229 1845 296 1874 ergo
326 1841 377 1866 etc.
400 1837 434 1866 St
465 1841 496 1866 cu
528 1837 628 1870 dieas,
651 1837 726 1875 quod
749 1845 802 1865 nou
826 1840 868 1866 est
889 1837 993 1872 simile,

149 1885 215 1922 quia
235 1893 290 1913 non
311 1885 350 1914 sic
371 1889 412 1913 est
434 1893 488 1913 una
513 1885 583 1913 ratio
604 1885 804 1919 adorabiliuni,
830 1884 902 1913 sicut
922 1893 995 1913 arua-

149 1931 261 1966 bilium;
282 1931 419 1960 obiicitur
440 1935 548 1961 contra:
571 1924 654 1969 (juia,
678 1932 749 1960 sicut
771 1932 919 1969 proximus
939 1939 994 1959 nou

149 1981 191 2007 est
211 1978 361 2012 arnaudus,
378 1978 428 2007 nisi
445 1978 471 2006 in
493 1981 629 2015 quantum
652 1978 744 2015 imago
766 1977 828 2013 Dei,
850 1978 889 2007 sic
911 1978 994 2006 etiam

149 2033 204 2054 non
225 2029 266 2054 est
286 2025 459 2059 adorandus,
482 2025 532 2053 nisi
555 2027 734 2062 inquantum
756 2028 798 2054 est
820 2025 867 2053 Dei
885 2025 992 2060 imago:

149 2078 216 2107 ergo
237 2071 309 2100 sicut
329 2074 371 2100 est
393 2079 467 2100 unus
488 2066 567 2099 amor
588 2072 631 2100 sui
659 2075 686 2100 et
717 2080 784 2100 suae
807 2071 934 2108 imaginis
955 2079 995 2099 se-

149 2119 273 2147 cundum
296 2119 432 2155 speciem,
455 2118 494 2147 sic
515 2122 542 2147 et
563 2127 637 2147 uuus
659 2119 756 2147 honor.

775 192 856 220 DlST.
880 193 920 220 tx.
942 193 1015 221 ART.
1037 193 1066 220 ll.
1088 193 1223 229 QUAEST.
1247 193 1287 221 [V.

1844 195 1899 222 ⁶219

1057 271 1198 305 distincta,
1219 271 1269 299 sed
1290 279 1462 308 consequens
1487 271 1523 300 ad
1554 280 1650 300 omnes
1683 272 1751 301 illas.
1774 272 1825 301 Sed
1849 272 1900 301 hoc

1058 318 1140 346 modo
1162 326 1217 346 non
1238 318 1373 354 accipitur
1396 318 1433 346 ita
1451 319 1587 355 proprie,
1608 311 1778 347 sicutmodo
1794 319 1900 356 praedi-

1057 368 1112 398 cto,
1135 372 1200 392 cum
1222 364 1328 397 latria,
1351 364 1463 401 proprie
1486 365 1639 402 loquendo,
1655 365 1690 394 sit
1712 366 1818 402 species
1839 366 1901 394 reli-

1057 410 1157 445 gionis,
1179 410 1250 438 sicut
1271 410 1373 443 (lidia,-
1393 414 1420 439 et
1441 419 1540 440 nomen
1563 412 1623 440 eius
1655 412 1815 449 impositum
1848 414 1900 442 suit

1056 465 1072 484 a
1092 457 1244 491 servitute,
1265 458 1337 486 siout
1362 458 1468 486 dictum
1500 459 1552 487 suit
1572 467 1588 487 a
1610 459 1754 496 principio.
1778 461 1899 498 Utroque
1914 463 2027 482 Notandum·

1057 506 1148 532 tamen
1177 504 1259 532 modo
1290 505 1423 541 contingit
1455 505 1572 541 reperiri
1605 514 1666 534 eam
1700 507 1771 540 dici,
1803 511 1830 536 et
1861 516 1900 537 se-

1056 551 1180 579 eundum
1214 551 1265 579 hoc
1296 551 1441 579 doctorum
1475 552 1623 588 positiones
1650 553 1846 589 diversificari,
1870 558 1900 583 ut

1056 597 1170 634 quidam
1192 597 1319 633 ponunt³
1339 605 1399 625 eain
1433 598 1553 634 speciem
1587 599 1698 627 virtutis
1719 601 1899 635 cardinalis,

1055 644 1159 673 scilicet
1181 644 1313 678 iustitiae,
1335 644 1450 681 quidam
1473 653 1539 673 vero
1570 648 1628 674 tres
1655 646 1828 684 tlieoloyt'cas
1849 649 1901 677 cir-

1055 690 1212 727 cumplecti.
1238 691 1267 718 Et
1288 694 1440 728 utrumque
1472 700 1537 720 vere
1568 696 1658 729 potest
1680 694 1732 722 dici
1755 695 1813 723 sine
1835 704 1900 724 con-

1056 737 1197 765 trarietate
1219 741 1333 774 propter
1355 737 1498 766 diversum
1521 739 1635 767 modum
1658 741 1839 777 accipiendi⁴.

915 870 1076 906 QUAESTm
1099 870 1140 897 iv.

670 957 774 985 Utrum
796 956 887 984 latria
907 956 947 984 sit
967 956 1064 984 virtue
1085 955 1224 984 castineto
1249 965 1269 984 α
1290 956 1383 985 dulia.

1134 1043 1160 1071 [ι.
1184 1042 1266 1077 item,
1297 1043 1413 1080 «magis
1445 1047 1471 1072 et
1502 1045 1596 1074 minus
1627 1054 1681 1074 nou
1712 1047 1902 1077 diversificant

1054 1089 1173 1126 speciem
1188 1089 1197 1102 ⁸
1213 1100 1225 1114 υ
1240 1101 1246 1123 ;
1269 1089 1317 1118 sed
1340 1089 1432 1119 latria
1447 1094 1473 1119 et
1488 1091 1572 1120 dulia
1594 1092 1740 1128 differunt,
1761 1094 1832 1123 sicut
1847 1103 1902 1124 ma-

1054 1136 1094 1164 ior
1117 1136 1205 1164 honor
1226 1141 1253 1164 et
1276 1136 1365 1164 minor
1388 1137 1495 1166 honor:
1519 1146 1585 1175 ergo
1607 1139 1734 1175 videtur,
1756 1141 1830 1178 quod
1846 1150 1899 1170 non

1053 1183 1108 1211 sint
1129 1182 1257 1211 diversae
1279 1184 1385 1220 species
1408 1185 1527 1213 virtutis.

1132 1230 1185 1257 Seu
1206 1238 1333 1258 CONTuA:
1353 1232 1377 1259 l.
1399 1232 1488 1268 Super
1510 1232 1579 1261 illud
1602 1233 1701 1262 Psalmi
1715 1234 1743 1262 ⁹:
1767 1235 1897 1264 Λείαν-αῖς)
1906 1245 2040 1264 Fundamenta.

1052 1276 1209 1305 scabellum
1228 1278 1336 1314 pedum
1357 1278 1420 1306 ems
1442 1282 1511 1313 etc.;
1538 1291 1551 1305 «
1566 1280 1672 1309 Lacria
1693 1284 1735 1309 est
1755 1282 1897 1317 adoratio,

1052 1332 1124 1361 quae
1144 1324 1195 1352 soli
1217 1324 1273 1352 Deo
1304 1324 1441 1360 deheturg
1474 1326 1557 1355 dolio
1589 1330 1630 1355 est
1658 1328 1798 1363 adoratio,
1826 1338 1898 1366 quae

1051 1371 1134 1399 etiam
1157 1375 1301 1400 creaturae
1323 1372 1482 1401 exhibetur.
1498 1373 1574 1409 Quae
1590 1374 1660 1403 duas
1676 1375 1759 1403 habet
1774 1377 1896 1412 spei-ies:

1053 1426 1136 1446 uuam
1148 1441 1154 1453 ‚
1168 1426 1240 1456 quae
1255 1419 1384 1447 omnibus
1401 1419 1602 1454 indifferenter,
1617 1421 1749 1456 alteram,
1765 1431 1836 1459 quae
1854 1432 1901 1452 ex-

1053 1465 1166 1493 hibetur
1181 1465 1230 1493 soli
1248 1465 1412 1494 humanitati
1429 1466 1531 1495 Christi
1545 1478 1571 1494 ».
1587 1468 1611 1495 Si
1635 1476 1701 1505 ergo
1717 1469 1800 1497 (liclia
1816 1470 1898 1499 hahet

1053 1511 1124 1539 duas
1145 1511 1251 1548 species
1272 1512 1457 1547 adorationis,
1485 1521 1557 1549 quae
1588 1518 1733 1543 creaturae
1765 1516 1898 1552 debetur,

1054 1557 1142 1586 multo
1163 1558 1262 1586 fortius
1284 1558 1376 1587 latria
1404 1563 1431 1587 et
1462 1560 1563 1594 italia,
1595 1569 1667 1598 quae
1698 1566 1763 1590 suut
1793 1564 1899 1600 species

1054 1604 1165 1633 virtutis
1186 1604 1322 1634 diversae.

1132 1653 1157 1679 Ξ.
1181 1652 1263 1686 lteui,
1290 1652 1430 1681 «habitus
1452 1653 1677 1683 diversificantur
1700 1664 1748 1692 per
1763 1660 1857 1692 ποίης,
1873 1661 1900 1687 et

1052 1700 1131 1726 actus
1153 1706 1202 1734 per
1223 1698 1330 1727 obiecta
1343 1699 1360 1713 ¹⁰
1375 1710 1401 1727 n:
1417 1708 1484 1736 ergo
1507 1701 1528 1729 si
1552 1700 1644 1730 latria
1664 1706 1706 1731 est
1727 1703 1835 1738 cultus,
1851 1705 1897 1741 qui

1052 1743 1171 1772 debetur
1193 1744 1249 1773 Deo
1271 1748 1302 1773 ut
1323 1745 1394 1779 Deo,
1416 1749 1442 1774 et
1464 1746 1564 1781 (lulio,
1587 1748 1633 1784 qui
1656 1748 1774 1778 debetur
1793 1754 1900 1779 creatu-

1052 1799 1118 1825 rae,
1141 1795 1172 1820 ut
1193 1795 1322 1820 creatura
1343 1795 1403 1826 est;
1426 1792 1552 1828 videtur,
1573 1795 1649 1831 quod
1672 1795 1763 1825 latria
1785 1797 1819 1825 sit
1841 1806 1900 1835 spe-

1051 1837 1106 1866 eies
1128 1838 1238 1867 virtutis
1260 1838 1389 1867 distincta
1409 1848 1425 1868 a
1446 1840 1538 1869 (tzitta.

1132 1884 1158 1912 3.
1181 1884 1263 1919 item,
1283 1885 1431 1922 sapientia
1453 1890 1480 1915 et
1500 1887 1623 1916 sciencia
1645 1893 1710 1917 suut
1724 1889 1835 1918 diversa
1854 1891 1900 1919 do-

1053 1940 1102 1964 na,
1125 1932 1278 1960 secundum
1302 1941 1373 1969 quae
1395 1933 1544 1970 dirigimur
1565 1935 1598 1963 ad
1627 1937 1790 1973 temporalia
1811 1941 1837 1966 et
1859 1946 1900 1967 ae-

1054 1978 1178 2006 lernau:
1201 1978 1222 2006 si
1245 1986 1312 2015 ergo
1333 1979 1425 2008 latria
1447 1984 1488 2009 est
1510 1981 1603 2010 cultus
1634 1982 1745 2012 debitus
1770 1988 1899 2013 aeternae

1051 2025 1204 2059 maiestati,
1226 2029 1253 2053 et
1274 2025 1358 2054 (liclia
1379 2027 1468 2055 honor
1489 2031 1516 2056 et
1537 2030 1695 2058 reverentia
1717 2030 1810 2059 debita
1825 2040 1899 2060 crea—

1052 2075 1131 2100 turae
1155 2072 1315 2108 tetnporaii3
1339 2073 1465 2108 videtur,
1489 2075 1563 2111 quod
1586 2076 1640 2104 sint
1661 2076 1763 2105 diversi
1787 2078 1899 2107 habitus

1053 2119 1078 2146 in
1101 2127 1202 2155 genere
1226 2119 1344 2148 virtutis.

213 2239 220 2254 1
237 2239 282 2262 Csr.
300 2240 356 2262 infru
375 2240 396 2262 d.
415 2240 452 2262 24.
469 2247 489 2262 a.
512 2241 529 2262 l.
547 2247 569 2269 q.
588 2242 615 2268 2;
632 2240 654 2262 d.
673 2241 710 2263 26.
727 2247 746 2262 a.
769 2242 787 2263 1.
799 2247 820 2270 q.
840 2241 866 2268 33
885 2241 906 2263 d.
925 2241 994 2263 2211.

150 2279 170 2301 rt.
188 2285 210 2307 q.
232 2279 250 2301 1.
266 2291 299 2296 -—
314 2279 416 2301 Subinde
434 2285 476 2307 pro
489 2279 538 2302 Hoc
553 2280 633 2302 autem
651 2279 701 2301 cod.
715 2279 733 2301 T
752 2279 800 2303 Hoc
811 2279 894 2308 modo,
914 2279 964 2302 cod.
978 2281 994 2301 A

148 2317 198 2341 Hoc
215 2320 309 2340 tanturn.

211 2357 221 2371 ²
238 2356 292 2384 Cup.
311 2358 332 2380 2.
350 2364 370 2379 n.
393 2358 410 2379 1.
428 2364 476 2386 seq.
495 2357 552 2379 Vide
565 2364 585 2386 q.
605 2358 710 2385 praeced.
723 2364 771 2386 arg.
794 2359 810 2380 1.
823 2358 852 2380 ad
870 2364 951 2386 oppos.
964 2370 995 2374 —

150 2396 219 2418 Paulo
236 2400 286 2418 ante
303 2397 370 2419 codd.
384 2397 398 2418 F
409 2397 426 2419 K
438 2397 455 2419 U
472 2397 589 2426 sperando
612 2397 636 2419 in
655 2397 738 2420 Deum.
756 2398 824 2420 Paulo
841 2397 934 2420 inferius
952 2404 994 2425 pro

149 2434 247 2465 inquom
263 2435 331 2458 codd.
349 2437 393 2458 AG
404 2436 421 2458 H
432 2436 436 2457 Ι
447 2436 493 2458 ΚΝ
504 2436 519 2458 Ζ
537 2435 561 2458 in
578 2437 707 2466 quantum,
727 2440 749 2459 ct
771 2443 812 2464 pro
836 2442 917 2459 omnes
939 2435 994 2459 illas

149 2473 216 2496 codd.
235 2474 253 2496 K
265 2474 283 2496 M
293 2473 311 2495 Ο
328 2480 409 2497 omnes
425 2473 494 2497 alius.

210 2511 220 2526 ³
237 2511 293 2534 Edd.
304 2513 400 2541 ponant.
413 2511 468 2534 Cod.
481 2512 513 2534 bb
525 2512 587 2535 unde
598 2512 666 2542 [cod.
679 2513 695 2535 Z
706 2512 773 2541 inde]
786 2512 884 2543 quidam
895 2514 993 2543 ponunt.

211 2549 220 2564 ⁴
238 2550 295 2572 Vide
312 2551 414 2573 scholion
432 2551 461 2572 ad
478 2551 654 2578 praecedentem
673 2555 761 2580 quaest.

211 2589 221 2603 ⁵
239 2589 319 2611 esaim.
337 2589 359 2617 7,
380 2590 398 2611 l.
413 2601 445 2606 —-
461 2590 552 2616 Gtossa,
570 2597 629 2619 quae
646 2591 709 2618 apud
727 2591 842 2618 Lyranum
856 2595 891 2614 est
907 2591 994 2614 interti-

148 2627 241 2656 neoris,
255 2628 317 2656 apud
335 2628 425 2650 Pctrurn
439 2629 606 2656 Lomhardum,
621 2630 642 2652 in
657 2630 716 2652 hunc
729 2630 778 2658 loc„
791 2631 823 2652 sic
834 2633 910 2653 sonat:
932 2639 942 2650 ι
953 2631 994 2653 Do·

149 2668 210 2690 mine
227 2668 330 2689 omnium
349 2674 390 2695 per
413 2668 547 2695 potentiam,
565 2669 601 2690 cui
624 2668 722 2690 debetur
739 2669 812 2697 dulia,
835 2669 877 2699 qui
901 2675 925 2692 es
947 2676 994 2692 οη]-

149 2707 212 2728 ηἱυιη
231 2712 272 2733 per
289 2701 451 2728 recreationem
471 2706 544 2734 Deus,
564 2708 600 2728 cui
618 2707 715 2730 debetur
733 2708 828 2730 latria».
847 2710 950 2736 August..
971 2708 993 2730 ΙΙ.

150 2744 241 2772 Quaest.
259 2745 280 2766 iu
299 2744 441 2767 Pentateuch.
459 2751 480 2773 q.
500 2745 540 2772 nt,
553 2745 581 2767 nd
600 2746 654 2768 illud
667 2746 735 2768 Exod.
754 2747 796 2774 23,
815 2748 856 2769 33:
874 2746 902 2770 Si
912 2746 994 2770 seroie-

150 2782 184 2805 ris
200 2782 244 2805 diis
261 2789 345 2805 eorum
356 2786 397 2805 etc.
411 2783 533 2806 observat:
547 2785 586 2806 liic
603 2785 704 2807 Graecus
716 2785 839 2815 δουλεύσῃς
857 2786 936 2814 habnt,
949 2792 993 2808 nou

149 2820 282 2851 λατρεὺσῃς.
302 2822 364 2844 Unde
390 2823 532 2851 intelligitur,
550 2824 603 2852 quia
620 2828 643 2847 et
660 2822 752 2846 δουλεία
769 2825 867 2848 debetur
885 2825 930 2847 Deo
949 2828 994 2847 tan·

149 2866 219 2889 quam
238 2861 345 2888 Domino,
362 2859 457 2890 λατρεία
473 2868 528 2884 vero
546 2863 634 2884 nonnisi
653 2863 698 2885 Deo
717 2866 824 2892 tunquam
843 2864 896 2886 Deo.

212 2899 222 2914 ⁶
239 2899 266 2921 Ut
282 2900 409 2922 ostenditur
426 2901 481 2922 infra
495 2900 516 2923 d.
536 2901 572 2923 23.
585 2908 604 2923 n.
628 2902 644 2923 Ι.
662 2909 683 2930 q.
703 2902 723 2923 3.
737 2914 766 2917 -—
779 2902 800 2923 lu
819 2903 862 2924 hoe
879 2905 901 2924 ct
912 2903 933 2924 iu
945 2908 993 2930 seq.

149 2944 199 2966 arg.
216 2939 294 2966 plures
311 2939 378 2962 codd.
396 2945 438 2962 uec
454 2946 499 2962 non
511 2940 564 2963 edd.
586 2941 606 2968 1,
625 2942 638 2962 2
657 2947 699 2968 pro
711 2947 779 2964 omne
791 2945 919 2964 constanter
935 2943 995 2963 exhi-

151 2976 204 2999 bent
221 2982 275 2999 esse.

1114 2241 1125 2255 ⁷
1143 2241 1200 2263 Vide
1218 2242 1275 2263 infra
1293 2241 1315 2264 d.
1333 2242 1369 2264 27.
1388 2249 1408 2264 a.
1430 2243 1447 2265 1.
1466 2249 1487 2272 q.
1506 2244 1527 2265 ⁴2.

1117 2280 1127 2295 ⁸
1142 2281 1201 2302 llaec
1220 2281 1346 2308 propositio
1368 2282 1505 2309 supponitur
1522 2282 1551 2304 ab
1574 2283 1671 2310 Aristot.v
1691 2284 1735 2306 vu.
1758 2285 1824 2312 Phys.
1847 2288 1898 2308 tcxt.

1052 2320 1130 2342 21-35.
1149 2320 1183 2348 (c.
1202 2319 1232 2348 4.)
1251 2324 1273 2343 et
1291 2320 1313 2342 ΙΙ.
1326 2320 1354 2342 de
1372 2321 1475 2343 Generat.
1493 2324 1514 2343 et
1526 2324 1625 2349 corrupt.
1645 2324 1695 2345 text.
1709 2323 1744 2345 37.
1759 2325 1787 2350 (c.
1801 2325 1840 2353 6.).
1853 2325 1898 2347 Csr.

1051 2359 1118 2380 etiam
1132 2362 1185 2381 tom.
1200 2359 1222 2381 u.
1241 2366 1293 2387 pag.
1307 2359 1363 2388 659,
1376 2363 1427 2382 nota
1440 2360 1461 2382 7.
1474 2373 1504 2376 —
1517 2361 1565 2383 Mox
1579 2368 1620 2389 pro
1632 2368 1680 2385 uon
1691 2362 1738 2385 sint
1753 2363 1817 2386 multi
1830 2364 1898 2386 codd.

1051 2403 1099 2420 non
1116 2398 1178 2420 sunt.

1113 2436 1123 2451 ⁹
1141 2437 1220 2459 psalm.
1234 2438 1274 2465 98,
1288 2437 1309 2460 5.
1323 2450 1352 2454 —
1364 2438 1395 2460 De
1412 2439 1491 2460 (nossa
1513 2439 1608 2467 allegata
1627 2440 1680 2462 vide
1692 2446 1761 2468 supra
1776 2447 1827 2469 pag.
1845 2442 1896 2469 200,

1051 2478 1102 2497 nota
1121 2475 1218 2498 4.-Ιη
1237 2479 1295 2498 textu
1318 2477 1399 2505 origin.
1417 2477 1509 2499 Glossnc.
1533 2484 1574 2500 nec
1597 2484 1641 2500 nou
1659 2480 1681 2500 in
1705 2479 1772 2501 codd.
1790 2480 1836 2508 AQ
1855 2487 1897 2508 pro

1050 2521 1111 2544 quae
1127 2515 1172 2537 soli
1188 2515 1236 2537 Deo
1258 2516 1341 2543 iegitur
1357 2522 1418 2545 quac
1439 2515 1485 2538 soli
1502 2515 1622 2545 Creatori,
1646 2521 1668 2540 ct
1691 2518 1812 2540 iu⁴eoden1
1836 2521 1895 2542 textu

1051 2554 1258 2576 contradicentibus
1275 2555 1392 2582 originali.
1410 2555 1462 2577 edd.
1481 2558 1503 2577 et
1519 2556 1635 2578 nonnullis
1652 2557 1720 2579 codd.
1739 2564 1780 2585 pro
1798 2564 1896 2581 uitam...

1050 2592 1152 2615 alteram
1176 2591 1245 2622 [edd.
1271 2592 1375 2621 aliam]
1403 2594 1494 2621 plurimi
1517 2594 1584 2616 codd.
1611 2601 1683 2617 una...
1707 2595 1799 2624 amera,-
1822 2597 1897 2619 minus

1051 2638 1160 2659 congrue.
1177 2631 1240 2654 Circa
1259 2632 1327 2653 fluctu
1345 2638 1394 2659 arg.
1414 2631 1462 2653 Vnt.
1481 2638 1533 2654 curu
1552 2633 1666 2655 nonnullis
1683 2634 1750 2656 codd.
1768 2637 1790 2657 et.
1804 2635 1855 2657 edd.
1880 2636 1897 2662 Ι,

1052 2671 1065 2692 2
1083 2677 1124 2698 pro
1142 2669 1237 2693 debetur
1257 2670 1372 2693 substituit
1389 2669 1509 2698 (labentur,
1531 2675 1553 2694 ct
1570 2672 1621 2694 ‹lotn
1639 2673 1686 2694 solu
1705 2676 1755 2701 post
1772 2675 1793 2696 et
1815 2674 1894 2702 (latia,

1051 2715 1111 2738 qum
1128 2710 1239 2731 intorserit
1257 2709 1366 2732 Creatori
1381 2710 1402 2732 el
1418 2711 1544 2733 creatio-ae
1561 2710 1683 2734 debentur.

1114 2747 1132 2761 ¹⁰
1148 2747 1192 2770 Ct'r.
1212 2751 1264 2770 tom.
1279 2748 1301 2770 tt.
1319 2754 1372 2776 pag.
1386 2748 1439 2776 561,
1457 2752 1507 2770 uota
1521 2749 1549 2774 3:
1569 2756 1621 2777 pag.
1635 2750 1691 2778 035,
1705 2755 1755 2773 uota
1769 2751 1790 2774 5.
1808 2754 1829 2774 ct
1842 2759 1895 2781 pag.

1051 2785 1108 2813 553,
1123 2789 1172 2807 nuta
1192 2787 1211 2807 G.
1222 2786 1309 2807 -Μιικ
1323 2790 1374 2814 post
1390 2785 1486 2809 ‹letwlm-
1503 2787 1549 2810 Deo
1562 2788 1629 2811 codd.
1649 2790 1663 2811 A
1677 2790 1690 2810 Ι)
1700 2790 1718 2817 Q
1729 2789 1760 2812 hh
1772 2790 1897 2813 subiiciunt

1052 2825 1077 2847 ul
1090 2824 1149 2851 Deo,
1169 2824 1232 2852 quod
1250 2825 1271 2846 in
1290 2827 1374 2846 textum
1394 2826 1530 2853 reccffirnus.
1543 2827 1645 2850 Subinde
1658 2832 1710 2855 post
1726 2830 1747 2851 el
1767 2829 1833 2852 dulia
1846 2830 1895 2852 Vnt.

1051 2869 1103 2885 cum
1127 2864 1212 2891 aliquot
1234 2863 1301 2886 codd.
1325 2865 1406 2891 repetit
1428 2864 1520 2893 cattus,
1544 2869 1566 2888 et
1588 2872 1629 2894 pro
1655 2866 1697 2896 qut*
1716 2867 1812 2890 debetur
1837 2868 1895 2891 hcnc

1052 2902 1114 2923 multi
1133 2902 1200 2924 codd.
1220 2902 1303 2924 hain-nt
1320 2908 1380 2931 quae
1397 2903 1500 2926 debetur.

1114 2940 1130 2954 ¹¹
1149 2940 1193 2963 err.
1211 2942 1266 2963 iufra
1286 2942 1307 2963 d.
1326 2941 1362 2964 34.
1380 2949 1402 2970 p.
1420 2943 1434 2964 l.
1452 2950 1471 2966 a.
1490 2945 1510 2966 2.
1528 2950 1550 2973 q.
1572 2944 1589 2966 1,
1607 2948 1628 2967 et
1645 2945 1667 2967 d.
1686 2945 1722 2967 35.
1740 2952 1762 2974 q.
1784 2946 1801 2968 1,
1819 2952 1867 2975 seq.
