2166 3366
269 170 326 197 278

267 247 315 269 Hal.
334 245 365 274 (S.
384 254 406 275 p.
425 247 455 268 111.
475 253 496 275 q.
519 247 551 268 12.
574 252 604 268 m.
627 247 644 268 1.
666 252 686 268 a.
714 245 741 274 l.)
764 246 912 273 distinguitur
935 245 1020 273 duplex
1044 246 1115 273 gratia

268 287 369 313 unionis,
388 287 473 308 scilicet
497 287 568 314 gratia
587 286 677 307 unionis
694 284 836 313 disponens,
856 291 915 313 quae.
933 287 966 307 est
984 287 1071 312 creata,
1094 287 1116 307 et

268 325 388 354 complens
412 326 461 347 sive
488 324 622 352 perficiens,
649 330 708 352 quae
734 326 768 346 est
792 324 899 345 increata.
925 323 970 345 Nec
991 323 1013 345 S.
1032 323 1115 345 Thom.

268 365 376 387 abhorret
393 364 421 386 ab
440 365 482 386 hoc
500 370 543 385 usu
561 364 672 390 nominis,
699 363 721 384 in
747 362 875 385 Comment.
902 363 948 387 (hic
965 369 987 391 q.
1007 363 1027 384 3.
1046 368 1065 384 a.
1088 363 1115 391 l.)

267 405 356 431 dicens,
375 404 471 431 gratiam
489 403 580 425 unionis
603 409 671 430 posse
688 403 766 424 vocari
789 410 798 421 a
811 408 879 424 omne
897 402 951 424 illud
970 401 1033 430 quod
1052 402 1117 424 dccet

267 447 372 466 naturam
391 444 515 465 humanam
534 442 579 464 Deo
597 443 697 469 unitam,
716 442 749 463 sic
764 448 790 463 ex
805 446 869 469 parte
886 442 1002 468 corporis,
1020 442 1078 463 sicut
1090 447 1116 463 ex

268 486 331 510 parto
350 483 455 508 animac3
473 484 495 504 et.
512 482 544 504 sic
561 482 629 504 etiam
656 482 727 509 gratia
748 482 837 503 unionis
855 483 888 502 cst
905 480 961 509 quid
979 484 1115 502 creatum».

267 520 353 542 Eodem
371 520 441 542 modo
459 520 584 548 loquuntur
596 520 618 542 S.
632 520 716 541 Bonav.
737 520 844 547 (passim,
859 522 882 541 ut
895 520 949 541 lor-c.
963 520 1007 541 citt.
1020 522 1042 541 et
1059 519 1115 540 infra

267 565 286 580 a.
305 560 325 581 ⁶3.
345 566 367 587 q.
381 559 411 587 2.)
430 559 512 587 aliique
531 559 625 587 antiqui.
639 571 668 574 —-
681 559 712 580 Dc
731 558 850 585 relatione,
868 564 927 586 (piae
945 561 979 580 est
996 559 1054 580 inter
1071 560 1116 580 tres

267 599 355 628 priores
373 599 461 626 specics
479 599 579 626 gratiae,
599 599 638 620 cfr⁴
656 599 714 620 infra
732 605 751 620 a.
770 599 790 620 2.
810 604 831 626 q.
854 598 871 620 1.
890 598 911 619 2.

332 638 381 660 Duo
398 641 474 660 autem
493 639 586 660 omnino
604 640 718 665 constant,
737 638 821 659 scilicet
837 636 929 666 primo,
955 637 1018 665 quod
1041 637 1116 658 anima

268 676 348 700 Christi
367 681 445 699 ornata
465 678 505 700 suit
523 677 599 699 habitu
626 678 713 704 gratiae
730 678 823 699 creatae
841 680 863 699 et
880 676 1047 704 accidentalis,
1067 676 1118 698 licet

268 717 311 739 hoe
328 717 453 745 antiquitus
471 724 482 738 a
501 717 580 744 paucis
597 716 702 738 obscuris
729 717 841 744 theologis
864 720 972 744 aeguum
991 722 1040 738 esse
1059 715 1117 737 dica-

268 760 319 783 tur;
337 755 454 784 sectante,
475 756 538 784 quod
556 757 577 777 in
600 755 689 778 Christo
714 756 801 777 ratione
826 755 918 777 (livinae
942 761 1054 783 personae
1078 756 1118 777 fuit

268 795 375 816 sanctitas
392 794 497 817 increata
509 813 514 821 ‚
534 793 697 817 substantialis
715 797 736 815 ct
753 793 892 823 personatis.
910 794 982 816 Facile
1001 795 1069 815 ctiam
1087 794 1117 815 in-

268 834 387 861 telligitur,
414 835 472 855 hanc
490 834 585 861 gratiam
604 833 775 855 substantialem
795 839 906 861 personae
924 833 947 854 vi
965 834 1055 855 unionis
1079 833 1117 860 hy-

268 873 391 899 postaticae
408 879 458 894 esse.
476 873 540 900 quasi
560 871 664 895 radicem
683 878 723 893 nec
740 878 784 893 noa
803 877 902 894 causam
915 871 1049 901 efficientem
1067 877 1117 899 gra—

267 912 311 933 tiae,
323 914 423 939 creatae,
437 918 496 939 quac
509 911 537 933 ab
549 912 598 938 ipsa
613 912 696 937 oritur,
715 910 840 938 dependet,
860 909 1006 937 digniticatur
1017 914 1039 932 et
1052 910 1116 938 quasi

268 951 409 972 informatur.
428 963 457 966 —
476 951 578 972 Attamen
597 950 674 979 quoad
700 950 901 972 sanctificationem
929 950 1001 977 ipsius
1027 950 1117 971 animae

267 988 348 1011 Christi
367 989 395 1011 ab
414 990 507 1017 antiquo
530 989 571 1011 tuit
592 989 688 1011 celebris
711 990 879 1016 controversia,
906 993 927 1011 et
953 988 1029 1017 quoad
1048 988 1117 1010 subti-

268 1029 335 1050 liores
353 1029 498 1057 quaestiones
520 1030 598 1051 variae
616 1029 673 1051 intcr
691 1029 829 1056 posteriores
848 1028 967 1056 theologos
984 1032 1047 1050 ortae
1064 1031 1118 1050 sunt

267 1069 394 1095 opiniones.
412 1068 443 1090 De
462 1068 547 1097 quibus
565 1069 621 1090 haec
639 1072 752 1090 notamus.

332 1107 354 1128 11.
382 1107 399 1128 1.
425 1107 489 1129 Num:
520 1108 673 1129 communiter
698 1106 853 1136 sanctificatio
878 1105 1042 1129 substantialis
1068 1107 1117 1128 sive

268 1145 346 1168 unctio
364 1145 544 1174 substantialis,
564 1153 609 1174 qua
629 1147 703 1167 anima
717 1145 798 1168 Christi
817 1145 841 1167 fit
858 1145 961 1167 absoluto
977 1148 1067 1173 sancta,
1087 1145 1117 1167 cli-

268 1186 389 1213 stinguitur
406 1192 417 1207 a
437 1185 613 1207 sant-tifieationa
630 1184 771 1208 accidentali
782 1186 804 1206 vi
817 1185 903 1212 gratiae
917 1184 1044 1207 habitualis.
1058 1185 1117 1206 llaec

267 1227 342 1246 autem
362 1225 468 1246 sanctitas
485 1223 648 1247 substantialis
665 1231 708 1246 nou
722 1225 853 1252 intelligitur
866 1225 887 1245 in
901 1224 944 1246 hoc
956 1230 1037 1251 sensu,
1051 1224 1116 1252 quasi

268 1265 342 1285 anima
367 1264 494 1286 secundum
521 1270 586 1286 suam
604 1263 762 1286 substantiam
785 1264 820 1285 vel
839 1264 961 1285 essentiam
979 1264 1007 1285 sit
1024 1266 1099 1285 sancta
1111 1281 1116 1291 ,

267 1303 307 1325 sed
326 1304 346 1324 in
366 1304 420 1330 hoc,
439 1303 502 1332 quosl
520 1303 602 1325 habeat
619 1304 761 1325 sanctitatem
780 1303 952 1325 substantialem
971 1302 1013 1325 sibi
1030 1303 1115 1324 unitam

268 1344 289 1364 111
307 1348 356 1365 esse
372 1342 500 1371 personali.
519 1343 591 1370 ipsius
609 1343 668 1364 Scoti
682 1342 809 1370 discipulus
822 1342 954 1364 Frassenius
967 1343 1058 1367 (scotus
1069 1348 1117 1364 aca-

267 1382 383 1409 demicus,
402 1382 431 1404 de
449 1383 533 1403 incarn.
553 1385 571 1403 tr
600 1382 617 1403 l.
637 1381 696 1409 disp.
716 1382 736 1403 ¹2.
754 1387 773 1403 a.
792 1382 813 1403 2.
831 1385 885 1403 set-t.
908 1381 925 1403 1.
943 1388 965 1409 (1.
988 1381 1015 1409 1.)
1039 1381 1118 1403 desen—

268 1421 299 1443 dit
318 1422 375 1443 hanc
393 1421 579 1443 conclusionem:
606 1421 688 1442 Anima
716 1419 797 1442 Christi
824 1421 924 1448 Domini,
942 1421 1030 1443 seclusa
1054 1421 1116 1442 omni

267 1460 352 1488 gratia,
372 1462 415 1481 tam
435 1460 515 1482 actuali
539 1466 608 1488 quam
638 1460 759 1487 habituali,
786 1466 865 1482 revera
892 1462 941 1482 erat
957 1463 1046 1487 sancta,
1070 1460 1117 1482 Deo

266 1502 330 1527 grata
348 1503 370 1522 et
387 1504 479 1527 accepta
497 1500 519 1521 in
537 1499 617 1521 ordine
635 1499 663 1521 ad
683 1499 846 1521 beatitudinem
860 1506 901 1527 per
912 1500 1052 1521 sanctitatem
1065 1506 1118 1528 prr-

266 1538 373 1561 soaalem
390 1545 416 1561 ac
433 1538 645 1561 substantialem».
664 1539 721 1561 Huic
738 1539 873 1561 contradicit
886 1539 986 1561 Durand.
1000 1539 1041 1567 (111.
1056 1539 1116 1561 Seat.

267 1578 289 1600 d.
307 1579 339 1600 1-2.
352 1585 373 1607 q.
390 1579 428 1606 2,),
447 1578 648 1600 sanctificationem
667 1578 826 1606 restringendo
844 1578 872 1600 ad
891 1579 987 1606 gratiam
1005 1581 1116 1606 creatam,

267 1618 382 1646 simulque
401 1618 477 1640 nititur
493 1617 629 1640 subvertere.
647 1617 817 1639 tandamentatc
835 1618 990 1646 principium:
1011 1619 1117 1640 Actiones

267 1660 320 1680 sunt
331 1658 516 1685 suppositorum,
528 1657 591 1685 quasi
606 1657 648 1678 hoc
662 1657 834 1684 intelligendum
847 1658 875 1679 sit
887 1660 973 1680 tantum
987 1657 1116 1679 secundum

267 1695 480 1719 denominationem
489 1705 498 1724 ,·
516 1696 578 1725 quod
596 1698 630 1718 cst
647 1700 724 1718 contra
743 1697 764 1718 S.
779 1697 860 1719 Thom.
877 1697 908 1719 (S.
923 1697 954 1718 111.
967 1703 990 1725 q.
1003 1697 1024 1719 7.
1037 1703 1056 1719 a.
1074 1697 1116 1725 13.)

267 1736 376 1764 aliosque.
395 1736 464 1757 Etiam
485 1736 575 1763 plurimi
589 1736 646 1758 inter
662 1736 769 1758 Scotistas
785 1739 807 1758 ct
819 1735 947 1758 Nominales
959 1736 1117 1758 sanctificatio-

267 1780 319 1796 nem
330 1773 486 1797 humanitatis
495 1774 675 1802 substantialem,
688 1775 766 1797 saltem
778 1775 799 1796 in
809 1780 876 1797 sensu
888 1775 983 1802 formali,
995 1774 1116 1803 negabant,

268 1818 336 1842 atquo
353 1813 426 1836 verba
452 1814 485 1836 Ss.
512 1813 616 1841 patrum,
640 1814 703 1842 quod
722 1814 852 1836 humanitas
869 1813 950 1835 Christi
969 1820 979 1835 a
999 1813 1116 1836 divinitate.

268 1853 333 1875 fuerit
358 1853 508 1881 sanctificata,
536 1856 614 1880 uncta,
637 1852 738 1875 deificata
766 1850 905 1880 (Οεωθεῗσα),
928 1852 1072 1880 explicabant
1094 1853 1116 1874 in

267 1898 334 1914 sensu
354 1891 462 1920 caasali,
482 1892 517 1914 vel
535 1891 630 1915 morali.
649 1892 692 1920 Qui
710 1896 785 1914 autem
804 1892 897 1920 proprie
914 1892 1115 1914 sanctificationem

268 1931 439 1954 substantialem
458 1932 591 1959 admittunt,
610 1933 692 1953 iterum
705 1931 816 1953 dissident
828 1932 848 1953 iu
863 1931 963 1953 ulteriori
976 1932 1116 1960 quaestione,

268 1975 345 1993 utrum
364 1971 420 1993 naec
437 1971 585 1993 sanctificatio
611 1971 735 1993 formaliter
754 1971 782 1992 sit
799 1977 810 1992 a
832 1971 923 1993 viatura
942 1970 1034 1998 divina,
1058 1976 1085 1991 an
1104 1976 1115 1991 a

266 2009 435 2038 personalitate
454 2010 523 2032 Verbi
540 2010 647 2037 seorsim,
665 2016 693 2031 an
712 2009 741 2031 ab
758 2010 860 2038 atraque
872 2009 1023 2036 coniunctim,
1042 2015 1069 2031 an
1088 2008 1117 2031 ab

268 2050 316 2076 ipsa
335 2048 422 2071 unione
439 2048 601 2079 hypostatica,
622 2052 690 2077 prout
702 2049 755 2071 dicit
769 2055 852 2070 nexum
870 2048 995 2071 divinitatis
1012 2054 1065 2070 curn
1078 2049 1117 2070 hu·

269 2089 376 2110 manitate
388 2088 441 2116 (pro
454 2095 498 2117 qua
512 2092 575 2116 parte
590 2089 620 2110 De.
635 2089 747 2110 Barbcriis
759 2082 856 2116 explieat
873 2088 895 2110 S.
914 2088 1116 2116 Bonaventuram).

332 2129 352 2150 ⁵2.
370 2128 430 2150 Scoti
448 2129 517 2156 igitur
534 2128 639 2156 discipuli
659 2134 711 2150 cum
731 2128 844 2150 lliehardo
862 2135 872 2149 a
892 2128 949 2150 Med.
967 2131 989 2150 et
1006 2128 1054 2149 aliis
1072 2134 1116 2149 non

269 2168 349 2195 paucis
366 2167 546 2190 contendebant.
564 2166 645 2189 Christi
659 2167 823 2188 humanitatem
836 2166 971 2188 sanctificari
982 2165 1118 2195 formaliter

268 2213 310 2234 per
328 2207 423 2234 gratiam
443 2206 594 2233 habitualem,
614 2212 657 2227 non
676 2207 698 2227 vi
717 2206 807 2227 unionis
830 2206 986 2233 hypostaticae
1004 2206 1045 2227 nisi
1063 2211 1117 2228 catt-

268 2245 350 2268 saliler
366 2248 388 2267 et
405 2244 529 2268 moraliter
539 2253 548 2272 ,·
565 2251 591 2266 ex
610 2251 656 2273 quo
668 2244 848 2270 concludebant,
862 2245 959 2272 gratiam
978 2244 1116 2266 habitualem

270 2285 337 2307 tuisse
355 2283 513 2307 'necessariam
525 2303 531 2312 ,
551 2287 575 2306 ut
592 2285 666 2306 anima
692 2283 774 2306 Christi
800 2283 953 2306 sanctificetur
974 2283 1116 2312 formaliter.

269 2324 338 2346 lidcm
365 2328 491 2352 provocant
508 2324 537 2346 ad
555 2324 628 2351 ipsius
645 2324 667 2346 S.
686 2324 790 2345 Thomas
806 2323 877 2345 verba
897 2324 942 2348 (hie
959 2330 981 2352 q.
1004 2323 1020 2345 l.
1039 2330 1058 2344 a.
1081 2323 1116 2350 l.),

947 167 1200 196 SENTENTIARUM
1222 167 1281 196 Ltss.
1305 167 1344 195 lll.

1174 246 1213 274 qui
1231 246 1327 274 loquens
1345 245 1373 268 dc
1392 246 1523 267 necessitate
1541 246 1639 273 gratiae,
1659 247 1682 267 ut
1699 247 1773 267 anima
1792 245 1873 268 Christi
1891 246 2023 274 perficiatur

1173 284 1298 307 formaliter
1315 286 1335 306 in
1355 291 1403 307 esse
1421 285 1543 313 spirituali,
1561 285 1695 312 subiungit:
1716 293 1725 305 <t
1741 285 1814 307 Deitas
1832 288 1907 307 autem
1927 291 1970 307 non
1988 289 2021 308 ost

1173 323 1321 352 formaliter,
1342 324 1381 346 sed
1404 324 1505 353 effecta-e
1524 324 1644 351 perficiens
1663 325 1749 352 ipsam3
1768 324 1830 346 unde
1847 327 1937 352 oportet
1954 325 2020 346 aliam

1174 364 1271 385 formam
1290 367 1387 385 creatam
1407 364 1427 385 iu
1447 364 1496 391 ipso
1514 369 1611 391 ponere,
1630 369 1674 391 qua
1692 362 1828 391 formaliter
1845 363 1988 391 perficiatur,
2002 366 2024 385 et

1175 403 1230 423 haec
1247 405 1280 423 est
1297 403 1368 429 gratia
1384 411 1403 424 u.
1423 402 1447 424 Et
1465 402 1549 424 ibidem
1569 402 1597 424 ad
1616 402 1643 424 3:
1666 410 1676 421 a
1689 402 1737 424 Lux
1762 403 1816 424 solis
1841 405 1863 424 ct
1886 403 1922 424 lux
1940 402 2024 424 eande-

1175 441 1218 467 lae,
1237 444 1362 469 utrumque.
1388 444 1420 463 est
1438 442 1511 463 active.
1529 441 1675 468 illuminans,·
1693 441 1733 463 sed
1752 441 1827 463 Deitas
1844 445 1866 463 et
1882 442 1953 469 gratia
1978 448 2021 463 non

1174 481 1206 502 sic
1224 486 1248 502 se
1267 480 1362 507 habent,
1380 480 1420 502 scd
1440 487 1511 502 unum
1529 481 1639 502 illuminat
1657 482 1743 508 active,
1755 481 1851 502 ala-rum
1866 481 2022 503 formaliter».

1175 519 1218 540 Sed
1245 525 1297 541 cum
1325 520 1380 541 hacc
1406 519 1463 541 dieta
1482 520 1526 542 sint
1543 523 1619 542 contra
1639 526 1678 541 eos
1704 520 1742 548 qui
1769 521 1864 547 gratiam
1885 519 2022 542 habitualem

1174 557 1263 580 Christo
1281 559 1374 579 omnino
1392 558 1517 586 denegant,
1533 559 1568 580 alii
1584 559 1692 580 videntur
1704 558 1774 580 verba
1788 564 1835 581 aon
1847 558 1981 587 somnuliter
1993 559 2023 580 in-

1175 598 1294 624 terpretari
1309 597 1336 618 do
1349 597 1385 619 tali
1399 598 1536 625 perfectione
1550 598 1649 625 formali,
1663 604 1722 626 quae
1736 597 1759 619 nt
1773 604 1814 625 per
1831 598 1927 619 formam
1944 597 2025 620 inhae-

1175 637 1271 658 rentem.
1293 648 1323 651 ——
1340 636 1443 658 Nonnulli
1462 637 1583 659 admittunt
1601 637 1708 665 quidem,
1727 637 1790 666 quod
1814 637 1920 659 dixinitas
1942 643 1983 664 per
1999 643 2023 659 se.

1175 675 1260 702 ipsam,
1274 678 1386 703 quatenus
1399 676 1548 703 personaliter
1567 677 1643 697 unitur
1655 677 1744 698 animae
1757 675 1850 704 Christi,
1864 683 1914 698 eam
1928 676 2022 698 sanctifi-

1175 716 1219 741 cet,
1232 714 1271 735 sed
1285 713 1434 737 civilia-secas
1447 717 1533 736 tantum
1546 719 1566 736 et
1579 715 1710 742 moraliter,
1726 722 1769 737 non
1783 715 1926 739 intrinsecus
1938 715 2024 745 111ρῖ1]-

1174 751 1227 774 sice.
1241 764 1270 767 ---
1283 752 1323 773 Alii
1343 753 1442 781 denique
1460 756 1558 780 ponunt,
1572 754 1595 775 vi
1608 755 1697 776 unionis
1710 755 1865 781 hypostaticae
1880 760 1932 776 cum
1947 754 2023 776 Verbo

1174 791 1274 812 animam
1293 791 1373 814 Christi
1392 792 1525 814 sanctificari
1545 799 1588 814 non
1602 795 1688 815 tantum
1701 793 1839 816 radicaliter
1851 798 1872 815 et
1884 793 2020 821 causaliter,

1175 830 1209 851 vel
1228 829 1352 853 moraliter
1369 834 1391 852 et
1408 831 1563 859 eati-insecus,
1583 831 1702 854 sedetiam
1720 832 1862 861 formaliter,
1881 831 2023 855 intrinsecus

1174 872 1196 891 et
1212 869 1313 899 physice.
1340 870 1387 892 Hoc
1404 874 1480 892 autem
1498 871 1611 898 explicant
1629 871 1748 898 docentes,
1767 872 1830 900 quod
1848 872 1954 893 sanctitas
1971 871 2024 893 sub-

1174 909 1283 931 stantialis
1301 909 1370 931 modo
1388 910 1567 932 eminentissimo
1586 910 1647 932 idem
1674 913 1773 938 praestat
1790 913 1811 932 et
1828 911 1942 938 amplius,
1960 910 2022 939 quod

1175 948 1247 970 farma
1266 952 1339 970 ereata
1366 950 1501 976 sanethatis,
1524 949 1573 972 licet
1591 955 1635 971 non
1654 950 1681 971 sii.
1698 949 1770 971 forma
1789 950 1915 971 inhaerens.
1935 950 1959 971 Et
1982 955 2023 977 pro

1175 987 1347 1009 confirmatione
1365 989 1421 1010 haec
1438 988 1540 1010 addunt:
1559 989 1616 1011 sicut
1635 989 1709 1010 anima
1736 988 1817 1011 Christi
1841 995 1881 1016 per
1898 988 2024 1011 subsisten-

1175 1026 1228 1048 tiam
1248 1026 1316 1048 Verbi
1335 1030 1369 1048 est
1384 1025 1520 1055 formaliter
1536 1026 1680 1055 subsistens,
1705 1028 1758 1056 quin
1782 1028 1821 1049 ista
1840 1027 1985 1050 subsistentia
2003 1028 2022 1049 ei

1176 1067 1267 1088 uniatur
1285 1071 1308 1089 ut
1326 1067 1397 1089 forma
1416 1068 1537 1089 inhaerens
1554 1070 1575 1088 et
1594 1068 1686 1095 proprie
1699 1068 1839 1092 informans:
1853 1068 1885 1089 sic
1897 1067 1977 1089 cadem
1991 1070 2024 1089 est

1175 1105 1310 1134 formaliter
1335 1107 1418 1129 sancta
1446 1113 1486 1133 per
1509 1107 1741 1128 communicationem
1768 1107 1891 1129 sanctitatis
1917 1107 2023 1134 (livinae,

1175 1145 1229 1172 quin
1249 1146 1304 1167 haec
1321 1145 1403 1167 subeat
1420 1146 1616 1173 imperfectionem
1644 1146 1730 1167 formae
1757 1146 1901 1168 inhaerentis.
1920 1146 1960 1168 [lic
1978 1146 2024 1168 ulti·

1175 1190 1227 1205 mus
1245 1184 1328 1206 modus
1345 1184 1435 1206 (licendi
1454 1184 1546 1206 videtur
1563 1185 1703 1206 conformior
1721 1191 1770 1206 esse
1783 1184 1861 1207 verbis
1873 1185 1907 1207 Ss.
1921 1185 2023 1213 Patrum,

1175 1224 1308 1250 prta-sertim
1327 1224 1475 1245 Graecorum.

1238 1263 1259 1284 3.
1278 1262 1320 1290 Qui
1339 1266 1429 1290 putant,
1455 1262 1518 1291 quod
1541 1263 1615 1284 anima
1634 1262 1716 1285 Christi
1734 1263 1756 1284 vi
1775 1263 1865 1285 unionis
1883 1269 1927 1284 non
1946 1263 2025 1285 saneti-

1175 1301 1254 1323 ficetur
1271 1300 1418 1329 formaliter,
1438 1301 1566 1323 absolutam
1581 1303 1736 1324 necessitatem
1750 1303 1835 1330 gratiae
1849 1302 1969 1324 habitualis
1980 1305 2025 1324 sta-

1175 1344 1250 1368 tuunt,
1270 1343 1293 1362 ut
1310 1342 1385 1362 anima
1404 1340 1484 1363 Christi
1503 1342 1531 1363 sit
1548 1340 1684 1369 formaliter
1700 1345 1784 1364 sancta.
1804 1342 1874 1363 Etiam
1897 1342 2024 1364 contrariae

1175 1381 1298 1402 sententiae
1317 1381 1405 1407 patroni
1423 1380 1539 1408 quandam
1558 1380 1662 1402 eiusdem
1682 1381 1838 1403 necessitatem
1856 1381 1979 1403 admittunt
1994 1380 2024 1403 ad

1175 1420 1229 1447 hoc,
1248 1422 1269 1441 ut
1289 1420 1396 1441 sanctitas
1413 1418 1494 1441 Christi
1513 1420 1540 1441 sit
1562 1418 1677 1449 completa
1694 1423 1716 1441 et
1733 1421 1898 1442 consummata
1916 1426 1942 1442 ex
1961 1422 2025 1447 parte

1176 1461 1269 1480 naturae
1295 1459 1421 1486 humanae,
1439 1461 1461 1480 et
1477 1462 1502 1480 ut
1518 1459 1593 1480 anima
1611 1459 1661 1481 eius
1683 1461 1791 1487 tanquam
1816 1458 1960 1488 principium
1977 1464 2023 1488 quo

1175 1498 1285 1525 operandi
1312 1498 1488 1520 connaturaliter
1511 1499 1583 1520 eliciat
1601 1501 1664 1520 actus
1690 1498 1777 1520 ordinis
1800 1498 1981 1526 supernaturalis
2003 1500 2026 1520 et

1176 1538 1310 1559 meritorios.
1329 1538 1350 1559 ln
1370 1538 1413 1559 hoc
1430 1541 1506 1559 autem
1524 1543 1591 1559 sensu
1612 1538 1713 1566 loquitur
1730 1538 1751 1559 S.
1771 1537 1856 1559 BonaV.
1875 1537 1905 1564 (ct
1922 1538 2025 1559 similiter

1175 1577 1197 1597 5.
1215 1576 1308 1604 Thom.)
1326 1575 1355 1597 de
1373 1576 1505 1598 necessitate
1524 1577 1592 1598 huius
1609 1577 1695 1604 gratiae
1708 1580 1807 1603 creatae,
1821 1579 1845 1598 ut
1857 1580 1918 1603 patet
1930 1582 1956 1598 ex
1968 1576 2026 1597 eius-

1175 1616 1227 1637 dem
1246 1616 1348 1638 ‹loctrina
1366 1622 1435 1643 supra
1455 1615 1476 1637 d.
1490 1616 1510 1637 2.
1523 1622 1542 1637 a.
1561 1615 1582 1637 3.
1595 1622 1616 1644 q.
1631 1616 1650 1637 2.
1669 1618 1690 1637 ct
1703 1616 1724 1637 (1Δ
1738 1615 1758 1637 [1.
1773 1622 1792 1637 a.
1806 1616 1826 1637 2.
1839 1622 1861 1644 q.
1875 1616 1895 1637 3.
1908 1616 2025 1643 explicata.

1239 1656 1269 1677 111,
1288 1656 1310 1677 S.
1328 1655 1413 1677 Bonav.
1432 1655 1467 1677 hie
1489 1661 1533 1677 non
1559 1655 1654 1677 intendit
1680 1656 1720 1677 nisi
1749 1655 1859 1682 probare,
1884 1655 2024 1676 sanctitatem

1175 1695 1282 1717 creatam
1299 1693 1388 1716 Christo
1406 1695 1495 1722 inesse,
1513 1694 1541 1716 de
1567 1694 1682 1721 praedicta
1709 1695 1878 1722 controversia,
1906 1700 1946 1721 per
1969 1693 2023 1722 quid

1175 1735 1249 1756 anima
1268 1733 1349 1756 Christi
1366 1733 1502 1762 formaliter·
1523 1733 1688 1761 sanctificetur,
1711 1734 1814 1761 explicito
1842 1739 1885 1755 uon
1913 1733 2024 1761 loquitur,

1174 1774 1245 1795 immo
1258 1773 1286 1795 (le
1299 1774 1346 1801 ipsa
1360 1774 1476 1795 sanctitate
1489 1772 1629 1795 substantiali
1642 1778 1695 1794 cum
1709 1773 1757 1794 aliis
1769 1773 1868 1800 antiquis
1880 1772 2024 1794 Scholasticis

1175 1812 1303 1835 distinctam
1327 1813 1485 1841 quaestionem
1512 1819 1555 1834 non
1579 1812 1653 1834 habat.
1676 1812 1827 1833 Nihilominus
1850 1812 1904 1833 satis
1925 1814 2024 1833 mentem

1174 1858 1239 1873 suam
1253 1851 1380 1874 manifestat
1396 1852 1418 1873 in
1437 1852 1539 1873 favorem
1557 1851 1661 1873 eiusdem
1680 1852 1715 1873 hic
1732 1851 1797 1873 solut.
1816 1850 1844 1872 ad
1858 1851 1878 1872 2.
1898 1851 1918 1872 3.
1936 1855 1990 1872 eta.
2003 1851 2024 1871 2.

1175 1898 1196 1920 q.
1214 1893 1231 1914 1.
1244 1892 1268 1919 2,
1288 1898 1328 1914 nec
1342 1898 1385 1913 non
1400 1898 1469 1919 supra
1484 1891 1505 1913 (1.
1519 1891 1539 1913 lt.
1552 1891 1608 1913 dub.
1624 1890 1648 1918 4,
1662 1891 1684 1913 (l.
1702 1891 1734 1912 12.
1747 1897 1767 1913 a.
1781 1891 1801 1912 2.
1815 1897 1836 1919 q.
1854 1891 1870 1912 l.
1885 1890 1945 1912 idem
1959 1890 2026 1912 doct-t

1175 1931 1235 1953 Alex.
1254 1931 1314 1957 llal.‚
1332 1931 1354 1952 S.
1373 1937 1394 1958 p.
1414 1931 1444 1953 111.
1463 1937 1484 1959 q.
1503 1931 1524 1953 8.
1539 1937 1569 1952 m.
1589 1930 1609 1952 3.
1628 1937 1647 1952 a.
1667 1930 1687 1952 [ι.
1705 1931 1726 1952 111
1746 1930 1802 1958 ano,
1820 1937 1842 1958 q.
1865 1930 1898 1952 11.
1917 1936 1946 1951 m.
1965 1930 1986 1951 3.
2004 1932 2026 1951 ct

1174 1977 1195 1998 q.
1219 1970 1251 1991 12.
1270 1976 1299 1992 m.
1317 1971 1334 1992 1.
1352 1977 1371 1991 a.
1395 1970 1411 1991 1.
1430 1970 1474 1991 Nec
1491 1969 1594 1991 dissentit
1606 1970 1628 1991 S.
1642 1969 1751 1997 Thomas,
1765 1970 1786 1991 S.
1801 1969 1832 1991 111.
1847 1975 1869 1998 q.
1886 1969 1907 1990 7.
1926 1976 1945 1990 a.
1966 1969 1986 1990 l.
2003 1972 2025 1990 ct

1179 2010 1218 2037 l3,
1239 2014 1313 2031 tamen
1332 2009 1408 2038 quoad
1427 2008 1547 2036 ordinem,
1568 2010 1605 2037 qui
1619 2012 1652 2031 est
1664 2009 1722 2030 inter
1739 2009 1834 2036 gratiam
1853 2008 1944 2030 unionis
1955 2011 1976 2029 et
1989 2008 2025 2029 ha-

1175 2048 1290 2076 bitualem,
1303 2049 1407 2076 explicite.
1419 2048 1499 2076 (locet,
1512 2048 1572 2070 illam
1585 2047 1677 2070 ratione
1688 2048 1738 2070 sive
1750 2048 1839 2070 aalma
1852 2054 1903 2069 esse.
1915 2047 2023 2075 priorem.

1240 2088 1275 2110 lV.
1294 2088 1325 2109 De
1343 2088 1391 2115 ipsa
1410 2088 1543 2116 quaestione
1562 2091 1652 2115 praeter
1665 2087 1726 2109 locos
1738 2088 1832 2110 citatos:
1845 2087 1918 2114 Scot.,
1932 2086 2024 2114 itepon.

1175 2127 1206 2149 111.
1226 2127 1286 2148 Sent.
1304 2126 1327 2148 d.
1349 2127 1382 2148 18.
1400 2133 1421 2155 q.
1441 2126 1461 2148 3.
1480 2129 1502 2148 et
1520 2126 1557 2152 (de.
1576 2126 1664 2148 formali
1677 2125 1863 2154 sanctificatione)
1882 2125 1904 2147 d.
1923 2126 1943 2147 2.
1962 2131 1984 2153 q.
2004 2125 2024 2146 i.

1175 2172 1196 2188 n.
1211 2166 1224 2188 3
1246 2178 1275 2181 —
1294 2166 1316 2187 B.
1335 2165 1431 2191 Albcrt..
1451 2166 1486 2187 hic
1504 2172 1523 2187 a.
1545 2166 1562 2187 1.
1574 2177 1606 2181 -
1618 2165 1676 2187 Pctr.
1694 2171 1705 2187 a
1725 2165 1791 2192 Tar.,
1805 2165 1841 2187 hic
1853 2171 1875 2193 q.
1892 2165 1908 2186 l.
1928 2171 1947 2186 a.
1964 2164 1981 2186 l.
1994 2176 2025 2179 —

1174 2205 1281 2228 Richard.
1299 2212 1310 2226 a
1330 2205 1400 2233 Mcd.,
1419 2205 1455 2226 hic.
1473 2211 1492 2226 a.
1515 2205 1532 2226 l.
1551 2210 1572 2232 q.
1595 2204 1611 2225 l.
1628 2216 1660 2220 --
1677 2204 1745 2226 Henr.
1769 2203 1854 2230 Gand.,
1877 2203 1960 2232 Quodl.
1988 2204 2023 2226 43.

1175 2251 1197 2272 q.
1216 2244 1236 2266 5.
1253 2256 1285 2260 —
1302 2244 1415 2271 Durand.,
1434 2244 1462 2266 de
1481 2245 1522 2266 hac
1539 2247 1561 2265 et
1579 2244 1599 2265 2.
1618 2249 1682 2272 seqq.
1700 2249 1738 2272 qq.
1757 2244 1793 2265 hit-v
1810 2250 1832 2271 q.
1858 2243 1874 2265 1.
1887 2255 1918 2259 -
1932 2243 2023 2271 Dionys.

1174 2283 1261 2311 Cat-tir,
1274 2283 1302 2305 de
1321 2284 1363 2305 hac
1379 2287 1401 2304 et
1419 2283 1439 2304 2.
1458 2289 1522 2311 seqq.
1541 2288 1579 2310 qq.
1598 2283 1633 2304 1116
1646 2289 1668 2311 q.
1686 2283 1703 2304 l.
1716 2295 1746 2297 —
1758 2282 1816 2309 Biel,
1829 2282 1857 2304 de
1870 2283 1912 2304 hac
1926 2284 1947 2304 et
1959 2288 2023 2310 seqq.

1174 2329 1212 2351 qq.
1230 2323 1266 2344 hic
1284 2329 1305 2351 q.
1324 2323 1397 2344 unica.

1039 2413 1202 2451 Qusasno
1225 2414 1254 2441 ιι.
2159 2398 2161 2422 ³

727 2502 832 2530 Utrum
854 2502 884 2530 in
908 2501 1022 2530 Christo
1044 2502 1083 2529 sit
1101 2501 1204 2539 qratia
1225 2500 1329 2537 finita,
1350 2500 1394 2529 vel
1414 2500 1566 2528 immensa.
2160 2528 2161 2532 Ἰ

766 2551 768 2555 ’
2160 2552 2161 2570 1

1173 2588 1329 2625 spii-ittam
1350 2592 1377 2616 et
1398 2587 1568 2624 Augustinus
1590 2587 1672 2620 dicit,
1694 2587 1768 2624 quod
1791 2586 1829 2614 illi
1852 2586 1957 2614 homini
1977 2586 2021 2614 da·
2037 2575 2162 2633 “dssffffil

1176 2639 1219 2664 tus
1241 2638 1282 2664 est
1303 2635 1423 2672 Spiritus
1444 2642 1497 2662 non
1520 2634 1554 2662 ad
1579 2642 1756 2668 mensuram3
1778 2633 1826 2662 sed
1849 2633 1922 2670 quod
1946 2636 2022 2662 caret
2111 2629 2115 2633 “
2160 2646 2161 2650 =

1175 2690 1303 2710 mensura
1327 2685 1368 2710 est
1390 2682 1558 2710 immensum
1581 2684 1607 2709 et
1630 2680 1780 2709 infinitum:
1804 2688 1870 2717 ergo
1891 2683 1941 2708 etc.

1253 2730 1278 2757 52.
1302 2729 1386 2762 116111,
1408 2728 1536 2765 Magister
1569 2728 1595 2756 in
1618 2727 1749 2756 littera²:
1778 2727 1872 2755 «Sane
1901 2726 1954 2755 (1161
1977 2734 2022 2763 po-

349 2591 476 2619 Secuntlo
497 2590 658 2627 quaeritur,
680 2593 775 2618 utrum
799 2590 826 2617 in
848 2589 957 2617 Christo
972 2589 1007 2617 sit
1028 2589 1117 2626 gratia

271 2637 362 2671 finita,
385 2637 427 2666 vol
450 2638 594 2666 immensa.
619 2637 649 2665 Et
670 2637 745 2674 quod
772 2637 797 2664 in
820 2636 929 2664 Christo
952 2636 1036 2664 fuerit
1058 2644 1117 2672 gra-

270 2684 307 2712 tia
329 2684 387 2713 sine
411 2692 557 2718 mensura,
580 2683 691 2712 videtur
713 2683 765 2712 sic:

353 2732 374 2759 1.
396 2731 505 2759 loannis
521 2731 601 2759 tertio
614 2731 635 2758 ¹:
652 2730 716 2758 Non
731 2730 771 2758 att
786 2738 956 2758 mensuram
971 2730 1023 2758 dat
1040 2729 1116 2757 Deus

1237 2859 1246 2873 ²
1265 2860 1304 2881 1116
1321 2860 1380 2881 cirea
1399 2859 1495 2881 initium.
1513 2858 1576 2879 —ln
1595 2856 1684 2880 minori
1700 2862 1742 2884 pro
1759 2856 1800 2879 setl
1817 2855 1883 2879 omni
1897 2855 1964 2885 finito
1981 2861 2022 2885 po-

1175 2900 1217 2921 test
1233 2899 1286 2921 edd.
1305 2905 1357 2921 cum
1377 2898 1481 2926 pluribus
1499 2897 1567 2920 codd.
1580 2896 1620 2920 sed
1637 2902 1691 2919 cam
1707 2895 1773 2926 finito
1791 2895 1866 2925 possit
1883 2895 1949 2922 (edd.
1972 2896 1995 2924 l,
2008 2894 2036 2917 ‘3‘

1173 2939 1270 2967 potest).

335 2861 340 2875 ¹
361 2861 425 2883 Vers.
444 2861 480 2883 34..
498 2874 529 2877 —
547 2862 641 2889 August.
663 2862 684 2883 in
707 2862 768 2883 hunc
785 2861 826 2883 loc.
846 2861 884 2887 (tr.
908 2860 940 2883 14.
959 2867 979 2883 n.
1006 2861 1049 2888 10.)
1073 2861 1116 2882 ait:

271 2900 407 2922 Hominibus
424 2901 454 2922 ad
471 2907 603 2922 mensuram
622 2900 674 2928 dat,
694 2901 760 2922 unico
778 2900 831 2922 Filio
856 2906 899 2922 non
918 2900 956 2922 dat
978 2900 1006 2922 ad
1026 2906 1118 2922 mensu-

271 2946 343 2961 ram...
362 2938 477 2966 Christus,
495 2940 533 2968 qui
551 2939 600 2965 dat,
619 2945 662 2961 nou
681 2939 709 2961 ad
729 2945 859 2961 mensuram
875 2940 963 2966 accipit.
981 2938 1026 2961 Cfr.
1045 2939 1058 2959 l.
1078 2939 1117 2960 Re·

272 2983 334 3001 irat-t.
354 2985 372 3001 c.
396 2979 427 3000 19.
446 2985 467 3000 11.
486 2978 506 3006 3,
524 2981 545 3000 et
563 2979 598 3000 hic
617 2978 646 2999 lit.
665 2978 776 3005 Magistri,
795 2979 815 2999 in
835 2979 954 3006 principio.
