2166 3366
23 271 75 290 [latin
92 270 106 287 l.

0 970 2 999 l
24 970 77 989 natio
90 970 107 988 Ξ.

21 1577 65 1604 lotio
78 1582 110 1600 op-

29 1602 102 1619 norum.

7 1670 110 1688 tonandum.

746 182 829 210 DIST.
852 182 892 210 IV.
915 181 986 210 ΛΒΤ.
1009 182 1026 210 Ι.
1049 182 1184 218 ΩΗΑΕΞΤ.
1207 181 1235 209 ΙΙ.

119 263 228 296 ratem,
250 265 310 290 tum
332 262 405 291 circa
427 261 631 298 generationem
647 264 806 288 aeternam.
823 260 859 288 Ad
877 259 962 287 vitan-

120 310 187 338 dum
209 317 333 337 errorem
350 308 422 337 circa
438 307 644 344 generationem
662 306 865 343 temporalem,
880 306 962 342 quia,

120 364 183 385 cum
206 355 361 385 secundum
385 355 459 383 illam
483 354 586 383 dicitur
608 353 735 382 Christus
757 357 906 390 conceptus
928 352 962 381 de

120 403 231 440 Virgine
252 406 279 431 et
300 402 404 439 Spiritu
425 405 535 435 sancto,
558 401 580 429 si
602 401 743 429 diceretur
764 400 883 436 Spiritus
904 407 963 427 san-

121 453 181 479 ctus
202 449 262 478 eius
284 453 377 485 pater,
401 449 471 476 sicut
494 447 577 484 Virgo
599 447 659 476 eius
685 450 792 480 mater,
814 446 868 473 iam
890 445 963 473 vide-

120 500 199 526 retur
221 504 257 525 ex
280 497 332 524 hoc
354 495 481 523 Christus
502 498 584 522 natus
616 501 676 522 esse
698 493 732 521 de
754 493 839 521 Maria
860 495 887 520 et
907 491 964 528 Spi-

120 543 176 571 ritu
197 543 326 576 sancto¹‚
353 542 425 570 sicut
457 541 580 569 nascitur
606 540 699 577 proles
732 539 766 568 de
798 539 915 567 muliere
936 541 964 566 et

120 589 188 617 viro.
210 588 314 625 Quodsi
337 589 388 617 hoc
409 588 510 616 falsum
533 591 575 616 est
594 604 633 608 —-
653 586 719 623 quia
740 586 833 623 proles
854 588 962 622 partem

119 635 218 672 accipit
239 643 255 663 a
276 638 354 671 patre
376 639 403 663 et
434 639 541 671 partem
574 634 674 670 accipit
695 641 710 661 a
732 637 837 666 matre,
859 632 885 659 in
908 638 963 668 qua

119 681 290 710 assimilatur
304 681 375 718 patri
391 685 418 709 et
440 682 521 709 matri
543 681 570 709 in
585 680 682 709 eadem
698 680 787 708 forma
809 683 835 707 et
850 681 963 710 natura;

119 732 146 758 et
166 729 218 758 hoc
240 737 293 757 uon
316 732 357 757 est
381 729 505 765 reperire
528 729 553 756 in
569 728 680 756 Christo
695 731 831 765 quantum
847 727 882 755 ad
903 726 963 754 eius

120 775 342 812 conceptionem,
366 775 453 803 immo
475 775 525 804 soli
540 775 617 803 Matri
634 775 805 804 assimilatur
821 775 847 802 in
863 778 963 802 natura

120 825 244 851 assumta
260 839 299 842 ——
313 830 367 850 non
379 822 388 836 2
404 822 487 850 dehet
501 822 619 856 admitti.
642 822 783 850 Christum
799 829 859 850 esse
874 821 963 849 filium

121 868 240 906 Spiritus
261 869 363 903 sancti7
386 868 435 897 sed
457 868 544 897 solius
566 869 686 906 Virginis
708 869 814 902 Matris,
829 868 864 896 ad
880 867 964 896 mani-

120 914 274 944 festandam
296 918 323 944 et
344 915 510 944 servandam
534 915 677 944 veritatem
708 919 734 943 et
765 914 963 951 proprietatem

121 961 289 999 temporalis
310 963 503 999 generationis.
525 978 563 982 —
585 962 711 990 sumitur
732 962 813 990 etiam
837 961 906 989 ratio
928 968 963 989 ex

120 1011 199 1045 parte
220 1009 405 1045 generationis
426 1013 577 1042 aeternae,
599 1008 707 1046 quare³
728 1008 853 1037 catholici
882 1007 963 1036 talem

121 1063 277 1084 sermonem
306 1063 358 1083 non
387 1056 550 1091 admittant,
579 1064 612 1084 ne
634 1056 738 1084 scilicet
771 1055 895 1084 confusio
918 1055 964 1082 fiat

121 1104 300 1130 aeternarum
322 1102 489 1131 relationum
511 1106 538 1131 et
568 1103 781 1139 proprietatum.
804 1102 879 1131 Unde
900 1109 964 1129 cum

122 1148 269 1185 proprium
288 1149 323 1177 sit
342 1156 478 1185 personae
500 1149 587 1178 Patris
599 1157 742 1187 yenerare
757 1152 886 1185 respectu
906 1155 966 1184 per-

122 1202 205 1223 sonae
233 1195 306 1230 Filii,
340 1196 499 1224 nullateuus
530 1196 703 1229 admittitur,
732 1196 873 1224 Christum
905 1201 965 1223 esse

122 1240 210 1270 filium
233 1242 353 1279 Spiritus
374 1243 477 1277 sancti,
499 1243 526 1271 in
548 1243 624 1280 quo⁴
647 1251 701 1271 non
717 1247 758 1271 est
772 1242 826 1270 alia
848 1249 966 1279 persona

124 1288 167 1317 vel
188 1289 345 1325 hypostasis
376 1297 460 1326 quam
484 1289 548 1323 illa,
571 1297 655 1326 quam
681 1289 759 1317 Pater
787 1289 822 1317 ab
853 1292 966 1317 aeterno

123 1336 225 1373 genuit.
240 1336 353 1365 —Ideo
368 1340 484 1373 propter
500 1336 626 1365 vitandos
640 1343 751 1365 errores
767 1340 821 1364 tam
837 1336 910 1364 circa
924 1343 967 1372 ge-

123 1383 294 1412 nerationem
318 1383 499 1420 temporalem
528 1391 611 1420 quam
636 1383 709 1412 circa
730 1386 888 1417 aeternam,
912 1390 965 1410 non

124 1430 261 1467 recipiunt
281 1430 401 1467 theologi
425 1430 596 1467 praedictam
629 1430 806 1458 locutionem.
831 1446 870 1450 —-
891 1429 967 1458 Unde

122 1476 315 1505 concedendae
336 1480 401 1505 sunt
423 1477 543 1505 rationes
561 1476 596 1505 ad
618 1476 788 1513 praedictam
811 1479 926 1513 partem.

204 1524 227 1550 l.
242 1523 281 1551 Ad
297 1523 367 1552 illud
382 1523 457 1560 quod
473 1523 563 1560 primo
578 1523 708 1551 obiicitur
723 1523 757 1551 de
781 1522 966 1556 Damasceno,

122 1569 197 1607 quod
219 1570 343 1598 Verbum
365 1570 412 1599 Dei
435 1570 578 1599 descendit
599 1570 625 1598 in
641 1569 781 1606 Virginem
797 1569 832 1598 ad
851 1569 967 1598 modum

122 1617 250 1651 se1ninis3
272 1617 438 1651 dicendum,
460 1617 535 1654 quod
556 1625 651 1645 semen
666 1616 692 1644 in
714 1624 744 1645 se
765 1616 906 1653 duplicem
922 1616 969 1644 ha-

124 1663 170 1692 bet
196 1663 411 1700 proprietatem:
434 1671 518 1691 unam
549 1663 576 1691 in
598 1663 665 1698 hoc,
687 1662 762 1699 quod
785 1662 868 1691 habet
889 1662 917 1690 in
938 1670 967 1690 se

123 1710 179 1738 vim
201 1710 336 1743 activam3
352 1709 469 1738 alteram
486 1710 512 1737 in
528 1709 594 1744 hoc,
617 1709 692 1746 quod
716 1709 772 1745 agit
787 1708 968 1746 producendo

1809 180 1859 207 101

1019 259 1136 288 similem
1161 259 1186 287 in
1209 260 1297 287 forma
1318 262 1345 287 et
1369 261 1477 286 natura.
1500 258 1688 286 Damascenus
1703 266 1769 294 ergo
1787 266 1864 286 assu-

1020 307 1070 334 mit
1091 306 1303 334 similitudinem
1324 305 1444 333 seminis
1465 305 1500 333 ad
1525 305 1714 342 operationem
1743 305 1863 341 Spiritus

1019 353 1105 381 sancti
1135 353 1241 381 ratione
1269 352 1376 389 primae
1405 352 1598 389 proprietatis,
1631 359 1684 380 non
1714 351 1861 380 secundae.

1019 399 1088 427 Cum
1111 407 1177 428 vero
1198 399 1315 428 assumit
1326 400 1350 434 ⁵,
1372 399 1446 436 quod
1462 399 1586 435 operatio
1601 399 1636 427 ad
1652 399 1766 427 modum
1781 398 1863 427 semi-

1019 446 1066 474 πίε
1078 446 1141 475 facit
1153 446 1351 483 productivum
1367 446 1533 482 principium
1551 446 1654 474 hahere
1669 445 1861 474 habitudinem

1020 493 1122 530 patris,
1144 493 1195 521 hoc
1217 492 1380 529 intelligitur
1401 493 1507 521 ratione
1523 492 1660 521 secundae
1676 492 1861 529 proprietatis.

1098 542 1124 568 9..
1146 540 1184 568 Ad
1207 539 1275 568 illud
1298 539 1373 576 quod
1394 539 1538 574 obiicitur,
1560 540 1635 576 quod
1659 540 1737 568 Pater
1758 543 1799 568 est
1814 540 1862 576 qui

1020 587 1149 623 producit
1160 587 1169 601 ‘³
1191 594 1249 614 rem
1271 586 1306 614 ad
1328 594 1404 619 essm
1431 586 1596 620 dicendum,
1625 587 1698 623 quod
1728 587 1780 615 ista
1808 594 1861 615 non

1020 636 1061 662 est
1076 636 1132 661 tota
1147 633 1217 661 ratio
1232 633 1333 669 patris,
1349 633 1414 669 quia
1429 640 1541 662 necesse
1556 637 1612 667 est,
1628 633 1702 670 quod
1718 634 1863 662 conveniat

1021 680 1048 708 in
1064 683 1165 708 natura
1179 682 1206 708 et
1220 679 1325 713 sorma3
1340 679 1389 707 sed
1404 679 1523 715 Spiritus
1538 683 1650 708 sanctus
1665 688 1718 708 non
1734 681 1862 709 convenit

1020 734 1084 755 cum
1106 725 1215 754 Christo
1238 726 1265 754 in
1287 728 1387 754 natura
1408 729 1436 754 et
1461 726 1566 760 forma,
1595 726 1749 755 secundum
1779 735 1863 764 quam

1020 773 1150 810 producit
1170 773 1262 810 ipsum
1284 773 1319 801 ad
1341 781 1408 800 esse.

1099 819 1125 848 3.
1148 820 1174 847 [ι.
1196 819 1234 848 Ad
1257 819 1313 848 duo
1334 819 1440 848 obiecta
1471 819 1615 856 sequentia
1642 820 1696 848 iam
1722 823 1798 857 patet
1825 828 1865 849 re-

1021 867 1132 905 sponsio
1151 874 1202 904 per
1217 867 1271 894 iam
1287 866 1368 895 dicta.
1384 866 1463 903 Quod
1479 867 1552 895 enim
1567 867 1676 901 obiicit,
1691 867 1765 904 quod
1782 868 1865 904 Virgo

1021 914 1124 943 dicitur
1146 917 1250 948 mater,
1272 917 1300 942 et
1321 914 1416 950 quod⁷
1438 914 1557 950 Spiritus
1578 917 1690 943 sanctus
1711 918 1805 951 pater;
1827 915 1866 943 di-

1021 961 1155 995 cendum,
1170 961 1244 998 quod
1260 968 1313 988 non
1336 964 1377 989 est
1398 961 1504 995 simile,
1526 961 1591 997 quia
1612 962 1695 998 Virgo
1714 962 1866 990 conforma-

1022 1011 1067 1036 tur
1088 1007 1197 1036 Christo
1213 1007 1239 1035 in
1255 1011 1370 1041 natura,
1385 1007 1540 1036 secundum
1556 1016 1639 1044 quam
1656 1012 1806 1045 conceptus
1825 1012 1866 1037 est

1022 1063 1057 1083 ex
1080 1057 1221 1091 tempore;
1243 1053 1363 1091 Spiritus
1384 1058 1478 1083 autem
1500 1058 1629 1090 sanctus,
1644 1056 1772 1092 quamvis
1791 1056 1867 1084 Chri-

1021 1104 1063 1130 sto
1084 1101 1119 1130 sit
1139 1101 1237 1130 similis
1259 1101 1286 1129 in
1308 1104 1423 1135 natura,
1446 1109 1499 1129 non
1522 1104 1614 1130 tamen
1636 1106 1677 1131 est
1692 1102 1752 1131 eius
1768 1103 1867 1139 princi-

1021 1148 1098 1185 pium
1115 1148 1270 1177 secuudum
1293 1147 1385 1181 illam;
1401 1151 1427 1177 et
1442 1148 1504 1177 ideo
1519 1156 1571 1177 non
1588 1149 1659 1186 cogit
1680 1150 1751 1178 ratio
1770 1150 1866 1183 tertia,

1022 1203 1072 1223 nec
1093 1197 1201 1231 quarta.

1102 1243 1127 1270 5.
1150 1242 1188 1270 Ad
1211 1241 1279 1270 illud
1296 1241 1370 1278 quod
1386 1241 1517 1270 obiicitur
1532 1242 1566 1271 de
1581 1242 1685 1279 gratia,
1700 1243 1866 1277 dicendum.

1023 1289 1099 1326 quod
1125 1289 1254 1326 quamvis
1282 1289 1316 1317 de
1344 1289 1405 1317 aliis
1436 1289 1596 1318 hominibus
1624 1290 1737 1319 concedi
1765 1290 1868 1327 possit,

1022 1335 1097 1373 quod
1119 1335 1173 1364 sint
1194 1335 1242 1363 filit
1259 1335 1377 1372 Spiritus
1399 1336 1485 1364 sancti
1500 1339 1614 1373 propter
1629 1337 1762 1373 gratiam,
1782 1345 1865 1374 quam

1025 1382 1076 1419 ipsi
1092 1382 1247 1418 suscipiunt
1261 1385 1288 1410 et
1307 1382 1465 1411 mediante⁸
1477 1391 1533 1420 qua
1551 1383 1577 1411 in
1598 1383 1719 1411 liliorum
1738 1384 1787 1412 Dei
1805 1384 1868 1412 ado-

1024 1429 1145 1466 ptionem
1157 1432 1353 1463 assumuntur3
1370 1432 1461 1458 tamen
1473 1430 1547 1458 circa
1558 1429 1699 1459 Christum
1715 1438 1768 1459 non
1785 1430 1869 1459 hahet

1024 1476 1117 1504 locum
1130 1478 1244 1512 propter
1259 1476 1399 1510 unionem,
1415 1484 1486 1513 quae
1501 1484 1554 1505 non
1571 1480 1678 1505 tantum
1693 1477 1772 1511 facit,
1788 1477 1868 1505 illum

1024 1523 1165 1551 hominem
1187 1530 1247 1551 esse
1269 1522 1358 1551 filium
1385 1522 1431 1551 Dei
1461 1530 1511 1559 per
1539 1523 1673 1560 gratiam,
1701 1523 1750 1552 sed
1778 1523 1867 1552 filium

1025 1569 1073 1597 Dei
1095 1577 1144 1606 per
1160 1572 1298 1597 naturam.
1315 1569 1345 1597 Et
1360 1569 1422 1598 ideo
1437 1578 1490 1598 non
1506 1570 1544 1599 sic
1559 1570 1721 1599 conceditur
1736 1570 1771 1599 de
1791 1570 1867 1608 ipso,

1025 1615 1100 1652 quod
1123 1615 1158 1644 sit
1179 1615 1298 1652 Spiritus
1319 1616 1406 1644 sancti
1428 1616 1519 1650 filius,
1546 1616 1616 1645 sicut
1645 1617 1805 1645 conceditur
1834 1617 1868 1646 de

1025 1662 1087 1690 aliis
1110 1662 1279 1691 hominihus.

865 1844 1128 1880 SCHOLION.

188 1971 200 1992 l.
219 1970 303 1992 Omnes
321 1970 458 1993 concedunt.
477 1970 539 1999 quod
552 1971 592 1992 ista
610 1971 693 1992 locutio
711 1976 754 1992 nou
770 1971 797 1992 sit
814 1969 965 1997 admittenda,

126 2010 178 2038 quia
201 2010 280 2032 saltem
304 2009 492 2032 inconvenienter
512 2012 534 2031 et
556 2008 686 2039 improprie
711 2009 800 2031 dicitur.
829 2009 966 2030 Posteriores

125 2053 201 2071 autem
220 2049 317 2076 theologi
331 2054 383 2070 cum
397 2049 418 2070 S.
432 2048 519 2069 Thoma
533 2048 629 2069 eandem
649 2048 774 2070 decernunt
791 2054 840 2069 csse
857 2046 967 2076 simplici-

126 2089 161 2110 let·
171 2087 269 2117 salsam;
281 2092 379 2110 attamen
398 2088 418 2109 in
432 2087 556 2109 rationibus
569 2093 611 2114 pro
624 2088 665 2108 hac
677 2087 821 2109 conclusione
839 2086 911 2108 allatis
924 2092 967 2107 non

126 2127 276 2150 conveniunt:
295 2126 323 2148 (lc
341 2132 387 2155 qno
405 2126 476 2148 rideri
496 2128 569 2153 potest
586 2126 659 2154 AEgid.
679 2126 717 2153 lh,
735 2126 784 2154 qui,
803 2126 891 2147 reiectis
916 2132 968 2154 qua-

127 2168 178 2188 tuor
201 2165 348 2193 opinionibus
366 2165 438 2193 (intcr
462 2171 519 2193 quas
541 2169 593 2187 sunt
616 2165 683 2187 etiam
707 2165 820 2193 quaedam
843 2165 940 2187 rationes
958 2170 968 2186 a

127 2205 149 2227 S.
168 2205 255 2227 Thema
274 2205 296 2226 in
319 2203 487 2226 Commentario
505 2204 629 2232 probatae)
649 2204 739 2226 tandem
759 2204 844 2231 profert
867 2207 889 2226 ct
906 2204 971 2225 latius

127 2244 223 2272 explicat
240 2249 291 2265 eam
315 2244 439 2270 rationem,
461 2249 520 2271 quae
538 2243 566 2265 ab
589 2243 671 2265 eodem
690 2244 712 2265 S.
730 2243 817 2264 Thomu
837 2243 857 2264 in
876 2243 970 2264 Summa

127 2282 227 2304 affertur.
239 2282 303 2303 -S.
322 2282 406 2303 Bonav.
425 2285 500 2304 autem
527 2281 596 2304 inodo
620 2282 727 2310 loquendi
746 2282 838 2304 diverso
861 2288 926 2308 usus.
950 2282 970 2303 in

127 2320 249 2342 ashur-ndis
266 2320 392 2342 rationibus
412 2321 515 2349 sequitur
533 2321 667 2348 magistrum
685 2326 753 2342 suum
770 2320 930 2343 Alexandrum.

192 2359 214 2380 ll.
232 2359 316 2381 Similia
342 2359 437 2381 dicenda
460 2362 512 2381 sunt
529 2360 587 2381 circa
611 2365 659 2388 seq.
678 2360 724 2387 (3.)
746 2360 910 2387 quaestionem.
933 2360 973 2380 ,Νυ-

131 2401 184 2426 gaut
202 2404 293 2425 omna-s,
311 2404 361 2419 cam
381 2398 519 2419 localium-ni
533 2404 600 2426 posse
617 2397 754 2426 simpliciter
767 2398 868 2420 t‘tuiccdi.
887 2398 973 2420 Tamen

130 2437 190 2458 Alex.
210 2436 256 2458 Hal.
276 2437 331 2458 tlor.
349 2437 395 2464 cit.)
413 2438 536 2464 opiimtur,
554 2437 616 2465 ailad
637 2445 647 2456 α
661 2442 738 2464 posset
755 2437 848 2459 concedi
866 2443 920 2459 cam
937 2437 975 2459 de-

131 2474 306 2502 tmvnfnntflaw,
322 2479 343 2497 ut
361 2479 392 2497 cst
412 2476 470 2497 tllius
489 2475 603 2497 Trinitatis
616 2482 655 2503 per
667 2475 808 2498 creationem
821 2484 841 2498 ιι.
860 2476 904 2497 Scd
915 2479 974 2498 recte

1023 1971 1044 1991 S.
1061 1970 1145 1992 llonav.
1161 1977 1214 1993 cum
1228 1971 1307 1993 ceteris
1324 1972 1439 1999 magistris
1452 1972 1558 1999 sustinet,
1577 1971 1639 2000 quod
1653 1978 1693 1993 nec
1711 1973 1796 1994 ratione
1808 1978 1870 1995 crea-

1024 2009 1093 2031 tionis
1121 2016 1162 2031 nec
1185 2010 1270 2031 ratione
1293 2010 1476 2032 sanctificationis
1502 2015 1545 2039 per
1569 2009 1686 2039 qratiam,
1709 2011 1780 2032 immo
1805 2010 1871 2033 vulla

1029 2048 1099 2071 modo
1122 2049 1161 2070 ista
1185 2049 1266 2071 locutio
1290 2049 1435 2071 concedenda
1458 2050 1536 2071 sit.—
1553 2049 1639 2071 'l'amen
1661 2049 1738 2077 quoad
1755 2049 1870 2072 rationem

1032 2087 1188 2117 principalem
1205 2089 1286 2110 Iterum
1305 2095 1315 2109 a
1334 2088 1356 2110 S.
1374 2088 1459 2110 nonar.
1479 2088 1575 2110 discedit
1592 2088 1614 2109 S.
1633 2088 1745 2116 Thomas,
1757 2095 1810 2111 cum
1822 2095 1872 2111 cam

1033 2130 1107 2148 sumat
1125 2133 1151 2148 ex
1169 2127 1211 2148 host
1229 2128 1352 2155 print-ipio,
1371 2127 1434 2155 quod
1452 2127 1526 2149 solum
1545 2128 1630 2149 ratione
1648 2128 1756 2150 aeternae
1777 2134 1872 2157 petiera-

1030 2165 1100 2188 tionis
1117 2165 1199 2187 dcbcat
1217 2166 1260 2188 dici
1277 2165 1352 2188 Filius
1370 2165 1422 2194 Dei,
1446 2174 1456 2185 ει
1470 2167 1521 2194 quia
1541 2166 1633 2194 quando
1651 2167 1672 2188 in
1695 2167 1771 2195 aliquo
1788 2168 1872 2189 inveni·

1030 2207 1067 2226 tur
1086 2205 1182 2232 pei-tecta
1202 2205 1257 2226 ratio
1275 2205 1370 2227 alicuius
1393 2205 1502 2233 nominis,
1522 2205 1582 2227 nullo
1600 2205 1669 2227 modo
1692 2206 1800 2233 recipitur
1818 2206 1871 2228 illud

1030 2249 1112 2265 nomon
1132 2243 1159 2265 dc
1172 2249 1199 2265 co
1216 2250 1268 2265 cum
1282 2244 1469 2266 determinatione
1482 2244 1621 2266 diminuentc
1633 2252 1643 2264 1>
1665 2244 1714 2272 (hic
1726 2251 1748 2273 q.
1768 2246 1787 2266 ’1.
1800 2252 1819 2266 a.
1833 2246 1870 2268 2.).

1094 2283 1124 2305 ΙΙΙ.
1142 2283 1173 2304 De
1190 2286 1287 2311 utraque
1305 2283 1544 2311 quaes1.:Atcx.11at.‚
1562 2284 1584 2305 S.
1603 2288 1628 2311 p:
1644 2284 1674 2306 ΙΙΙ.
1692 2291 1713 2312 q.
1726 2285 1746 2306 8.
1765 2290 1795 2306 m.
1813 2284 1834 2306 3.
1852 2291 1871 2306 a.

1031 2321 1051 2343 4.
1065 2334 1093 2337 —
1106 2322 1165 2344 Scoti
1179 2322 1220 2343 loci
1233 2322 1318 2344 collecti
1335 2321 1395 2349 apud
1414 2322 1474 2343 Hier.
1487 2321 1516 2343 de
1529 2322 1692 2350 illontel'ortino,
1711 2325 1725 2344 t.
1744 2322 1777 2343 tv.
1796 2329 1817 2350 q.
1836 2322 1872 2344 32.

1031 2367 1050 2382 u.
1069 2360 1089 2382 3.
1107 2372 1138 2376 -
1154 2361 1176 2382 S.
1197 2360 1287 2388 Tuom„
1305 2361 1341 2382 hit:
1358 2367 1380 2388 q.
1407 2361 1423 2382 l.
1441 2367 1461 2382 a.
1480 2361 1506 2388 23
1528 2361 1549 2382 S.
1569 2361 1599 2382 ΙΙΙ.
1618 2367 1639 2389 q.
1658 2361 1694 2382 3-2.
1716 2368 1735 2383 a.
1758 2361 1778 2383 3.
1800 2373 1829 2376 —-
1849 2361 1872 2383 B.

1032 2399 1124 2426 ΔΝΜ-1.,
1143 2399 1178 2421 hic
1196 2406 1215 2420 a.
1235 2398 1255 2421 sn.
1267 2411 1297 2415 —
1311 2399 1366 2420 Petr.
1384 2405 1395 2420 a
1415 2399 1475 2426 Tala,
1494 2399 1529 2420 hic
1541 2406 1562 2427 q.
1586 2400 1602 2421 l.
1615 2406 1634 2421 a.
1654 2400 1673 2421 2.
1692 2400 1712 2421 3.
1726 2412 1755 2415 -
1768 2400 1871 2422 llic-hurd.

1031 2444 1042 2458 a
1061 2437 1126 2464 Mod„
1145 2438 1180 2459 hic
1197 2444 1216 2458 a.
1239 2437 1256 2458 l.
1274 2444 1296 2465 q.
1309 2438 1330 2459 2.
1342 2450 1373 2453 —
1384 2437 1457 2465 AEgitl.
1471 2437 1504 2463 th,
1526 2438 1561 2459 hic
1577 2444 1599 2466 q.
1621 2438 1638 2459 1.
1651 2445 1670 2460 a.
1689 2438 1709 2460 3.
1721 2450 1752 2454 —
1765 2438 1871 2461 Durand..

1033 2477 1068 2497 hic
1085 2483 1106 2504 (1,
1129 2476 1146 2497 t.

196 2694 202 2708 ¹
221 2695 276 2716 Cod.
295 2695 312 2716 'l'
331 2694 358 2717 tle
375 2695 454 2717 Maria
472 2701 515 2723 per
532 2694 649 2723 Spiritum
665 2696 783 2717 sanctum.

195 2732 204 2747 ²
223 2734 272 2755 Vat.
290 2740 342 2755 cuin
363 2735 442 2761 paucis
460 2734 527 2756 rodd.
545 2733 595 2756 iden
612 2739 667 2756 riou.

196 2771 205 2786 ³
222 2772 276 2794 Cod.
296 2772 316 2794 x
334 2772 404 2802 quia,
423 2777 445 2795 et
467 2773 519 2795 dein
546 2779 588 2800 pro
613 2772 740 2795 admittant
760 2778 812 2794 cnm
839 2772 905 2794 codd.
930 2773 947 2795 t<
960 2774 975 2795 U

133 2809 268 2832 admittunt.

197 2848 206 2862 ⁴
224 2848 272 2871 Vnt.
291 2850 383 2877 supplet
396 2849 496 2873 clm-isto.
510 2850 558 2872 Mox
572 2850 623 2872 cod.
636 2850 651 2871 Z
664 2849 711 2871 atsi
727 2849 767 2872 illa
787 2856 828 2878 pro
841 2856 912 2879 quam
928 2850 976 2873 illa.

198 2888 207 2903 ⁵
224 2889 275 2910 Scil.
293 2888 414 2917 obiicit-ns,
443 2896 486 2911 uun
510 2889 675 2916 llaniasccnus,
694 2892 715 2910 ‹·t
733 2889 826 2917 quidem
844 2890 865 2911 in
884 2896 976 2918 propos.

134 2925 224 2949 minori
240 2927 306 2954 primi
324 2934 372 2955 arg.
399 2927 476 2956 (quod
493 2927 573 2950 minor
589 2929 656 2950 ctiam
675 2927 789 2950 assumtio
808 2931 914 2957 iocatur,
938 2935 978 2950 uo—

137 2968 184 2987 tum
202 2969 251 2993 cst).
264 2977 295 2981 —
307 2965 375 2987 Paulo
387 2967 494 2994 superius·
513 2973 554 2994 pro
573 2966 733 2989 Damaseeuus
746 2972 801 2995 crya
814 2967 914 2990 ria-,emnil
926 2967 976 2990 rod.

1034 2696 1051 2717 t<
1071 2696 1153 2717 rim-tus
1170 2696 1332 2719 Damascenus
1350 2703 1404 2719 vero
1422 2696 1501 2719 simiil.
1520 2697 1562 2719 Pro
1575 2697 1632 2720 Cum
1645 2704 1700 2720 vero
1711 2698 1812 2721 assianil
1825 2698 1873 2720 Yat.

1034 2734 1093 2757 Cam
1112 2741 1166 2758 vero
1184 2735 1317 2758 assumitur
1333 2735 1356 2758 in
1374 2735 1478 2764 ratiove,
1497 2743 1556 2765 quac
1573 2739 1595 2758 ct
1613 2737 1663 2759 (tuin
1690 2740 1740 2764 post
1761 2736 1874 2759 habitudi-

1033 2780 1086 2796 m’m
1104 2774 1179 2797 adiicit
1195 2774 1232 2797 rvel
1248 2774 1431 2798 simmunimem.

1096 2812 1105 2827 Β
1123 2813 1170 2835 Vnt.
1190 2814 1226 2835 hic
1243 2816 1264 2835 ct
1281 2814 1302 2835 in
1321 2814 1365 2836 line
1382 2814 1447 2836 solut.
1465 2814 1578 2843 perducit.
1597 2828 1627 2831 -
1644 2815 1688 2838 (Ἰν.
1707 2816 1742 2837 hi‹·
1760 2816 1788 2838 lit.
1808 2816 1874 2843 Mugi-

1033 2851 1085 2878 stri,
1104 2858 1122 2874 c.
1141 2852 1162 2873 2.

1095 2889 1104 2904 7
1123 2890 1164 2912 l‘ro
1181 2891 1201 2913 el
1218 2890 1282 2920 quod
1297 2891 1349 2913 cdd.
1367 2897 1423 2921 erqo
1441 2893 1468 2914 et.

1095 2927 1105 2943 ⁸
1123 2929 1164 2951 Pru
1177 2930 1198 2951 tl
1210 2929 1326 2953 mediante
1343 2930 1395 2952 cdd.
1413 2930 1556 2959 immediate,
1577 2933 1648 2959 posita
1667 2933 1756 2960 xii-gula
1770 2936 1820 2960 pust
1836 2932 1875 2955 im·

1033 2967 1139 2990 mediate.
1155 2980 1186 2984 —
1205 2969 1235 2990 tu·
1253 2969 1295 2991 linc
1312 2969 1377 2991 solut.
1395 2970 1434 2991 ct'r.
1453 2970 1508 2991 iusi-n
1528 2969 1549 2992 d.
1570 2971 1605 2992 to.
1623 2977 1642 2993 a.
1662 2972 1682 2994 2.
1700 2978 1722 3000 q.
1746 2972 1762 2994 l.
