2166 3366
130 1701 162 1720 Ad
176 1700 250 1724 opposi-

166 1727 211 1743 tum.

248 215 307 245 336

928 207 1182 237 SENTENTIARUM
1203 207 1262 236 Ltss.
1284 206 1324 234 111.

1000 337 1263 374 SCHOLION.

315 447 330 470 1.
348 446 462 469 Manifesta
480 448 514 467 est
531 444 658 472 conclusio,
677 443 741 472 quod
759 441 869 471 praedicti
882 441 984 463 defectus
1005 448 1014 460 α
1027 441 1049 462 in
1063 446 1100 462 no-

251 487 288 509 his
304 489 357 509 sunt
373 492 400 508 ex
419 485 551 507 necessitate
568 482 694 511 contracti,
713 482 754 505 sed
771 483 793 504 in
811 481 900 504 Christo
917 482 971 503 sunt
982 486 1008 502 ex
1020 479 1100 502 volun-

251 528 296 548 tate
312 523 436 548 assumti»
457 523 507 551 (hic
525 524 546 545 in
565 523 646 550 corp.).
659 522 716 544 Nam
728 520 784 543 illud
801 520 895 548 proprie
908 519 990 541 dicitur
1008 518 1100 541 contra-

252 564 288 593 hi,
308 564 371 593 quod
392 572 401 583 ι(
414 562 488 586 simul
504 568 559 586 cum
575 568 620 585 saa
638 566 712 585 causa
737 567 764 582 ex
784 560 917 582 necessitate
935 558 1053 580 trahitur...
1076 557 1102 580 Et

252 604 304 626 ideo
321 603 351 625 illi
368 603 462 631 proprie
480 602 587 624 dicuntur
605 601 647 622 hos
664 600 766 622 defectus
785 597 938 626 contrahere,
963 598 1003 626 qui
1020 603 1047 619 ex
1065 596 1101 618 tle-

252 642 299 665 bito
316 642 402 670 peccati
421 642 463 664 hos
481 641 583 663 defectus
605 640 747 661 incurrunt»
769 638 804 665 (S.
824 638 914 665 Tuom,
933 637 955 658 S.
974 636 1005 658 lll.
1024 642 1046 664 q.
1068 635 1102 658 14.

252 688 271 704 a.
291 682 329 710 3.).
348 681 499 703 Nihilominus
516 680 537 701 hi
556 679 659 701 defectus
680 677 881 706 consequebantur
899 678 1003 698 naturam
1022 675 1104 697 huma-

253 726 307 743 nam
324 724 346 742 et
368 720 480 748 principia
498 719 548 741 eius
565 718 687 745 naturalia,
710 722 752 739 nec
772 717 864 738 fuerunt
885 723 895 735 α
907 721 919 737 a
938 715 1054 737 voluntate
1072 713 1105 736 di·

253 760 306 782 vina
323 762 432 787 tanquam
447 757 567 787 insliqente
582 757 610 779 de
623 762 695 783 novo,
713 756 755 778 sed
776 759 884 783 tanquam
900 760 912 776 a
933 753 1078 783 relinquente
1090 761 1099 772 n

254 798 304 826 (hic
322 799 343 820 in
361 800 446 826 corp),
468 806 478 817 a
491 802 545 819 cum
563 802 617 818 caro
635 795 729 817 haberet
749 794 813 816 illum
831 793 960 821 (defectum
981 793 1072 820 mortis)
1092 798 1104 814 a

1158 445 1200 461 suo
1218 439 1321 467 originali
1339 439 1453 466 principio
1466 446 1476 458 i>
1499 437 1549 465 (hic
1566 437 1595 459 ad
1617 437 1634 459 1,
1652 439 1674 459 et
1690 437 1730 459 cfr.
1748 436 1778 458 ad
1796 435 1834 464 2.).
1853 436 1909 458 Huic
1927 435 2007 458 doctri-

1158 484 1201 500 nae
1212 478 1323 500 consentit
1339 478 1361 500 S.
1375 478 1457 499 Thom.
1477 477 1531 503 (loc.
1544 477 1580 499 cit.
1593 482 1613 499 a.
1626 476 1657 504 3.)
1674 475 1769 503 docem,
1790 474 1906 498 Christum
1919 480 2008 497 assum—

1159 518 1215 540 sisse
1231 516 1393 540 necessitatem
1410 515 1549 539 naturalem
1567 516 1626 542 (non
1640 514 1801 542 necessitatem
1818 513 1960 541 coactionis)
1974 514 2008 535 his

1159 555 1287 578 defectibus
1304 555 1448 582 subiacendi⁷
1472 556 1586 583 quatenus
1606 562 1617 574 u
1630 554 1686 575 haec
1707 553 1831 575 necessitas
1852 554 1959 575 causatur
1981 558 2008 574 ex

1160 595 1278 623 principiis
1296 595 1370 616 carnis
1387 595 1501 616 humanae
1519 602 1540 616 n.
1562 593 1626 615 Plura
1645 593 1673 615 de
1691 593 1733 615 hac
1755 592 1888 614 necessitate
1909 591 2008 619 patiendi

1160 637 1182 657 et
1199 634 1312 657 moriendi
1330 633 1382 655 vide
1400 633 1457 655 infra
1476 633 1497 655 d.
1520 633 1553 655 16.
1571 639 1591 655 a.
1613 633 1631 654 l.
1650 638 1672 660 q.
1691 632 1711 654 3.

1224 673 1247 695 ll.
1265 673 1326 694 Alex.
1340 672 1394 700 Hal.²
1413 672 1434 693 S.
1448 678 1471 699 p.
1488 671 1520 693 lli.
1533 678 1555 699 q.
1568 670 1589 693 5.
1602 677 1632 693 m.
1649 671 1667 693 1.
1682 671 1806 698 praecipue
1819 669 1847 692 ad
1866 670 1886 691 3.
1900 681 1930 685 -
1942 669 2010 697 Scot.,

1161 714 1183 735 in
1202 714 1299 741 utroque
1317 712 1407 739 Scripto
1419 711 1450 733 lll.
1465 711 1525 733 Sent.
1544 710 1566 732 d.
1589 710 1621 732 16.
1640 717 1663 739 q.
1683 710 1702 732 l.
1715 710 1776 731 -Ξ,
1790 710 1881 737 Τ1101η.,
1900 709 1936 731 liic
1948 715 1970 738 q.
1989 709 2009 731 i,

1162 758 1181 773 a.
1200 752 1225 779 33
1244 751 1266 772 S.
1285 751 1340 773 locc.
1363 751 1408 772 citt.
1419 762 1451 766 —-
1462 750 1486 772 B.
1510 749 1602 777 Albert.‚
1622 749 1658 771 hic
1675 755 1696 771 a.
1713 748 1735 771 7.
1747 760 1779 764 —-
1790 743 1896 770 Richard.
1914 754 1927 770 a
1944 747 2009 776 Med,

1163 791 1199 813 hic
1216 797 1236 812 a.
1258 791 1275 812 l.
1294 796 1316 818 q.
1335 789 1356 811 4.
1368 802 1399 805 —
1412 789 1503 816 Dionys.
1521 788 1605 815 Carth.‚
1623 789 1659 810 hic
1676 794 1698 817 q.
1721 788 1738 809 l.
1756 788 1777 809 in
1796 788 1916 815 principio.

984 882 1219 916 ARTICULUS
1246 882 1284 914 Il.

754 980 794 1008 De
817 960 974 1017 defectibus
995 986 1014 1006 a
1038 976 1153 1006 Christo
1174 976 1316 1005 assumtis
1335 975 1366 1004 ia
1386 974 1515 1012 speciali.

334 1082 541 1118 Consequenter
563 1080 709 1118 quaeritur
728 1079 762 1107 de
784 1078 938 1107 defectibus
960 1085 976 1106 a
997 1072 1107 1105 Christo

255 1129 389 1159 assumtis
411 1129 437 1157 in
460 1127 581 1165 speciali.
606 1127 636 1156 Et
656 1127 730 1155 circa
752 1126 804 1154 hoc
826 1126 879 1154 tria
900 1127 1087 1162 quaeruntur.

336 1176 427 1204 Primo
452 1175 614 1212 quaeritur,
643 1177 740 1202 utrum
770 1172 901 1201 hahuerit
921 1171 1106 1209 ignorantiam

257 1225 285 1253 in
306 1222 444 1252 rationali.

1243 1075 1386 1109 Secundo,
1408 1077 1503 1103 utrum
1533 1073 1663 1102 habuerit
1691 1073 1833 1102 tristitiam
1863 1073 1889 1101 in
1917 1080 2014 1102 concu-

1165 1122 1292 1160 piscibili.

1245 1169 1353 1203 Tertio,
1380 1171 1477 1197 utrum
1504 1168 1635 1197 habuerit
1663 1168 1734 1196 iram
1757 1167 1784 1196 in
1813 1167 1935 1205 potentia
1963 1168 2016 1196 ira-

1166 1216 1264 1245 scibili.

1038 1315 1201 1353 Qntesrio
1223 1316 1240 1343 i.

697 1406 803 1434 Utrum
826 1404 962 1433 Christus
984 1403 1121 1432 habitarit
1144 1402 1348 1440 iyaora'ntz'am
1371 1401 1401 1429 in
1422 1400 1575 1429 rationali.

337 1507 416 1536 Circa
430 1506 554 1544 primum
570 1505 609 1534 sic
624 1505 786 1542 proceditur
801 1507 828 1532 et
843 1503 998 1541 quaeritur,
1013 1505 1110 1531 utrum

259 1554 387 1583 Christus
409 1553 539 1582 habuerit
561 1552 745 1589 ignorantiam
769 1551 796 1579 in
823 1549 959 1579 rationali.
984 1549 1014 1577 Et
1034 1549 1110 1585 quod

259 1602 311 1636 sic,
333 1601 463 1630 videtur:
567 1604 569 1606 ’

342 1649 366 1676 1.
389 1647 481 1676 Primo
495 1646 661 1675 auctoritate
678 1645 841 1674 Damasceni
855 1645 874 1672 ¹:
902 1654 915 1669 «
930 1643 1046 1680 Oportet
1063 1642 1112 1671 sci-

262 1704 305 1731 re,
334 1695 408 1733 quod
438 1694 568 1723 servilem
591 1696 617 1721 et
646 1693 820 1729 ignorantem
848 1693 979 1719 naturam
1006 1697 1112 1718 assum-

261 1743 296 1772 sit
310 1753 341 1777 »3
363 1742 488 1779 loquitur
509 1741 544 1769 de
566 1740 658 1769 Verbo
680 1740 837 1768 incarnato:
860 1746 927 1774 ergo
949 1740 1051 1766 natura
1072 1744 1113 1765 as-

261 1793 353 1819 sumta
375 1789 402 1817 in
424 1787 534 1816 Christo
558 1787 611 1815 suit
633 1786 779 1823 ignorans,
808 1784 906 1813 habuit
934 1783 1019 1820 igitur
1040 1783 1113 1812 defe-

261 1840 337 1866 ctum
360 1835 540 1873 ignorantiae.

341 1884 367 1911 ⁹2.
390 1882 472 1916 ltem,
494 1880 657 1909 Ambrosius
679 1880 704 1908 in
734 1879 806 1908 libro
829 1878 919 1916 primo
947 1878 982 1906 de
1007 1877 1113 1914 Spiritu

261 1930 393 1960 sanct02:
415 1940 428 1955 (t
439 1929 490 1957 Per
511 1928 664 1956 humanam
681 1925 900 1963 imprudentiam
918 1924 993 1962 quod
1019 1924 1112 1953 adhuc

261 1985 316 2006 non
338 1976 435 2005 didicit
460 1975 569 2012 ignorat
583 1984 612 2002 »z
635 1982 702 2010 ergo
724 1973 822 2001 habuit
844 1972 1037 2009 ignorantiam.

341 2023 367 2052 3.
388 2023 468 2057 item,
498 2022 550 2050 Leo
579 2021 650 2058 Papa
680 2021 707 2048 in
729 2019 844 2048 llomilia
866 2019 901 2048 de
924 2018 1111 2056 Epiphania³z

267 2081 281 2097 a
295 2070 488 2099 Adoraverunt
503 2068 650 2101 infantem,
674 2067 698 2095 in
716 2066 794 2095 nullo
808 2065 844 2094 ab
859 2065 980 2094 aliorum
1001 2072 1114 2102 genera-

262 2117 339 2145 litate
360 2116 513 2144 discretum
529 2126 541 2140 »
553 2125 560 2148 ;
582 2113 629 2142 sed
652 2113 819 2150 generaliter
840 2112 885 2140 alii
908 2112 1027 2140 infantes
1048 2114 1114 2139 sunt

262 2164 440 2201 ignorantes:
463 2170 530 2198 ergo
551 2164 578 2190 et
599 2160 729 2189 Christus
758 2160 784 2188 in
807 2167 858 2188 sua
879 2159 994 2187 infantia
1016 2158 1115 2186 habuit

263 2210 458 2248 ignorantiam.

342 2258 368 2285 [ι.
390 2257 474 2290 ltem‚
495 2254 618 2284 seientia
641 2253 760 2290 inflat&
782 2253 830 2282 sed
853 2252 982 2280 Christus
1004 2259 1115 2280 summe

264 2312 293 2333 se
315 2302 475 2332 humiliavit
496 2304 523 2330 et
544 2301 670 2330 defectus
691 2300 752 2328 illos
773 2299 918 2333 assumsit,
940 2298 986 2335 qui
1010 2298 1115 2326 faciunt

264 2350 299 2379 ad
322 2349 525 2378 humilitatem:
547 2355 614 2384 ergo
637 2346 735 2375 habuit
756 2346 783 2374 in
806 2353 835 2374 se
851 2345 991 2374 defectum
1012 2347 1040 2373 et
1062 2344 1116 2372 ino-

1169 1501 1242 1538 piam
1275 1500 1414 1529 scientiae.
1447 1500 1499 1528 Sed
1531 1500 1582 1528 iste
1614 1499 1738 1528 desectus
1769 1502 1811 1528 est
1842 1499 2015 1536 ignorantia:

1168 1556 1235 1584 ergo
1257 1551 1307 1576 etc.

1250 1596 1274 1623 5.
1298 1594 1377 1627 item,
1400 1594 1528 1622 Christus
1550 1594 1576 1621 in
1606 1602 1657 1622 sua
1679 1593 1793 1622 infantia
1822 1593 1920 1622 habuit
1948 1593 2020 1622 defe-

1169 1644 1243 1670 ctum
1266 1640 1453 1677 eloquentiae,
1475 1640 1604 1677 quamvis
1625 1643 1698 1668 esset
1720 1640 1843 1668 Verbum
1865 1640 1966 1674 Patris,
1988 1642 2020 1668 ut

1169 1689 1314 1717 veritatem
1339 1688 1478 1716 humanae
1499 1691 1616 1716 naturae
1638 1687 1665 1715 in
1687 1695 1716 1716 se
1737 1687 1896 1716 ostenderet
1909 1686 1930 1715 ⁵:
1953 1695 2019 1724 ergo

1170 1735 1230 1772 pari
1252 1734 1377 1768 ratione,
1399 1734 1528 1771 quamvis
1549 1737 1622 1763 esset
1644 1734 1779 1771 sapientia
1800 1734 1904 1769 Patris,
1926 1741 2021 1763 secun-

1170 1783 1239 1811 dum
1261 1783 1413 1810 humanam
1435 1785 1566 1810 naturam
1588 1781 1685 1809 debuit
1700 1781 1804 1810 habere
1826 1781 1964 1810 defectum
1981 1788 2021 1809 sa-

1171 1829 1298 1866 pientiae.
1321 1828 1374 1857 Sed
1397 1827 1441 1856 hic
1462 1831 1504 1856 est
1526 1828 1696 1864 ignorantia:
1719 1835 1786 1864 ergo
1806 1831 1856 1856 etc.

1251 1877 1276 1905 6.
1298 1876 1378 1909 item,
1400 1875 1529 1912 quamvis
1549 1875 1677 1903 Christus
1691 1878 1764 1903 esset
1778 1874 1868 1903 virtus
1884 1874 2021 1903 Patris-—

1171 1923 1251 1952 iuxta
1267 1922 1336 1951 illud
1351 1922 1426 1959 qnod
1442 1921 1509 1950 dicit
1530 1922 1676 1958 Apostolus
1691 1921 1799 1958 primae
1813 1921 1849 1950 ad
1864 1920 2021 1949 Corinthios
2034 1954 2041 1955 ἶ

1171 1970 1262 2007 primo
1275 1969 1299 1997 ⁵:
1320 1969 1444 1998 Dicimus
1468 1967 1617 1997 Chr-istam
1634 1968 1686 1996 Dei
1706 1968 1842 1996 virtatem
1858 1972 1883 1996 et
1904 1967 1958 1996 Dei
1976 1976 2022 1996 sa-

1168 2016 1312 2054 pientiaiiz
1326 2032 1365 2036 —
1377 2016 1475 2044 habuit
1490 2018 1582 2044 tamen
1598 2015 1737 2043 desectum
1753 2015 1856 2043 virium
1871 2015 1951 2043 iuxta
1965 2014 2023 2043 exi-

1172 2063 1293 2100 gentiam
1323 2063 1462 2091 humanae
1484 2065 1619 2091 naturae:
1649 2062 1761 2090 videtur
1786 2062 1871 2099 igitur
1899 2061 1960 2099 pari
1981 2069 2023 2090 ra-

1173 2110 1258 2144 tione,
1280 2110 1355 2146 quod
1378 2109 1509 2138 habuerit
1530 2109 1670 2138 defectum
1692 2109 1851 2146 sapientiae.

1252 2157 1304 2184 San
1326 2164 1450 2184 CONTRA:
1476 2157 1500 2184 1.
1522 2155 1661 2184 Assumtio
1682 2156 1774 2184 carnis
1795 2155 1848 2184 fuit
1865 2163 1936 2192 opus
1957 2154 2155 2183 divi-Fundamenta

1173 2211 1224 2232 nae
1252 2203 1419 2240 sapientiae3
1441 2202 1490 2231 sed
1519 2202 1666 2239 sapientia,
1689 2203 1844 2231 secundum
1876 2202 1951 2239 quod
1975 2202 2024 2231 hu-

1174 2250 1311 2284 iusmodi,
1333 2258 1386 2278 non
1409 2252 1450 2278 est
1466 2249 1633 2287 principium
1657 2249 1844 2286 ignorantiae:
1866 2257 1933 2286 ergo
1948 2248 2024 2277 Chri-

1174 2302 1234 2326 stus
1262 2305 1316 2325 non
1345 2296 1479 2325 assumsit
1507 2296 1645 2324 defectum
1679 2296 1775 2330 illum,
1804 2296 1851 2333 qni
1881 2299 1922 2325 est
1950 2296 2024 2332 igno-

1174 2343 1265 2372 rantia
1281 2343 1299 2370 ⁷.

329 2502 336 2517 ¹
354 2502 414 2524 Libr.
434 2502 465 2524 lll.
484 2501 512 2524 de
538 2501 593 2523 Fide
613 2500 703 2523 orthod.
722 2506 741 2522 c.
760 2500 796 2521 21.
814 2511 846 2515 —-
863 2499 913 2521 Mox
929 2505 972 2527 pro
993 2498 1067 2522 Verbo
1084 2498 1117 2521 in-

265 2543 364 2565 carnato
382 2541 447 2563 multi
465 2540 532 2563 codd.
555 2539 628 2562 Verbo
648 2538 768 2566 increato,
796 2541 818 2560 et
847 2538 898 2560 dein
925 2544 966 2566 pro
984 2537 1009 2559 iit
1027 2537 1119 2560 Christo

266 2581 312 2602 fere
330 2586 411 2602 omnes
428 2579 495 2601 codd.
514 2578 536 2601 ἱη
555 2578 612 2607 ipso.

328 2619 338 2633 2
356 2620 384 2641 lta
403 2618 470 2641 codd.
489 2622 511 2640 et
528 2618 594 2645 edd,
621 2617 662 2639 sed
684 2623 708 2638 re
725 2622 780 2638 vera
807 2617 871 2638 locus
896 2617 932 2638 cit.
958 2616 1074 2638 invenitur
1097 2616 1119 2637 in

264 2651 379 2680 Ambrosii
397 2657 455 2680 libro
472 2657 501 2679 de
519 2657 605 2679 incarn.
624 2656 710 2678 domin.
728 2661 824 2677 sacram.
841 2661 859 2677 c.
872 2655 893 2676 7.
913 2661 934 2676 n.
952 2654 997 2683 74,
1016 2655 1072 2677 olim
1086 2655 1117 2676 lll.

267 2697 293 2720 cle
311 2696 403 2726 Spiritu
421 2696 446 2719 S.
460 2696 517 2718 Vide
530 2702 601 2723 supra
620 2701 673 2722 pag.
693 2694 745 2722 274,
764 2696 815 2716 nota
833 2694 854 2715 7.

331 2736 340 2751 ³
356 2736 429 2758 Serm.
457 2734 493 2757 3-1.
520 2734 584 2763 (alias
610 2734 657 2763 33.)
683 2740 702 2756 c.
726 2734 754 2755 3:
781 2733 896 2755 Viderunt
920 2735 942 2755 et
964 2732 1121 2755 adoraverunt

267 2774 348 2804 [Magi]
372 2780 483 2802 puerum,
503 2774 627 2802 quantitate
653 2772 789 2800 parvulum,
814 2772 900 2794 alienae
926 2772 977 2799 opis
1000 2771 1118 2799 indigum,

267 2814 329 2836 fandi
347 2815 471 2841 impotem,
489 2816 511 2835 et
528 2813 549 2834 in
568 2812 630 2834 nullo
652 2811 681 2834 ab
704 2812 819 2833 humanae
843 2811 949 2833 infantiae
973 2810 1120 2838 generalitate

269 2853 412 2875 dissimilem.

331 2890 340 2905 ⁴
357 2891 426 2918 Epist.
444 2891 458 2912 l.
477 2890 529 2913 Cor.
548 2891 573 2918 8,
596 2890 613 2912 l.

331 2930 340 2944 ⁵
358 2929 402 2952 cfr.
421 2936 491 2957 supra
509 2929 531 2951 d.
550 2929 571 2951 3.
590 2936 612 2956 p.
631 2929 653 2951 11.
671 2935 691 2951 a.
710 2929 731 2950 3.
749 2935 771 2957 q.
790 2929 806 2950 l.
818 2940 850 2944 —-
862 2928 910 2950 Mox
923 2932 975 2956 post
987 2927 1120 2950 humanam

268 2969 386 2991 naturam
403 2968 456 2990 cdd.
474 2968 577 2990 subdunt
594 2968 684 2994 tamen,
702 2970 724 2989 et
741 2973 785 2989 non
804 2967 871 2995 pauci
890 2966 957 2989 codd.
976 2966 1059 2989 deinde
1077 2972 1119 2993 pro

268 3007 310 3030 sed
326 3006 363 3030 hic
380 3007 523 3029 substituunt
540 3006 580 3029 sed
597 3006 660 3029 haec.

1240 2497 1249 2512 ⁶
1266 2497 1331 2519 Vers.
1350 2496 1386 2518 24.
1405 2508 1435 2512 —
1452 2496 1565 2524 Anse1m.,
1592 2496 1615 2517 ll.
1634 2495 1679 2518 Cur
1697 2495 1758 2517 Deus
1776 2496 1856 2523 homo⁷
1875 2501 1894 2517 c.
1917 2495 1950 2517 13.
1968 2495 2026 2517 hanc

1178 2537 1264 2565 profert
1280 2536 1445 2558 obiectionemt
1470 2536 1582 2563 Quamvis
1598 2536 1627 2557 sit
1644 2535 1778 2557 immortalis
1796 2535 1887 2557 futurus
1904 2540 1931 2556 ex
1948 2534 2025 2556 divina

1177 2579 1267 2603 natura,
1286 2576 1387 2598 mortalis
1406 2578 1480 2598 tamen
1498 2576 1540 2597 crit
1557 2581 1584 2596 ex
1602 2575 1709 2597 humana.
1727 2574 1783 2596 Nam
1801 2580 1842 2595 cui·
1860 2580 1905 2595 non
1923 2574 2026 2595 similiter

1177 2616 1260 2643 poterit
1277 2615 1311 2637 ille
1329 2615 1399 2636 homo
1416 2620 1466 2636 esse
1484 2620 1539 2635 vere
1557 2614 1676 2641 ignorans,
1695 2613 1753 2635 sicut
1771 2619 1825 2635 vere
1842 2612 1945 2635 mortalis
1964 2613 2025 2634 erit?

1240 2653 1250 2667 ⁷
1266 2653 1300 2675 Ad
1319 2654 1362 2675 hoc
1378 2655 1400 2675 et
1417 2659 1465 2681 seq.
1483 2658 1531 2680 arg.
1551 2654 1656 2674 notamus
1672 2651 1708 2673 illa
1726 2650 1797 2673 verba
1816 2651 1927 2679 Anselmi,
1945 2651 1967 2672 ll.
1980 2649 2026 2673 Cur

1176 2693 1238 2715 Deus
1255 2693 1337 2719 homo,
1355 2698 1373 2714 c.
1396 2692 1436 2713 13:
1464 2691 1513 2719 illa,
1531 2692 1613 2720 inquit,
1633 2691 1731 2712 hominis
1748 2691 1858 2712 assumtio
1876 2690 1897 2711 in
1916 2691 2024 2711 unitatem

1177 2737 1290 2759 personae
1308 2731 1347 2752 Dei
1366 2736 1410 2752 non
1429 2731 1470 2752 nisi
1488 2731 1603 2758 sapienter
1615 2736 1627 2751 a
1640 2734 1730 2751 summa
1743 2729 1857 2756 Sapientia
1876 2728 1926 2754 δεῖς
1938 2731 1960 2750 et
1972 2728 2024 2750 ideo

1177 2776 1221 2792 non
1240 2772 1342 2792 assumet
1358 2771 1380 2791 in
1399 2770 1491 2791 homine
1509 2768 1572 2798 quod
1590 2769 1650 2790 nullo
1674 2767 1743 2790 modo
1762 2767 1827 2795 utile,
1846 2767 1886 2789 sed
1903 2767 1971 2789 valde
1988 2773 2026 2789 no-

1177 2810 1240 2831 xium
1257 2813 1291 2831 est
1308 2809 1337 2830 ad
1355 2815 1425 2836 opus,
1444 2808 1506 2837 quod
1525 2807 1586 2829 idem
1609 2808 1678 2829 homo
1703 2806 1804 2828 facturus
1829 2809 1870 2828 est.
1897 2806 2024 2834 ignorantia

1178 2853 1277 2876 namque
1290 2847 1319 2869 ad
1332 2847 1426 2869 nihilum
1440 2847 1468 2868 illi
1482 2847 1542 2868 utilis
1554 2849 1623 2874 esset,
1636 2845 1677 2867 sed
1689 2844 1718 2866 ad
1731 2845 1800 2866 multa
1814 2845 1886 2866 noxia.
1901 2844 2023 2872 Quomodo

1177 2888 1238 2909 enim
1257 2889 1287 2909 tot
1305 2889 1327 2908 et
1344 2889 1402 2909 tanta
1421 2892 1504 2913 opera,
1522 2891 1581 2914 quae
1598 2885 1699 2907 facturus
1717 2886 1761 2911 est⁷
1780 2884 1845 2905 faciet
1862 2884 1910 2905 sine
1933 2889 2023 2905 summa

1178 2926 1311 2953 Sapientia?
1329 2928 1368 2947 ant
1380 2925 1498 2953 quomodo
1511 2925 1539 2946 illi
1553 2924 1657 2946 homines
1674 2923 1778 2949 credent,
1797 2923 1815 2944 si
1833 2928 1886 2944 eum
1904 2923 1976 2944 scient
1988 2928 2024 2944 ne-

1177 2966 1270 2987 scium?
1296 2965 1318 2986 Si
1344 2966 1420 2986 autem
1446 2964 1557 2990 nescient;
1583 2962 1612 2984 ad
1637 2961 1692 2990 quid
1719 2962 1761 2984 erit
1780 2962 1800 2983 ei
1818 2961 1878 2983 utilis
1895 2962 2021 2989 ignorantia

1178 3004 1213 3026 illa
1232 3006 1273 3026 etc.
