<?xml version="1.0" encoding="UTF-8"?>
<!DOCTYPE html PUBLIC "-//W3C//DTD XHTML 1.0 Transitional//EN"
    "http://www.w3.org/TR/xhtml1/DTD/xhtml1-transitional.dtd">
<html xmlns="http://www.w3.org/1999/xhtml" xml:lang="en" lang="en">
 <head>
  <title>
</title>
<meta http-equiv="Content-Type" content="text/html;charset=utf-8" />
  <meta name='ocr-system' content='tesseract 3.04.00' />
  <meta name='ocr-capabilities' content='ocr_page ocr_carea ocr_par ocr_line ocrx_word'/>
</head>
<body>
  <div class='ocr_page' id='page_1' title='image "./doctorisseraphic03bona_0511.png"; bbox 0 0 2166 3366; ppageno 0'>
   <div class='ocr_carea' id='block_1_1' title="bbox 0 843 121 892">
    <p class='ocr_par' dir='ltr' id='par_1_1' title="bbox 0 843 121 892">
     <span class='ocr_line' id='line_1_1' title="bbox 7 843 121 870; baseline -0.009 -7"><span class='ocrx_word' id='word_1_1' title='bbox 7 843 77 870; x_wconf 75' lang='lat' dir='ltr'><strong>Solutio</strong></span> <span class='ocrx_word' id='word_1_2' title='bbox 90 848 121 867; x_wconf 88' lang='lat' dir='ltr'><strong>op-</strong></span> 
     </span>
     <span class='ocr_line' id='line_1_2' title="bbox 0 869 115 892; baseline -0.009 -6"><span class='ocrx_word' id='word_1_3' title='bbox 0 878 1 882; x_wconf 60' lang='lat'><em>«</em></span> <span class='ocrx_word' id='word_1_4' title='bbox 8 869 115 892; x_wconf 75' lang='lat' dir='ltr'><strong>positorum.</strong></span> 
     </span>
    </p>
   </div>
   <div class='ocr_carea' id='block_1_2' title="bbox 53 1682 121 1701">
    <p class='ocr_par' dir='ltr' id='par_1_2' title="bbox 53 1682 121 1701">
     <span class='ocr_line' id='line_1_3' title="bbox 53 1682 121 1701; baseline 0 -1"><span class='ocrx_word' id='word_1_5' title='bbox 53 1682 121 1701; x_wconf 78' lang='lat' dir='ltr'><strong>Aliter.</strong></span> 
     </span>
    </p>
   </div>
   <div class='ocr_carea' id='block_1_3' title="bbox 744 199 1273 236">
    <p class='ocr_par' dir='ltr' id='par_1_3' title="bbox 744 199 1273 236">
     <span class='ocr_line' id='line_1_4' title="bbox 744 199 1273 236; baseline -0.002 -8"><span class='ocrx_word' id='word_1_6' title='bbox 744 200 824 228; x_wconf 86' lang='lat' dir='ltr'><strong>DIST.</strong></span> <span class='ocrx_word' id='word_1_7' title='bbox 847 200 932 228; x_wconf 76' lang='lat' dir='ltr'>XXIII.</span> <span class='ocrx_word' id='word_1_8' title='bbox 955 200 1026 229; x_wconf 69' lang='grc' dir='ltr'><strong>ΛΒΤ.</strong></span> <span class='ocrx_word' id='word_1_9' title='bbox 1049 199 1077 228; x_wconf 89' lang='lat' dir='ltr'><strong>II.</strong></span> <span class='ocrx_word' id='word_1_10' title='bbox 1099 199 1233 236; x_wconf 73' lang='lat' dir='ltr'><strong>QUAEST.</strong></span> <span class='ocrx_word' id='word_1_11' title='bbox 1256 199 1273 227; x_wconf 94' lang='lat' dir='ltr'><strong>I.</strong></span> 
     </span>
    </p>
   </div>
   <div class='ocr_carea' id='block_1_4' title="bbox 132 278 979 1902">
    <p class='ocr_par' dir='ltr' id='par_1_4' title="bbox 134 278 978 781">
     <span class='ocr_line' id='line_1_5' title="bbox 135 278 978 315; baseline 0 -9"><span class='ocrx_word' id='word_1_12' title='bbox 135 278 182 306; x_wconf 86' lang='lat' dir='ltr'><strong>dat</strong></span> <span class='ocrx_word' id='word_1_13' title='bbox 203 286 269 306; x_wconf 86' lang='lat' dir='ltr'><strong>vcra</strong></span> <span class='ocrx_word' id='word_1_14' title='bbox 290 287 347 306; x_wconf 78' lang='lat' dir='ltr'><strong>non</strong></span> <span class='ocrx_word' id='word_1_15' title='bbox 368 278 546 315; x_wconf 72' lang='lat' dir='ltr'><em>apparentia</em></span> <span class='ocrx_word' id='word_1_16' title='bbox 567 282 594 307; x_wconf 89' lang='lat' dir='ltr'><strong>et</strong></span> <span class='ocrx_word' id='word_1_17' title='bbox 616 279 683 307; x_wconf 87' lang='lat' dir='ltr'><strong>vitet</strong></span> <span class='ocrx_word' id='word_1_18' title='bbox 703 286 820 307; x_wconf 87' lang='lat' dir='ltr'><strong>erronea</strong></span> <span class='ocrx_word' id='word_1_19' title='bbox 845 281 872 306; x_wconf 87' lang='lat' dir='ltr'><strong>et</strong></span> <span class='ocrx_word' id='word_1_20' title='bbox 894 278 978 315; x_wconf 82' lang='lat' dir='ltr'><strong>pitan-</strong></span> 
     </span>
     <span class='ocr_line' id='line_1_6' title="bbox 135 324 977 362; baseline 0 -9"><span class='ocrx_word' id='word_1_21' title='bbox 135 324 243 359; x_wconf 86' lang='lat' dir='ltr'><strong>tastica;</strong></span> <span class='ocrx_word' id='word_1_22' title='bbox 259 325 330 353; x_wconf 88' lang='lat' dir='ltr'><strong>sicut</strong></span> <span class='ocrx_word' id='word_1_23' title='bbox 351 328 466 362; x_wconf 83' lang='lat' dir='ltr'><strong>apparet</strong></span> <span class='ocrx_word' id='word_1_24' title='bbox 481 325 507 353; x_wconf 93' lang='lat' dir='ltr'><strong>in</strong></span> <span class='ocrx_word' id='word_1_25' title='bbox 531 325 625 354; x_wconf 89' lang='lat' dir='ltr'><strong>multis</strong></span> <span class='ocrx_word' id='word_1_26' title='bbox 640 325 802 354; x_wconf 80' lang='lat' dir='ltr'><strong>Christianis</strong></span> <span class='ocrx_word' id='word_1_27' title='bbox 817 325 977 353; x_wconf 77' lang='lat' dir='ltr'>carentibus</span> 
     </span>
     <span class='ocr_line' id='line_1_7' title="bbox 135 371 977 408; baseline 0.001 -9"><span class='ocrx_word' id='word_1_28' title='bbox 135 371 264 404; x_wconf 82' lang='lat' dir='ltr'><strong>caritate,</strong></span> <span class='ocrx_word' id='word_1_29' title='bbox 297 371 343 408; x_wconf 89' lang='lat' dir='ltr'><strong>qui</strong></span> <span class='ocrx_word' id='word_1_30' title='bbox 374 372 490 400; x_wconf 78' lang='lat' dir='ltr'><strong>libenter</strong></span> <span class='ocrx_word' id='word_1_31' title='bbox 518 375 545 400; x_wconf 87' lang='lat' dir='ltr'><strong>et</strong></span> <span class='ocrx_word' id='word_1_32' title='bbox 575 371 717 400; x_wconf 78' lang='lat' dir='ltr'><strong>humiliter</strong></span> <span class='ocrx_word' id='word_1_33' title='bbox 744 372 863 400; x_wconf 82' lang='lat' dir='ltr'><strong>audiunt</strong></span> <span class='ocrx_word' id='word_1_34' title='bbox 892 371 977 400; x_wconf 90' lang='lat' dir='ltr'><strong>verba</strong></span> 
     </span>
     <span class='ocr_line' id='line_1_8' title="bbox 134 416 976 454; baseline 0 -8"><span class='ocrx_word' id='word_1_35' title='bbox 134 417 285 454; x_wconf 87' lang='lat' dir='ltr'><strong>spectantia</strong></span> <span class='ocrx_word' id='word_1_36' title='bbox 307 417 340 446; x_wconf 91' lang='lat' dir='ltr'><strong>ad</strong></span> <span class='ocrx_word' id='word_1_37' title='bbox 363 417 516 446; x_wconf 74' lang='lat' dir='ltr'>doctrinam</span> <span class='ocrx_word' id='word_1_38' title='bbox 541 416 602 445; x_wconf 82' lang='lat' dir='ltr'><strong>fidei</strong></span> <span class='ocrx_word' id='word_1_39' title='bbox 626 420 653 445; x_wconf 84' lang='lat' dir='ltr'><strong>et</strong></span> <span class='ocrx_word' id='word_1_40' title='bbox 674 421 831 446; x_wconf 70' lang='lat' dir='ltr'><strong>constanter</strong></span> <span class='ocrx_word' id='word_1_41' title='bbox 846 422 873 446; x_wconf 89' lang='lat' dir='ltr'><strong>et</strong></span> <span class='ocrx_word' id='word_1_42' title='bbox 895 418 976 446; x_wconf 91' lang='lat' dir='ltr'><strong>virili-</strong></span> 
     </span>
     <span class='ocr_line' id='line_1_9' title="bbox 135 463 974 500; baseline 0 -8"><span class='ocrx_word' id='word_1_43' title='bbox 135 467 176 492; x_wconf 88' lang='lat' dir='ltr'><strong>ter</strong></span> <span class='ocrx_word' id='word_1_44' title='bbox 197 463 349 492; x_wconf 82' lang='lat' dir='ltr'><strong>abhorrent</strong></span> <span class='ocrx_word' id='word_1_45' title='bbox 371 464 538 492; x_wconf 83' lang='lat' dir='ltr'><strong>haereticam</strong></span> <span class='ocrx_word' id='word_1_46' title='bbox 561 464 735 500; x_wconf 68' lang='lat' dir='ltr'><strong>pravitatem.</strong></span> <span class='ocrx_word' id='word_1_47' title='bbox 760 464 789 492; x_wconf 81' lang='lat' dir='ltr'><strong>Et</strong></span> <span class='ocrx_word' id='word_1_48' title='bbox 804 465 841 493; x_wconf 82' lang='lat' dir='ltr'><strong>sic</strong></span> <span class='ocrx_word' id='word_1_49' title='bbox 863 464 974 493; x_wconf 83' lang='lat' dir='ltr'><strong>concedi</strong></span> 
     </span>
     <span class='ocr_line' id='line_1_10' title="bbox 134 510 977 547; baseline 0.001 -9"><span class='ocrx_word' id='word_1_50' title='bbox 134 513 238 547; x_wconf 85' lang='lat' dir='ltr'><strong>potest.</strong></span> <span class='ocrx_word' id='word_1_51' title='bbox 260 510 332 547; x_wconf 86' lang='lat' dir='ltr'><strong>quod</strong></span> <span class='ocrx_word' id='word_1_52' title='bbox 364 510 432 538; x_wconf 77' lang='lat' dir='ltr'><strong>tides</strong></span> <span class='ocrx_word' id='word_1_53' title='bbox 463 510 587 538; x_wconf 72' lang='lat' dir='ltr'><strong>informis</strong></span> <span class='ocrx_word' id='word_1_54' title='bbox 609 510 643 538; x_wconf 82' lang='lat' dir='ltr'><strong>sit</strong></span> <span class='ocrx_word' id='word_1_55' title='bbox 673 511 699 538; x_wconf 93' lang='lat' dir='ltr'><strong>in</strong></span> <span class='ocrx_word' id='word_1_56' title='bbox 728 518 828 547; x_wconf 81' lang='lat' dir='ltr'><strong>genere</strong></span> <span class='ocrx_word' id='word_1_57' title='bbox 851 511 977 543; x_wconf 86' lang='lat' dir='ltr'><strong>virtutis,</strong></span> 
     </span>
     <span class='ocr_line' id='line_1_11' title="bbox 134 557 978 595; baseline 0.001 -9"><span class='ocrx_word' id='word_1_58' title='bbox 134 557 288 586; x_wconf 86' lang='lat' dir='ltr'><strong>secundum</strong></span> <span class='ocrx_word' id='word_1_59' title='bbox 304 557 377 594; x_wconf 81' lang='lat' dir='ltr'><strong>quod</strong></span> <span class='ocrx_word' id='word_1_60' title='bbox 395 565 492 585; x_wconf 85' lang='lat' dir='ltr'><strong>nomen</strong></span> <span class='ocrx_word' id='word_1_61' title='bbox 510 557 620 585; x_wconf 83' lang='lat' dir='ltr'><strong>virtutis</strong></span> <span class='ocrx_word' id='word_1_62' title='bbox 635 557 769 594; x_wconf 76' lang='lat' dir='ltr'><strong>accipitur</strong></span> <span class='ocrx_word' id='word_1_63' title='bbox 788 558 869 595; x_wconf 64' lang='lat' dir='ltr'><strong>tat-qe</strong></span> <span class='ocrx_word' id='word_1_64' title='bbox 891 562 917 587; x_wconf 83' lang='lat' dir='ltr'><strong>ct</strong></span> <span class='ocrx_word' id='word_1_65' title='bbox 932 566 978 587; x_wconf 81' lang='lat' dir='ltr'><strong>ex-</strong></span> 
     </span>
     <span class='ocr_line' id='line_1_12' title="bbox 134 603 978 642; baseline 0.002 -10"><span class='ocrx_word' id='word_1_66' title='bbox 134 603 258 633; x_wconf 84' lang='lat' dir='ltr'><strong>tenditur</strong></span> <span class='ocrx_word' id='word_1_67' title='bbox 279 603 313 631; x_wconf 83' lang='lat' dir='ltr'><strong>ad</strong></span> <span class='ocrx_word' id='word_1_68' title='bbox 337 603 461 632; x_wconf 81' lang='lat' dir='ltr'><strong>habitum</strong></span> <span class='ocrx_word' id='word_1_69' title='bbox 484 603 681 632; x_wconf 75' lang='lat' dir='ltr'><strong>rertiiicantem</strong></span> <span class='ocrx_word' id='word_1_70' title='bbox 697 608 724 632; x_wconf 84' lang='lat' dir='ltr'><strong>et</strong></span> <span class='ocrx_word' id='word_1_71' title='bbox 746 605 916 641; x_wconf 82' lang='lat' dir='ltr'><strong>vigorantem</strong></span> <span class='ocrx_word' id='word_1_72' title='bbox 934 614 978 642; x_wconf 89' lang='lat' dir='ltr'><strong>po-</strong></span> 
     </span>
     <span class='ocr_line' id='line_1_13' title="bbox 135 650 978 688; baseline 0.002 -9"><span class='ocrx_word' id='word_1_73' title='bbox 135 650 247 680; x_wconf 85' lang='lat' dir='ltr'><strong>tentiam</strong></span> <span class='ocrx_word' id='word_1_74' title='bbox 271 651 296 679; x_wconf 89' lang='lat' dir='ltr'><strong>in</strong></span> <span class='ocrx_word' id='word_1_75' title='bbox 314 650 356 679; x_wconf 88' lang='lat' dir='ltr'><strong>bis</strong></span> <span class='ocrx_word' id='word_1_76' title='bbox 377 650 500 684; x_wconf 81' lang='lat' dir='ltr'><strong>actibus,</strong></span> <span class='ocrx_word' id='word_1_77' title='bbox 522 651 595 679; x_wconf 76' lang='lat' dir='ltr'><strong>circa</strong></span> <span class='ocrx_word' id='word_1_78' title='bbox 610 659 680 688; x_wconf 89' lang='lat' dir='ltr'><strong>quos</strong></span> <span class='ocrx_word' id='word_1_79' title='bbox 700 653 824 681; x_wconf 80' lang='lat' dir='ltr'><strong>consistit</strong></span> <span class='ocrx_word' id='word_1_80' title='bbox 839 653 881 680; x_wconf 83' lang='lat' dir='ltr'><strong>via</strong></span> <span class='ocrx_word' id='word_1_81' title='bbox 904 653 978 681; x_wconf 87' lang='lat' dir='ltr'><strong>iusti-</strong></span> 
     </span>
     <span class='ocr_line' id='line_1_14' title="bbox 135 697 978 734; baseline 0.001 -8"><span class='ocrx_word' id='word_1_82' title='bbox 135 697 187 726; x_wconf 82' lang='lat' dir='ltr'><strong>tiae</strong></span> <span class='ocrx_word' id='word_1_83' title='bbox 202 697 218 724; x_wconf 91' lang='lat'><strong>¹.</strong></span> <span class='ocrx_word' id='word_1_84' title='bbox 240 713 276 717; x_wconf 96' lang='lat'>—</span> <span class='ocrx_word' id='word_1_85' title='bbox 300 697 330 725; x_wconf 85' lang='lat' dir='ltr'><strong>Et</strong></span> <span class='ocrx_word' id='word_1_86' title='bbox 351 697 416 734; x_wconf 83' lang='lat' dir='ltr'><strong>quia</strong></span> <span class='ocrx_word' id='word_1_87' title='bbox 442 697 492 725; x_wconf 86' lang='lat' dir='ltr'><strong>boc</strong></span> <span class='ocrx_word' id='word_1_88' title='bbox 518 697 598 725; x_wconf 85' lang='lat' dir='ltr'><strong>modo</strong></span> <span class='ocrx_word' id='word_1_89' title='bbox 628 698 782 734; x_wconf 77' lang='lat' dir='ltr'><strong>procedunt</strong></span> <span class='ocrx_word' id='word_1_90' title='bbox 804 699 923 727; x_wconf 81' lang='lat' dir='ltr'><strong>rationes</strong></span> <span class='ocrx_word' id='word_1_91' title='bbox 944 698 978 727; x_wconf 83' lang='lat' dir='ltr'><strong>ad</strong></span> 
     </span>
     <span class='ocr_line' id='line_1_15' title="bbox 134 743 791 781; baseline 0.002 -9"><span class='ocrx_word' id='word_1_92' title='bbox 134 748 242 781; x_wconf 83' lang='lat' dir='ltr'><strong>partem</strong></span> <span class='ocrx_word' id='word_1_93' title='bbox 265 744 400 780; x_wconf 85' lang='lat' dir='ltr'><strong>primam,</strong></span> <span class='ocrx_word' id='word_1_94' title='bbox 423 743 484 772; x_wconf 87' lang='lat' dir='ltr'><strong>ideo</strong></span> <span class='ocrx_word' id='word_1_95' title='bbox 505 744 696 772; x_wconf 74' lang='lat' dir='ltr'><strong>conredendae</strong></span> <span class='ocrx_word' id='word_1_96' title='bbox 718 749 791 773; x_wconf 87' lang='lat' dir='ltr'><strong>sunt.</strong></span> 
     </span>
    </p>

    <p class='ocr_par' dir='ltr' id='par_1_5' title="bbox 134 790 979 1061">
     <span class='ocr_line' id='line_1_16' title="bbox 216 790 978 829; baseline 0.004 -11"><span class='ocrx_word' id='word_1_97' title='bbox 216 792 239 818; x_wconf 89' lang='grc'><strong>1.</strong></span> <span class='ocrx_word' id='word_1_98' title='bbox 261 791 298 818; x_wconf 75' lang='lat' dir='ltr'><strong>Ad</strong></span> <span class='ocrx_word' id='word_1_99' title='bbox 321 790 390 819; x_wconf 91' lang='lat' dir='ltr'><strong>illud</strong></span> <span class='ocrx_word' id='word_1_100' title='bbox 406 790 479 827; x_wconf 87' lang='lat' dir='ltr'><strong>quod</strong></span> <span class='ocrx_word' id='word_1_101' title='bbox 496 790 640 824; x_wconf 75' lang='lat' dir='ltr'><strong>obiicitur,</strong></span> <span class='ocrx_word' id='word_1_102' title='bbox 662 791 735 828; x_wconf 91' lang='lat' dir='ltr'><strong>quod</strong></span> <span class='ocrx_word' id='word_1_103' title='bbox 754 791 822 820; x_wconf 79' lang='lat' dir='ltr'><strong>tides</strong></span> <span class='ocrx_word' id='word_1_104' title='bbox 844 792 902 821; x_wconf 79' lang='lat' dir='ltr'><strong>sine</strong></span> <span class='ocrx_word' id='word_1_105' title='bbox 917 800 978 829; x_wconf 83' lang='lat' dir='ltr'><strong>ope-</strong></span> 
     </span>
     <span class='ocr_line' id='line_1_17' title="bbox 134 837 979 874; baseline 0.001 -8"><span class='ocrx_word' id='word_1_106' title='bbox 134 837 213 866; x_wconf 83' lang='lat' dir='ltr'><strong>ribus</strong></span> <span class='ocrx_word' id='word_1_107' title='bbox 229 841 337 865; x_wconf 86' lang='lat' dir='ltr'><strong>mortua</strong></span> <span class='ocrx_word' id='word_1_108' title='bbox 359 840 415 871; x_wconf 78' lang='lat' dir='ltr'><strong>est3</strong></span> <span class='ocrx_word' id='word_1_109' title='bbox 431 837 593 871; x_wconf 78' lang='lat' dir='ltr'><strong>dicendum,</strong></span> <span class='ocrx_word' id='word_1_110' title='bbox 615 837 689 874; x_wconf 87' lang='lat' dir='ltr'><strong>quod</strong></span> <span class='ocrx_word' id='word_1_111' title='bbox 707 846 758 866; x_wconf 81' lang='lat' dir='ltr'><strong>nou</strong></span> <span class='ocrx_word' id='word_1_112' title='bbox 782 838 883 867; x_wconf 70' lang='lat' dir='ltr'><strong>dicitur</strong></span> <span class='ocrx_word' id='word_1_113' title='bbox 904 847 979 867; x_wconf 73' lang='lat' dir='ltr'><strong>inor—</strong></span> 
     </span>
     <span class='ocr_line' id='line_1_18' title="bbox 135 884 978 922; baseline 0.002 -10"><span class='ocrx_word' id='word_1_114' title='bbox 135 887 200 917; x_wconf 81' lang='lat' dir='ltr'><strong>tua,</strong></span> <span class='ocrx_word' id='word_1_115' title='bbox 216 884 282 921; x_wconf 89' lang='lat' dir='ltr'><strong>quia</strong></span> <span class='ocrx_word' id='word_1_116' title='bbox 299 888 389 912; x_wconf 77' lang='lat' dir='ltr'><strong>careat</strong></span> <span class='ocrx_word' id='word_1_117' title='bbox 402 884 411 898; x_wconf 62' lang='lat'><strong>⁹</strong></span> <span class='ocrx_word' id='word_1_118' title='bbox 426 884 499 912; x_wconf 89' lang='lat' dir='ltr'><strong>omni</strong></span> <span class='ocrx_word' id='word_1_119' title='bbox 523 884 640 912; x_wconf 85' lang='lat' dir='ltr'><strong>utilitate</strong></span> <span class='ocrx_word' id='word_1_120' title='bbox 656 888 682 911; x_wconf 76' lang='lat' dir='ltr'><strong>et</strong></span> <span class='ocrx_word' id='word_1_121' title='bbox 697 884 829 917; x_wconf 63' lang='grc'>0111030111.</span> <span class='ocrx_word' id='word_1_122' title='bbox 847 886 892 913; x_wconf 70' lang='lat' dir='ltr'><strong>sed</strong></span> <span class='ocrx_word' id='word_1_123' title='bbox 913 886 978 922; x_wconf 82' lang='lat' dir='ltr'><strong>quia</strong></span> 
     </span>
     <span class='ocr_line' id='line_1_19' title="bbox 135 931 977 967; baseline 0.002 -8"><span class='ocrx_word' id='word_1_124' title='bbox 135 933 210 959; x_wconf 84' lang='lat' dir='ltr'><strong>caret</strong></span> <span class='ocrx_word' id='word_1_125' title='bbox 226 931 280 959; x_wconf 83' lang='lat' dir='ltr'><strong>vita</strong></span> <span class='ocrx_word' id='word_1_126' title='bbox 302 931 434 966; x_wconf 71' lang='lat' dir='ltr'><strong>gratuitu,</strong></span> <span class='ocrx_word' id='word_1_127' title='bbox 453 938 524 967; x_wconf 83' lang='lat' dir='ltr'><strong>quae</strong></span> <span class='ocrx_word' id='word_1_128' title='bbox 539 933 580 958; x_wconf 85' lang='lat' dir='ltr'><strong>est</strong></span> <span class='ocrx_word' id='word_1_129' title='bbox 603 931 657 958; x_wconf 81' lang='lat' dir='ltr'><strong>vita</strong></span> <span class='ocrx_word' id='word_1_130' title='bbox 674 932 806 967; x_wconf 75' lang='lat' dir='ltr'><strong>perfecta:</strong></span> <span class='ocrx_word' id='word_1_131' title='bbox 822 935 848 960; x_wconf 73' lang='lat' dir='ltr'><strong>ot</strong></span> <span class='ocrx_word' id='word_1_132' title='bbox 867 932 927 960; x_wconf 72' lang='lat' dir='ltr'><strong>ideo</strong></span> <span class='ocrx_word' id='word_1_133' title='bbox 942 941 977 961; x_wconf 83' lang='lat' dir='ltr'><strong>ex</strong></span> 
     </span>
     <span class='ocr_line' id='line_1_20' title="bbox 136 977 978 1016; baseline 0.001 -10"><span class='ocrx_word' id='word_1_134' title='bbox 136 978 187 1006; x_wconf 89' lang='lat' dir='ltr'><strong>boc</strong></span> <span class='ocrx_word' id='word_1_135' title='bbox 208 986 261 1006; x_wconf 89' lang='lat' dir='ltr'><strong>non</strong></span> <span class='ocrx_word' id='word_1_136' title='bbox 289 981 376 1014; x_wconf 80' lang='lat' dir='ltr'><strong>potest.</strong></span> <span class='ocrx_word' id='word_1_137' title='bbox 398 977 544 1009; x_wconf 73' lang='lat' dir='ltr'><strong>conrludi,</strong></span> <span class='ocrx_word' id='word_1_138' title='bbox 573 978 646 1014; x_wconf 88' lang='lat' dir='ltr'><strong>quod</strong></span> <span class='ocrx_word' id='word_1_139' title='bbox 671 987 722 1006; x_wconf 83' lang='lat' dir='ltr'><strong>uon</strong></span> <span class='ocrx_word' id='word_1_140' title='bbox 753 979 787 1006; x_wconf 71' lang='lat' dir='ltr'><strong>sit</strong></span> <span class='ocrx_word' id='word_1_141' title='bbox 808 979 978 1016; x_wconf 69' lang='lat' dir='ltr'><strong>simpliciter</strong></span> 
     </span>
     <span class='ocr_line' id='line_1_21' title="bbox 135 1024 891 1061; baseline 0 -8"><span class='ocrx_word' id='word_1_142' title='bbox 135 1025 240 1058; x_wconf 79' lang='lat' dir='ltr'><strong>virtuS‚</strong></span> <span class='ocrx_word' id='word_1_143' title='bbox 263 1024 309 1053; x_wconf 81' lang='lat' dir='ltr'><strong>sed</strong></span> <span class='ocrx_word' id='word_1_144' title='bbox 332 1025 406 1061; x_wconf 85' lang='lat' dir='ltr'><strong>quod</strong></span> <span class='ocrx_word' id='word_1_145' title='bbox 430 1032 482 1052; x_wconf 89' lang='lat' dir='ltr'><strong>non</strong></span> <span class='ocrx_word' id='word_1_146' title='bbox 505 1024 539 1052; x_wconf 80' lang='lat' dir='ltr'><strong>sit</strong></span> <span class='ocrx_word' id='word_1_147' title='bbox 562 1024 651 1052; x_wconf 90' lang='lat' dir='ltr'><strong>virtus</strong></span> <span class='ocrx_word' id='word_1_148' title='bbox 670 1025 790 1061; x_wconf 58' lang='lat' dir='ltr'><strong>proprus</strong></span> <span class='ocrx_word' id='word_1_149' title='bbox 812 1025 891 1053; x_wconf 75' lang='lat' dir='ltr'><strong>dicta.</strong></span> 
     </span>
    </p>

    <p class='ocr_par' dir='ltr' id='par_1_6' title="bbox 135 1071 979 1435">
     <span class='ocr_line' id='line_1_22' title="bbox 213 1071 977 1108; baseline 0.001 -9"><span class='ocrx_word' id='word_1_150' title='bbox 213 1073 238 1100; x_wconf 76' lang='lat'><strong>2.</strong></span> <span class='ocrx_word' id='word_1_151' title='bbox 262 1071 297 1099; x_wconf 70' lang='lat' dir='ltr'><strong>Ad</strong></span> <span class='ocrx_word' id='word_1_152' title='bbox 315 1071 383 1099; x_wconf 89' lang='lat' dir='ltr'><strong>illud</strong></span> <span class='ocrx_word' id='word_1_153' title='bbox 399 1072 471 1108; x_wconf 83' lang='lat' dir='ltr'><strong>quod</strong></span> <span class='ocrx_word' id='word_1_154' title='bbox 495 1071 637 1105; x_wconf 85' lang='lat' dir='ltr'><strong>obiicitur,</strong></span> <span class='ocrx_word' id='word_1_155' title='bbox 653 1072 725 1108; x_wconf 85' lang='lat' dir='ltr'><strong>quod</strong></span> <span class='ocrx_word' id='word_1_156' title='bbox 748 1072 836 1100; x_wconf 86' lang='lat' dir='ltr'><strong>virtus</strong></span> <span class='ocrx_word' id='word_1_157' title='bbox 851 1076 891 1100; x_wconf 69' lang='lat' dir='ltr'><strong>est</strong></span> <span class='ocrx_word' id='word_1_158' title='bbox 908 1073 977 1100; x_wconf 79' lang='lat' dir='ltr'><strong>bona</strong></span> 
     </span>
     <span class='ocr_line' id='line_1_23' title="bbox 135 1117 976 1156; baseline 0.001 -10"><span class='ocrx_word' id='word_1_159' title='bbox 135 1118 254 1156; x_wconf 77' lang='lat' dir='ltr'><strong>qualitas</strong></span> <span class='ocrx_word' id='word_1_160' title='bbox 276 1118 375 1146; x_wconf 83' lang='lat' dir='ltr'><strong>mentis</strong></span> <span class='ocrx_word' id='word_1_161' title='bbox 395 1121 459 1151; x_wconf 84' lang='lat' dir='ltr'><strong>etc.;</strong></span> <span class='ocrx_word' id='word_1_162' title='bbox 482 1117 645 1151; x_wconf 81' lang='lat' dir='ltr'><strong>dicendum,</strong></span> <span class='ocrx_word' id='word_1_163' title='bbox 660 1118 733 1154; x_wconf 86' lang='lat' dir='ltr'><strong>quod</strong></span> <span class='ocrx_word' id='word_1_164' title='bbox 758 1119 925 1152; x_wconf 53' lang='lat' dir='ltr'><strong>⁴&amp;ugustiuus</strong></span> <span class='ocrx_word' id='word_1_165' title='bbox 942 1119 976 1147; x_wconf 89' lang='lat' dir='ltr'><strong>ibi</strong></span> 
     </span>
     <span class='ocr_line' id='line_1_24' title="bbox 136 1164 976 1201; baseline 0 -7"><span class='ocrx_word' id='word_1_166' title='bbox 136 1164 232 1194; x_wconf 84' lang='lat' dir='ltr'><strong>definit</strong></span> <span class='ocrx_word' id='word_1_167' title='bbox 260 1164 391 1193; x_wconf 85' lang='lat' dir='ltr'><strong>virtutem</strong></span> <span class='ocrx_word' id='word_1_168' title='bbox 418 1165 539 1201; x_wconf 71' lang='lat' dir='ltr'><strong>proprie</strong></span> <span class='ocrx_word' id='word_1_169' title='bbox 567 1164 685 1194; x_wconf 83' lang='lat' dir='ltr'><strong>dictam.</strong></span> <span class='ocrx_word' id='word_1_170' title='bbox 714 1165 817 1193; x_wconf 80' lang='lat' dir='ltr'><strong>scilicet</strong></span> <span class='ocrx_word' id='word_1_171' title='bbox 846 1166 976 1194; x_wconf 81' lang='lat' dir='ltr'><strong>virtutem</strong></span> 
     </span>
     <span class='ocr_line' id='line_1_25' title="bbox 136 1211 979 1249; baseline 0 -9"><span class='ocrx_word' id='word_1_172' title='bbox 136 1212 299 1249; x_wconf 75' lang='lat' dir='ltr'><strong>gratuitam5</strong></span> <span class='ocrx_word' id='word_1_173' title='bbox 321 1215 347 1240; x_wconf 87' lang='lat' dir='ltr'><strong>et</strong></span> <span class='ocrx_word' id='word_1_174' title='bbox 363 1211 413 1239; x_wconf 86' lang='lat' dir='ltr'><strong>boc</strong></span> <span class='ocrx_word' id='word_1_175' title='bbox 437 1211 518 1239; x_wconf 88' lang='lat' dir='ltr'><strong>modo</strong></span> <span class='ocrx_word' id='word_1_176' title='bbox 532 1211 740 1240; x_wconf 64' lang='lat' dir='ltr'><strong>(zoticedendum</strong></span> <span class='ocrx_word' id='word_1_177' title='bbox 763 1215 820 1245; x_wconf 79' lang='lat' dir='ltr'><strong>est,</strong></span> <span class='ocrx_word' id='word_1_178' title='bbox 843 1212 924 1240; x_wconf 75' lang='lat' dir='ltr'><strong>tidem</strong></span> <span class='ocrx_word' id='word_1_179' title='bbox 943 1213 979 1240; x_wconf 86' lang='lat' dir='ltr'><strong>in-</strong></span> 
     </span>
     <span class='ocr_line' id='line_1_26' title="bbox 136 1258 977 1295; baseline 0.001 -8"><span class='ocrx_word' id='word_1_180' title='bbox 136 1259 252 1288; x_wconf 80' lang='lat' dir='ltr'><strong>formem</strong></span> <span class='ocrx_word' id='word_1_181' title='bbox 275 1266 327 1287; x_wconf 88' lang='lat' dir='ltr'><strong>non</strong></span> <span class='ocrx_word' id='word_1_182' title='bbox 357 1258 489 1287; x_wconf 76' lang='lat' dir='ltr'><strong>contineri</strong></span> <span class='ocrx_word' id='word_1_183' title='bbox 512 1258 565 1286; x_wconf 89' lang='lat' dir='ltr'><strong>sub</strong></span> <span class='ocrx_word' id='word_1_184' title='bbox 594 1258 705 1287; x_wconf 87' lang='lat' dir='ltr'><strong>virtutis</strong></span> <span class='ocrx_word' id='word_1_185' title='bbox 726 1266 834 1295; x_wconf 75' lang='lat' dir='ltr'><strong>genere.</strong></span> <span class='ocrx_word' id='word_1_186' title='bbox 860 1259 897 1287; x_wconf 72' lang='lat' dir='ltr'><strong>lix</strong></span> <span class='ocrx_word' id='word_1_187' title='bbox 927 1260 977 1288; x_wconf 83' lang='lat' dir='ltr'><strong>boc</strong></span> 
     </span>
     <span class='ocr_line' id='line_1_27' title="bbox 137 1305 979 1342; baseline 0.001 -8"><span class='ocrx_word' id='word_1_188' title='bbox 137 1309 227 1334; x_wconf 83' lang='lat' dir='ltr'><strong>tamen</strong></span> <span class='ocrx_word' id='word_1_189' title='bbox 250 1313 303 1333; x_wconf 90' lang='lat' dir='ltr'><strong>non</strong></span> <span class='ocrx_word' id='word_1_190' title='bbox 326 1305 461 1342; x_wconf 78' lang='lat' dir='ltr'><strong>sequitur,</strong></span> <span class='ocrx_word' id='word_1_191' title='bbox 477 1305 553 1333; x_wconf 90' lang='lat' dir='ltr'><strong>qulo</strong></span> <span class='ocrx_word' id='word_1_192' title='bbox 577 1305 657 1333; x_wconf 87' lang='lat' dir='ltr'><strong>modo</strong></span> <span class='ocrx_word' id='word_1_193' title='bbox 679 1313 739 1333; x_wconf 72' lang='lat' dir='ltr'><strong>vam</strong></span> <span class='ocrx_word' id='word_1_194' title='bbox 757 1306 888 1334; x_wconf 77' lang='lat' dir='ltr'><strong>contineri</strong></span> <span class='ocrx_word' id='word_1_195' title='bbox 901 1307 919 1340; x_wconf 71' lang='lat'><strong>³,</strong></span> <span class='ocrx_word' id='word_1_196' title='bbox 940 1314 979 1335; x_wconf 86' lang='lat' dir='ltr'><strong>se-</strong></span> 
     </span>
     <span class='ocr_line' id='line_1_28' title="bbox 136 1351 977 1388; baseline -0.001 -7"><span class='ocrx_word' id='word_1_197' title='bbox 136 1352 259 1381; x_wconf 88' lang='lat' dir='ltr'><strong>cundum</strong></span> <span class='ocrx_word' id='word_1_198' title='bbox 281 1351 356 1388; x_wconf 90' lang='lat' dir='ltr'><strong>quod</strong></span> <span class='ocrx_word' id='word_1_199' title='bbox 380 1352 469 1379; x_wconf 80' lang='lat' dir='ltr'><strong>virtus</strong></span> <span class='ocrx_word' id='word_1_200' title='bbox 491 1351 572 1388; x_wconf 62' lang='grc' dir='ltr'>ίαν-91</span> <span class='ocrx_word' id='word_1_201' title='bbox 593 1352 742 1388; x_wconf 86' lang='lat' dir='ltr'><strong>accipitur:</strong></span> <span class='ocrx_word' id='word_1_202' title='bbox 768 1351 851 1380; x_wconf 86' lang='lat' dir='ltr'><strong>immo</strong></span> <span class='ocrx_word' id='word_1_203' title='bbox 880 1356 920 1380; x_wconf 69' lang='lat' dir='ltr'><strong>est</strong></span> <span class='ocrx_word' id='word_1_204' title='bbox 942 1352 977 1380; x_wconf 91' lang='lat' dir='ltr'><strong>ibi</strong></span> 
     </span>
     <span class='ocr_line' id='line_1_29' title="bbox 137 1398 627 1435; baseline -0.002 -8"><span class='ocrx_word' id='word_1_205' title='bbox 137 1398 213 1427; x_wconf 88' lang='lat' dir='ltr'><strong>locus</strong></span> <span class='ocrx_word' id='word_1_206' title='bbox 235 1398 402 1435; x_wconf 76' lang='lat' dir='ltr'><strong>sophisticus</strong></span> <span class='ocrx_word' id='word_1_207' title='bbox 423 1398 627 1435; x_wconf 58' lang='lat' dir='ltr'><strong>consequentis:</strong></span> 
     </span>
    </p>

    <p class='ocr_par' dir='ltr' id='par_1_7' title="bbox 132 1444 979 1855">
     <span class='ocr_line' id='line_1_30' title="bbox 215 1444 979 1482; baseline 0.001 -9"><span class='ocrx_word' id='word_1_208' title='bbox 215 1444 240 1473; x_wconf 86' lang='lat'><strong>3.</strong></span> <span class='ocrx_word' id='word_1_209' title='bbox 263 1444 300 1473; x_wconf 72' lang='lat' dir='ltr'><strong>Ad</strong></span> <span class='ocrx_word' id='word_1_210' title='bbox 323 1444 392 1473; x_wconf 89' lang='lat' dir='ltr'><strong>illud</strong></span> <span class='ocrx_word' id='word_1_211' title='bbox 415 1444 488 1481; x_wconf 89' lang='lat' dir='ltr'><strong>quod</strong></span> <span class='ocrx_word' id='word_1_212' title='bbox 515 1444 660 1479; x_wconf 70' lang='lat' dir='ltr'><strong>oburitur,</strong></span> <span class='ocrx_word' id='word_1_213' title='bbox 682 1445 756 1482; x_wconf 90' lang='lat' dir='ltr'><strong>quod</strong></span> <span class='ocrx_word' id='word_1_214' title='bbox 779 1445 868 1473; x_wconf 88' lang='lat' dir='ltr'><strong>omnis</strong></span> <span class='ocrx_word' id='word_1_215' title='bbox 890 1446 979 1474; x_wconf 86' lang='lat' dir='ltr'><strong>virtus</strong></span> 
     </span>
     <span class='ocr_line' id='line_1_31' title="bbox 135 1491 976 1529; baseline -0.001 -8"><span class='ocrx_word' id='word_1_216' title='bbox 135 1496 184 1521; x_wconf 83' lang='lat' dir='ltr'><strong>aut</strong></span> <span class='ocrx_word' id='word_1_217' title='bbox 205 1495 247 1521; x_wconf 89' lang='lat' dir='ltr'><strong>est</strong></span> <span class='ocrx_word' id='word_1_218' title='bbox 268 1491 431 1525; x_wconf 85' lang='lat' dir='ltr'><strong>cardinalis,</strong></span> <span class='ocrx_word' id='word_1_219' title='bbox 453 1494 501 1519; x_wconf 86' lang='lat' dir='ltr'><strong>aut</strong></span> <span class='ocrx_word' id='word_1_220' title='bbox 523 1491 694 1528; x_wconf 77' lang='lat' dir='ltr'><strong>tlieologica3</strong></span> <span class='ocrx_word' id='word_1_221' title='bbox 717 1491 882 1522; x_wconf 75' lang='lat' dir='ltr'><strong>dicendum,</strong></span> <span class='ocrx_word' id='word_1_222' title='bbox 903 1492 976 1529; x_wconf 86' lang='lat' dir='ltr'><strong>quod</strong></span> 
     </span>
     <span class='ocr_line' id='line_1_32' title="bbox 135 1537 977 1576; baseline 0 -8"><span class='ocrx_word' id='word_1_223' title='bbox 135 1539 182 1568; x_wconf 84' lang='lat' dir='ltr'><strong>illa</strong></span> <span class='ocrx_word' id='word_1_224' title='bbox 210 1538 310 1568; x_wconf 87' lang='lat' dir='ltr'><strong>divisio</strong></span> <span class='ocrx_word' id='word_1_225' title='bbox 331 1542 372 1568; x_wconf 83' lang='lat' dir='ltr'><strong>est</strong></span> <span class='ocrx_word' id='word_1_226' title='bbox 401 1538 512 1567; x_wconf 88' lang='lat' dir='ltr'><strong>virtutis</strong></span> <span class='ocrx_word' id='word_1_227' title='bbox 532 1537 697 1574; x_wconf 55' lang='lat' dir='ltr'><strong>serenatae,</strong></span> <span class='ocrx_word' id='word_1_228' title='bbox 726 1539 879 1567; x_wconf 83' lang='lat' dir='ltr'><strong>secundum</strong></span> <span class='ocrx_word' id='word_1_229' title='bbox 902 1539 977 1576; x_wconf 88' lang='lat' dir='ltr'><strong>quod</strong></span> 
     </span>
     <span class='ocr_line' id='line_1_33' title="bbox 132 1584 978 1623; baseline -0.001 -8"><span class='ocrx_word' id='word_1_230' title='bbox 132 1585 253 1623; x_wconf 77' lang='lat' dir='ltr'><strong>proprie</strong></span> <span class='ocrx_word' id='word_1_231' title='bbox 273 1585 408 1622; x_wconf 84' lang='lat' dir='ltr'><strong>accipitur</strong></span> <span class='ocrx_word' id='word_1_232' title='bbox 430 1585 519 1613; x_wconf 87' lang='lat' dir='ltr'><strong>virtus</strong></span> <span class='ocrx_word' id='word_1_233' title='bbox 540 1584 689 1613; x_wconf 77' lang='lat' dir='ltr'><strong>cardinalis</strong></span> <span class='ocrx_word' id='word_1_234' title='bbox 711 1588 737 1613; x_wconf 87' lang='lat' dir='ltr'><strong>et</strong></span> <span class='ocrx_word' id='word_1_235' title='bbox 760 1585 930 1621; x_wconf 76' lang='lat' dir='ltr'><strong>theologis-a:</strong></span> <span class='ocrx_word' id='word_1_236' title='bbox 952 1588 978 1614; x_wconf 90' lang='lat' dir='ltr'><strong>et</strong></span> 
     </span>
     <span class='ocr_line' id='line_1_34' title="bbox 135 1631 976 1668; baseline -0.001 -7"><span class='ocrx_word' id='word_1_237' title='bbox 135 1632 174 1661; x_wconf 87' lang='lat' dir='ltr'><strong>sic</strong></span> <span class='ocrx_word' id='word_1_238' title='bbox 195 1631 264 1660; x_wconf 78' lang='lat' dir='ltr'><strong>tides</strong></span> <span class='ocrx_word' id='word_1_239' title='bbox 286 1631 411 1660; x_wconf 79' lang='lat' dir='ltr'><strong>informis</strong></span> <span class='ocrx_word' id='word_1_240' title='bbox 426 1639 479 1659; x_wconf 89' lang='lat' dir='ltr'><strong>non</strong></span> <span class='ocrx_word' id='word_1_241' title='bbox 502 1631 658 1660; x_wconf 85' lang='lat' dir='ltr'><strong>continetur</strong></span> <span class='ocrx_word' id='word_1_242' title='bbox 673 1631 726 1659; x_wconf 78' lang='lat' dir='ltr'><strong>sub</strong></span> <span class='ocrx_word' id='word_1_243' title='bbox 741 1639 841 1668; x_wconf 73' lang='lat' dir='ltr'><strong>genere</strong></span> <span class='ocrx_word' id='word_1_244' title='bbox 858 1631 976 1660; x_wconf 73' lang='lat' dir='ltr'><strong>virtutis.</strong></span> 
     </span>
     <span class='ocr_line' id='line_1_35' title="bbox 134 1678 979 1715; baseline 0 -8"><span class='ocrx_word' id='word_1_245' title='bbox 134 1695 174 1700; x_wconf 94' lang='lat'><strong>--</strong></span> <span class='ocrx_word' id='word_1_246' title='bbox 189 1679 281 1707; x_wconf 85' lang='lat' dir='ltr'><strong>Posset</strong></span> <span class='ocrx_word' id='word_1_247' title='bbox 301 1681 391 1707; x_wconf 86' lang='lat' dir='ltr'><strong>tamen</strong></span> <span class='ocrx_word' id='word_1_248' title='bbox 414 1678 483 1711; x_wconf 81' lang='lat' dir='ltr'><strong>dici,</strong></span> <span class='ocrx_word' id='word_1_249' title='bbox 505 1678 580 1715; x_wconf 85' lang='lat' dir='ltr'><strong>quod</strong></span> <span class='ocrx_word' id='word_1_250' title='bbox 596 1678 667 1706; x_wconf 83' lang='lat' dir='ltr'><strong>sicut</strong></span> <span class='ocrx_word' id='word_1_251' title='bbox 682 1678 750 1707; x_wconf 77' lang='lat' dir='ltr'><strong>sides</strong></span> <span class='ocrx_word' id='word_1_252' title='bbox 764 1678 772 1691; x_wconf 69' lang='lat'>⁴</span> <span class='ocrx_word' id='word_1_253' title='bbox 796 1679 878 1706; x_wconf 78' lang='lat' dir='ltr'><strong>nabet</strong></span> <span class='ocrx_word' id='word_1_254' title='bbox 901 1679 979 1707; x_wconf 79' lang='lat' dir='ltr'><strong>ratio-</strong></span> 
     </span>
     <span class='ocr_line' id='line_1_36' title="bbox 136 1724 978 1761; baseline -0.001 -7"><span class='ocrx_word' id='word_1_255' title='bbox 136 1733 199 1754; x_wconf 89' lang='lat' dir='ltr'><strong>nem</strong></span> <span class='ocrx_word' id='word_1_256' title='bbox 222 1725 333 1753; x_wconf 89' lang='lat' dir='ltr'><strong>virtutis</strong></span> <span class='ocrx_word' id='word_1_257' title='bbox 355 1724 548 1761; x_wconf 77' lang='lat' dir='ltr'><strong>incompletae,</strong></span> <span class='ocrx_word' id='word_1_258' title='bbox 571 1724 609 1753; x_wconf 82' lang='lat' dir='ltr'><strong>sic</strong></span> <span class='ocrx_word' id='word_1_259' title='bbox 632 1725 715 1754; x_wconf 87' lang='lat' dir='ltr'><strong>babet</strong></span> <span class='ocrx_word' id='word_1_260' title='bbox 738 1725 869 1754; x_wconf 85' lang='lat' dir='ltr'><strong>rationem</strong></span> <span class='ocrx_word' id='word_1_261' title='bbox 894 1725 978 1753; x_wconf 84' lang='lat' dir='ltr'><strong>vlrtu-</strong></span> 
     </span>
     <span class='ocr_line' id='line_1_37' title="bbox 136 1771 976 1808; baseline -0.001 -8"><span class='ocrx_word' id='word_1_262' title='bbox 136 1771 170 1800; x_wconf 92' lang='lat' dir='ltr'><strong>tis</strong></span> <span class='ocrx_word' id='word_1_263' title='bbox 192 1771 377 1808; x_wconf 79' lang='lat' dir='ltr'><strong>theologicae,</strong></span> <span class='ocrx_word' id='word_1_264' title='bbox 392 1771 458 1808; x_wconf 89' lang='lat' dir='ltr'><strong>quia</strong></span> <span class='ocrx_word' id='word_1_265' title='bbox 478 1771 599 1808; x_wconf 86' lang='lat' dir='ltr'><strong>quodam</strong></span> <span class='ocrx_word' id='word_1_266' title='bbox 617 1771 698 1800; x_wconf 91' lang='lat' dir='ltr'><strong>modo</strong></span> <span class='ocrx_word' id='word_1_267' title='bbox 715 1771 740 1799; x_wconf 91' lang='lat' dir='ltr'><strong>in</strong></span> <span class='ocrx_word' id='word_1_268' title='bbox 763 1771 850 1800; x_wconf 89' lang='lat' dir='ltr'><strong>Deum</strong></span> <span class='ocrx_word' id='word_1_269' title='bbox 869 1771 976 1807; x_wconf 77' lang='lat' dir='ltr'><strong>dirigit,</strong></span> 
     </span>
     <span class='ocr_line' id='line_1_38' title="bbox 135 1817 379 1855; baseline -0.004 -9"><span class='ocrx_word' id='word_1_270' title='bbox 135 1817 198 1847; x_wconf 89' lang='lat' dir='ltr'><strong>licet</strong></span> <span class='ocrx_word' id='word_1_271' title='bbox 219 1818 379 1855; x_wconf 82' lang='lat' dir='ltr'><strong>semiplene.</strong></span> 
     </span>
    </p>

    <p class='ocr_par' dir='ltr' id='par_1_8' title="bbox 213 1864 978 1902">
     <span class='ocr_line' id='line_1_39' title="bbox 213 1864 978 1902; baseline -0.001 -9"><span class='ocrx_word' id='word_1_272' title='bbox 213 1865 240 1893; x_wconf 74' lang='lat' dir='ltr'><strong>lt.</strong></span> <span class='ocrx_word' id='word_1_273' title='bbox 262 1865 300 1893; x_wconf 80' lang='lat' dir='ltr'><strong>Ad</strong></span> <span class='ocrx_word' id='word_1_274' title='bbox 317 1864 386 1893; x_wconf 89' lang='lat' dir='ltr'><strong>illud</strong></span> <span class='ocrx_word' id='word_1_275' title='bbox 407 1865 482 1902; x_wconf 87' lang='lat' dir='ltr'><strong>quod</strong></span> <span class='ocrx_word' id='word_1_276' title='bbox 497 1865 626 1894; x_wconf 86' lang='lat' dir='ltr'><strong>obiicitur</strong></span> <span class='ocrx_word' id='word_1_277' title='bbox 645 1865 678 1894; x_wconf 88' lang='lat' dir='ltr'><strong>de</strong></span> <span class='ocrx_word' id='word_1_278' title='bbox 695 1865 845 1899; x_wconf 79' lang='lat' dir='ltr'><strong>haeretico,</strong></span> <span class='ocrx_word' id='word_1_279' title='bbox 860 1865 906 1902; x_wconf 87' lang='lat' dir='ltr'><strong>qui</strong></span> <span class='ocrx_word' id='word_1_280' title='bbox 922 1873 978 1893; x_wconf 82' lang='lat' dir='ltr'><strong>cre-</strong></span> 
     </span>
    </p>
   </div>
   <div class='ocr_carea' id='block_1_5' title="bbox 1005 586 1010 1887">
    <p class='ocr_par' dir='ltr' id='par_1_9' title="bbox 1005 586 1010 1887">
     <span class='ocr_line' id='line_1_40' title="bbox 1005 586 1010 1887; baseline 0 0"><span class='ocrx_word' id='word_1_281' title='bbox 1005 586 1010 1887; x_wconf 95' lang='lat' dir='ltr'><strong> </strong></span> 
     </span>
    </p>
   </div>
   <div class='ocr_carea' id='block_1_6' title="bbox 1822 202 1877 230">
    <p class='ocr_par' dir='ltr' id='par_1_10' title="bbox 1822 202 1877 230">
     <span class='ocr_line' id='line_1_41' title="bbox 1822 202 1877 230; baseline 0 0"><span class='ocrx_word' id='word_1_282' title='bbox 1822 202 1877 230; x_wconf 69' lang='lat'><strong>489</strong></span> 
     </span>
    </p>
   </div>
   <div class='ocr_carea' id='block_1_7' title="bbox 1034 277 1879 1893">
    <p class='ocr_par' dir='ltr' id='par_1_11' title="bbox 1034 277 1879 1202">
     <span class='ocr_line' id='line_1_42' title="bbox 1034 277 1879 316; baseline 0.002 -10"><span class='ocrx_word' id='word_1_283' title='bbox 1034 277 1074 306; x_wconf 91' lang='lat' dir='ltr'><strong>dit</strong></span> <span class='ocrx_word' id='word_1_284' title='bbox 1088 277 1183 306; x_wconf 84' lang='lat' dir='ltr'><strong>decem</strong></span> <span class='ocrx_word' id='word_1_285' title='bbox 1206 277 1355 311; x_wconf 85' lang='lat' dir='ltr'><strong>articulos;</strong></span> <span class='ocrx_word' id='word_1_286' title='bbox 1370 278 1536 312; x_wconf 73' lang='lat' dir='ltr'><strong>dicendum,</strong></span> <span class='ocrx_word' id='word_1_287' title='bbox 1557 279 1632 316; x_wconf 90' lang='lat' dir='ltr'><strong>quod</strong></span> <span class='ocrx_word' id='word_1_288' title='bbox 1647 279 1698 308; x_wconf 88' lang='lat' dir='ltr'><strong>etsi</strong></span> <span class='ocrx_word' id='word_1_289' title='bbox 1716 279 1879 308; x_wconf 64' lang='lat' dir='ltr'><strong>liam-encas</strong></span> 
     </span>
     <span class='ocr_line' id='line_1_43' title="bbox 1035 323 1879 362; baseline 0.005 -11"><span class='ocrx_word' id='word_1_290' title='bbox 1035 323 1134 352; x_wconf 88' lang='lat' dir='ltr'><strong>babeat</strong></span> <span class='ocrx_word' id='word_1_291' title='bbox 1154 323 1276 360; x_wconf 82' lang='lat' dir='ltr'><strong>aliquam</strong></span> <span class='ocrx_word' id='word_1_292' title='bbox 1300 323 1530 353; x_wconf 79' lang='lat' dir='ltr'><strong>illuminationem</strong></span> <span class='ocrx_word' id='word_1_293' title='bbox 1553 329 1679 362; x_wconf 87' lang='lat' dir='ltr'><strong>respectu</strong></span> <span class='ocrx_word' id='word_1_294' title='bbox 1703 326 1814 355; x_wconf 90' lang='lat' dir='ltr'><strong>illorum</strong></span> <span class='ocrx_word' id='word_1_295' title='bbox 1837 335 1879 355; x_wconf 90' lang='lat' dir='ltr'><strong>ar-</strong></span> 
     </span>
     <span class='ocr_line' id='line_1_44' title="bbox 1034 370 1878 410; baseline 0.004 -12"><span class='ocrx_word' id='word_1_296' title='bbox 1034 370 1184 399; x_wconf 87' lang='lat' dir='ltr'><strong>ticulorum</strong></span> <span class='ocrx_word' id='word_1_297' title='bbox 1208 378 1355 405; x_wconf 85' lang='lat' dir='ltr'><strong>verorum,</strong></span> <span class='ocrx_word' id='word_1_298' title='bbox 1376 378 1446 407; x_wconf 89' lang='lat' dir='ltr'><strong>quos</strong></span> <span class='ocrx_word' id='word_1_299' title='bbox 1468 372 1571 406; x_wconf 84' lang='lat' dir='ltr'><strong>credit,</strong></span> <span class='ocrx_word' id='word_1_300' title='bbox 1593 375 1619 401; x_wconf 87' lang='lat' dir='ltr'><strong>et</strong></span> <span class='ocrx_word' id='word_1_301' title='bbox 1641 373 1762 410; x_wconf 85' lang='lat' dir='ltr'><strong>aliquam</strong></span> <span class='ocrx_word' id='word_1_302' title='bbox 1783 373 1878 401; x_wconf 91' lang='lat' dir='ltr'><strong>babili-</strong></span> 
     </span>
     <span class='ocr_line' id='line_1_45' title="bbox 1034 416 1878 451; baseline 0.006 -6"><span class='ocrx_word' id='word_1_303' title='bbox 1034 420 1117 446; x_wconf 86' lang='lat' dir='ltr'><strong>tatem</strong></span> <span class='ocrx_word' id='word_1_304' title='bbox 1139 416 1173 445; x_wconf 87' lang='lat' dir='ltr'><strong>ad</strong></span> <span class='ocrx_word' id='word_1_305' title='bbox 1191 416 1251 445; x_wconf 82' lang='lat' dir='ltr'><strong>illos</strong></span> <span class='ocrx_word' id='word_1_306' title='bbox 1273 417 1440 451; x_wconf 79' lang='lat' dir='ltr'><strong>credendos3</strong></span> <span class='ocrx_word' id='word_1_307' title='bbox 1457 417 1503 446; x_wconf 84' lang='lat' dir='ltr'><strong>illa</strong></span> <span class='ocrx_word' id='word_1_308' title='bbox 1527 422 1616 447; x_wconf 83' lang='lat' dir='ltr'><strong>tamen</strong></span> <span class='ocrx_word' id='word_1_309' title='bbox 1634 419 1762 449; x_wconf 80' lang='lat' dir='ltr'><strong>habilitas</strong></span> <span class='ocrx_word' id='word_1_310' title='bbox 1780 424 1807 449; x_wconf 88' lang='lat' dir='ltr'><strong>et</strong></span> <span class='ocrx_word' id='word_1_311' title='bbox 1822 428 1878 450; x_wconf 83' lang='lat' dir='ltr'><strong>ore-</strong></span> 
     </span>
     <span class='ocr_line' id='line_1_46' title="bbox 1034 464 1874 504; baseline 0.005 -12"><span class='ocrx_word' id='word_1_312' title='bbox 1034 464 1137 492; x_wconf 86' lang='lat' dir='ltr'><strong>dulitas</strong></span> <span class='ocrx_word' id='word_1_313' title='bbox 1159 472 1212 492; x_wconf 90' lang='lat' dir='ltr'><strong>non</strong></span> <span class='ocrx_word' id='word_1_314' title='bbox 1241 464 1323 493; x_wconf 88' lang='lat' dir='ltr'><strong>debet</strong></span> <span class='ocrx_word' id='word_1_315' title='bbox 1345 465 1397 493; x_wconf 85' lang='lat' dir='ltr'><strong>diri</strong></span> <span class='ocrx_word' id='word_1_316' title='bbox 1429 465 1536 499; x_wconf 73' lang='lat' dir='ltr'><strong>uirtus,</strong></span> <span class='ocrx_word' id='word_1_317' title='bbox 1559 466 1624 503; x_wconf 86' lang='lat' dir='ltr'><strong>quia</strong></span> <span class='ocrx_word' id='word_1_318' title='bbox 1654 475 1703 495; x_wconf 86' lang='lat' dir='ltr'><strong>nec</strong></span> <span class='ocrx_word' id='word_1_319' title='bbox 1726 468 1874 504; x_wconf 83' lang='lat' dir='ltr'><strong>potentiam</strong></span> 
     </span>
     <span class='ocr_line' id='line_1_47' title="bbox 1034 510 1877 552; baseline 0.006 -14"><span class='ocrx_word' id='word_1_320' title='bbox 1034 510 1175 547; x_wconf 77' lang='lat' dir='ltr'><strong>rectificat</strong></span> <span class='ocrx_word' id='word_1_321' title='bbox 1190 518 1239 539; x_wconf 86' lang='lat' dir='ltr'><strong>nec</strong></span> <span class='ocrx_word' id='word_1_322' title='bbox 1255 511 1387 547; x_wconf 62' lang='lat' dir='ltr'><strong>etym-at.-</strong></span> <span class='ocrx_word' id='word_1_323' title='bbox 1408 520 1460 539; x_wconf 81' lang='lat' dir='ltr'><strong>non</strong></span> <span class='ocrx_word' id='word_1_324' title='bbox 1475 512 1616 548; x_wconf 68' lang='lat' dir='ltr'><strong>rectificat</strong></span> <span class='ocrx_word' id='word_1_325' title='bbox 1632 514 1780 550; x_wconf 87' lang='lat' dir='ltr'><strong>potentiam</strong></span> <span class='ocrx_word' id='word_1_326' title='bbox 1790 537 1796 548; x_wconf 94' lang='lat'><strong>,</strong></span> <span class='ocrx_word' id='word_1_327' title='bbox 1811 515 1877 552; x_wconf 85' lang='lat' dir='ltr'><strong>quia</strong></span> 
     </span>
     <span class='ocr_line' id='line_1_48' title="bbox 1035 557 1877 599; baseline 0.005 -13"><span class='ocrx_word' id='word_1_328' title='bbox 1035 565 1087 586; x_wconf 91' lang='lat' dir='ltr'><strong>non</strong></span> <span class='ocrx_word' id='word_1_329' title='bbox 1110 557 1265 594; x_wconf 85' lang='lat' dir='ltr'><strong>captivatur</strong></span> <span class='ocrx_word' id='word_1_330' title='bbox 1288 558 1444 586; x_wconf 80' lang='lat' dir='ltr'><strong>intellectus</strong></span> <span class='ocrx_word' id='word_1_331' title='bbox 1472 559 1532 587; x_wconf 87' lang='lat' dir='ltr'><strong>eius</strong></span> <span class='ocrx_word' id='word_1_332' title='bbox 1554 559 1633 596; x_wconf 81' lang='lat' dir='ltr'><strong>plene</strong></span> <span class='ocrx_word' id='word_1_333' title='bbox 1657 560 1682 588; x_wconf 93' lang='lat' dir='ltr'><strong>in</strong></span> <span class='ocrx_word' id='word_1_334' title='bbox 1711 561 1877 599; x_wconf 81' lang='lat' dir='ltr'><strong>obsequium</strong></span> 
     </span>
     <span class='ocr_line' id='line_1_49' title="bbox 1035 603 1876 643; baseline 0.005 -11"><span class='ocrx_word' id='word_1_335' title='bbox 1035 603 1163 633; x_wconf 81' lang='lat' dir='ltr'><strong>Veritatis</strong></span> <span class='ocrx_word' id='word_1_336' title='bbox 1185 612 1327 638; x_wconf 87' lang='lat' dir='ltr'><strong>summae;</strong></span> <span class='ocrx_word' id='word_1_337' title='bbox 1349 613 1402 633; x_wconf 87' lang='lat' dir='ltr'><strong>non</strong></span> <span class='ocrx_word' id='word_1_338' title='bbox 1425 605 1557 642; x_wconf 67' lang='lat' dir='ltr'><strong>otyor-at,</strong></span> <span class='ocrx_word' id='word_1_339' title='bbox 1580 607 1645 643; x_wconf 84' lang='lat' dir='ltr'><strong>quia</strong></span> <span class='ocrx_word' id='word_1_340' title='bbox 1661 615 1709 643; x_wconf 88' lang='lat' dir='ltr'><strong>per</strong></span> <span class='ocrx_word' id='word_1_341' title='bbox 1733 608 1807 636; x_wconf 88' lang='lat' dir='ltr'><strong>illam</strong></span> <span class='ocrx_word' id='word_1_342' title='bbox 1823 617 1876 637; x_wconf 89' lang='lat' dir='ltr'><strong>non</strong></span> 
     </span>
     <span class='ocr_line' id='line_1_50' title="bbox 1036 651 1878 688; baseline 0.007 -9"><span class='ocrx_word' id='word_1_343' title='bbox 1036 651 1140 688; x_wconf 81' lang='lat' dir='ltr'><strong>respuit</strong></span> <span class='ocrx_word' id='word_1_344' title='bbox 1166 651 1311 680; x_wconf 82' lang='lat' dir='ltr'><strong>salsitatem</strong></span> <span class='ocrx_word' id='word_1_345' title='bbox 1341 652 1495 688; x_wconf 82' lang='lat' dir='ltr'><strong>oppositam</strong></span> <span class='ocrx_word' id='word_1_346' title='bbox 1526 652 1642 682; x_wconf 86' lang='lat' dir='ltr'><strong>veritati.</strong></span> <span class='ocrx_word' id='word_1_347' title='bbox 1673 654 1703 682; x_wconf 85' lang='lat' dir='ltr'><strong>Et</strong></span> <span class='ocrx_word' id='word_1_348' title='bbox 1732 655 1799 684; x_wconf 80' lang='lat' dir='ltr'><strong>baec</strong></span> <span class='ocrx_word' id='word_1_349' title='bbox 1821 656 1878 684; x_wconf 88' lang='lat' dir='ltr'><strong>duo</strong></span> 
     </span>
     <span class='ocr_line' id='line_1_51' title="bbox 1035 697 1878 736; baseline 0.006 -10"><span class='ocrx_word' id='word_1_350' title='bbox 1035 697 1250 734; x_wconf 84' lang='lat' dir='ltr'><strong>requirebantur</strong></span> <span class='ocrx_word' id='word_1_351' title='bbox 1270 698 1304 726; x_wconf 85' lang='lat' dir='ltr'><strong>ad</strong></span> <span class='ocrx_word' id='word_1_352' title='bbox 1328 698 1395 731; x_wconf 88' lang='lat' dir='ltr'><strong>boc,</strong></span> <span class='ocrx_word' id='word_1_353' title='bbox 1421 699 1495 736; x_wconf 88' lang='lat' dir='ltr'><strong>quod</strong></span> <span class='ocrx_word' id='word_1_354' title='bbox 1519 699 1630 728; x_wconf 85' lang='lat' dir='ltr'><strong>babitus</strong></span> <span class='ocrx_word' id='word_1_355' title='bbox 1655 702 1803 730; x_wconf 86' lang='lat' dir='ltr'><strong>sortiretur</strong></span> <span class='ocrx_word' id='word_1_356' title='bbox 1833 711 1878 731; x_wconf 91' lang='lat' dir='ltr'><strong>no-</strong></span> 
     </span>
     <span class='ocr_line' id='line_1_52' title="bbox 1036 745 1877 779; baseline 0.007 -6"><span class='ocrx_word' id='word_1_357' title='bbox 1036 753 1096 774; x_wconf 89' lang='lat' dir='ltr'><strong>men</strong></span> <span class='ocrx_word' id='word_1_358' title='bbox 1109 748 1135 773; x_wconf 89' lang='lat' dir='ltr'><strong>et</strong></span> <span class='ocrx_word' id='word_1_359' title='bbox 1148 745 1279 773; x_wconf 88' lang='lat' dir='ltr'><strong>rationem</strong></span> <span class='ocrx_word' id='word_1_360' title='bbox 1296 745 1422 773; x_wconf 65' lang='lat' dir='ltr'><strong>virtutis.</strong></span> <span class='ocrx_word' id='word_1_361' title='bbox 1433 762 1470 766; x_wconf 90' lang='lat'>—</span> <span class='ocrx_word' id='word_1_362' title='bbox 1482 746 1537 774; x_wconf 85' lang='lat' dir='ltr'><strong>Non</strong></span> <span class='ocrx_word' id='word_1_363' title='bbox 1555 747 1593 775; x_wconf 84' lang='lat' dir='ltr'><strong>sic</strong></span> <span class='ocrx_word' id='word_1_364' title='bbox 1607 751 1700 775; x_wconf 86' lang='lat' dir='ltr'><strong>autem</strong></span> <span class='ocrx_word' id='word_1_365' title='bbox 1717 752 1758 776; x_wconf 71' lang='lat' dir='ltr'><strong>est</strong></span> <span class='ocrx_word' id='word_1_366' title='bbox 1773 750 1807 777; x_wconf 88' lang='lat' dir='ltr'><strong>de</strong></span> <span class='ocrx_word' id='word_1_367' title='bbox 1823 750 1877 779; x_wconf 81' lang='lat' dir='ltr'><strong>side</strong></span> 
     </span>
     <span class='ocr_line' id='line_1_53' title="bbox 1036 792 1878 832; baseline 0.006 -13"><span class='ocrx_word' id='word_1_368' title='bbox 1036 792 1160 825; x_wconf 77' lang='lat' dir='ltr'><strong>informi,</strong></span> <span class='ocrx_word' id='word_1_369' title='bbox 1182 799 1253 828; x_wconf 88' lang='lat' dir='ltr'><strong>quae</strong></span> <span class='ocrx_word' id='word_1_370' title='bbox 1274 795 1316 820; x_wconf 89' lang='lat' dir='ltr'><strong>est</strong></span> <span class='ocrx_word' id='word_1_371' title='bbox 1338 792 1363 819; x_wconf 91' lang='lat' dir='ltr'><strong>in</strong></span> <span class='ocrx_word' id='word_1_372' title='bbox 1379 792 1467 820; x_wconf 64' lang='lat' dir='ltr'><strong>mults*</strong></span> <span class='ocrx_word' id='word_1_373' title='bbox 1484 792 1671 826; x_wconf 66' lang='lat' dir='ltr'><strong>Christianis,</strong></span> <span class='ocrx_word' id='word_1_374' title='bbox 1685 795 1750 831; x_wconf 84' lang='lat' dir='ltr'><strong>quia</strong></span> <span class='ocrx_word' id='word_1_375' title='bbox 1766 795 1815 832; x_wconf 85' lang='lat' dir='ltr'><strong>ipsi</strong></span> <span class='ocrx_word' id='word_1_376' title='bbox 1837 805 1878 824; x_wconf 77' lang='lat' dir='ltr'><strong>as-</strong></span> 
     </span>
     <span class='ocr_line' id='line_1_54' title="bbox 1036 838 1878 878; baseline 0.006 -12"><span class='ocrx_word' id='word_1_377' title='bbox 1036 838 1157 867; x_wconf 87' lang='lat' dir='ltr'><strong>sentiunt</strong></span> <span class='ocrx_word' id='word_1_378' title='bbox 1178 841 1205 866; x_wconf 90' lang='lat' dir='ltr'><strong>et</strong></span> <span class='ocrx_word' id='word_1_379' title='bbox 1225 838 1378 867; x_wconf 87' lang='lat' dir='ltr'><strong>adbaerent</strong></span> <span class='ocrx_word' id='word_1_380' title='bbox 1400 839 1505 875; x_wconf 86' lang='lat' dir='ltr'><strong>primae</strong></span> <span class='ocrx_word' id='word_1_381' title='bbox 1529 840 1640 868; x_wconf 85' lang='lat' dir='ltr'><strong>Veritati</strong></span> <span class='ocrx_word' id='word_1_382' title='bbox 1665 845 1778 878; x_wconf 75' lang='lat' dir='ltr'><strong>propter</strong></span> <span class='ocrx_word' id='word_1_383' title='bbox 1800 851 1829 871; x_wconf 86' lang='lat' dir='ltr'><strong>se</strong></span> <span class='ocrx_word' id='word_1_384' title='bbox 1851 847 1878 872; x_wconf 88' lang='lat' dir='ltr'><strong>et</strong></span> 
     </span>
     <span class='ocr_line' id='line_1_55' title="bbox 1035 885 1877 922; baseline 0.006 -10"><span class='ocrx_word' id='word_1_385' title='bbox 1035 892 1120 921; x_wconf 86' lang='lat' dir='ltr'><strong>super</strong></span> <span class='ocrx_word' id='word_1_386' title='bbox 1141 885 1245 918; x_wconf 73' lang='lat' dir='ltr'><strong>omnm,</strong></span> <span class='ocrx_word' id='word_1_387' title='bbox 1269 885 1304 913; x_wconf 81' lang='lat' dir='ltr'><strong>ita</strong></span> <span class='ocrx_word' id='word_1_388' title='bbox 1326 885 1399 922; x_wconf 88' lang='lat' dir='ltr'><strong>quod</strong></span> <span class='ocrx_word' id='word_1_389' title='bbox 1425 886 1450 913; x_wconf 94' lang='lat' dir='ltr'><strong>in</strong></span> <span class='ocrx_word' id='word_1_390' title='bbox 1474 886 1519 913; x_wconf 89' lang='lat' dir='ltr'><strong>illo</strong></span> <span class='ocrx_word' id='word_1_391' title='bbox 1543 886 1637 915; x_wconf 88' lang='lat' dir='ltr'><strong>babitu</strong></span> <span class='ocrx_word' id='word_1_392' title='bbox 1654 891 1695 916; x_wconf 79' lang='lat' dir='ltr'><strong>est</strong></span> <span class='ocrx_word' id='word_1_393' title='bbox 1717 888 1877 918; x_wconf 80' lang='lat' dir='ltr'><strong>rectificatio</strong></span> 
     </span>
     <span class='ocr_line' id='line_1_56' title="bbox 1035 931 1878 969; baseline 0.007 -11"><span class='ocrx_word' id='word_1_394' title='bbox 1035 935 1061 959; x_wconf 87' lang='lat' dir='ltr'><strong>et</strong></span> <span class='ocrx_word' id='word_1_395' title='bbox 1084 931 1170 967; x_wconf 81' lang='lat' dir='ltr'><strong>vigor,</strong></span> <span class='ocrx_word' id='word_1_396' title='bbox 1191 934 1218 959; x_wconf 85' lang='lat' dir='ltr'><strong>et</strong></span> <span class='ocrx_word' id='word_1_397' title='bbox 1239 939 1273 959; x_wconf 87' lang='lat' dir='ltr'><strong>ex</strong></span> <span class='ocrx_word' id='word_1_398' title='bbox 1298 932 1347 959; x_wconf 83' lang='lat' dir='ltr'><strong>boc</strong></span> <span class='ocrx_word' id='word_1_399' title='bbox 1369 932 1505 968; x_wconf 81' lang='lat' dir='ltr'><strong>quaedam</strong></span> <span class='ocrx_word' id='word_1_400' title='bbox 1530 933 1661 969; x_wconf 69' lang='lat' dir='ltr'><strong>perfectio</strong></span> <span class='ocrx_word' id='word_1_401' title='bbox 1674 933 1692 962; x_wconf 73' lang='lat'><strong>⁶.</strong></span> <span class='ocrx_word' id='word_1_402' title='bbox 1717 935 1791 963; x_wconf 83' lang='lat' dir='ltr'><strong>Unde</strong></span> <span class='ocrx_word' id='word_1_403' title='bbox 1820 936 1878 964; x_wconf 86' lang='lat' dir='ltr'><strong>sola</strong></span> 
     </span>
     <span class='ocr_line' id='line_1_57' title="bbox 1037 977 1878 1018; baseline 0.007 -13"><span class='ocrx_word' id='word_1_404' title='bbox 1037 977 1082 1005; x_wconf 85' lang='lat' dir='ltr'><strong>illa</strong></span> <span class='ocrx_word' id='word_1_405' title='bbox 1104 977 1173 1006; x_wconf 80' lang='lat' dir='ltr'><strong>fides</strong></span> <span class='ocrx_word' id='word_1_406' title='bbox 1195 978 1319 1006; x_wconf 83' lang='lat' dir='ltr'><strong>informis</strong></span> <span class='ocrx_word' id='word_1_407' title='bbox 1339 982 1381 1006; x_wconf 82' lang='lat' dir='ltr'><strong>est</strong></span> <span class='ocrx_word' id='word_1_408' title='bbox 1403 979 1427 1006; x_wconf 89' lang='lat' dir='ltr'><strong>in</strong></span> <span class='ocrx_word' id='word_1_409' title='bbox 1451 987 1551 1015; x_wconf 76' lang='lat' dir='ltr'><strong>genere</strong></span> <span class='ocrx_word' id='word_1_410' title='bbox 1582 980 1709 1011; x_wconf 83' lang='lat' dir='ltr'><strong>virtutis.</strong></span> <span class='ocrx_word' id='word_1_411' title='bbox 1739 990 1794 1018; x_wconf 83' lang='lat' dir='ltr'><strong>qua</strong></span> <span class='ocrx_word' id='word_1_412' title='bbox 1822 991 1878 1011; x_wconf 90' lang='lat' dir='ltr'><strong>cre-</strong></span> 
     </span>
     <span class='ocr_line' id='line_1_58' title="bbox 1036 1024 1876 1065; baseline 0.007 -13"><span class='ocrx_word' id='word_1_413' title='bbox 1036 1024 1141 1052; x_wconf 89' lang='lat' dir='ltr'><strong>duntur</strong></span> <span class='ocrx_word' id='word_1_414' title='bbox 1163 1033 1259 1052; x_wconf 65' lang='lat' dir='ltr'><strong>omne-s·</strong></span> <span class='ocrx_word' id='word_1_415' title='bbox 1289 1025 1397 1054; x_wconf 81' lang='lat' dir='ltr'><strong>articuli</strong></span> <span class='ocrx_word' id='word_1_416' title='bbox 1429 1026 1471 1054; x_wconf 78' lang='lat' dir='ltr'><strong>vel</strong></span> <span class='ocrx_word' id='word_1_417' title='bbox 1493 1026 1636 1062; x_wconf 81' lang='lat' dir='ltr'><strong>explicite,</strong></span> <span class='ocrx_word' id='word_1_418' title='bbox 1665 1028 1705 1056; x_wconf 89' lang='lat' dir='ltr'><strong>vel</strong></span> <span class='ocrx_word' id='word_1_419' title='bbox 1730 1029 1876 1065; x_wconf 77' lang='lat' dir='ltr'><strong>implicite,</strong></span> 
     </span>
     <span class='ocr_line' id='line_1_59' title="bbox 1035 1071 1878 1108; baseline 0.008 -10"><span class='ocrx_word' id='word_1_420' title='bbox 1035 1079 1090 1107; x_wconf 83' lang='lat' dir='ltr'><strong>qua</strong></span> <span class='ocrx_word' id='word_1_421' title='bbox 1105 1071 1186 1099; x_wconf 82' lang='lat' dir='ltr'><strong>etiam</strong></span> <span class='ocrx_word' id='word_1_422' title='bbox 1204 1075 1376 1108; x_wconf 77' lang='lat' dir='ltr'><strong>respuuntur</strong></span> <span class='ocrx_word' id='word_1_423' title='bbox 1390 1081 1487 1100; x_wconf 74' lang='lat' dir='ltr'><strong>omnes·</strong></span> <span class='ocrx_word' id='word_1_424' title='bbox 1502 1081 1621 1102; x_wconf 84' lang='lat' dir='ltr'><strong>errores.</strong></span> <span class='ocrx_word' id='word_1_425' title='bbox 1638 1074 1715 1102; x_wconf 74' lang='lat' dir='ltr'><strong>Haec</strong></span> <span class='ocrx_word' id='word_1_426' title='bbox 1730 1076 1802 1103; x_wconf 83' lang='lat' dir='ltr'><strong>enim</strong></span> <span class='ocrx_word' id='word_1_427' title='bbox 1819 1077 1878 1105; x_wconf 84' lang='lat' dir='ltr'><strong>sola</strong></span> 
     </span>
     <span class='ocr_line' id='line_1_60' title="bbox 1035 1118 1878 1157; baseline 0.008 -12"><span class='ocrx_word' id='word_1_428' title='bbox 1035 1121 1089 1151; x_wconf 83' lang='lat' dir='ltr'><strong>est,</strong></span> <span class='ocrx_word' id='word_1_429' title='bbox 1111 1126 1182 1154; x_wconf 84' lang='lat' dir='ltr'><strong>quae</strong></span> <span class='ocrx_word' id='word_1_430' title='bbox 1198 1118 1280 1147; x_wconf 85' lang='lat' dir='ltr'><strong>babet</strong></span> <span class='ocrx_word' id='word_1_431' title='bbox 1303 1119 1327 1147; x_wconf 93' lang='lat' dir='ltr'><strong>in</strong></span> <span class='ocrx_word' id='word_1_432' title='bbox 1344 1126 1372 1147; x_wconf 84' lang='lat' dir='ltr'><strong>se</strong></span> <span class='ocrx_word' id='word_1_433' title='bbox 1394 1119 1533 1156; x_wconf 80' lang='lat' dir='ltr'><strong>quandam</strong></span> <span class='ocrx_word' id='word_1_434' title='bbox 1550 1120 1746 1157; x_wconf 77' lang='lat' dir='ltr'><strong>perfectionem</strong></span> <span class='ocrx_word' id='word_1_435' title='bbox 1769 1124 1878 1152; x_wconf 86' lang='lat' dir='ltr'><strong>rectitu-</strong></span> 
     </span>
     <span class='ocr_line' id='line_1_61' title="bbox 1036 1164 1288 1202; baseline 0.004 -10"><span class='ocrx_word' id='word_1_436' title='bbox 1036 1164 1107 1192; x_wconf 80' lang='lat' dir='ltr'><strong>dinis</strong></span> <span class='ocrx_word' id='word_1_437' title='bbox 1129 1168 1156 1193; x_wconf 86' lang='lat' dir='ltr'><strong>et</strong></span> <span class='ocrx_word' id='word_1_438' title='bbox 1178 1165 1288 1202; x_wconf 82' lang='lat' dir='ltr'><strong>vigoris.</strong></span> 
     </span>
    </p>

    <p class='ocr_par' dir='ltr' id='par_1_12' title="bbox 1035 1211 1879 1893">
     <span class='ocr_line' id='line_1_62' title="bbox 1115 1211 1877 1253; baseline 0.012 -15"><span class='ocrx_word' id='word_1_439' title='bbox 1115 1212 1140 1239; x_wconf 71' lang='lat'><strong>5.</strong></span> <span class='ocrx_word' id='word_1_440' title='bbox 1162 1212 1199 1240; x_wconf 69' lang='lat' dir='ltr'><strong>Ad</strong></span> <span class='ocrx_word' id='word_1_441' title='bbox 1223 1211 1290 1240; x_wconf 90' lang='lat' dir='ltr'><strong>illud</strong></span> <span class='ocrx_word' id='word_1_442' title='bbox 1313 1212 1385 1249; x_wconf 82' lang='lat' dir='ltr'><strong>quod</strong></span> <span class='ocrx_word' id='word_1_443' title='bbox 1408 1212 1537 1241; x_wconf 87' lang='lat' dir='ltr'><strong>obiicitur</strong></span> <span class='ocrx_word' id='word_1_444' title='bbox 1566 1214 1600 1242; x_wconf 90' lang='lat' dir='ltr'><strong>de</strong></span> <span class='ocrx_word' id='word_1_445' title='bbox 1622 1214 1758 1253; x_wconf 86' lang='lat' dir='ltr'><strong>discipulo</strong></span> <span class='ocrx_word' id='word_1_446' title='bbox 1787 1225 1877 1247; x_wconf 84' lang='lat' dir='ltr'><strong>assen-</strong></span> 
     </span>
     <span class='ocr_line' id='line_1_63' title="bbox 1037 1257 1876 1299; baseline 0.01 -14"><span class='ocrx_word' id='word_1_447' title='bbox 1037 1257 1118 1286; x_wconf 86' lang='lat' dir='ltr'><strong>tiente</strong></span> <span class='ocrx_word' id='word_1_448' title='bbox 1148 1258 1291 1294; x_wconf 81' lang='lat' dir='ltr'><strong>magistro,</strong></span> <span class='ocrx_word' id='word_1_449' title='bbox 1313 1259 1387 1296; x_wconf 88' lang='lat' dir='ltr'><strong>quod</strong></span> <span class='ocrx_word' id='word_1_450' title='bbox 1418 1268 1470 1288; x_wconf 92' lang='lat' dir='ltr'><strong>non</strong></span> <span class='ocrx_word' id='word_1_451' title='bbox 1494 1259 1596 1297; x_wconf 79' lang='lat' dir='ltr'><strong>indiget</strong></span> <span class='ocrx_word' id='word_1_452' title='bbox 1626 1261 1722 1290; x_wconf 85' lang='lat' dir='ltr'><strong>babitu</strong></span> <span class='ocrx_word' id='word_1_453' title='bbox 1745 1263 1876 1299; x_wconf 88' lang='lat' dir='ltr'><strong>virtutis;</strong></span> 
     </span>
     <span class='ocr_line' id='line_1_64' title="bbox 1036 1304 1878 1346; baseline 0.008 -14"><span class='ocrx_word' id='word_1_454' title='bbox 1036 1304 1200 1339; x_wconf 78' lang='lat' dir='ltr'><strong>dicendum,</strong></span> <span class='ocrx_word' id='word_1_455' title='bbox 1216 1305 1290 1342; x_wconf 88' lang='lat' dir='ltr'><strong>quod</strong></span> <span class='ocrx_word' id='word_1_456' title='bbox 1313 1313 1366 1333; x_wconf 88' lang='lat' dir='ltr'><strong>non</strong></span> <span class='ocrx_word' id='word_1_457' title='bbox 1382 1309 1423 1334; x_wconf 84' lang='lat' dir='ltr'><strong>est</strong></span> <span class='ocrx_word' id='word_1_458' title='bbox 1445 1306 1549 1341; x_wconf 80' lang='lat' dir='ltr'><strong>simile,</strong></span> <span class='ocrx_word' id='word_1_459' title='bbox 1565 1308 1629 1345; x_wconf 89' lang='lat' dir='ltr'><strong>quia</strong></span> <span class='ocrx_word' id='word_1_460' title='bbox 1651 1309 1803 1339; x_wconf 75' lang='lat' dir='ltr'><strong>credulitas</strong></span> <span class='ocrx_word' id='word_1_461' title='bbox 1818 1311 1878 1346; x_wconf 82' lang='lat' dir='ltr'><strong>illa,</strong></span> 
     </span>
     <span class='ocr_line' id='line_1_65' title="bbox 1036 1351 1877 1392; baseline 0.01 -14"><span class='ocrx_word' id='word_1_462' title='bbox 1036 1359 1091 1387; x_wconf 87' lang='lat' dir='ltr'><strong>qua</strong></span> <span class='ocrx_word' id='word_1_463' title='bbox 1112 1351 1267 1388; x_wconf 87' lang='lat' dir='ltr'><strong>discipulus</strong></span> <span class='ocrx_word' id='word_1_464' title='bbox 1287 1352 1401 1381; x_wconf 84' lang='lat' dir='ltr'><strong>assentit</strong></span> <span class='ocrx_word' id='word_1_465' title='bbox 1424 1353 1567 1390; x_wconf 79' lang='lat' dir='ltr'><strong>magistro,</strong></span> <span class='ocrx_word' id='word_1_466' title='bbox 1591 1354 1627 1383; x_wconf 89' lang='lat' dir='ltr'><strong>ita</strong></span> <span class='ocrx_word' id='word_1_467' title='bbox 1647 1359 1735 1392; x_wconf 80' lang='lat' dir='ltr'><strong>potest</strong></span> <span class='ocrx_word' id='word_1_468' title='bbox 1757 1365 1817 1386; x_wconf 83' lang='lat' dir='ltr'><strong>esse</strong></span> <span class='ocrx_word' id='word_1_469' title='bbox 1834 1358 1877 1386; x_wconf 90' lang='lat' dir='ltr'><strong>via</strong></span> 
     </span>
     <span class='ocr_line' id='line_1_66' title="bbox 1038 1397 1878 1440; baseline 0.011 -15"><span class='ocrx_word' id='word_1_470' title='bbox 1038 1397 1062 1425; x_wconf 91' lang='lat' dir='ltr'><strong>in</strong></span> <span class='ocrx_word' id='word_1_471' title='bbox 1086 1397 1245 1432; x_wconf 77' lang='lat' dir='ltr'><strong>falsitatem,</strong></span> <span class='ocrx_word' id='word_1_472' title='bbox 1266 1398 1338 1427; x_wconf 86' lang='lat' dir='ltr'><strong>sicut</strong></span> <span class='ocrx_word' id='word_1_473' title='bbox 1360 1399 1385 1427; x_wconf 94' lang='lat' dir='ltr'><strong>in</strong></span> <span class='ocrx_word' id='word_1_474' title='bbox 1409 1399 1566 1434; x_wconf 87' lang='lat' dir='ltr'><strong>veritatem,</strong></span> <span class='ocrx_word' id='word_1_475' title='bbox 1595 1410 1645 1438; x_wconf 85' lang='lat' dir='ltr'><strong>pro</strong></span> <span class='ocrx_word' id='word_1_476' title='bbox 1666 1410 1698 1431; x_wconf 85' lang='lat' dir='ltr'><strong>eo</strong></span> <span class='ocrx_word' id='word_1_477' title='bbox 1726 1404 1800 1440; x_wconf 87' lang='lat' dir='ltr'><strong>quod</strong></span> <span class='ocrx_word' id='word_1_478' title='bbox 1823 1413 1878 1433; x_wconf 84' lang='lat' dir='ltr'><strong>ma-</strong></span> 
     </span>
     <span class='ocr_line' id='line_1_67' title="bbox 1036 1444 1879 1482; baseline 0.009 -10"><span class='ocrx_word' id='word_1_479' title='bbox 1036 1444 1121 1480; x_wconf 80' lang='lat' dir='ltr'><strong>gister</strong></span> <span class='ocrx_word' id='word_1_480' title='bbox 1142 1444 1201 1473; x_wconf 90' lang='lat' dir='ltr'><strong>eius</strong></span> <span class='ocrx_word' id='word_1_481' title='bbox 1216 1448 1304 1482; x_wconf 81' lang='lat' dir='ltr'><strong>potest</strong></span> <span class='ocrx_word' id='word_1_482' title='bbox 1326 1454 1391 1475; x_wconf 86' lang='lat' dir='ltr'><strong>vera</strong></span> <span class='ocrx_word' id='word_1_483' title='bbox 1406 1450 1433 1475; x_wconf 88' lang='lat' dir='ltr'><strong>et</strong></span> <span class='ocrx_word' id='word_1_484' title='bbox 1454 1447 1522 1476; x_wconf 83' lang='lat' dir='ltr'><strong>falsa</strong></span> <span class='ocrx_word' id='word_1_485' title='bbox 1543 1456 1675 1478; x_wconf 85' lang='lat' dir='ltr'><strong>asserere.</strong></span> <span class='ocrx_word' id='word_1_486' title='bbox 1692 1449 1748 1478; x_wconf 91' lang='lat' dir='ltr'><strong>Non</strong></span> <span class='ocrx_word' id='word_1_487' title='bbox 1771 1451 1810 1480; x_wconf 87' lang='lat' dir='ltr'><strong>sic</strong></span> <span class='ocrx_word' id='word_1_488' title='bbox 1832 1460 1879 1480; x_wconf 87' lang='lat' dir='ltr'><strong>au-</strong></span> 
     </span>
     <span class='ocr_line' id='line_1_68' title="bbox 1038 1491 1878 1534; baseline 0.011 -16"><span class='ocrx_word' id='word_1_489' title='bbox 1038 1494 1090 1519; x_wconf 86' lang='lat' dir='ltr'><strong>tem</strong></span> <span class='ocrx_word' id='word_1_490' title='bbox 1120 1494 1161 1520; x_wconf 87' lang='lat' dir='ltr'><strong>est</strong></span> <span class='ocrx_word' id='word_1_491' title='bbox 1189 1491 1223 1520; x_wconf 84' lang='lat' dir='ltr'><strong>de</strong></span> <span class='ocrx_word' id='word_1_492' title='bbox 1249 1492 1431 1527; x_wconf 82' lang='lat' dir='ltr'><strong>credulitate,</strong></span> <span class='ocrx_word' id='word_1_493' title='bbox 1459 1502 1514 1530; x_wconf 87' lang='lat' dir='ltr'><strong>qua</strong></span> <span class='ocrx_word' id='word_1_494' title='bbox 1540 1495 1602 1531; x_wconf 83' lang='lat' dir='ltr'><strong>quis</strong></span> <span class='ocrx_word' id='word_1_495' title='bbox 1629 1496 1743 1524; x_wconf 84' lang='lat' dir='ltr'><strong>assentit</strong></span> <span class='ocrx_word' id='word_1_496' title='bbox 1772 1498 1878 1534; x_wconf 87' lang='lat' dir='ltr'><strong>primae</strong></span> 
     </span>
     <span class='ocr_line' id='line_1_69' title="bbox 1037 1537 1878 1577; baseline 0.01 -12"><span class='ocrx_word' id='word_1_497' title='bbox 1037 1537 1162 1571; x_wconf 83' lang='lat' dir='ltr'><strong>Veritati,</strong></span> <span class='ocrx_word' id='word_1_498' title='bbox 1184 1546 1255 1575; x_wconf 89' lang='lat' dir='ltr'><strong>quae</strong></span> <span class='ocrx_word' id='word_1_499' title='bbox 1277 1539 1354 1567; x_wconf 83' lang='lat' dir='ltr'><strong>nullo</strong></span> <span class='ocrx_word' id='word_1_500' title='bbox 1376 1540 1458 1568; x_wconf 92' lang='lat' dir='ltr'><strong>modo</strong></span> <span class='ocrx_word' id='word_1_501' title='bbox 1474 1544 1561 1577; x_wconf 87' lang='lat' dir='ltr'><strong>potest</strong></span> <span class='ocrx_word' id='word_1_502' title='bbox 1582 1549 1641 1570; x_wconf 84' lang='lat' dir='ltr'><strong>esse</strong></span> <span class='ocrx_word' id='word_1_503' title='bbox 1657 1543 1700 1571; x_wconf 85' lang='lat' dir='ltr'><strong>via</strong></span> <span class='ocrx_word' id='word_1_504' title='bbox 1723 1543 1773 1572; x_wconf 89' lang='lat' dir='ltr'><strong>nisi</strong></span> <span class='ocrx_word' id='word_1_505' title='bbox 1791 1545 1816 1572; x_wconf 90' lang='lat' dir='ltr'><strong>in</strong></span> <span class='ocrx_word' id='word_1_506' title='bbox 1836 1553 1878 1573; x_wconf 82' lang='lat' dir='ltr'><strong>ve-</strong></span> 
     </span>
     <span class='ocr_line' id='line_1_70' title="bbox 1036 1584 1878 1626; baseline 0.011 -15"><span class='ocrx_word' id='word_1_507' title='bbox 1036 1584 1145 1612; x_wconf 82' lang='lat' dir='ltr'><strong>ritatem</strong></span> <span class='ocrx_word' id='word_1_508' title='bbox 1167 1587 1194 1612; x_wconf 68' lang='grc'><strong>01</strong></span> <span class='ocrx_word' id='word_1_509' title='bbox 1209 1585 1411 1614; x_wconf 86' lang='lat' dir='ltr'><strong>rectitudinem.</strong></span> <span class='ocrx_word' id='word_1_510' title='bbox 1434 1586 1464 1614; x_wconf 90' lang='lat' dir='ltr'><strong>Et</strong></span> <span class='ocrx_word' id='word_1_511' title='bbox 1486 1590 1598 1624; x_wconf 89' lang='lat' dir='ltr'><strong>propter</strong></span> <span class='ocrx_word' id='word_1_512' title='bbox 1618 1588 1684 1623; x_wconf 86' lang='lat' dir='ltr'><strong>boc,</strong></span> <span class='ocrx_word' id='word_1_513' title='bbox 1705 1590 1771 1626; x_wconf 84' lang='lat' dir='ltr'><strong>quia</strong></span> <span class='ocrx_word' id='word_1_514' title='bbox 1792 1591 1826 1619; x_wconf 90' lang='lat' dir='ltr'><strong>de</strong></span> <span class='ocrx_word' id='word_1_515' title='bbox 1849 1599 1878 1620; x_wconf 83' lang='lat' dir='ltr'><strong>se</strong></span> 
     </span>
     <span class='ocr_line' id='line_1_71' title="bbox 1036 1630 1878 1672; baseline 0.008 -14"><span class='ocrx_word' id='word_1_516' title='bbox 1036 1630 1098 1658; x_wconf 70' lang='lat' dir='ltr'><strong>est‘*</strong></span> <span class='ocrx_word' id='word_1_517' title='bbox 1122 1630 1299 1660; x_wconf 78' lang='lat' dir='ltr'><strong>rectificativa</strong></span> <span class='ocrx_word' id='word_1_518' title='bbox 1314 1632 1425 1666; x_wconf 77' lang='lat' dir='ltr'><strong>nientis;</strong></span> <span class='ocrx_word' id='word_1_519' title='bbox 1447 1636 1473 1661; x_wconf 83' lang='lat' dir='ltr'><strong>et</strong></span> <span class='ocrx_word' id='word_1_520' title='bbox 1493 1634 1658 1668; x_wconf 77' lang='lat' dir='ltr'><strong>credulitas,</strong></span> <span class='ocrx_word' id='word_1_521' title='bbox 1680 1644 1735 1672; x_wconf 86' lang='lat' dir='ltr'><strong>qua</strong></span> <span class='ocrx_word' id='word_1_522' title='bbox 1749 1636 1878 1665; x_wconf 79' lang='lat' dir='ltr'><strong>Christia-</strong></span> 
     </span>
     <span class='ocr_line' id='line_1_72' title="bbox 1037 1678 1877 1719; baseline 0.008 -14"><span class='ocrx_word' id='word_1_523' title='bbox 1037 1685 1089 1705; x_wconf 84' lang='lat' dir='ltr'><strong>nus</strong></span> <span class='ocrx_word' id='word_1_524' title='bbox 1110 1678 1224 1706; x_wconf 84' lang='lat' dir='ltr'><strong>assentit</strong></span> <span class='ocrx_word' id='word_1_525' title='bbox 1252 1678 1323 1712; x_wconf 77' lang='lat' dir='ltr'><strong>Deo,</strong></span> <span class='ocrx_word' id='word_1_526' title='bbox 1352 1683 1393 1707; x_wconf 81' lang='lat' dir='ltr'><strong>est</strong></span> <span class='ocrx_word' id='word_1_527' title='bbox 1419 1679 1463 1708; x_wconf 88' lang='lat' dir='ltr'><strong>via</strong></span> <span class='ocrx_word' id='word_1_528' title='bbox 1490 1680 1603 1715; x_wconf 83' lang='lat' dir='ltr'><strong>salutis,</strong></span> <span class='ocrx_word' id='word_1_529' title='bbox 1632 1682 1668 1710; x_wconf 82' lang='lat' dir='ltr'><strong>ita</strong></span> <span class='ocrx_word' id='word_1_530' title='bbox 1697 1683 1771 1719; x_wconf 89' lang='lat' dir='ltr'><strong>quod</strong></span> <span class='ocrx_word' id='word_1_531' title='bbox 1801 1684 1877 1712; x_wconf 94' lang='lat' dir='ltr'><strong>nullo</strong></span> 
     </span>
     <span class='ocr_line' id='line_1_73' title="bbox 1037 1724 1878 1765; baseline 0.01 -14"><span class='ocrx_word' id='word_1_532' title='bbox 1037 1724 1119 1752; x_wconf 89' lang='lat' dir='ltr'><strong>modo</strong></span> <span class='ocrx_word' id='word_1_533' title='bbox 1140 1724 1174 1753; x_wconf 90' lang='lat' dir='ltr'><strong>de</strong></span> <span class='ocrx_word' id='word_1_534' title='bbox 1188 1732 1217 1753; x_wconf 87' lang='lat' dir='ltr'><strong>se</strong></span> <span class='ocrx_word' id='word_1_535' title='bbox 1237 1725 1383 1754; x_wconf 87' lang='lat' dir='ltr'><strong>ordinatur</strong></span> <span class='ocrx_word' id='word_1_536' title='bbox 1398 1726 1431 1754; x_wconf 86' lang='lat' dir='ltr'><strong>ad</strong></span> <span class='ocrx_word' id='word_1_537' title='bbox 1449 1728 1621 1764; x_wconf 78' lang='lat' dir='ltr'><strong>oppositum:</strong></span> <span class='ocrx_word' id='word_1_538' title='bbox 1639 1728 1700 1757; x_wconf 88' lang='lat' dir='ltr'><strong>ideo</strong></span> <span class='ocrx_word' id='word_1_539' title='bbox 1719 1730 1807 1765; x_wconf 74' lang='lat' dir='ltr'><strong>magis</strong></span> <span class='ocrx_word' id='word_1_540' title='bbox 1821 1738 1878 1759; x_wconf 86' lang='lat' dir='ltr'><strong>sor-</strong></span> 
     </span>
     <span class='ocr_line' id='line_1_74' title="bbox 1037 1770 1877 1813; baseline 0.008 -15"><span class='ocrx_word' id='word_1_541' title='bbox 1037 1770 1103 1799; x_wconf 86' lang='lat' dir='ltr'><strong>titur</strong></span> <span class='ocrx_word' id='word_1_542' title='bbox 1132 1771 1266 1800; x_wconf 84' lang='lat' dir='ltr'><strong>rationem</strong></span> <span class='ocrx_word' id='word_1_543' title='bbox 1294 1772 1412 1801; x_wconf 72' lang='lat' dir='ltr'><strong>virtutis</strong></span> <span class='ocrx_word' id='word_1_544' title='bbox 1440 1781 1524 1810; x_wconf 85' lang='lat' dir='ltr'><strong>quam</strong></span> <span class='ocrx_word' id='word_1_545' title='bbox 1554 1773 1600 1802; x_wconf 86' lang='lat' dir='ltr'><strong>illa</strong></span> <span class='ocrx_word' id='word_1_546' title='bbox 1628 1775 1793 1811; x_wconf 73' lang='lat' dir='ltr'><strong>credulitas,</strong></span> <span class='ocrx_word' id='word_1_547' title='bbox 1822 1785 1877 1813; x_wconf 83' lang='lat' dir='ltr'><strong>qua</strong></span> 
     </span>
     <span class='ocr_line' id='line_1_75' title="bbox 1036 1817 1876 1859; baseline 0.007 -13"><span class='ocrx_word' id='word_1_548' title='bbox 1036 1817 1189 1854; x_wconf 71' lang='lat' dir='ltr'><strong>disctputus</strong></span> <span class='ocrx_word' id='word_1_549' title='bbox 1203 1818 1317 1847; x_wconf 86' lang='lat' dir='ltr'><strong>assentit</strong></span> <span class='ocrx_word' id='word_1_550' title='bbox 1332 1819 1477 1855; x_wconf 81' lang='lat' dir='ltr'><strong>magistro,</strong></span> <span class='ocrx_word' id='word_1_551' title='bbox 1497 1828 1568 1857; x_wconf 83' lang='lat' dir='ltr'><strong>quae</strong></span> <span class='ocrx_word' id='word_1_552' title='bbox 1583 1821 1696 1858; x_wconf 86' lang='lat' dir='ltr'><strong>quidem</strong></span> <span class='ocrx_word' id='word_1_553' title='bbox 1712 1825 1802 1859; x_wconf 87' lang='lat' dir='ltr'><strong>potest</strong></span> <span class='ocrx_word' id='word_1_554' title='bbox 1816 1831 1876 1852; x_wconf 87' lang='lat' dir='ltr'><strong>esse</strong></span> 
     </span>
     <span class='ocr_line' id='line_1_76' title="bbox 1035 1872 1274 1893; baseline -0.004 -1"><span class='ocrx_word' id='word_1_555' title='bbox 1035 1872 1139 1893; x_wconf 84' lang='lat' dir='ltr'><strong>erroris</strong></span> <span class='ocrx_word' id='word_1_556' title='bbox 1160 1872 1274 1893; x_wconf 72' lang='lat' dir='ltr'><strong>occasu).</strong></span> 
     </span>
    </p>
   </div>
   <div class='ocr_carea' id='block_1_8' title="bbox 873 1967 1132 2002">
    <p class='ocr_par' dir='ltr' id='par_1_13' title="bbox 873 1967 1132 2002">
     <span class='ocr_line' id='line_1_77' title="bbox 873 1967 1132 2002; baseline 0 0"><span class='ocrx_word' id='word_1_557' title='bbox 873 1967 1132 2002; x_wconf 78' lang='lat' dir='ltr'><strong>SOHOLION.</strong></span> 
     </span>
    </p>
   </div>
   <div class='ocr_carea' id='block_1_9' title="bbox 135 2058 978 2436">
    <p class='ocr_par' dir='ltr' id='par_1_14' title="bbox 135 2058 978 2436">
     <span class='ocr_line' id='line_1_78' title="bbox 198 2058 977 2086; baseline -0.003 -6"><span class='ocrx_word' id='word_1_558' title='bbox 198 2058 212 2080; x_wconf 93' lang='lat' dir='ltr'><strong>l.</strong></span> <span class='ocrx_word' id='word_1_559' title='bbox 230 2058 290 2080; x_wconf 83' lang='lat' dir='ltr'><strong>llaec</strong></span> <span class='ocrx_word' id='word_1_560' title='bbox 306 2061 327 2080; x_wconf 87' lang='lat' dir='ltr'><strong>et</strong></span> <span class='ocrx_word' id='word_1_561' title='bbox 345 2058 403 2080; x_wconf 79' lang='lat' dir='ltr'><strong>duae</strong></span> <span class='ocrx_word' id='word_1_562' title='bbox 420 2064 484 2086; x_wconf 86' lang='lat' dir='ltr'><strong>seqq.</strong></span> <span class='ocrx_word' id='word_1_563' title='bbox 510 2058 654 2086; x_wconf 82' lang='lat' dir='ltr'><strong>quaestiones</strong></span> <span class='ocrx_word' id='word_1_564' title='bbox 677 2059 754 2080; x_wconf 82' lang='lat' dir='ltr'><strong>intimo</strong></span> <span class='ocrx_word' id='word_1_565' title='bbox 772 2058 903 2082; x_wconf 70' lang='lat' dir='ltr'><strong>cobarrruz;</strong></span> <span class='ocrx_word' id='word_1_566' title='bbox 923 2063 977 2079; x_wconf 78' lang='lat' dir='ltr'><strong>ron-</strong></span> 
     </span>
     <span class='ocr_line' id='line_1_79' title="bbox 136 2095 976 2124; baseline -0.001 -5"><span class='ocrx_word' id='word_1_567' title='bbox 136 2097 248 2119; x_wconf 86' lang='lat' dir='ltr'><strong>clusiones</strong></span> <span class='ocrx_word' id='word_1_568' title='bbox 265 2096 428 2119; x_wconf 77' lang='lat' dir='ltr'><strong>confirmantur</strong></span> <span class='ocrx_word' id='word_1_569' title='bbox 445 2096 546 2118; x_wconf 83' lang='lat' dir='ltr'><strong>doctriua</strong></span> <span class='ocrx_word' id='word_1_570' title='bbox 564 2097 586 2118; x_wconf 90' lang='lat' dir='ltr'><strong>in</strong></span> <span class='ocrx_word' id='word_1_571' title='bbox 598 2096 698 2119; x_wconf 82' lang='lat' dir='ltr'><strong>Concilio</strong></span> <span class='ocrx_word' id='word_1_572' title='bbox 711 2097 782 2119; x_wconf 82' lang='lat' dir='ltr'><strong>Vatic.</strong></span> <span class='ocrx_word' id='word_1_573' title='bbox 795 2096 823 2124; x_wconf 83' lang='lat' dir='ltr'><strong>(c.</strong></span> <span class='ocrx_word' id='word_1_574' title='bbox 838 2097 857 2118; x_wconf 79' lang='grc'><strong>3.</strong></span> <span class='ocrx_word' id='word_1_575' title='bbox 870 2096 897 2119; x_wconf 75' lang='lat' dir='ltr'><strong>de</strong></span> <span class='ocrx_word' id='word_1_576' title='bbox 910 2095 976 2119; x_wconf 74' lang='lat' dir='ltr'><strong>Fide)</strong></span> 
     </span>
     <span class='ocr_line' id='line_1_80' title="bbox 135 2135 977 2164; baseline -0.002 -6"><span class='ocrx_word' id='word_1_577' title='bbox 135 2137 248 2164; x_wconf 77' lang='lat' dir='ltr'><strong>exposita,</strong></span> <span class='ocrx_word' id='word_1_578' title='bbox 265 2135 304 2158; x_wconf 85' lang='lat' dir='ltr'><strong>ubi</strong></span> <span class='ocrx_word' id='word_1_579' title='bbox 323 2136 419 2158; x_wconf 86' lang='lat' dir='ltr'><strong>dicitur:</strong></span> <span class='ocrx_word' id='word_1_580' title='bbox 439 2143 448 2156; x_wconf 78' lang='grc' dir='ltr'><strong>(ι</strong></span> <span class='ocrx_word' id='word_1_581' title='bbox 463 2136 524 2157; x_wconf 81' lang='lat' dir='ltr'><strong>llanc</strong></span> <span class='ocrx_word' id='word_1_582' title='bbox 543 2135 635 2157; x_wconf 75' lang='lat' dir='ltr'><strong>fidem...</strong></span> <span class='ocrx_word' id='word_1_583' title='bbox 662 2136 758 2158; x_wconf 66' lang='lat' dir='ltr'><strong>Ecclesia</strong></span> <span class='ocrx_word' id='word_1_584' title='bbox 785 2136 891 2157; x_wconf 71' lang='lat' dir='ltr'><strong>catholica</strong></span> <span class='ocrx_word' id='word_1_585' title='bbox 911 2135 977 2163; x_wconf 79' lang='lat' dir='ltr'><strong>prosi-</strong></span> 
     </span>
     <span class='ocr_line' id='line_1_81' title="bbox 135 2174 976 2204; baseline -0.001 -8"><span class='ocrx_word' id='word_1_586' title='bbox 135 2177 194 2198; x_wconf 81' lang='lat' dir='ltr'><strong>tetur</strong></span> <span class='ocrx_word' id='word_1_587' title='bbox 205 2174 314 2198; x_wconf 75' lang='lat' dir='ltr'><strong>virtutem</strong></span> <span class='ocrx_word' id='word_1_588' title='bbox 327 2180 376 2197; x_wconf 80' lang='lat' dir='ltr'><strong>esse</strong></span> <span class='ocrx_word' id='word_1_589' title='bbox 390 2174 626 2204; x_wconf 66' lang='lat' dir='ltr'><strong>supemmturule‘m».</strong></span> <span class='ocrx_word' id='word_1_590' title='bbox 640 2175 665 2197; x_wconf 84' lang='lat' dir='ltr'><strong>Et</strong></span> <span class='ocrx_word' id='word_1_591' title='bbox 676 2175 784 2197; x_wconf 77' lang='lat' dir='ltr'><strong>inferius:</strong></span> <span class='ocrx_word' id='word_1_592' title='bbox 805 2182 815 2193; x_wconf 72' lang='grc' dir='ltr'><strong>«ι</strong></span> <span class='ocrx_word' id='word_1_593' title='bbox 828 2174 902 2202; x_wconf 66' lang='lat' dir='ltr'><strong>Quare</strong></span> <span class='ocrx_word' id='word_1_594' title='bbox 920 2174 976 2196; x_wconf 62' lang='lat' dir='ltr'><strong>fidos</strong></span> 
     </span>
     <span class='ocr_line' id='line_1_82' title="bbox 135 2212 978 2242; baseline -0.001 -6"><span class='ocrx_word' id='word_1_595' title='bbox 135 2215 184 2242; x_wconf 85' lang='lat' dir='ltr'><strong>ipsa</strong></span> <span class='ocrx_word' id='word_1_596' title='bbox 201 2215 223 2236; x_wconf 91' lang='lat' dir='ltr'><strong>in</strong></span> <span class='ocrx_word' id='word_1_597' title='bbox 240 2220 276 2242; x_wconf 83' lang='lat' dir='ltr'><strong>se,</strong></span> <span class='ocrx_word' id='word_1_598' title='bbox 294 2215 361 2236; x_wconf 79' lang='lat' dir='ltr'><strong>etiam</strong></span> <span class='ocrx_word' id='word_1_599' title='bbox 379 2215 397 2236; x_wconf 91' lang='lat' dir='ltr'><strong>si</strong></span> <span class='ocrx_word' id='word_1_600' title='bbox 415 2220 456 2242; x_wconf 82' lang='lat' dir='ltr'><strong>per</strong></span> <span class='ocrx_word' id='word_1_601' title='bbox 473 2214 588 2236; x_wconf 83' lang='lat' dir='ltr'><strong>caritatem</strong></span> <span class='ocrx_word' id='word_1_602' title='bbox 615 2220 659 2237; x_wconf 90' lang='lat' dir='ltr'><strong>non</strong></span> <span class='ocrx_word' id='word_1_603' title='bbox 685 2217 803 2242; x_wconf 83' lang='lat' dir='ltr'><strong>operetur.</strong></span> <span class='ocrx_word' id='word_1_604' title='bbox 830 2213 918 2235; x_wconf 74' lang='lat' dir='ltr'><strong>{Ionum</strong></span> <span class='ocrx_word' id='word_1_605' title='bbox 938 2212 978 2236; x_wconf 70' lang='lat' dir='ltr'><strong>Det·</strong></span> 
     </span>
     <span class='ocr_line' id='line_1_83' title="bbox 135 2251 977 2281; baseline -0.002 -6"><span class='ocrx_word' id='word_1_606' title='bbox 135 2255 181 2280; x_wconf 85' lang='lat' dir='ltr'><strong>est,</strong></span> <span class='ocrx_word' id='word_1_607' title='bbox 199 2255 220 2275; x_wconf 85' lang='lat' dir='ltr'><strong>et</strong></span> <span class='ocrx_word' id='word_1_608' title='bbox 237 2255 301 2275; x_wconf 84' lang='lat' dir='ltr'><strong>actus</strong></span> <span class='ocrx_word' id='word_1_609' title='bbox 317 2253 367 2275; x_wconf 86' lang='lat' dir='ltr'><strong>eius</strong></span> <span class='ocrx_word' id='word_1_610' title='bbox 384 2255 417 2275; x_wconf 86' lang='lat' dir='ltr'><strong>est</strong></span> <span class='ocrx_word' id='word_1_611' title='bbox 433 2258 492 2280; x_wconf 85' lang='lat' dir='ltr'><strong>opus</strong></span> <span class='ocrx_word' id='word_1_612' title='bbox 509 2252 537 2274; x_wconf 80' lang='lat' dir='ltr'><strong>ad</strong></span> <span class='ocrx_word' id='word_1_613' title='bbox 555 2253 651 2276; x_wconf 86' lang='lat' dir='ltr'><strong>salutem</strong></span> <span class='ocrx_word' id='word_1_614' title='bbox 669 2253 798 2281; x_wconf 79' lang='lat' dir='ltr'><strong>pertinens,</strong></span> <span class='ocrx_word' id='word_1_615' title='bbox 815 2258 859 2280; x_wconf 86' lang='lat' dir='ltr'><strong>quo</strong></span> <span class='ocrx_word' id='word_1_616' title='bbox 873 2253 941 2274; x_wconf 85' lang='lat' dir='ltr'><strong>bomo</strong></span> <span class='ocrx_word' id='word_1_617' title='bbox 954 2251 977 2274; x_wconf 66' lang='lat' dir='ltr'><strong>a:</strong></span> 
     </span>
     <span class='ocr_line' id='line_1_84' title="bbox 136 2290 977 2320; baseline -0.002 -6"><span class='ocrx_word' id='word_1_618' title='bbox 136 2290 216 2314; x_wconf 81' lang='lat' dir='ltr'><strong>beram</strong></span> <span class='ocrx_word' id='word_1_619' title='bbox 241 2294 339 2320; x_wconf 83' lang='lat' dir='ltr'><strong>praestat</strong></span> <span class='ocrx_word' id='word_1_620' title='bbox 358 2292 399 2319; x_wconf 80' lang='lat' dir='ltr'><strong>ipsi</strong></span> <span class='ocrx_word' id='word_1_621' title='bbox 418 2291 464 2313; x_wconf 83' lang='lat' dir='ltr'><strong>Deo</strong></span> <span class='ocrx_word' id='word_1_622' title='bbox 481 2290 648 2319; x_wconf 68' lang='lat' dir='ltr'><strong>obedientiam,</strong></span> <span class='ocrx_word' id='word_1_623' title='bbox 677 2292 762 2320; x_wconf 81' lang='lat' dir='ltr'><strong>gratiae</strong></span> <span class='ocrx_word' id='word_1_624' title='bbox 784 2292 845 2317; x_wconf 73' lang='lat' dir='ltr'><strong>eius,</strong></span> <span class='ocrx_word' id='word_1_625' title='bbox 867 2291 903 2313; x_wconf 76' lang='lat' dir='ltr'><strong>cui</strong></span> <span class='ocrx_word' id='word_1_626' title='bbox 925 2292 977 2312; x_wconf 74' lang='lat' dir='ltr'><strong>resi·</strong></span> 
     </span>
     <span class='ocr_line' id='line_1_85' title="bbox 135 2327 977 2358; baseline -0.004 -6"><span class='ocrx_word' id='word_1_627' title='bbox 135 2332 194 2352; x_wconf 75' lang='lat' dir='ltr'><strong>stere</strong></span> <span class='ocrx_word' id='word_1_628' title='bbox 219 2333 307 2358; x_wconf 84' lang='lat' dir='ltr'><strong>posset,</strong></span> <span class='ocrx_word' id='word_1_629' title='bbox 333 2329 494 2352; x_wconf 88' lang='lat' dir='ltr'><strong>consentiendo</strong></span> <span class='ocrx_word' id='word_1_630' title='bbox 512 2332 533 2351; x_wconf 82' lang='lat' dir='ltr'><strong>et</strong></span> <span class='ocrx_word' id='word_1_631' title='bbox 551 2329 696 2357; x_wconf 71' lang='lat' dir='ltr'><strong>cooperando</strong></span> <span class='ocrx_word' id='word_1_632' title='bbox 709 2336 729 2351; x_wconf 77' lang='grc'><strong>11.</strong></span> <span class='ocrx_word' id='word_1_633' title='bbox 752 2329 778 2351; x_wconf 83' lang='lat' dir='ltr'><strong>Et</strong></span> <span class='ocrx_word' id='word_1_634' title='bbox 794 2330 816 2350; x_wconf 91' lang='lat' dir='ltr'><strong>in</strong></span> <span class='ocrx_word' id='word_1_635' title='bbox 834 2335 882 2350; x_wconf 78' lang='lat' dir='ltr'><strong>can.</strong></span> <span class='ocrx_word' id='word_1_636' title='bbox 901 2328 922 2349; x_wconf 98' lang='grc'><strong>’5.</strong></span> <span class='ocrx_word' id='word_1_637' title='bbox 941 2327 977 2352; x_wconf 75' lang='lat' dir='ltr'><strong>[de</strong></span> 
     </span>
     <span class='ocr_line' id='line_1_86' title="bbox 136 2366 976 2397; baseline -0.004 -6"><span class='ocrx_word' id='word_1_638' title='bbox 136 2368 202 2396; x_wconf 67' lang='lat' dir='ltr'><strong>Fide)</strong></span> <span class='ocrx_word' id='word_1_639' title='bbox 220 2369 354 2390; x_wconf 79' lang='lat' dir='ltr'><strong>anathemati</strong></span> <span class='ocrx_word' id='word_1_640' title='bbox 372 2368 523 2390; x_wconf 86' lang='lat' dir='ltr'><strong>subiiciuntur</strong></span> <span class='ocrx_word' id='word_1_641' title='bbox 540 2369 579 2397; x_wconf 90' lang='lat' dir='ltr'><strong>qui</strong></span> <span class='ocrx_word' id='word_1_642' title='bbox 597 2368 689 2390; x_wconf 80' lang='lat' dir='ltr'><strong>dicunt:</strong></span> <span class='ocrx_word' id='word_1_643' title='bbox 705 2377 714 2387; x_wconf 72' lang='grc' dir='ltr'><strong>ι(</strong></span> <span class='ocrx_word' id='word_1_644' title='bbox 728 2367 761 2389; x_wconf 72' lang='grc' dir='ltr'><strong>Λᾶ</strong></span> <span class='ocrx_word' id='word_1_645' title='bbox 773 2368 843 2389; x_wconf 79' lang='lat' dir='ltr'><strong>solam</strong></span> <span class='ocrx_word' id='word_1_646' title='bbox 863 2367 931 2388; x_wconf 73' lang='lat' dir='ltr'><strong>tidem</strong></span> <span class='ocrx_word' id='word_1_647' title='bbox 947 2366 976 2389; x_wconf 79' lang='lat' dir='ltr'><strong>ri-</strong></span> 
     </span>
     <span class='ocr_line' id='line_1_87' title="bbox 137 2407 976 2436; baseline -0.005 -5"><span class='ocrx_word' id='word_1_648' title='bbox 137 2413 198 2436; x_wconf 76' lang='lat' dir='ltr'><strong>vam,</strong></span> <span class='ocrx_word' id='word_1_649' title='bbox 210 2414 268 2436; x_wconf 73' lang='lat' dir='ltr'><strong>quai·</strong></span> <span class='ocrx_word' id='word_1_650' title='bbox 278 2413 319 2435; x_wconf 90' lang='lat' dir='ltr'><strong>per</strong></span> <span class='ocrx_word' id='word_1_651' title='bbox 328 2408 444 2430; x_wconf 73' lang='lat' dir='ltr'><strong>caritatem</strong></span> <span class='ocrx_word' id='word_1_652' title='bbox 454 2410 568 2435; x_wconf 78' lang='lat' dir='ltr'><strong>operatur,</strong></span> <span class='ocrx_word' id='word_1_653' title='bbox 578 2408 674 2435; x_wconf 83' lang='lat' dir='ltr'><strong>gratiam</strong></span> <span class='ocrx_word' id='word_1_654' title='bbox 685 2407 724 2429; x_wconf 89' lang='lat' dir='ltr'><strong>Dei</strong></span> <span class='ocrx_word' id='word_1_655' title='bbox 734 2407 884 2429; x_wconf 74' lang='lat' dir='ltr'><strong>necessariam</strong></span> <span class='ocrx_word' id='word_1_656' title='bbox 897 2412 946 2427; x_wconf 76' lang='lat' dir='ltr'><strong>esse</strong></span> <span class='ocrx_word' id='word_1_657' title='bbox 956 2415 976 2427; x_wconf 74' lang='grc' dir='ltr'><strong>ιι.</strong></span> 
     </span>
    </p>
   </div>
   <div class='ocr_carea' id='block_1_10' title="bbox 199 2444 1007 2475">
    <p class='ocr_par' dir='ltr' id='par_1_15' title="bbox 199 2444 1007 2475">
     <span class='ocr_line' id='line_1_88' title="bbox 199 2444 1007 2475; baseline -0.002 -7"><span class='ocrx_word' id='word_1_658' title='bbox 199 2446 245 2468; x_wconf 89' lang='lat' dir='ltr'><strong>Non</strong></span> <span class='ocrx_word' id='word_1_659' title='bbox 265 2446 305 2468; x_wconf 85' lang='lat' dir='ltr'><strong>uisi</strong></span> <span class='ocrx_word' id='word_1_660' title='bbox 323 2447 344 2468; x_wconf 86' lang='lat' dir='ltr'><strong>in</strong></span> <span class='ocrx_word' id='word_1_661' title='bbox 363 2446 432 2468; x_wconf 90' lang='lat' dir='ltr'><strong>modo</strong></span> <span class='ocrx_word' id='word_1_662' title='bbox 449 2446 557 2474; x_wconf 81' lang='lat' dir='ltr'><strong>loquendi</strong></span> <span class='ocrx_word' id='word_1_663' title='bbox 569 2447 654 2475; x_wconf 81' lang='lat' dir='ltr'><strong>antiqui</strong></span> <span class='ocrx_word' id='word_1_664' title='bbox 673 2446 777 2468; x_wconf 75' lang='lat' dir='ltr'><strong>doctores</strong></span> <span class='ocrx_word' id='word_1_665' title='bbox 789 2452 800 2467; x_wconf 91' lang='lat' dir='ltr'><strong>a</strong></span> <span class='ocrx_word' id='word_1_666' title='bbox 814 2444 977 2467; x_wconf 66' lang='lat' dir='ltr'><strong>recentioribus</strong></span> <span class='ocrx_word' id='word_1_667' title='bbox 1000 2447 1007 2456; x_wconf 66' lang='lat'><em>⁴</em></span> 
     </span>
    </p>
   </div>
   <div class='ocr_carea' id='block_1_11' title="bbox 136 2485 978 2630">
    <p class='ocr_par' dir='ltr' id='par_1_16' title="bbox 136 2485 978 2630">
     <span class='ocr_line' id='line_1_89' title="bbox 136 2485 976 2513; baseline -0.004 -6"><span class='ocrx_word' id='word_1_668' title='bbox 136 2485 257 2512; x_wconf 85' lang='lat' dir='ltr'><strong>recedunt,</strong></span> <span class='ocrx_word' id='word_1_669' title='bbox 283 2491 336 2507; x_wconf 84' lang='lat' dir='ltr'><strong>eum</strong></span> <span class='ocrx_word' id='word_1_670' title='bbox 362 2486 460 2513; x_wconf 81' lang='lat' dir='ltr'><strong>passim,</strong></span> <span class='ocrx_word' id='word_1_671' title='bbox 479 2486 600 2513; x_wconf 75' lang='lat' dir='ltr'><strong>Augustini</strong></span> <span class='ocrx_word' id='word_1_672' title='bbox 618 2486 713 2512; x_wconf 71' lang='lat' dir='ltr'><strong>vestigia</strong></span> <span class='ocrx_word' id='word_1_673' title='bbox 732 2485 812 2511; x_wconf 67' lang='lat' dir='ltr'><strong>set-uti,</strong></span> <span class='ocrx_word' id='word_1_674' title='bbox 831 2490 872 2512; x_wconf 77' lang='lat' dir='ltr'><strong>per</strong></span> <span class='ocrx_word' id='word_1_675' title='bbox 895 2489 976 2505; x_wconf 73' lang='lat' dir='ltr'><strong>nomeu</strong></span> 
     </span>
     <span class='ocr_line' id='line_1_90' title="bbox 136 2522 978 2553; baseline -0.004 -6"><span class='ocrx_word' id='word_1_676' title='bbox 136 2523 230 2547; x_wconf 63' lang='lat' dir='ltr'><strong>virtutis</strong></span> <span class='ocrx_word' id='word_1_677' title='bbox 248 2530 292 2546; x_wconf 85' lang='lat' dir='ltr'><strong>non</strong></span> <span class='ocrx_word' id='word_1_678' title='bbox 310 2525 351 2546; x_wconf 87' lang='lat' dir='ltr'><strong>nisi</strong></span> <span class='ocrx_word' id='word_1_679' title='bbox 370 2525 476 2546; x_wconf 72' lang='lat' dir='ltr'><strong>virtutem</strong></span> <span class='ocrx_word' id='word_1_680' title='bbox 489 2523 616 2553; x_wconf 75' lang='lat' dir='ltr'><strong>perfectam</strong></span> <span class='ocrx_word' id='word_1_681' title='bbox 634 2527 655 2545; x_wconf 65' lang='lat' dir='ltr'><strong>ot</strong></span> <span class='ocrx_word' id='word_1_682' title='bbox 673 2526 762 2546; x_wconf 81' lang='lat' dir='ltr'><strong>aeterna</strong></span> <span class='ocrx_word' id='word_1_683' title='bbox 780 2523 927 2545; x_wconf 54' lang='grc'><strong>10111111111111111</strong></span> <span class='ocrx_word' id='word_1_684' title='bbox 945 2522 978 2544; x_wconf 85' lang='lat' dir='ltr'><strong>di-</strong></span> 
     </span>
     <span class='ocr_line' id='line_1_91' title="bbox 136 2562 977 2591; baseline -0.002 -7"><span class='ocrx_word' id='word_1_685' title='bbox 136 2569 205 2591; x_wconf 81' lang='lat' dir='ltr'><strong>gnam</strong></span> <span class='ocrx_word' id='word_1_686' title='bbox 223 2563 364 2590; x_wconf 75' lang='lat' dir='ltr'><strong>intelligunt;</strong></span> <span class='ocrx_word' id='word_1_687' title='bbox 382 2562 509 2584; x_wconf 78' lang='lat' dir='ltr'><strong>secundum</strong></span> <span class='ocrx_word' id='word_1_688' title='bbox 527 2568 596 2591; x_wconf 77' lang='lat' dir='ltr'><strong>quem</strong></span> <span class='ocrx_word' id='word_1_689' title='bbox 614 2569 706 2584; x_wconf 84' lang='lat' dir='ltr'><strong>sensum</strong></span> <span class='ocrx_word' id='word_1_690' title='bbox 729 2568 782 2584; x_wconf 85' lang='lat' dir='ltr'><strong>cum</strong></span> <span class='ocrx_word' id='word_1_691' title='bbox 800 2562 905 2589; x_wconf 79' lang='lat' dir='ltr'><strong>Magistro</strong></span> <span class='ocrx_word' id='word_1_692' title='bbox 922 2562 977 2583; x_wconf 83' lang='lat' dir='ltr'><strong>aliis-</strong></span> 
     </span>
     <span class='ocr_line' id='line_1_92' title="bbox 136 2600 978 2630; baseline -0.002 -7"><span class='ocrx_word' id='word_1_693' title='bbox 136 2608 182 2630; x_wconf 81' lang='lat' dir='ltr'><strong>que</strong></span> <span class='ocrx_word' id='word_1_694' title='bbox 198 2602 220 2623; x_wconf 83' lang='lat' dir='ltr'><strong>S.</strong></span> <span class='ocrx_word' id='word_1_695' title='bbox 239 2601 321 2623; x_wconf 81' lang='lat' dir='ltr'><strong>Thom.</strong></span> <span class='ocrx_word' id='word_1_696' title='bbox 339 2600 370 2628; x_wconf 74' lang='lat' dir='ltr'><strong>(S.</strong></span> <span class='ocrx_word' id='word_1_697' title='bbox 389 2600 412 2622; x_wconf 90' lang='lat' dir='ltr'><strong>Il.</strong></span> <span class='ocrx_word' id='word_1_698' title='bbox 429 2601 452 2622; x_wconf 92' lang='lat' dir='ltr'><strong>Il.</strong></span> <span class='ocrx_word' id='word_1_699' title='bbox 470 2607 491 2629; x_wconf 91' lang='lat' dir='ltr'><strong>q.</strong></span> <span class='ocrx_word' id='word_1_700' title='bbox 510 2600 530 2622; x_wconf 78' lang='lat'><strong>4.</strong></span> <span class='ocrx_word' id='word_1_701' title='bbox 550 2607 570 2622; x_wconf 83' lang='lat' dir='ltr'><strong>a.</strong></span> <span class='ocrx_word' id='word_1_702' title='bbox 588 2601 618 2629; x_wconf 78' lang='lat'><strong>5.)</strong></span> <span class='ocrx_word' id='word_1_703' title='bbox 638 2601 705 2623; x_wconf 76' lang='lat' dir='ltr'><strong>dicit:</strong></span> <span class='ocrx_word' id='word_1_704' title='bbox 725 2610 734 2621; x_wconf 81' lang='grc' dir='ltr'>σ</span> <span class='ocrx_word' id='word_1_705' title='bbox 748 2601 812 2623; x_wconf 78' lang='lat' dir='ltr'><strong>Fides</strong></span> <span class='ocrx_word' id='word_1_706' title='bbox 824 2603 899 2622; x_wconf 84' lang='lat' dir='ltr'><strong>autom</strong></span> <span class='ocrx_word' id='word_1_707' title='bbox 912 2600 978 2621; x_wconf 82' lang='lat' dir='ltr'><strong>insor-</strong></span> 
     </span>
    </p>
   </div>
   <div class='ocr_carea' id='block_1_12' title="bbox 136 2639 978 2667">
    <p class='ocr_par' dir='ltr' id='par_1_17' title="bbox 136 2639 978 2667">
     <span class='ocr_line' id='line_1_93' title="bbox 136 2639 978 2667; baseline -0.001 -5"><span class='ocrx_word' id='word_1_708' title='bbox 136 2640 180 2662; x_wconf 88' lang='lat' dir='ltr'><strong>mis</strong></span> <span class='ocrx_word' id='word_1_709' title='bbox 196 2645 243 2662; x_wconf 76' lang='lat' dir='ltr'><strong>non</strong></span> <span class='ocrx_word' id='word_1_710' title='bbox 261 2642 295 2661; x_wconf 84' lang='lat' dir='ltr'><strong>ost</strong></span> <span class='ocrx_word' id='word_1_711' title='bbox 311 2639 385 2661; x_wconf 85' lang='lat' dir='ltr'><strong>virtus</strong></span> <span class='ocrx_word' id='word_1_712' title='bbox 397 2646 417 2666; x_wconf 76' lang='lat'><strong>»;</strong></span> <span class='ocrx_word' id='word_1_713' title='bbox 435 2639 474 2661; x_wconf 85' lang='lat' dir='ltr'><strong>sed</strong></span> <span class='ocrx_word' id='word_1_714' title='bbox 493 2639 559 2661; x_wconf 86' lang='lat' dir='ltr'><strong>simul</strong></span> <span class='ocrx_word' id='word_1_715' title='bbox 577 2640 632 2661; x_wconf 85' lang='lat' dir='ltr'><strong>baec</strong></span> <span class='ocrx_word' id='word_1_716' title='bbox 649 2639 720 2661; x_wconf 66' lang='lat' dir='ltr'><strong>rerba</strong></span> <span class='ocrx_word' id='word_1_717' title='bbox 738 2640 765 2661; x_wconf 82' lang='lat' dir='ltr'><strong>ita</strong></span> <span class='ocrx_word' id='word_1_718' title='bbox 790 2640 897 2667; x_wconf 77' lang='lat' dir='ltr'><strong>explicat⁷</strong></span> <span class='ocrx_word' id='word_1_719' title='bbox 921 2639 978 2661; x_wconf 75' lang='lat' dir='ltr'><strong>sicut</strong></span> 
     </span>
    </p>
   </div>
   <div class='ocr_carea' id='block_1_13' title="bbox 1032 2057 1878 2670">
    <p class='ocr_par' dir='ltr' id='par_1_18' title="bbox 1032 2057 1878 2240">
     <span class='ocr_line' id='line_1_94' title="bbox 1034 2057 1878 2090; baseline 0.008 -12"><span class='ocrx_word' id='word_1_720' title='bbox 1034 2058 1055 2079; x_wconf 81' lang='lat' dir='ltr'><strong>S.</strong></span> <span class='ocrx_word' id='word_1_721' title='bbox 1074 2057 1159 2079; x_wconf 79' lang='lat' dir='ltr'><strong>Bonav.</strong></span> <span class='ocrx_word' id='word_1_722' title='bbox 1178 2058 1199 2079; x_wconf 91' lang='lat' dir='ltr'><strong>in</strong></span> <span class='ocrx_word' id='word_1_723' title='bbox 1217 2058 1259 2079; x_wconf 84' lang='grc'>1130</span> <span class='ocrx_word' id='word_1_724' title='bbox 1283 2059 1422 2086; x_wconf 78' lang='lat' dir='ltr'><strong>quaestione.</strong></span> <span class='ocrx_word' id='word_1_725' title='bbox 1449 2059 1489 2081; x_wconf 86' lang='grc'>1110</span> <span class='ocrx_word' id='word_1_726' title='bbox 1506 2062 1581 2082; x_wconf 85' lang='lat' dir='ltr'><strong>autem</strong></span> <span class='ocrx_word' id='word_1_727' title='bbox 1599 2062 1666 2083; x_wconf 78' lang='lat' dir='ltr'><strong>etiam</strong></span> <span class='ocrx_word' id='word_1_728' title='bbox 1684 2061 1742 2084; x_wconf 77' lang='lat' dir='ltr'><strong>henr</strong></span> <span class='ocrx_word' id='word_1_729' title='bbox 1759 2063 1878 2090; x_wconf 82' lang='lat' dir='ltr'><strong>distinguit</strong></span> 
     </span>
     <span class='ocr_line' id='line_1_95' title="bbox 1034 2096 1877 2127; baseline 0.008 -10"><span class='ocrx_word' id='word_1_730' title='bbox 1034 2096 1148 2123; x_wconf 81' lang='lat' dir='ltr'><strong>duplicem</strong></span> <span class='ocrx_word' id='word_1_731' title='bbox 1161 2097 1265 2118; x_wconf 72' lang='lat' dir='ltr'><strong>eflectum</strong></span> <span class='ocrx_word' id='word_1_732' title='bbox 1280 2098 1348 2119; x_wconf 84' lang='lat' dir='ltr'><strong>buius</strong></span> <span class='ocrx_word' id='word_1_733' title='bbox 1365 2098 1467 2126; x_wconf 75' lang='lat' dir='ltr'><strong>virtutis,</strong></span> <span class='ocrx_word' id='word_1_734' title='bbox 1480 2098 1542 2127; x_wconf 89' lang='lat' dir='ltr'><strong>quod</strong></span> <span class='ocrx_word' id='word_1_735' title='bbox 1558 2100 1642 2123; x_wconf 77' lang='lat' dir='ltr'><strong>scilicet</strong></span> <span class='ocrx_word' id='word_1_736' title='bbox 1659 2101 1795 2123; x_wconf 80' lang='lat' dir='ltr'><strong>intellectum</strong></span> <span class='ocrx_word' id='word_1_737' title='bbox 1812 2102 1877 2125; x_wconf 79' lang='lat' dir='ltr'><strong>recti-</strong></span> 
     </span>
     <span class='ocr_line' id='line_1_96' title="bbox 1032 2134 1876 2168; baseline 0.007 -11"><span class='ocrx_word' id='word_1_738' title='bbox 1032 2134 1088 2164; x_wconf 76' lang='lat' dir='ltr'><strong>ficat</strong></span> <span class='ocrx_word' id='word_1_739' title='bbox 1104 2138 1208 2162; x_wconf 77' lang='lat' dir='ltr'><strong>respectu</strong></span> <span class='ocrx_word' id='word_1_740' title='bbox 1226 2135 1269 2158; x_wconf 84' lang='lat' dir='ltr'><strong>Dei</strong></span> <span class='ocrx_word' id='word_1_741' title='bbox 1280 2142 1320 2163; x_wconf 84' lang='lat' dir='ltr'><strong>per</strong></span> <span class='ocrx_word' id='word_1_742' title='bbox 1332 2136 1431 2159; x_wconf 72' lang='lat' dir='ltr'><strong>debitam</strong></span> <span class='ocrx_word' id='word_1_743' title='bbox 1449 2137 1626 2165; x_wconf 74' lang='lat' dir='ltr'><strong>subiectionem,</strong></span> <span class='ocrx_word' id='word_1_744' title='bbox 1638 2142 1660 2161; x_wconf 88' lang='lat' dir='ltr'><strong>et</strong></span> <span class='ocrx_word' id='word_1_745' title='bbox 1673 2139 1765 2168; x_wconf 75' lang='lat' dir='ltr'><strong>riqora!</strong></span> <span class='ocrx_word' id='word_1_746' title='bbox 1782 2143 1829 2162; x_wconf 89' lang='lat' dir='ltr'><strong>tum</strong></span> <span class='ocrx_word' id='word_1_747' title='bbox 1847 2141 1876 2163; x_wconf 89' lang='lat' dir='ltr'><strong>ad</strong></span> 
     </span>
     <span class='ocr_line' id='line_1_97' title="bbox 1033 2175 1875 2207; baseline 0.008 -12"><span class='ocrx_word' id='word_1_748' title='bbox 1033 2180 1086 2196; x_wconf 61' lang='lat' dir='ltr'><strong>vera</strong></span> <span class='ocrx_word' id='word_1_749' title='bbox 1106 2180 1150 2196; x_wconf 90' lang='lat' dir='ltr'><strong>non</strong></span> <span class='ocrx_word' id='word_1_750' title='bbox 1175 2175 1307 2202; x_wconf 78' lang='lat' dir='ltr'><strong>apparentia</strong></span> <span class='ocrx_word' id='word_1_751' title='bbox 1333 2175 1460 2203; x_wconf 77' lang='lat' dir='ltr'><strong>credenda,</strong></span> <span class='ocrx_word' id='word_1_752' title='bbox 1479 2179 1526 2198; x_wconf 86' lang='lat' dir='ltr'><strong>tum</strong></span> <span class='ocrx_word' id='word_1_753' title='bbox 1544 2177 1573 2199; x_wconf 82' lang='lat' dir='ltr'><strong>ad</strong></span> <span class='ocrx_word' id='word_1_754' title='bbox 1591 2178 1709 2200; x_wconf 76' lang='lat' dir='ltr'><strong>salsitatem</strong></span> <span class='ocrx_word' id='word_1_755' title='bbox 1727 2183 1875 2207; x_wconf 80' lang='lat' dir='ltr'><strong>apparentem</strong></span> 
     </span>
     <span class='ocr_line' id='line_1_98' title="bbox 1034 2213 1329 2240; baseline 0.003 -6"><span class='ocrx_word' id='word_1_756' title='bbox 1034 2213 1193 2240; x_wconf 84' lang='lat' dir='ltr'><strong>respuendam.</strong></span> <span class='ocrx_word' id='word_1_757' title='bbox 1327 2229 1329 2231; x_wconf 82' lang='lat'><em>-</em></span> 
     </span>
    </p>

    <p class='ocr_par' dir='ltr' id='par_1_19' title="bbox 1033 2251 1876 2512">
     <span class='ocr_line' id='line_1_99' title="bbox 1096 2251 1875 2283; baseline 0.006 -11"><span class='ocrx_word' id='word_1_758' title='bbox 1096 2251 1128 2273; x_wconf 88' lang='lat' dir='ltr'><strong>De</strong></span> <span class='ocrx_word' id='word_1_759' title='bbox 1146 2252 1187 2273; x_wconf 85' lang='lat' dir='ltr'><strong>bac</strong></span> <span class='ocrx_word' id='word_1_760' title='bbox 1209 2252 1226 2273; x_wconf 97' lang='grc'><strong>1.</strong></span> <span class='ocrx_word' id='word_1_761' title='bbox 1244 2253 1392 2280; x_wconf 78' lang='lat' dir='ltr'><strong>quaestione:</strong></span> <span class='ocrx_word' id='word_1_762' title='bbox 1418 2253 1478 2275; x_wconf 74' lang='lat' dir='ltr'><strong>Alex.</strong></span> <span class='ocrx_word' id='word_1_763' title='bbox 1500 2253 1558 2280; x_wconf 67' lang='lat' dir='ltr'><strong>Hah,</strong></span> <span class='ocrx_word' id='word_1_764' title='bbox 1579 2254 1600 2276; x_wconf 75' lang='lat' dir='ltr'><strong>S.</strong></span> <span class='ocrx_word' id='word_1_765' title='bbox 1619 2260 1640 2282; x_wconf 83' lang='lat' dir='ltr'><strong>p.</strong></span> <span class='ocrx_word' id='word_1_766' title='bbox 1660 2255 1691 2276; x_wconf 93' lang='lat' dir='ltr'><strong>lll.</strong></span> <span class='ocrx_word' id='word_1_767' title='bbox 1710 2261 1731 2283; x_wconf 88' lang='lat' dir='ltr'><strong>q.</strong></span> <span class='ocrx_word' id='word_1_768' title='bbox 1750 2255 1786 2277; x_wconf 77' lang='lat'><strong>64.</strong></span> <span class='ocrx_word' id='word_1_769' title='bbox 1805 2261 1835 2277; x_wconf 92' lang='lat' dir='ltr'><strong>m.</strong></span> <span class='ocrx_word' id='word_1_770' title='bbox 1854 2256 1875 2278; x_wconf 86' lang='lat'><strong>3.</strong></span> 
     </span>
     <span class='ocr_line' id='line_1_100' title="bbox 1033 2290 1875 2322; baseline 0.006 -11"><span class='ocrx_word' id='word_1_771' title='bbox 1033 2301 1064 2305; x_wconf 93' lang='lat'><strong>——</strong></span> <span class='ocrx_word' id='word_1_772' title='bbox 1080 2290 1152 2318; x_wconf 67' lang='lat' dir='ltr'><strong>Soet,</strong></span> <span class='ocrx_word' id='word_1_773' title='bbox 1171 2291 1206 2312; x_wconf 83' lang='grc'>1110</span> <span class='ocrx_word' id='word_1_774' title='bbox 1223 2297 1244 2318; x_wconf 92' lang='lat' dir='ltr'><strong>q.</strong></span> <span class='ocrx_word' id='word_1_775' title='bbox 1263 2291 1328 2313; x_wconf 84' lang='lat' dir='ltr'><strong>unica</strong></span> <span class='ocrx_word' id='word_1_776' title='bbox 1347 2298 1368 2313; x_wconf 88' lang='lat' dir='ltr'><strong>u.</strong></span> <span class='ocrx_word' id='word_1_777' title='bbox 1391 2291 1423 2313; x_wconf 76' lang='lat' dir='ltr'><strong>it.</strong></span> <span class='ocrx_word' id='word_1_778' title='bbox 1442 2298 1489 2320; x_wconf 87' lang='lat' dir='ltr'><strong>seq.</strong></span> <span class='ocrx_word' id='word_1_779' title='bbox 1503 2304 1532 2307; x_wconf 81' lang='lat'><strong>——</strong></span> <span class='ocrx_word' id='word_1_780' title='bbox 1545 2293 1566 2314; x_wconf 80' lang='lat' dir='ltr'><strong>S.</strong></span> <span class='ocrx_word' id='word_1_781' title='bbox 1579 2292 1674 2320; x_wconf 84' lang='lat' dir='ltr'><strong>Thom.,</strong></span> <span class='ocrx_word' id='word_1_782' title='bbox 1694 2294 1729 2315; x_wconf 83' lang='lat' dir='ltr'><strong>bic</strong></span> <span class='ocrx_word' id='word_1_783' title='bbox 1746 2300 1768 2322; x_wconf 90' lang='lat' dir='ltr'><strong>q.</strong></span> <span class='ocrx_word' id='word_1_784' title='bbox 1787 2294 1807 2316; x_wconf 88' lang='grc'><strong>3.</strong></span> <span class='ocrx_word' id='word_1_785' title='bbox 1821 2300 1839 2316; x_wconf 86' lang='lat' dir='ltr'><strong>a.</strong></span> <span class='ocrx_word' id='word_1_786' title='bbox 1858 2294 1875 2316; x_wconf 89' lang='grc'><strong>1.</strong></span> 
     </span>
     <span class='ocr_line' id='line_1_101' title="bbox 1034 2329 1876 2360; baseline 0.006 -10"><span class='ocrx_word' id='word_1_787' title='bbox 1034 2329 1174 2356; x_wconf 75' lang='lat' dir='ltr'><strong>quaestione.</strong></span> <span class='ocrx_word' id='word_1_788' title='bbox 1192 2330 1212 2351; x_wconf 75' lang='lat'><strong>2.</strong></span> <span class='ocrx_word' id='word_1_789' title='bbox 1231 2329 1260 2357; x_wconf 87' lang='lat'><strong>3;</strong></span> <span class='ocrx_word' id='word_1_790' title='bbox 1278 2330 1300 2351; x_wconf 85' lang='lat' dir='ltr'><strong>S.</strong></span> <span class='ocrx_word' id='word_1_791' title='bbox 1318 2330 1360 2352; x_wconf 89' lang='lat' dir='ltr'><strong>loc.</strong></span> <span class='ocrx_word' id='word_1_792' title='bbox 1379 2331 1429 2357; x_wconf 78' lang='lat' dir='ltr'><strong>cit.;</strong></span> <span class='ocrx_word' id='word_1_793' title='bbox 1449 2330 1476 2352; x_wconf 88' lang='lat' dir='ltr'><strong>de</strong></span> <span class='ocrx_word' id='word_1_794' title='bbox 1495 2331 1564 2353; x_wconf 75' lang='lat' dir='ltr'><strong>Verit.</strong></span> <span class='ocrx_word' id='word_1_795' title='bbox 1582 2338 1603 2360; x_wconf 92' lang='lat' dir='ltr'><strong>q.</strong></span> <span class='ocrx_word' id='word_1_796' title='bbox 1627 2331 1658 2354; x_wconf 71' lang='lat' dir='ltr'><strong>tt.</strong></span> <span class='ocrx_word' id='word_1_797' title='bbox 1676 2338 1695 2353; x_wconf 89' lang='lat' dir='ltr'><strong>a.</strong></span> <span class='ocrx_word' id='word_1_798' title='bbox 1714 2332 1734 2354; x_wconf 82' lang='lat'><strong>6.</strong></span> <span class='ocrx_word' id='word_1_799' title='bbox 1753 2345 1783 2348; x_wconf 89' lang='lat'>—</span> <span class='ocrx_word' id='word_1_800' title='bbox 1799 2333 1823 2355; x_wconf 89' lang='grc' dir='ltr'><strong>Β.</strong></span> <span class='ocrx_word' id='word_1_801' title='bbox 1839 2333 1876 2355; x_wconf 75' lang='grc' dir='ltr'><strong>ΑΙ-</strong></span> 
     </span>
     <span class='ocr_line' id='line_1_102' title="bbox 1034 2367 1874 2399; baseline 0.006 -10"><span class='ocrx_word' id='word_1_802' title='bbox 1034 2367 1103 2395; x_wconf 74' lang='lat' dir='ltr'><strong>bert.‚</strong></span> <span class='ocrx_word' id='word_1_803' title='bbox 1122 2368 1157 2389; x_wconf 79' lang='lat' dir='ltr'><strong>bic</strong></span> <span class='ocrx_word' id='word_1_804' title='bbox 1173 2375 1192 2389; x_wconf 85' lang='lat' dir='ltr'><strong>a.</strong></span> <span class='ocrx_word' id='word_1_805' title='bbox 1211 2368 1231 2389; x_wconf 71' lang='grc' dir='ltr'><strong>ὅ.</strong></span> <span class='ocrx_word' id='word_1_806' title='bbox 1250 2380 1280 2384; x_wconf 92' lang='lat'><strong>—-</strong></span> <span class='ocrx_word' id='word_1_807' title='bbox 1297 2369 1353 2390; x_wconf 77' lang='lat' dir='ltr'><strong>petr.</strong></span> <span class='ocrx_word' id='word_1_808' title='bbox 1372 2375 1383 2390; x_wconf 86' lang='lat' dir='ltr'><strong>a</strong></span> <span class='ocrx_word' id='word_1_809' title='bbox 1402 2369 1466 2397; x_wconf 65' lang='lat' dir='ltr'><strong>Tan,</strong></span> <span class='ocrx_word' id='word_1_810' title='bbox 1485 2370 1521 2391; x_wconf 90' lang='grc'>1110</span> <span class='ocrx_word' id='word_1_811' title='bbox 1537 2376 1559 2398; x_wconf 91' lang='lat' dir='ltr'><strong>q.</strong></span> <span class='ocrx_word' id='word_1_812' title='bbox 1579 2369 1598 2391; x_wconf 76' lang='lat' dir='ltr'><strong>lt.</strong></span> <span class='ocrx_word' id='word_1_813' title='bbox 1617 2377 1636 2392; x_wconf 66' lang='lat' dir='ltr'><strong>a.</strong></span> <span class='ocrx_word' id='word_1_814' title='bbox 1655 2371 1675 2392; x_wconf 72' lang='lat'><strong>2.</strong></span> <span class='ocrx_word' id='word_1_815' title='bbox 1695 2372 1835 2399; x_wconf 82' lang='lat' dir='ltr'><strong>quaestiunc.</strong></span> <span class='ocrx_word' id='word_1_816' title='bbox 1858 2372 1874 2394; x_wconf 91' lang='lat' dir='ltr'><strong>l.</strong></span> 
     </span>
     <span class='ocr_line' id='line_1_103' title="bbox 1035 2406 1876 2439; baseline 0.006 -12"><span class='ocrx_word' id='word_1_817' title='bbox 1035 2418 1063 2421; x_wconf 89' lang='lat'><strong>--</strong></span> <span class='ocrx_word' id='word_1_818' title='bbox 1081 2406 1185 2428; x_wconf 80' lang='lat' dir='ltr'><strong>Richard.</strong></span> <span class='ocrx_word' id='word_1_819' title='bbox 1209 2413 1221 2428; x_wconf 89' lang='lat' dir='ltr'><strong>a</strong></span> <span class='ocrx_word' id='word_1_820' title='bbox 1240 2407 1309 2434; x_wconf 79' lang='lat' dir='ltr'><strong>Med,</strong></span> <span class='ocrx_word' id='word_1_821' title='bbox 1328 2408 1364 2429; x_wconf 91' lang='grc'>1110</span> <span class='ocrx_word' id='word_1_822' title='bbox 1380 2414 1400 2429; x_wconf 90' lang='grc'><strong>3.</strong></span> <span class='ocrx_word' id='word_1_823' title='bbox 1420 2407 1439 2430; x_wconf 74' lang='lat' dir='ltr'><strong>t.</strong></span> <span class='ocrx_word' id='word_1_824' title='bbox 1458 2414 1479 2436; x_wconf 84' lang='lat' dir='ltr'><strong>q.</strong></span> <span class='ocrx_word' id='word_1_825' title='bbox 1497 2409 1518 2430; x_wconf 72' lang='lat'><strong>2.</strong></span> <span class='ocrx_word' id='word_1_826' title='bbox 1534 2421 1566 2425; x_wconf 84' lang='lat'>-</span> <span class='ocrx_word' id='word_1_827' title='bbox 1583 2409 1696 2437; x_wconf 83' lang='lat' dir='ltr'><strong>Durand.‚</strong></span> <span class='ocrx_word' id='word_1_828' title='bbox 1714 2410 1750 2432; x_wconf 89' lang='grc'>1110</span> <span class='ocrx_word' id='word_1_829' title='bbox 1767 2417 1788 2439; x_wconf 90' lang='lat' dir='ltr'><strong>q.</strong></span> <span class='ocrx_word' id='word_1_830' title='bbox 1807 2411 1827 2432; x_wconf 83' lang='lat'><strong>6.</strong></span> <span class='ocrx_word' id='word_1_831' title='bbox 1846 2423 1876 2426; x_wconf 94' lang='lat'>—</span> 
     </span>
     <span class='ocr_line' id='line_1_104' title="bbox 1035 2444 1876 2475; baseline 0.006 -9"><span class='ocrx_word' id='word_1_832' title='bbox 1035 2445 1125 2472; x_wconf 85' lang='lat' dir='ltr'><strong>Dionys.</strong></span> <span class='ocrx_word' id='word_1_833' title='bbox 1143 2444 1229 2472; x_wconf 55' lang='lat' dir='ltr'><strong>Carth„</strong></span> <span class='ocrx_word' id='word_1_834' title='bbox 1248 2445 1276 2468; x_wconf 78' lang='lat' dir='ltr'><strong>dc</strong></span> <span class='ocrx_word' id='word_1_835' title='bbox 1294 2446 1336 2468; x_wconf 84' lang='lat' dir='ltr'><strong>hac</strong></span> <span class='ocrx_word' id='word_1_836' title='bbox 1353 2449 1374 2468; x_wconf 75' lang='lat' dir='ltr'><strong>ot</strong></span> <span class='ocrx_word' id='word_1_837' title='bbox 1390 2452 1455 2475; x_wconf 84' lang='lat' dir='ltr'><strong>seqq.</strong></span> <span class='ocrx_word' id='word_1_838' title='bbox 1474 2453 1512 2475; x_wconf 86' lang='lat' dir='ltr'><strong>qq.</strong></span> <span class='ocrx_word' id='word_1_839' title='bbox 1530 2447 1566 2469; x_wconf 87' lang='grc'>1110</span> <span class='ocrx_word' id='word_1_840' title='bbox 1583 2454 1604 2475; x_wconf 93' lang='lat' dir='ltr'><strong>q.</strong></span> <span class='ocrx_word' id='word_1_841' title='bbox 1623 2448 1643 2469; x_wconf 85' lang='lat'><strong>3.</strong></span> <span class='ocrx_word' id='word_1_842' title='bbox 1660 2459 1691 2464; x_wconf 84' lang='lat'><strong>-—</strong></span> <span class='ocrx_word' id='word_1_843' title='bbox 1708 2448 1766 2475; x_wconf 86' lang='lat' dir='ltr'><strong>Biel,</strong></span> <span class='ocrx_word' id='word_1_844' title='bbox 1787 2449 1816 2471; x_wconf 86' lang='lat' dir='ltr'><strong>de</strong></span> <span class='ocrx_word' id='word_1_845' title='bbox 1834 2450 1876 2471; x_wconf 89' lang='lat' dir='ltr'><strong>hae</strong></span> 
     </span>
     <span class='ocr_line' id='line_1_105' title="bbox 1034 2484 1324 2512; baseline 0.003 -7"><span class='ocrx_word' id='word_1_846' title='bbox 1034 2486 1055 2505; x_wconf 84' lang='lat' dir='ltr'><strong>et</strong></span> <span class='ocrx_word' id='word_1_847' title='bbox 1072 2490 1136 2512; x_wconf 70' lang='lat' dir='ltr'><strong>seqq.</strong></span> <span class='ocrx_word' id='word_1_848' title='bbox 1154 2490 1192 2512; x_wconf 85' lang='lat' dir='ltr'><strong>qq.</strong></span> <span class='ocrx_word' id='word_1_849' title='bbox 1211 2484 1246 2506; x_wconf 87' lang='grc'>1110</span> <span class='ocrx_word' id='word_1_850' title='bbox 1264 2491 1285 2512; x_wconf 89' lang='lat' dir='ltr'><strong>q.</strong></span> <span class='ocrx_word' id='word_1_851' title='bbox 1304 2485 1324 2506; x_wconf 79' lang='lat'><strong>2.</strong></span> 
     </span>
    </p>

    <p class='ocr_par' dir='ltr' id='par_1_20' title="bbox 1034 2522 1876 2670">
     <span class='ocr_line' id='line_1_106' title="bbox 1097 2522 1875 2554; baseline 0.006 -11"><span class='ocrx_word' id='word_1_852' title='bbox 1097 2522 1119 2543; x_wconf 90' lang='lat' dir='ltr'><strong>Il.</strong></span> <span class='ocrx_word' id='word_1_853' title='bbox 1138 2523 1218 2550; x_wconf 84' lang='lat' dir='ltr'><strong>Quoad</strong></span> <span class='ocrx_word' id='word_1_854' title='bbox 1235 2529 1282 2551; x_wconf 83' lang='lat' dir='ltr'><strong>seq.</strong></span> <span class='ocrx_word' id='word_1_855' title='bbox 1302 2523 1342 2551; x_wconf 75' lang='lat'><strong>(2.)</strong></span> <span class='ocrx_word' id='word_1_856' title='bbox 1368 2525 1523 2552; x_wconf 81' lang='lat' dir='ltr'><strong>quaestionem</strong></span> <span class='ocrx_word' id='word_1_857' title='bbox 1542 2524 1666 2546; x_wconf 86' lang='lat' dir='ltr'><strong>notandum</strong></span> <span class='ocrx_word' id='word_1_858' title='bbox 1684 2528 1717 2547; x_wconf 82' lang='lat' dir='ltr'><strong>est</strong></span> <span class='ocrx_word' id='word_1_859' title='bbox 1734 2525 1755 2547; x_wconf 85' lang='lat' dir='ltr'><strong>id</strong></span> <span class='ocrx_word' id='word_1_860' title='bbox 1773 2526 1836 2554; x_wconf 89' lang='lat' dir='ltr'><strong>quod</strong></span> <span class='ocrx_word' id='word_1_861' title='bbox 1853 2527 1875 2548; x_wconf 93' lang='lat' dir='ltr'><strong>in</strong></span> 
     </span>
     <span class='ocr_line' id='line_1_107' title="bbox 1034 2560 1874 2592; baseline 0.005 -10"><span class='ocrx_word' id='word_1_862' title='bbox 1034 2560 1133 2582; x_wconf 87' lang='lat' dir='ltr'><strong>Concilio</strong></span> <span class='ocrx_word' id='word_1_863' title='bbox 1150 2561 1250 2583; x_wconf 74' lang='lat' dir='ltr'><strong>Arausio.</strong></span> <span class='ocrx_word' id='word_1_864' title='bbox 1270 2562 1291 2583; x_wconf 90' lang='grc'><strong>11.</strong></span> <span class='ocrx_word' id='word_1_865' title='bbox 1309 2561 1354 2589; x_wconf 81' lang='lat' dir='ltr'><strong>(an.</strong></span> <span class='ocrx_word' id='word_1_866' title='bbox 1373 2562 1427 2590; x_wconf 70' lang='lat'>529)</span> <span class='ocrx_word' id='word_1_867' title='bbox 1454 2568 1503 2584; x_wconf 83' lang='grc'>0311.</span> <span class='ocrx_word' id='word_1_868' title='bbox 1523 2562 1544 2584; x_wconf 80' lang='grc'><strong>5.</strong></span> <span class='ocrx_word' id='word_1_869' title='bbox 1566 2566 1642 2585; x_wconf 84' lang='lat' dir='ltr'><strong>contra</strong></span> <span class='ocrx_word' id='word_1_870' title='bbox 1664 2564 1874 2592; x_wconf 65' lang='lat' dir='ltr'><strong>Semipelagfflms,</strong></span> 
     </span>
     <span class='ocr_line' id='line_1_108' title="bbox 1035 2599 1874 2631; baseline 0.006 -11"><span class='ocrx_word' id='word_1_871' title='bbox 1035 2600 1122 2621; x_wconf 87' lang='lat' dir='ltr'><strong>initium</strong></span> <span class='ocrx_word' id='word_1_872' title='bbox 1141 2599 1192 2621; x_wconf 77' lang='lat' dir='ltr'><strong>fidei</strong></span> <span class='ocrx_word' id='word_1_873' title='bbox 1209 2602 1231 2621; x_wconf 87' lang='lat' dir='ltr'><strong>et</strong></span> <span class='ocrx_word' id='word_1_874' title='bbox 1247 2599 1312 2628; x_wconf 78' lang='lat' dir='ltr'><strong>pium</strong></span> <span class='ocrx_word' id='word_1_875' title='bbox 1329 2600 1440 2629; x_wconf 74' lang='lat' dir='ltr'><strong>affectum</strong></span> <span class='ocrx_word' id='word_1_876' title='bbox 1457 2601 1598 2623; x_wconf 84' lang='lat' dir='ltr'><strong>naturalibus</strong></span> <span class='ocrx_word' id='word_1_877' title='bbox 1614 2601 1703 2624; x_wconf 87' lang='lat' dir='ltr'><strong>viribus</strong></span> <span class='ocrx_word' id='word_1_878' title='bbox 1720 2602 1874 2631; x_wconf 81' lang='lat' dir='ltr'><strong>attribuentes,</strong></span> 
     </span>
     <span class='ocr_line' id='line_1_109' title="bbox 1035 2638 1876 2670; baseline 0.006 -11"><span class='ocrx_word' id='word_1_879' title='bbox 1035 2638 1151 2660; x_wconf 71' lang='lat' dir='ltr'><strong>decretum</strong></span> <span class='ocrx_word' id='word_1_880' title='bbox 1169 2642 1203 2660; x_wconf 82' lang='lat' dir='ltr'><strong>est</strong></span> <span class='ocrx_word' id='word_1_881' title='bbox 1219 2638 1296 2666; x_wconf 83' lang='lat' dir='ltr'><strong>quoad</strong></span> <span class='ocrx_word' id='word_1_882' title='bbox 1315 2646 1326 2659; x_wconf 67' lang='lat' dir='ltr'><strong>a</strong></span> <span class='ocrx_word' id='word_1_883' title='bbox 1340 2638 1433 2661; x_wconf 73' lang='lat' dir='ltr'><strong>initium</strong></span> <span class='ocrx_word' id='word_1_884' title='bbox 1451 2639 1502 2661; x_wconf 84' lang='lat' dir='ltr'><strong>fidei</strong></span> <span class='ocrx_word' id='word_1_885' title='bbox 1520 2640 1643 2668; x_wconf 87' lang='lat' dir='ltr'><strong>ipsumque</strong></span> <span class='ocrx_word' id='word_1_886' title='bbox 1660 2640 1805 2663; x_wconf 74' lang='lat' dir='ltr'><strong>credulitatis</strong></span> <span class='ocrx_word' id='word_1_887' title='bbox 1822 2641 1876 2670; x_wconf 78' lang='lat' dir='ltr'><strong>affe-</strong></span> 
     </span>
    </p>
   </div>
   <div class='ocr_carea' id='block_1_14' title="bbox 752 2717 1264 2721">
    <p class='ocr_par' dir='ltr' id='par_1_21' title="bbox 752 2717 1264 2721">
     <span class='ocr_line' id='line_1_110' title="bbox 752 2717 1264 2721; baseline 0 0"><span class='ocrx_word' id='word_1_888' title='bbox 752 2717 1264 2721; x_wconf 95' lang='lat' dir='ltr'><strong> </strong></span> 
     </span>
    </p>
   </div>
   <div class='ocr_carea' id='block_1_15' title="bbox 138 2763 979 3024">
    <p class='ocr_par' dir='ltr' id='par_1_22' title="bbox 200 2763 549 2786">
     <span class='ocr_line' id='line_1_111' title="bbox 200 2763 549 2786; baseline -0.003 0"><span class='ocrx_word' id='word_1_889' title='bbox 200 2764 205 2778; x_wconf 95' lang='lat'>¹</span> <span class='ocrx_word' id='word_1_890' title='bbox 224 2763 268 2786; x_wconf 66' lang='lat' dir='ltr'><strong>Cu».</strong></span> <span class='ocrx_word' id='word_1_891' title='bbox 286 2765 343 2786; x_wconf 81' lang='lat' dir='ltr'><strong>infra</strong></span> <span class='ocrx_word' id='word_1_892' title='bbox 361 2763 382 2785; x_wconf 81' lang='lat' dir='ltr'><strong>d.</strong></span> <span class='ocrx_word' id='word_1_893' title='bbox 401 2764 437 2785; x_wconf 82' lang='lat'><strong>33.</strong></span> <span class='ocrx_word' id='word_1_894' title='bbox 455 2763 510 2785; x_wconf 86' lang='lat' dir='ltr'><strong>dub.</strong></span> <span class='ocrx_word' id='word_1_895' title='bbox 532 2764 549 2785; x_wconf 85' lang='lat' dir='ltr'><strong>I.</strong></span> 
     </span>
    </p>

    <p class='ocr_par' dir='ltr' id='par_1_23' title="bbox 138 2801 978 2870">
     <span class='ocr_line' id='line_1_112' title="bbox 199 2801 978 2830; baseline -0.001 -5"><span class='ocrx_word' id='word_1_896' title='bbox 199 2803 208 2817; x_wconf 88' lang='lat'><strong>‘-‘</strong></span> <span class='ocrx_word' id='word_1_897' title='bbox 225 2802 297 2825; x_wconf 80' lang='lat' dir='ltr'><strong>Codd.</strong></span> <span class='ocrx_word' id='word_1_898' title='bbox 314 2804 331 2824; x_wconf 82' lang='lat' dir='ltr'><strong>A</strong></span> <span class='ocrx_word' id='word_1_899' title='bbox 342 2803 357 2823; x_wconf 83' lang='lat' dir='ltr'>L</span> <span class='ocrx_word' id='word_1_900' title='bbox 368 2802 411 2824; x_wconf 87' lang='lat' dir='ltr'><strong>UV</strong></span> <span class='ocrx_word' id='word_1_901' title='bbox 421 2808 446 2823; x_wconf 82' lang='lat' dir='ltr'><strong>aa</strong></span> <span class='ocrx_word' id='word_1_902' title='bbox 458 2801 489 2823; x_wconf 85' lang='lat' dir='ltr'><strong>bb</strong></span> <span class='ocrx_word' id='word_1_903' title='bbox 507 2803 577 2824; x_wconf 79' lang='lat' dir='ltr'><strong>curet.</strong></span> <span class='ocrx_word' id='word_1_904' title='bbox 595 2801 697 2824; x_wconf 74' lang='lat' dir='ltr'><strong>Subinde</strong></span> <span class='ocrx_word' id='word_1_905' title='bbox 721 2809 763 2830; x_wconf 83' lang='lat' dir='ltr'><strong>pro</strong></span> <span class='ocrx_word' id='word_1_906' title='bbox 787 2802 885 2825; x_wconf 73' lang='lat' dir='ltr'><strong>utilitate</strong></span> <span class='ocrx_word' id='word_1_907' title='bbox 908 2803 978 2824; x_wconf 53' lang='lat' dir='ltr'><strong>codix</strong></span> 
     </span>
     <span class='ocr_line' id='line_1_113' title="bbox 138 2840 708 2870; baseline -0.004 -6"><span class='ocrx_word' id='word_1_908' title='bbox 138 2841 235 2869; x_wconf 64' lang='lat' dir='ltr'><strong>virtute,</strong></span> <span class='ocrx_word' id='word_1_909' title='bbox 255 2844 276 2863; x_wconf 78' lang='lat' dir='ltr'><strong>ct</strong></span> <span class='ocrx_word' id='word_1_910' title='bbox 293 2847 334 2869; x_wconf 86' lang='lat' dir='ltr'><strong>pro</strong></span> <span class='ocrx_word' id='word_1_911' title='bbox 352 2847 412 2870; x_wconf 75' lang='lat' dir='ltr'><strong>qnae</strong></span> <span class='ocrx_word' id='word_1_912' title='bbox 429 2842 463 2863; x_wconf 69' lang='lat' dir='ltr'><strong>est</strong></span> <span class='ocrx_word' id='word_1_913' title='bbox 479 2840 546 2862; x_wconf 81' lang='lat' dir='ltr'><strong>codd.</strong></span> <span class='ocrx_word' id='word_1_914' title='bbox 565 2841 580 2862; x_wconf 66' lang='lat' dir='ltr'>A</span> <span class='ocrx_word' id='word_1_915' title='bbox 593 2841 610 2862; x_wconf 61' lang='lat' dir='ltr'><strong>t&lt;</strong></span> <span class='ocrx_word' id='word_1_916' title='bbox 629 2840 653 2862; x_wconf 76' lang='lat' dir='ltr'><strong>id</strong></span> <span class='ocrx_word' id='word_1_917' title='bbox 669 2841 708 2863; x_wconf 76' lang='lat' dir='ltr'><strong>est.</strong></span> 
     </span>
    </p>

    <p class='ocr_par' dir='ltr' id='par_1_24' title="bbox 138 2879 979 2948">
     <span class='ocr_line' id='line_1_114' title="bbox 200 2879 979 2908; baseline 0 -6"><span class='ocrx_word' id='word_1_918' title='bbox 200 2881 209 2895; x_wconf 71' lang='lat'>3</span> <span class='ocrx_word' id='word_1_919' title='bbox 226 2880 281 2903; x_wconf 81' lang='lat' dir='ltr'><strong>Edd.</strong></span> <span class='ocrx_word' id='word_1_920' title='bbox 299 2881 407 2908; x_wconf 85' lang='lat' dir='ltr'><strong>supplent</strong></span> <span class='ocrx_word' id='word_1_921' title='bbox 422 2879 466 2902; x_wconf 81' lang='lat' dir='ltr'><strong>sub</strong></span> <span class='ocrx_word' id='word_1_922' title='bbox 484 2879 575 2902; x_wconf 75' lang='lat' dir='ltr'><strong>uirtutis</strong></span> <span class='ocrx_word' id='word_1_923' title='bbox 586 2885 677 2908; x_wconf 67' lang='lat' dir='ltr'><strong>qenai-1¹.</strong></span> <span class='ocrx_word' id='word_1_924' title='bbox 690 2892 720 2895; x_wconf 92' lang='lat'>—</span> <span class='ocrx_word' id='word_1_925' title='bbox 733 2880 763 2902; x_wconf 88' lang='lat' dir='ltr'><strong>De</strong></span> <span class='ocrx_word' id='word_1_926' title='bbox 776 2881 915 2907; x_wconf 81' lang='lat' dir='ltr'><strong>sophismate</strong></span> <span class='ocrx_word' id='word_1_927' title='bbox 927 2886 979 2903; x_wconf 76' lang='lat' dir='ltr'><strong>eon·</strong></span> 
     </span>
     <span class='ocr_line' id='line_1_115' title="bbox 138 2919 645 2948; baseline -0.002 -7"><span class='ocrx_word' id='word_1_928' title='bbox 138 2919 254 2948; x_wconf 76' lang='lat' dir='ltr'><strong>sequentis</strong></span> <span class='ocrx_word' id='word_1_929' title='bbox 271 2919 324 2941; x_wconf 80' lang='lat' dir='ltr'><strong>vide</strong></span> <span class='ocrx_word' id='word_1_930' title='bbox 341 2926 410 2947; x_wconf 81' lang='lat' dir='ltr'><strong>supra</strong></span> <span class='ocrx_word' id='word_1_931' title='bbox 429 2926 481 2947; x_wconf 68' lang='lat' dir='ltr'><strong>pag.</strong></span> <span class='ocrx_word' id='word_1_932' title='bbox 500 2920 535 2945; x_wconf 73' lang='lat'><strong>9⁴2,</strong></span> <span class='ocrx_word' id='word_1_933' title='bbox 555 2922 605 2941; x_wconf 85' lang='lat' dir='ltr'><strong>uota</strong></span> <span class='ocrx_word' id='word_1_934' title='bbox 624 2920 645 2940; x_wconf 76' lang='lat'><strong>2.</strong></span> 
     </span>
    </p>

    <p class='ocr_par' dir='ltr' id='par_1_25' title="bbox 140 2955 978 3024">
     <span class='ocr_line' id='line_1_116' title="bbox 202 2955 978 2986; baseline -0.001 -7"><span class='ocrx_word' id='word_1_935' title='bbox 202 2956 211 2971; x_wconf 76' lang='lat'>⁴</span> <span class='ocrx_word' id='word_1_936' title='bbox 228 2957 283 2980; x_wconf 83' lang='lat' dir='ltr'><strong>Edd.</strong></span> <span class='ocrx_word' id='word_1_937' title='bbox 301 2964 353 2980; x_wconf 87' lang='lat' dir='ltr'><strong>cum</strong></span> <span class='ocrx_word' id='word_1_938' title='bbox 373 2958 486 2980; x_wconf 85' lang='lat' dir='ltr'><strong>nonnullis</strong></span> <span class='ocrx_word' id='word_1_939' title='bbox 503 2957 570 2979; x_wconf 85' lang='lat' dir='ltr'><strong>codd.</strong></span> <span class='ocrx_word' id='word_1_940' title='bbox 588 2957 671 2979; x_wconf 81' lang='lat' dir='ltr'><strong>clarius</strong></span> <span class='ocrx_word' id='word_1_941' title='bbox 682 2956 738 2986; x_wconf 79' lang='lat' dir='ltr'><strong>fides</strong></span> <span class='ocrx_word' id='word_1_942' title='bbox 751 2955 867 2985; x_wconf 74' lang='lat' dir='ltr'><strong>informis.</strong></span> <span class='ocrx_word' id='word_1_943' title='bbox 887 2956 978 2978; x_wconf 73' lang='lat' dir='ltr'><strong>Inferius</strong></span> 
     </span>
     <span class='ocr_line' id='line_1_117' title="bbox 140 2994 712 3024; baseline -0.002 -6"><span class='ocrx_word' id='word_1_944' title='bbox 140 2995 291 3024; x_wconf 76' lang='lat' dir='ltr'><strong>incompletae</strong></span> <span class='ocrx_word' id='word_1_945' title='bbox 307 2996 374 3018; x_wconf 73' lang='lat' dir='ltr'><strong>scribi</strong></span> <span class='ocrx_word' id='word_1_946' title='bbox 393 3000 469 3024; x_wconf 84' lang='lat' dir='ltr'><strong>posset</strong></span> <span class='ocrx_word' id='word_1_947' title='bbox 486 2997 553 3018; x_wconf 78' lang='lat' dir='ltr'><strong>etiam</strong></span> <span class='ocrx_word' id='word_1_948' title='bbox 570 2994 712 3023; x_wconf 63' lang='lat' dir='ltr'><strong>incompleta.</strong></span> 
     </span>
    </p>
   </div>
   <div class='ocr_carea' id='block_1_16' title="bbox 265 3046 577 3069">
    <p class='ocr_par' dir='ltr' id='par_1_26' title="bbox 265 3046 577 3069">
     <span class='ocr_line' id='line_1_118' title="bbox 265 3046 577 3069; baseline -0.003 -1"><span class='ocrx_word' id='word_1_949' title='bbox 265 3046 289 3069; x_wconf 91' lang='lat' dir='ltr'><strong>S.</strong></span> <span class='ocrx_word' id='word_1_950' title='bbox 307 3046 395 3069; x_wconf 78' lang='lat' dir='ltr'><strong>Bonar.</strong></span> <span class='ocrx_word' id='word_1_951' title='bbox 413 3059 443 3062; x_wconf 87' lang='lat'><strong>—</strong></span> <span class='ocrx_word' id='word_1_952' title='bbox 461 3047 525 3068; x_wconf 90' lang='lat' dir='ltr'><strong>Tom.</strong></span> <span class='ocrx_word' id='word_1_953' title='bbox 545 3046 577 3067; x_wconf 91' lang='grc' dir='ltr'>ΙΙΙ.</span> 
     </span>
    </p>
   </div>
   <div class='ocr_carea' id='block_1_17' title="bbox 1004 2057 1007 2944">
    <p class='ocr_par' dir='ltr' id='par_1_27' title="bbox 1004 2057 1007 2944">
     <span class='ocr_line' id='line_1_119' title="bbox 1004 2057 1007 2944; baseline 0 0"><span class='ocrx_word' id='word_1_954' title='bbox 1004 2057 1007 2944; x_wconf 95' lang='lat' dir='ltr'><strong> </strong></span> 
     </span>
    </p>
   </div>
   <div class='ocr_carea' id='block_1_18' title="bbox 1035 2763 1876 3025">
    <p class='ocr_par' dir='ltr' id='par_1_28' title="bbox 1035 2763 1874 2869">
     <span class='ocr_line' id='line_1_120' title="bbox 1096 2763 1873 2792; baseline 0.004 -7"><span class='ocrx_word' id='word_1_955' title='bbox 1096 2763 1106 2777; x_wconf 84' lang='lat'>⁵</span> <span class='ocrx_word' id='word_1_956' title='bbox 1123 2763 1200 2785; x_wconf 89' lang='lat' dir='ltr'><strong>Virtus</strong></span> <span class='ocrx_word' id='word_1_957' title='bbox 1217 2764 1288 2790; x_wconf 84' lang='lat' dir='ltr'><strong>enim,</strong></span> <span class='ocrx_word' id='word_1_958' title='bbox 1314 2763 1441 2785; x_wconf 72' lang='lat' dir='ltr'><strong>secundun]</strong></span> <span class='ocrx_word' id='word_1_959' title='bbox 1468 2764 1568 2791; x_wconf 79' lang='lat' dir='ltr'><strong>Aristot.,</strong></span> <span class='ocrx_word' id='word_1_960' title='bbox 1595 2764 1639 2786; x_wconf 95' lang='lat' dir='ltr'><strong>Vll.</strong></span> <span class='ocrx_word' id='word_1_961' title='bbox 1665 2765 1730 2792; x_wconf 77' lang='lat' dir='ltr'><strong>Phys.</strong></span> <span class='ocrx_word' id='word_1_962' title='bbox 1759 2768 1809 2788; x_wconf 81' lang='lat' dir='ltr'><strong>text.</strong></span> <span class='ocrx_word' id='word_1_963' title='bbox 1837 2766 1873 2788; x_wconf 81' lang='grc'><strong>17.</strong></span> 
     </span>
     <span class='ocr_line' id='line_1_121' title="bbox 1035 2801 1874 2829; baseline 0.004 -6"><span class='ocrx_word' id='word_1_964' title='bbox 1035 2803 1067 2828; x_wconf 83' lang='lat' dir='ltr'><strong>(c.</strong></span> <span class='ocrx_word' id='word_1_965' title='bbox 1086 2802 1106 2823; x_wconf 84' lang='lat'><strong>3.</strong></span> <span class='ocrx_word' id='word_1_966' title='bbox 1116 2804 1130 2829; x_wconf 71' lang='lat' dir='ltr'><strong>J,</strong></span> <span class='ocrx_word' id='word_1_967' title='bbox 1142 2804 1176 2823; x_wconf 83' lang='lat' dir='ltr'><strong>est</strong></span> <span class='ocrx_word' id='word_1_968' title='bbox 1188 2801 1305 2829; x_wconf 84' lang='lat' dir='ltr'><strong>dispositio</strong></span> <span class='ocrx_word' id='word_1_969' title='bbox 1323 2802 1416 2828; x_wconf 73' lang='lat' dir='ltr'><strong>perfecti</strong></span> <span class='ocrx_word' id='word_1_970' title='bbox 1433 2801 1462 2824; x_wconf 85' lang='lat' dir='ltr'><strong>ad</strong></span> <span class='ocrx_word' id='word_1_971' title='bbox 1479 2802 1601 2829; x_wconf 87' lang='lat' dir='ltr'><strong>optimum.</strong></span> <span class='ocrx_word' id='word_1_972' title='bbox 1619 2802 1663 2825; x_wconf 81' lang='lat' dir='ltr'><strong>Cfr.</strong></span> <span class='ocrx_word' id='word_1_973' title='bbox 1682 2803 1704 2824; x_wconf 90' lang='lat' dir='ltr'><strong>ll.</strong></span> <span class='ocrx_word' id='word_1_974' title='bbox 1723 2804 1783 2825; x_wconf 78' lang='lat' dir='ltr'><strong>sent.</strong></span> <span class='ocrx_word' id='word_1_975' title='bbox 1802 2804 1823 2825; x_wconf 86' lang='lat' dir='ltr'><strong>d.</strong></span> <span class='ocrx_word' id='word_1_976' title='bbox 1837 2803 1874 2826; x_wconf 77' lang='lat'><strong>27.</strong></span> 
     </span>
     <span class='ocr_line' id='line_1_122' title="bbox 1035 2839 1605 2869; baseline 0.004 -8"><span class='ocrx_word' id='word_1_977' title='bbox 1035 2840 1090 2862; x_wconf 89' lang='lat' dir='ltr'><strong>dub.</strong></span> <span class='ocrx_word' id='word_1_978' title='bbox 1109 2840 1129 2861; x_wconf 83' lang='lat'><strong>3.</strong></span> <span class='ocrx_word' id='word_1_979' title='bbox 1145 2851 1177 2856; x_wconf 89' lang='lat'><strong>—·</strong></span> <span class='ocrx_word' id='word_1_980' title='bbox 1195 2840 1236 2862; x_wconf 78' lang='lat' dir='ltr'><strong>Pro</strong></span> <span class='ocrx_word' id='word_1_981' title='bbox 1252 2839 1362 2869; x_wconf 79' lang='lat' dir='ltr'><strong>perfectio</strong></span> <span class='ocrx_word' id='word_1_982' title='bbox 1379 2840 1430 2862; x_wconf 85' lang='lat' dir='ltr'><strong>cod.</strong></span> <span class='ocrx_word' id='word_1_983' title='bbox 1448 2841 1466 2862; x_wconf 59' lang='lat' dir='ltr'><strong>t&lt;</strong></span> <span class='ocrx_word' id='word_1_984' title='bbox 1486 2840 1605 2864; x_wconf 74' lang='lat' dir='ltr'><strong>rectitudo.</strong></span> 
     </span>
    </p>

    <p class='ocr_par' dir='ltr' id='par_1_29' title="bbox 1035 2878 1876 3025">
     <span class='ocr_line' id='line_1_123' title="bbox 1096 2878 1875 2908; baseline 0.004 -8"><span class='ocrx_word' id='word_1_985' title='bbox 1096 2878 1106 2893; x_wconf 76' lang='grc'>6</span> <span class='ocrx_word' id='word_1_986' title='bbox 1123 2878 1178 2900; x_wconf 84' lang='lat' dir='ltr'><strong>Edd.</strong></span> <span class='ocrx_word' id='word_1_987' title='bbox 1202 2879 1222 2900; x_wconf 90' lang='lat' dir='ltr'><strong>l.</strong></span> <span class='ocrx_word' id='word_1_988' title='bbox 1242 2880 1254 2900; x_wconf 76' lang='lat'><strong>2</strong></span> <span class='ocrx_word' id='word_1_989' title='bbox 1272 2878 1299 2901; x_wconf 81' lang='lat' dir='ltr'><strong>de</strong></span> <span class='ocrx_word' id='word_1_990' title='bbox 1315 2885 1339 2901; x_wconf 79' lang='lat' dir='ltr'><strong>se</strong></span> <span class='ocrx_word' id='word_1_991' title='bbox 1355 2884 1402 2901; x_wconf 77' lang='lat' dir='ltr'><strong>non</strong></span> <span class='ocrx_word' id='word_1_992' title='bbox 1420 2880 1466 2906; x_wconf 82' lang='lat' dir='ltr'><strong>est,</strong></span> <span class='ocrx_word' id='word_1_993' title='bbox 1487 2885 1555 2907; x_wconf 86' lang='lat' dir='ltr'><strong>quam</strong></span> <span class='ocrx_word' id='word_1_994' title='bbox 1574 2880 1651 2902; x_wconf 77' lang='lat' dir='ltr'><strong>salsam</strong></span> <span class='ocrx_word' id='word_1_995' title='bbox 1670 2880 1788 2903; x_wconf 84' lang='lat' dir='ltr'><strong>lectionem</strong></span> <span class='ocrx_word' id='word_1_996' title='bbox 1813 2881 1875 2908; x_wconf 81' lang='lat' dir='ltr'><strong>Vat.‚</strong></span> 
     </span>
     <span class='ocr_line' id='line_1_124' title="bbox 1035 2917 1875 2948; baseline 0.004 -10"><span class='ocrx_word' id='word_1_997' title='bbox 1035 2917 1123 2945; x_wconf 77' lang='lat' dir='ltr'><strong>absque</strong></span> <span class='ocrx_word' id='word_1_998' title='bbox 1140 2920 1214 2938; x_wconf 79' lang='lat' dir='ltr'><strong>tamen</strong></span> <span class='ocrx_word' id='word_1_999' title='bbox 1232 2917 1362 2939; x_wconf 77' lang='lat' dir='ltr'><strong>auctoritate</strong></span> <span class='ocrx_word' id='word_1_1000' title='bbox 1380 2917 1460 2944; x_wconf 69' lang='lat' dir='ltr'><strong>codd,</strong></span> <span class='ocrx_word' id='word_1_1001' title='bbox 1476 2918 1583 2945; x_wconf 73' lang='lat' dir='ltr'><strong>correxit,</strong></span> <span class='ocrx_word' id='word_1_1002' title='bbox 1601 2923 1650 2945; x_wconf 84' lang='lat' dir='ltr'><strong>post</strong></span> <span class='ocrx_word' id='word_1_1003' title='bbox 1677 2919 1733 2948; x_wconf 75' lang='lat' dir='ltr'><strong>quta</strong></span> <span class='ocrx_word' id='word_1_1004' title='bbox 1756 2919 1875 2941; x_wconf 85' lang='lat' dir='ltr'><strong>addendo:</strong></span> 
     </span>
     <span class='ocr_line' id='line_1_125' title="bbox 1035 2954 1876 2987; baseline 0.002 -9"><span class='ocrx_word' id='word_1_1005' title='bbox 1035 2955 1162 2978; x_wconf 69' lang='lat' dir='ltr'><strong>credulitas</strong></span> <span class='ocrx_word' id='word_1_1006' title='bbox 1180 2954 1234 2983; x_wconf 69' lang='lat' dir='ltr'><strong>itta,</strong></span> <span class='ocrx_word' id='word_1_1007' title='bbox 1258 2961 1304 2984; x_wconf 77' lang='lat' dir='ltr'><strong>qua</strong></span> <span class='ocrx_word' id='word_1_1008' title='bbox 1330 2955 1459 2984; x_wconf 74' lang='lat' dir='ltr'><strong>discipulus</strong></span> <span class='ocrx_word' id='word_1_1009' title='bbox 1484 2956 1579 2978; x_wconf 74' lang='lat' dir='ltr'><strong>assentit</strong></span> <span class='ocrx_word' id='word_1_1010' title='bbox 1604 2957 1726 2986; x_wconf 67' lang='lat' dir='ltr'><strong>maqist&#39;ro.</strong></span> <span class='ocrx_word' id='word_1_1011' title='bbox 1754 2958 1794 2979; x_wconf 76' lang='lat' dir='ltr'><strong>l‘ro</strong></span> <span class='ocrx_word' id='word_1_1012' title='bbox 1819 2957 1876 2987; x_wconf 76' lang='lat' dir='ltr'><strong>qttt&#39;tt</strong></span> 
     </span>
     <span class='ocr_line' id='line_1_126' title="bbox 1035 2993 1722 3025; baseline 0.004 -10"><span class='ocrx_word' id='word_1_1013' title='bbox 1035 2994 1101 3016; x_wconf 75' lang='lat' dir='ltr'><strong>codd.</strong></span> <span class='ocrx_word' id='word_1_1014' title='bbox 1120 2994 1165 3016; x_wconf 73' lang='lat' dir='ltr'><strong>AU</strong></span> <span class='ocrx_word' id='word_1_1015' title='bbox 1181 2993 1249 3023; x_wconf 78' lang='lat' dir='ltr'><strong>quod.</strong></span> <span class='ocrx_word' id='word_1_1016' title='bbox 1268 2994 1316 3016; x_wconf 81' lang='lat' dir='ltr'><strong>Mox</strong></span> <span class='ocrx_word' id='word_1_1017' title='bbox 1335 3000 1376 3022; x_wconf 86' lang='lat' dir='ltr'><strong>pro</strong></span> <span class='ocrx_word' id='word_1_1018' title='bbox 1395 2994 1542 3017; x_wconf 72' lang='lat' dir='ltr'><strong>Christianus</strong></span> <span class='ocrx_word' id='word_1_1019' title='bbox 1560 2995 1610 3017; x_wconf 73' lang='lat' dir='ltr'><strong>rod.</strong></span> <span class='ocrx_word' id='word_1_1020' title='bbox 1628 2997 1645 3017; x_wconf 79' lang='grc' dir='ltr'>Α</span> <span class='ocrx_word' id='word_1_1021' title='bbox 1663 2996 1722 3025; x_wconf 71' lang='lat' dir='ltr'><strong>quis.</strong></span> 
     </span>
    </p>
   </div>
   <div class='ocr_carea' id='block_1_19' title="bbox 1721 3046 1750 3067">
    <p class='ocr_par' dir='ltr' id='par_1_30' title="bbox 1721 3046 1750 3067">
     <span class='ocr_line' id='line_1_127' title="bbox 1721 3046 1750 3067; baseline 0.034 -1"><span class='ocrx_word' id='word_1_1022' title='bbox 1721 3046 1750 3067; x_wconf 64' lang='lat'><strong>«52</strong></span> 
     </span>
    </p>
   </div>
   <div class='ocr_carea' id='block_1_20' title="bbox 1893 284 2007 303">
    <p class='ocr_par' dir='ltr' id='par_1_31' title="bbox 1893 284 2007 303">
     <span class='ocr_line' id='line_1_128' title="bbox 1893 284 2007 303; baseline 0 0"><span class='ocrx_word' id='word_1_1023' title='bbox 1893 284 1996 303; x_wconf 75' lang='lat' dir='ltr'><strong>Notandum</strong></span> <span class='ocrx_word' id='word_1_1024' title='bbox 2002 299 2007 303; x_wconf 90' lang='lat'><strong>.</strong></span> 
     </span>
    </p>
   </div>
   <div class='ocr_carea' id='block_1_21' title="bbox 1893 1315 2005 1334">
    <p class='ocr_par' dir='ltr' id='par_1_32' title="bbox 1893 1315 2005 1334">
     <span class='ocr_line' id='line_1_129' title="bbox 1893 1315 2005 1334; baseline 0 0"><span class='ocrx_word' id='word_1_1025' title='bbox 1893 1315 2005 1334; x_wconf 59' lang='lat' dir='ltr'><strong>Notandum.</strong></span> 
     </span>
    </p>
   </div>
  </div>
 </body>
</html>
