2166 3366
17 687 39 701 on
55 681 121 705 placet.

19 1239 120 1259 Soeennduiu

23 1263 100 1282 minuent
107 1263 124 1281 ἐ.

16 1431 52 1453 *ror
56 1426 122 1453 §abet-

757 178 839 206 ntST.
862 179 903 206 lv.
925 178 998 206 ΛΒΤ.
1018 179 1036 206 1.
1059 178 1194 214 ΟΠΑΕΞΤ.
1217 179 1255 206 111.

213 256 330 292 Quidam
353 256 426 284 enim
449 255 542 283 dicere
565 255 730 289 voluerunt,
752 256 826 292 quod
855 256 906 284 hoc
935 259 977 284 est

15 311 121 353 ‚magnos
135 307 249 340 propter
267 303 476 340 proprietatem
498 301 667 338 filiationis,
690 310 761 339 qnae
785 303 896 338 respicit
918 310 977 339 per-

134 359 228 379 sonam
258 353 285 378 et.
316 349 502 386 hypostasim:
524 353 551 377 et
573 348 703 385 quoniam
735 349 891 385 hypostasis
919 349 976 377 Filii

134 398 181 426 Dei
204 398 261 425 sive
283 404 403 433 persona
424 399 537 424 aeterna
559 399 600 424 est
621 403 669 424 nec
693 395 776 423 hahetv
796 396 931 432 originem
961 404 975 424 a

135 448 190 473 tota
212 444 359 477 Trinitate,
381 443 428 471 sed
452 442 541 470 solum
558 450 573 469 a
589 450 705 479 persona
723 442 823 471 Patris:
841 443 904 471 hinc
920 446 975 477 est,

134 491 208 528 quod
231 489 358 527 quamvis
381 489 407 516 in
431 488 540 517 Christo
561 488 596 516 sit
618 488 742 524 reperire
765 489 916 516 humanam
933 497 978 517 na-

135 541 227 567 turam
249 545 265 565 a
287 539 343 565 tota
364 536 498 564 Trinitate
514 538 652 568 creatam,
678 543 731 562 non
754 535 812 563 est¹
829 535 977 564 conceden-

134 584 217 616 dum,
239 583 378 611 Christum
403 590 462 611 esse
484 582 571 610 filium
596 581 679 610 totins
701 581 842 610 Trinitatis
863 585 976 619 propter

134 630 362 668 repugnantiam,
384 636 455 666 quae
471 631 582 665 reperta
597 631 639 656 est
653 628 680 656 in
696 628 854 664 hypostasi,
870 628 920 656 hoc
936 632 977 656 est

134 685 261 715 persona,
277 684 347 713 qnae
363 679 404 704 est
419 678 539 704 aeterna.
552 692 590 695 —
602 675 653 703 Sed
670 675 692 703 si
708 675 778 703 ratio
793 675 844 703 ista
859 675 976 703 interius

133 723 341 757 consideretur,
367 730 420 750 non
444 721 556 750 videtur
578 729 695 758 magnae
717 721 870 755 efficaciae,
895 722 976 758 qnia,

133 770 261 808 quamvls
283 769 438 807 hypostasis
459 769 560 797 Christi
583 769 617 797 sit
639 771 766 799 aeterna,
793 768 861 796 nihil
885 772 975 797 tamen

135 817 265 855 impedit,
288 817 378 853 ipsum
401 816 453 844 dici
477 815 566 844 silium
590 815 710 852 Virginis
736 815 841 843 ratione
860 818 976 843 naturae

132 867 281 894 assumtae.
297 864 322 891 Si
345 871 411 900 ergo
434 863 472 891 illi
490 863 631 900 hypostasi
647 862 751 890 innasci
767 865 857 899 potest
872 861 977 890 filiatio-

133 911 175 940 nis
196 910 331 939 habltudo
347 910 373 938 in
390 909 595 946 comparatione
610 908 644 937 ad
660 909 791 942 Matrem,
806 916 841 936 ex
858 916 913 944 qua
927 916 977 936 na-

134 957 265 986 taranta
288 960 374 985 tracta
395 959 452 987 est:
474 964 560 993 quare
582 964 635 984 non
658 958 747 992 potest
762 955 865 983 innasci
886 962 976 992 respe-

133 1008 178 1033 ctu
200 1004 285 1033 totius
307 1003 464 1037 Trinitatis,
485 1012 501 1031 a
523 1011 577 1040 qua
600 1003 671 1031 sacta
696 1005 762 1031 est?
792 1002 821 1030 Et
850 1002 911 1030 ideo
939 1010 975 1030 ex

133 1055 210 1089 parte
227 1050 417 1088 proprietatis
437 1049 590 1087 filiationis
605 1052 631 1077 et
646 1048 828 1077 aeternitatis
845 1046 976 1085 hyposta-

131 1098 173 1127 sis
194 1107 248 1127 non
270 1098 381 1126 videtur
403 1096 503 1126 efficax
525 1096 595 1124 ratio
610 1104 691 1133 posse
706 1095 778 1124 sumi
794 1095 829 1123 ad
849 1093 977 1131 repudia-

133 1145 234 1173 tionem
256 1144 414 1181 praedictae
437 1142 591 1171 locutionis.

213 1192 242 1220 Et
265 1191 326 1220 ideo
347 1194 388 1219 est
409 1190 482 1219 alius
503 1190 603 1218 modus
626 1189 751 1223 dicendi,
776 1187 850 1225 quod
871 1186 977 1224 praedi-

134 1242 195 1267 ctus
217 1246 309 1267 sermo
324 1246 378 1266 non
394 1237 540 1274 recipitur,
556 1237 621 1273 qnia
636 1236 855 1273 appropinquat
870 1233 975 1262 errori.

134 1285 200 1313 Nam
223 1285 366 1317 Christus,
389 1292 453 1313 cum
473 1284 508 1312 sit
523 1284 607 1312 Filius
628 1283 789 1320 unigenitus
804 1282 851 1310 Dei
875 1280 976 1314 Patris,

133 1340 186 1360 uon
208 1331 358 1368 recipitur,
380 1330 454 1368 quod
478 1331 512 1359 sit
535 1330 610 1359 silius
625 1330 772 1358 ‘Trinitatis
786 1327 975 1366 simpliciter,

133 1381 247 1415 propter
270 1378 321 1406 hoc
342 1377 417 1414 011011
443 1377 504 1406 talis
526 1377 628 1406 locutio
654 1377 859 1414 appropinquat
887 1375 975 1404 errori

135 1424 269 1458 Sabeltt't',
297 1425 342 1461 qui
379 1424 489 1461 posuit,
521 1424 719 1461 proprietatem
750 1423 837 1460 patris
865 1422 978 1452 cuilibet

133 1472 218 1500 trium
240 1479 424 1508 personarum
447 1471 643 1500 convenienter
664 1479 744 1507 posse
766 1470 889 1499 attribui.
918 1470 976 1498 Non

133 1518 268 1555 recipitur
289 1518 387 1552 etiam,
410 1517 484 1554 quod
507 1517 542 1546 sit
564 1517 638 1546 tilius
660 1518 744 1546 totius
766 1517 907 1546 Trinitatis
925 1525 976 1553 per

135 1565 327 1598 creationem,
349 1564 415 1601 quia
443 1564 505 1592 talis
529 1564 629 1593 locutio
655 1564 860 1601 appropinquat
887 1562 975 1592 errori

135 1612 204 1647 Arii,
236 1612 284 1649 qui
312 1611 419 1648 posuit,
441 1611 581 1639 Christum
605 1619 665 1640 esse
688 1619 785 1647 puram
809 1613 976 1639 creaturam.

133 1658 190 1687 Non
213 1658 346 1695 recipitur
370 1657 469 1692 etlam,
492 1657 567 1694 quod
590 1657 625 1686 sit
647 1657 721 1685 filius
737 1657 820 1685 totlns
836 1656 977 1684 Trinitatis

131 1713 184 1742 per
203 1704 354 1742 matiam,-
375 1704 440 1741 qula
465 1704 525 1732 talis
548 1704 649 1732 locutio
666 1703 872 1740 appropinquat
887 1702 976 1731 errori

86 1754 99 1772 -’
113 1751 266 1785 -Nestoril,
287 1752 334 1789 qui
358 1751 450 1788 posuit
472 1751 498 1778 in
515 1751 623 1779 Christo
638 1751 709 1778 duas
729 1754 843 1778 naturas
858 1753 884 1778 et
906 1749 977 1778 duas

132 1806 280 1835 personas,
302 1798 423 1827 divinam
447 1797 551 1826 scillcet
566 1801 593 1826 et
611 1797 779 1831 humanam3
794 1801 821 1825 et
840 1799 976 1834 quantum

133 1845 166 1873 ad
190 1845 340 1873 humanam
364 1853 511 1882 personam
535 1844 606 1872 dixit
629 1844 770 1873 Christum
801 1843 898 1872 Filium
928 1843 975 1871 Dei

134 1899 184 1928 per
205 1891 331 1928 gratiam.
349 1892 418 1928 Ergo
433 1899 525 1920 sermo
540 1891 700 1928 praedictus
715 1891 789 1919 0111111
806 1891 888 1919 modo
902 1898 978 1918 erro-

134 1938 173 1967 ris
188 1938 319 1975 impietati
330 1939 339 1951 ²
355 1938 576 1976 appropinquat;
591 1942 618 1967 et
633 1938 695 1967 ideo
710 1938 854 1975 respuitur
878 1938 914 1966 ab
933 1938 976 1967 his

134 1985 182 2022 qui
195 1985 276 2022 periti
292 1989 357 2014 sunt
373 1985 399 2013 10
415 1994 494 2013 sacra
506 1985 790 2022 Scriptura—Unde
806 1985 926 2014 rationes
941 1986 975 2014 ad

115 2031 205 2060 -hanc
229 2035 333 2068 partem
357 2032 549 2060 concedendae
571 2035 650 2063 sunt.
673 2033 802 2069 quamvis
824 2040 877 2060 11011
907 2032 977 2060 mnl-

134 2081 192 2107 tum
215 2082 321 2115 cogant.

218 2127 238 2154 l.
261 2125 298 2154 Ad
322 2125 389 2154 illud
412 2126 485 2163 qnod
509 2125 654 2160 obiicitur,
676 2126 750 2163 011011
774 2129 829 2154 tota
858 2126 977 2155 Trinitas

103 2182 122 2200 r·
135 2173 257 2209 possedit
278 2176 305 2201 et
325 2172 387 2201 fecit
409 2177 435 2201 et
458 2172 563 2201 creavit
578 2173 732 2201 secundnm
757 2173 907 2201 humanam
933 2182 978 2202 na-

110 2213 114 2218 ’
135 2222 242 2251 tura1n;
258 2219 424 2253 dicendum,
440 2219 513 2256 quod
531 2219 650 2247 Trinitas
663 2219 671 2232 ⁸
687 2219 756 2248 alios
772 2220 896 2249 homines
911 2221 977 2248 sint-

132 2266 245 2303 ptz'cz'ter
268 2267 330 2295 t'ecit
351 2266 507 2295 secundnm
531 2274 644 2294 omnent
666 2267 708 2295 sui
732 2270 876 2301 naturam;
903 2268 978 2296 Chri-

135 2316 208 2341 stum
231 2315 324 2341 autem
347 2321 400 2341 non
421 2313 592 2349 simpliciter
616 2313 770 2342 secundum
794 2322 904 2342 omnent
933 2323 978 2342 na-

137 2363 227 2388 turam
251 2360 328 2394 secit,
350 2360 415 2396 qnia
438 2360 592 2388 secundum
616 2360 738 2388 divinam
761 2363 889 2389 naturam
912 2369 976 2389 eum

137 2406 213 2434 solus
235 2406 314 2434 Pater
335 2406 445 2442 genuit,
467 2409 493 2434 et
516 2406 576 2434 ideo
599 2415 650 2434 non
674 2410 715 2435 est
737 2407 826 2435 simile
848 2407 882 2435 de
904 2407 979 2435 Chri-

137 2456 178 2480 sto
199 2456 225 2480 et
247 2452 308 2480 aliis
331 2452 498 2481 hominibus.
520 2453 653 2488 Quamvis
678 2453 750 2481 enlm
777 2454 823 2481 alii
853 2454 979 2482 homines

201 2652 206 2667 ¹
225 2652 281 2675 Cod.
300 2653 316 2674 Κ
337 2653 358 2677 (a
376 2652 477 2675 secunda
496 2657 574 2681 manu)
592 2657 613 2675 et
631 2653 683 2675 edd.
702 2653 804 2675 subdunt
821 2655 907 2676 tumen.

199 2690 208 2705 ²
227 2691 275 2713 x‘at.
291 2691 428 2720 praedictus
445 2691 542 2714 omnino
555 2691 635 2714 errori
651 2691 782 2721 impietatis.
802 2693 869 2715 l'aiulo
887 2693 980 2715 interius

138 2733 188 2758 post
205 2729 236 2752 ml
253 2729 315 2753 aaut·
330 2731 422 2759 pai-tam
441 2730 491 2752 ‹so-l.
510 2732 526 2752 Α
544 2730 648 2758 adiungit
665 2730 781 2753 inductur.

199 2769 208 2783 ³
226 2769 297 2791 Cudd.
315 2770 332 2791 Κ
346 2769 361 2791 17
373 2770 388 2791 Z
406 2771 453 2792 tnta
474 2769 584 2792 Trinitas.

200 2807 208 2821 ⁴
227 2807 280 2830 [nsi.
302 2808 335 2830 11.
352 2815 372 2830 a.
390 2809 410 2830 2.
429 2814 450 2837 q.
473 2808 490 2830 1.

200 2846 209 2861 ⁵
227 2846 286 2869 Libr.
307 2847 328 2869 ll.
347 2847 429 2869 llomil.
455 2848 476 2869 in
500 2847 585 2875 lixang.
612 2848 688 2869 llolnil.
713 2845 749 2869 25.
777 2854 797 2870 n.
823 2848 843 2869 (i.
869 2848 943 2870 Locus
968 2856 980 2870 0

139 2886 252 2913 vigesimo
277 2892 326 2914 rap.
345 2887 432 2915 livi-ing.
456 2888 514 2909 toan.
538 2888 626 2914 allegat.
653 2890 684 2908 1-51
712 2894 771 2909 rei-s.
794 2887 826 2910 17.
853 2887 897 2910 Cfr.
923 2888 978 2910 intra

139 2924 161 2946 11.
184 2925 215 2946 ΙΟ.
233 2932 252 2947 a.
272 2926 292 2947 Ξ.
311 2932 332 2954 q.
355 2927 371 2947 1.
389 2932 454 2955 seqq.
473 2938 502 2941 —
521 2926 588 2947 l’anlo
611 2926 718 2953 supi-rius
735 2932 776 2953 pro
793 2926 834 2948 sm!
850 2926 912 2955 qnod
928 2927 979 2949 cod.

139 2963 157 2984 T
175 2963 304 2986 ‚eae’cnntlnnt
322 2965 391 2994 qnod.

1823 181 1832 207 ’1
1840 179 1876 207 03

1034 256 1139 293 possint
1161 256 1214 285 dici
1230 260 1374 285 creaturae
1390 257 1453 287 Dei.
1470 257 1521 285 1100
1537 260 1627 285 tamen
1644 257 1677 285 de
1693 257 1802 285 Christo
1822 265 1876 285 non

1035 303 1184 340 recipitur.
1206 303 1277 332 sicut
1299 304 1390 332 infra⁴
1415 304 1515 332 melius
1537 304 1685 332 videbitur.

1113 351 1138 377 ⁹2.
1161 350 1199 378 Ad
1227 350 1294 379 illud
1325 351 1399 387 qnod
1421 351 1566 385 obiicitur,
1595 351 1669 388 quod
1699 359 1749 379 nos
1778 359 1876 379 sumus

1034 396 1133 424 fratres
1155 397 1272 431 Christi,
1294 397 1459 432 dicendum,
1482 397 1555 435 011011
1578 405 1612 426 ex
1636 398 1686 426 hoc
1709 406 1762 426 non
1789 398 1877 435 sequi-

1034 446 1095 476 tur,
1118 443 1192 479 quod
1215 443 1342 472 Christus
1363 444 1398 472 sit
1427 444 1501 473 filius
1529 444 1613 472 totins
1642 444 1798 479 Trinitatis,
1828 445 1876 473 sed

1034 490 1107 526 011011
1130 498 1180 519 nos
1202 490 1329 519 dicamur
1350 490 1398 518 filli
1414 491 1461 519 Dei
1478 491 1565 519 Patris
1581 499 1629 528 per
1645 499 1726 526 eum,
1748 492 1877 529 quamvls

1039 546 1052 562 «
1074 544 1124 564 nos
1145 544 1196 573 per
1218 537 1351 573 gratiam,
1374 537 1431 574 lpse
1453 546 1518 566 vero
1540 546 1590 575 pei·
1611 541 1764 566 naturam»
1782 539 1876 569 ,sicut

1036 583 1102 611 dicit
1124 583 1274 619 Gregorius
1300 591 1384 620 super
1414 584 1497 612 illud:
1528 585 1659 613 Ascendo
1687 586 1728 613 (11]
1755 586 1875 614 Patrem

1033 638 1129 658 meant
1151 633 1176 658 et
1198 630 1319 658 Patrem
1341 634 1486 664 vestram,
1511 631 1616 660 loannis
1638 632 1771 669 vigesimo
1784 632 1802 660 ⁵.

1113 676 1137 705 3.
1160 677 1196 705 Ad
1221 677 1289 705 illud
1312 677 1385 714 quod
1408 677 1553 712 obiicitur,
1575 679 1648 716 quod
1667 683 1721 707 tres
1741 687 1876 715 personae

1033 731 1061 752 se
1077 723 1180 752 habent
1195 724 1228 752 ad
1245 727 1373 752 naturam
1387 724 1397 737 ⁶
1413 728 1566 753 assumtam
1582 733 1631 762 per
1646 725 1858 755 indifferentiam
1871 737 1876 757 ς

1034 770 1197 802 dicendum,
1220 770 1295 807 quod
1317 778 1415 799 verum
1439 774 1496 805 est,
1518 771 1567 800 sed
1589 780 1642 800 non
1665 772 1704 800 sic
1724 780 1753 800 se
1775 772 1877 801 habent

1032 825 1083 853 per
1113 817 1326 845 indifferentiam
1360 821 1489 854 respectu
1523 826 1658 855 personae
1692 819 1876 853 assumentis,

1032 863 1097 899 quia
1119 863 1202 891 aliam
1225 863 1418 892 habitudinem
1440 864 1524 893 hahet
1546 865 1580 893 ad
1604 872 1750 902 personam
1774 865 1876 897 Patris,

1032 909 1114 937 aliam
1137 909 1170 937 ad
1194 918 1339 946 personam
1363 910 1483 947 Spiritus
1504 911 1599 939 sancti.
1615 912 1683 940 Cum
1704 915 1796 940 autem
1813 912 1878 941 dici-

1033 960 1079 985 tnr
1102 956 1229 985 Christus
1252 949 1335 986 Filius
1356 966 1415 986 esse
1438 958 1484 986 Dei
1507 959 1610 992 PatriS,
1632 959 1683 987 hoc
1711 960 1797 996 magis
1813 960 1877 988 diri-

1033 1008 1079 1032 tur
1109 1007 1236 1040 respectu
1265 1009 1381 1033 naturae
1409 1006 1578 1034 assumentis
1607 1014 1690 1043 quam
1720 1010 1876 1039 assumtae3

1033 1050 1107 1087 quod
1130 1054 1219 1087 patet,
1242 1051 1306 1088 quia
1328 1051 1429 1080 dicitur
1452 1052 1535 1080 Filius
1557 1052 1644 1081 Patris
1670 1053 1829 1090 unigenitus
1851 1057 1877 1082 et

1033 1098 1177 1126 naturalis.
1202 1098 1231 1126 Et
1252 1098 1314 1126 ideo
1335 1098 1406 1127 ratio
1428 1099 1475 1127 illa
1496 1107 1550 1127 non
1573 1099 1659 1137 cogit,
1682 1101 1747 1137 qula
1773 1101 1808 1129 ab
1840 1101 1877 1129 in-

1035 1144 1181 1173 sufficienti
1204 1145 1337 1181 procedit.

1112 1191 1138 1219 [ι.
1161 1191 1198 1219 Ad
1221 1191 1290 1220 illud
1312 1192 1387 1228 quod
1410 1192 1556 1228 obiicitur,
1577 1193 1652 1230 quod
1674 1194 1753 1223 Pater
1769 1203 1823 1223 non
1838 1195 1877 1223 di-

1031 1237 1104 1266 citur
1124 1241 1202 1274 pater
1218 1241 1323 1267 tantum
1341 1242 1469 1276 respectu
1486 1239 1559 1274 Filii,
1575 1240 1622 1269 sed
1639 1241 1720 1269 etiam
1737 1241 1856 1270 aliorum
1870 1265 1876 1273 ,

1031 1293 1151 1322 quorum
1173 1288 1215 1313 est
1235 1293 1319 1314 causa
1340 1289 1367 1314 et
1388 1286 1555 1322 principium
1578 1295 1613 1315 ex
1630 1290 1768 1324 tempore;
1784 1288 1875 1317 dicer.-

1033 1331 1117 1365 dum,
1140 1331 1214 1368 quod
1237 1332 1308 1360 sicut
1330 1332 1407 1361 Pater
1431 1340 1466 1360 ex
1490 1333 1560 1368 hoc,
1582 1334 1655 1371 quod
1687 1335 1876 1372 temporaliter

1033 1378 1142 1415 aliquos
1163 1379 1295 1415 adoptat,
1317 1379 1420 1407 dicitur
1441 1387 1539 1408 eorum
1563 1384 1640 1418 pater
1669 1390 1703 1410 ex
1735 1385 1875 1420 tempore,

1033 1425 1071 1453 sic
1094 1426 1176 1453 etiam
1199 1425 1326 1454 Christus
1347 1434 1398 1463 per
1413 1427 1619 1463 generationem
1636 1429 1816 1465 temporalem
1834 1438 1877 1467 po-

1034 1476 1086 1501 test
1108 1472 1161 1501 dici
1184 1472 1259 1501 fitius
1281 1473 1416 1510 Virglnls;
1438 1483 1491 1502 non
1517 1478 1608 1503 tamen
1630 1479 1719 1512 potest
1747 1477 1876 1506 concludi

1033 1519 1106 1556 qnod
1130 1519 1165 1548 sit
1186 1519 1261 1548 tilius
1283 1520 1366 1549 totius
1388 1521 1536 1550 Trinitatis.
1559 1522 1615 1550 Non
1632 1522 1704 1551 enim
1720 1526 1762 1551 est
1777 1523 1876 1552 simile.

1033 1565 1113 1594 Nulla
1141 1566 1213 1594 enlm
1243 1567 1367 1595 confusio
1396 1568 1599 1604 proprietatum
1630 1569 1798 1605 incurritur,
1827 1578 1875 1599 nec

1033 1612 1147 1649 aliquod
1170 1613 1277 1641 veritati
1301 1613 1331 1641 fit
1352 1614 1576 1650 praeiudicium,
1598 1619 1646 1644 aut
1667 1616 1756 1645 errori
1778 1617 1805 1645 in
1831 1617 1877 1645 ali-

1033 1667 1089 1695 quo
1111 1659 1369 1696 appropinquatur,
1391 1661 1412 1689 si
1429 1661 1539 1690 dicatur
1556 1662 1634 1690 Pater
1649 1670 1709 1691 esse
1724 1666 1802 1699 pater
1818 1664 1874 1692 Filii

1034 1704 1125 1733 solum
1142 1713 1192 1742 per
1208 1706 1426 1742 generationem,
1449 1711 1476 1735 et
1490 1708 1609 1736 allorum
1625 1716 1675 1745 per
1693 1710 1877 1744 creationemg

1034 1759 1086 1779 non
1111 1752 1149 1780 sic
1177 1756 1287 1787 antem,
1316 1754 1399 1781 cum⁷
1428 1754 1531 1782 dicitur
1559 1755 1687 1784 Christus
1714 1764 1774 1785 esse
1802 1757 1877 1786 Illius

1036 1799 1121 1827 totius
1145 1800 1295 1830 Trinitatis,
1317 1801 1383 1828 Nam
1407 1802 1428 1829 si
1454 1802 1624 1839 intelligatur
1653 1811 1701 1839 per
1728 1804 1878 1840 generatio-

1034 1854 1113 1880 nem,
1139 1846 1310 1875 incurrimus
1333 1847 1359 1875 in
1381 1856 1506 1877 errorem
1524 1849 1649 1884 Sabellil3
1664 1850 1685 1878 51
1702 1858 1751 1887 per
1766 1851 1876 1879 creatio·

1034 1900 1112 1927 nem,
1144 1894 1404 1933 appropinquamus
1433 1897 1521 1924 errori
1553 1896 1628 1931 Arii3
1657 1897 1678 1925 si
1708 1897 1799 1926 solum
1827 1906 1876 1935 per

1033 1939 1188 1976 adoptionis
1210 1941 1454 1977 gratificationem,
1476 1942 1564 1971 errori
1587 1943 1712 1972 Nestorii.

1113 1988 1137 2014 ὃ.
1161 1987 1198 2015 Ad
1221 1987 1290 2016 illud
1312 1989 1387 2024 quod
1403 1989 1533 2017 obiicitur
1555 1990 1589 2018 de
1615 1993 1714 2019 natura
1729 1999 1876 2028 suprema,

1034 2033 1125 2061 media
1147 2038 1173 2062 et
1196 2034 1305 2069 infima,
1328 2034 1381 2063 iam
1398 2039 1473 2072 patet
1488 2037 1632 2073 responsio
1647 2045 1696 2073 per
1718 2038 1875 2074 praedicta.

988 2100 991 2102 -
1033 2080 1113 2116 qnia,
1136 2088 1198 2109 culn
1223 2081 1269 2109 illa
1282 2081 1291 2094 ⁸
1313 2081 1348 2109 sit
1369 2085 1476 2117 creata,
1492 2091 1544 2111 non
1562 2083 1695 2120 recipitur
1710 2084 1783 2113 circa
1802 2084 1877 2113 Chri-

1033 2130 1107 2155 stum
1130 2127 1224 2155 filiatio
1252 2127 1371 2157 alicuius
1401 2129 1505 2157 ratione
1534 2129 1588 2158 illa.
1611 2147 1648 2150 —
1670 2130 1759 2160 Potest
1784 2134 1874 2160 tamen

1034 2173 1104 2208 dici,
1126 2174 1201 2210 qnod
1217 2182 1270 2202 non
1286 2179 1328 2203 est
1349 2175 1438 2204 simile
1454 2176 1487 2204 de
1503 2176 1664 2205 substantiis
1685 2178 1821 2206 extremis
1842 2178 1875 2207 ad

1033 2220 1178 2254 mediant,
1201 2221 1266 2258 qula
1281 2225 1339 2250 tum
1364 2223 1469 2251 ratione
1495 2223 1665 2252 substantiae
1687 2224 1797 2253 divinae
1817 2228 1875 2253 tuin

1035 2268 1141 2296 ratione
1164 2268 1256 2297 carnis
1277 2269 1386 2305 genitus
1406 2273 1448 2297 est
1469 2273 1496 2298 et
1518 2271 1689 2299 assimilatur
1711 2280 1762 2300 suo
1777 2272 1891 2308 princip

1034 2314 1079 2351 pio
1101 2315 1281 2351 producenti,
1303 2316 1407 2344 scilicet
1429 2317 1499 2345 Patri
1523 2320 1549 2345 et
1574 2318 1666 2346 lllatri:
1691 2318 1759 2346 Patri
1777 2319 1802 2346 in
1823 2319 1877 2347 1101-

1035 2365 1105 2395 tate,
1127 2365 1154 2389 et
1176 2362 1252 2390 Matri
1277 2362 1301 2390 ln
1324 2363 1512 2395 humanitate;
1534 2372 1587 2392 non
1609 2365 1647 2393 sic
1663 2368 1755 2393 autem
1781 2369 1822 2394 est
1837 2374 1877 2394 ra-

1037 2408 1109 2436 tione
1131 2408 1254 2442 animae,
1276 2415 1302 2437 et
1324 2409 1385 2437 ideo
1407 2418 1459 2437 non
1482 2413 1524 2439 est
1544 2411 1642 2440 simile.

1117 2457 1141 2482 (5.
1165 2455 1201 2483 Ad
1226 2455 1293 2484 illud
1317 2456 1390 2492 011011
1413 2456 1512 2485 11111010
1537 2457 1666 2486 obiicitur
1693 2459 1727 2487 de
1756 2460 1878 2496 proprie-

1099 2655 1109 2670 6
1126 2656 1217 2677 Plurimi
1237 2656 1303 2678 codd.
1316 2662 1368 2678 cum
1386 2657 1439 2679 edd.
1462 2658 1482 2686 l,
1496 2658 1508 2679 2
1522 2664 1642 2686 perperam
1659 2665 1792 2688 personant.
1810 2660 1877 2682 Paulo

1039 2695 1132 2716 interius
1151 2701 1191 2722 pro
1210 2694 1269 2717 Cum
1286 2696 1365 2718 [tutem
1383 2696 1433 2718 cod.
1452 2696 1468 2718 N
1487 2697 1545 2720 (funt
1562 2704 1624 2727 erqo.
1637 2697 1738 2720 Subinde
1755 2702 1804 2727 post
1822 2699 1876 2729 quio

1036 2732 1122 2755 [ticino-
1139 2733 1205 2755 codd.
1224 2735 1239 2755 li
1251 2734 1264 2755 1·“
1274 2735 1289 2756 N
1301 2735 1318 2756 T
1330 2735 1346 2756 11
1358 2735 1376 2756 V
1387 2735 1406 2756 X
1424 2735 1546 2759 subiiciunt
1563 2742 1617 2759 csse.

1098 2771 1107 2786 ⁷
1126 2772 1147 2794 ln
1166 2772 1218 2794 1-1111.
1237 2777 1257 2795 ct
1276 2774 1388 2795 nonnullis
1400 2774 1467 2796 codd.
1480 2774 1622 2798 desiderauit·
1639 2782 1700 2799 cnm.

1099 2810 1108 2825 ⁸
1125 2811 1176 2833 Scit.
1196 2815 1274 2834 natura
1301 2813 1374 2835 inedia
1401 2814 1414 2835 i.
1440 2820 1459 2836 1·..
1483 2814 1565 2836 1111111111.
1582 2827 1614 2831 —-
1631 2815 1678 2837 Mox
1697 2822 1739 2843 pro
1756 2815 1875 2843 alienius,

1038 2856 1120 2878 nempe
1139 2851 1205 2873 totins
1224 2851 1349 2879 Trinitatis,
1367 2852 1418 2874 01111,
1437 2852 1532 2882 aliqua,
1547 2856 1569 2875 ct
1580 2854 1601 2875 in
1615 2853 1658 2876 1100
1670 2855 1735 2877 solut.
1748 2854 1775 2877 (Ie
1786 2854 1878 2878 ratione

1036 2888 1130 2911 (inimue
1149 2895 1191 2917 pro
1208 2889 1300 2912 ratione
1316 2890 1418 2913 animae.
1437 2891 1505 2913 l‘anlo
1522 2893 1629 2920 superins
1645 2893 1691 2915 sola
1706 2894 1754 2915 Vat.
1766 2893 1878 2916 ean-emis

1036 2928 1057 2949 ct
1073 2927 1149 2950 invdia
1168 2935 1209 2956 pro
1226 2928 1338 2951 caventis
1355 2929 1387 2951 nt!
1402 2929 1511 2952 matiani.

1890 2138 1955 2156 Aliter.
