2166 3366
60 571 129 590 Tertia.

14 1455 84 1475 Solutio
96 1462 129 1480 op·

15 1479 123 1503 positorum.

7 1687 125 1708 *Notandum

17 2246 79 2266 Poena
92 2248 126 2267 du.

40 2271 88 2294 plex.

772 209 854 237 DlST.
877 210 931 238 XV.
952 210 1025 238 ART.
1046 210 1063 238 1.
1085 210 1221 246 QUAEST.
1243 210 1260 238 Ι.

144 287 227 316 etiam
248 295 284 316 ex
306 294 390 315 causa
411 294 567 323 congruum
588 286 640 315 fuit
661 287 713 315 hoc
735 287 843 323 ipsum,
859 287 987 315 videlicet

144 337 258 371 propter
279 333 440 370 exemptum
462 334 589 367 virtutis,
610 333 767 369 specialiter
781 336 875 362 autem
898 334 987 362 humi·

144 380 245 414 litatis,
276 380 424 417 patientiae
454 383 481 408 et
514 380 638 416 pietatis,
669 380 772 417 quibus
799 380 986 409 mediantibus

143 427 307 463 pervenitur
328 426 363 455 ad
385 426 507 461 caelum,
528 429 555 455 et
578 426 603 454 in
625 426 729 463 quibus
749 426 876 455 Christus
898 427 986 455 voluit

143 481 194 502 nos
214 473 315 501 imitari
338 473 447 510 ipsum,
476 473 631 502 secundum
657 473 726 501 illud
750 474 878 502 Matthaei
901 474 987 503 unde-

144 519 215 548 cimo
231 519 256 547 ¹:
277 519 386 548 Discite
406 528 426 547 a
446 527 507 553 me,
529 519 600 557 quia
631 519 711 547 mitis
731 528 798 547 sum
819 523 844 548 et
865 519 986 549 humilis

143 566 237 595 corde.
258 582 297 586 —
318 566 409 594 Tertia
431 566 501 594 ratio
521 568 563 594 est
581 569 695 603 propter
716 565 919 603 fulcimentum
941 576 986 596 no-

144 615 218 641 strae
238 612 411 649 fragilitatis,
432 612 468 641 ob
498 619 582 649 quam
615 615 715 641 natura
738 613 880 642 rationalis
902 613 986 642 habet

143 659 170 687 in
187 667 216 688 se
237 658 429 688 difficultatem
444 659 479 687 ad
495 658 670 687 credendum
691 668 773 693 vera,
789 662 816 688 et
839 660 986 688 irascibilis

143 706 177 734 ad
199 705 380 742 sperandum
400 705 518 739 ardua,
540 708 567 734 et
588 705 812 742 concupiscibilis
826 706 861 734 ad
884 715 986 734 aman-

144 752 215 780 dum
236 751 318 780 bonu.
342 752 372 780 Et
393 752 455 780 ideo
478 751 564 780 voluit
591 752 719 781 Christus
741 761 794 781 non
817 756 924 781 tantum
940 761 987 781 no-

143 798 186 827 bis
207 799 322 828 similari
350 799 377 826 in
400 802 515 832 natura,
547 799 596 827 sed
628 799 711 827 etiam
734 800 761 827 in
783 799 937 828 defectibus
959 803 986 829 et

143 845 372 882 poenalitatibus,
388 848 431 879 ut,
448 845 650 874 manifestando
671 846 697 874 in
720 853 749 874 se
764 846 915 874 veritatem
937 847 986 874 hu-

143 900 242 921 manae
263 895 394 926 naturae,
416 892 562 928 praeberet
592 892 785 921 fulcimentum
808 896 918 921 nostrae
944 901 986 921 ra-

143 939 236 968 tionali
258 939 294 967 ad
319 939 513 972 eredendum;
543 939 714 967 ostendendo
735 939 916 968 nihilominus
938 940 986 968 im-

143 985 318 1014 mensitatem
339 993 406 1014 suae
421 985 628 1014 misericordiae
644 993 692 1022 per
713 985 917 1022 susceptionem
940 994 985 1014 no-

143 1036 218 1061 strae
238 1032 378 1066 miseriae,
401 1032 548 1069 praeberet
576 1031 706 1060 irascibili
732 1032 925 1060 fulcimentum
948 1033 983 1061 ad

142 1079 323 1116 sperandum
332 1089 342 1112 ,·
373 1078 543 1107 ostendendo
575 1079 794 1115 magnitudinem
816 1087 884 1108 suae
907 1079 986 1108 bene-

144 1125 295 1159 volentiae,
316 1125 463 1162 praeberet
484 1124 691 1161 concupiscibili
717 1124 926 1154 incitamentum
948 1126 983 1155 ad

142 1181 172 1201 se
193 1172 365 1201 amancium.
386 1188 425 1192 —
440 1172 470 1200 Et
491 1171 552 1200 ideo
568 1171 630 1200 licet
645 1171 830 1208 incongruum
846 1172 983 1207 videatur,

143 1218 305 1247 huiusmodi
333 1218 457 1247 defectus
488 1217 605 1255 reperiri
634 1218 661 1246 in
693 1218 817 1253 Christo,
840 1219 861 1248 si
884 1227 934 1256 per
956 1228 984 1248 se

143 1265 369 1299 considerentur;
385 1268 490 1299 tamen,
505 1265 526 1293 si
542 1264 577 1293 ad
593 1264 676 1293 finem
692 1264 862 1300 referantur,
884 1274 984 1303 magna

143 1312 283 1350 reperitur
304 1312 485 1348 congruitatis
506 1311 684 1340 condecentia
696 1311 715 1340 ².
735 1329 774 1332 —
797 1312 826 1340 Et
847 1312 910 1341 ideo
924 1321 985 1341 con-

143 1359 282 1388 cedendae
303 1362 368 1387 sunt
390 1358 526 1392 rationes,
547 1366 619 1395 quae
641 1359 755 1387 suntad
771 1362 878 1395 partem
895 1359 984 1388 istam.

223 1407 247 1434 1.
269 1405 305 1434 Ad
329 1405 399 1433 illud
421 1412 487 1441 ergo
508 1405 582 1442 quod
605 1405 696 1441 primo
723 1406 853 1434 obiicitur
874 1406 901 1434 in
923 1414 984 1435 con-

141 1453 276 1486 trarium,
307 1452 383 1489 quod
415 1452 487 1480 sicut
517 1459 656 1480 summam
689 1452 823 1481 iustitiam
849 1453 985 1482 dedecet³

142 1499 332 1536 iniquitatem,
353 1499 393 1528 sic
414 1506 553 1527 summam
569 1499 719 1535 potentiam
735 1499 850 1528 dedecet
872 1499 985 1528 infirmi-

141 1549 243 1580 tatem;
264 1545 430 1577 dicendum,
451 1545 526 1582 quod
550 1545 710 1573 huiusmodi
727 1545 880 1574 similitudo
901 1549 984 1581 tenet,

142 1593 164 1621 si
187 1595 365 1629 comparetur
387 1592 533 1620 infirmitas
554 1596 581 1620 et
602 1592 685 1629 culpa
705 1592 740 1620 ad
762 1596 891 1621 naturam
914 1593 985 1621 (tioi-

141 1647 230 1672 nam‚·
251 1638 278 1666 iu
300 1642 400 1667 natura
421 1637 494 1666 euim
510 1638 619 1672 divina,
641 1639 712 1667 sicut
727 1638 804 1667 nulla
819 1642 909 1676 potest
923 1648 984 1668 esse

142 1685 291 1719 iniustitia,
312 1685 352 1713 sic
373 1684 450 1712 nulla
470 1688 560 1721 potest
574 1692 635 1713 esse
651 1685 820 1722 impotentia.
842 1686 867 1714 Si
890 1690 982 1715 autem

141 1735 339 1770 comparentur
359 1731 394 1760 ad
424 1735 552 1760 naturam
582 1735 765 1765 assumtam,
795 1732 834 1761 sic
863 1741 916 1761 non
939 1733 984 1761 ha-

141 1779 187 1808 bet
207 1779 369 1812 veritatem,
391 1786 442 1815 pro
463 1785 495 1806 eo
516 1778 591 1815 quod
623 1778 683 1815 ipsa
712 1778 872 1815 infirmitas
895 1782 984 1816 potest

140 1834 201 1856 esse
223 1825 339 1854 materia
359 1825 533 1854 exercendae
565 1825 676 1854 virtutis
684 1836 691 1859 ;
714 1826 804 1854 virtus
825 1826 898 1854 enim
924 1826 984 1864 for-

141 1873 275 1902 titudinis
296 1876 446 1901 exercetur
471 1871 614 1909 potissime
646 1873 671 1900 in
705 1872 884 1909 perpessione
906 1873 984 1901 terri-

140 1921 255 1954 bilium,
276 1927 374 1948 eorum
397 1919 535 1952 maxime,
567 1926 639 1956 quae
671 1922 789 1947 mortem
815 1919 953 1948 inducunt
965 1920 981 1947 ⁴.

141 1967 234 2004 Culpa
255 1974 321 1995 vero
341 1969 369 1995 et
389 1965 520 2003 iniquitas
541 1966 653 1994 omnino
674 1966 840 1994 adversatur
862 1966 982 1995 iustitiae

139 2017 166 2043 et
187 2013 371 2050 vituperabile
392 2012 484 2041 reddit
498 2012 671 2047 subiectum,
693 2013 719 2040 in
742 2021 798 2050 quo
819 2016 875 2046 est;
902 2013 982 2050 infir-

139 2060 228 2088 mitas
250 2067 316 2088 vero
336 2059 428 2087 reddit
450 2059 537 2096 magis
559 2058 714 2093 laudabile,
736 2059 848 2096 quando
870 2060 982 2088 coniun-

139 2110 183 2136 cta
196 2110 239 2135 est
259 2105 382 2134 interiori
407 2105 500 2133 virtuti
523 2106 607 2133 animi
631 2105 786 2134 secundum
809 2109 910 2134 statum
927 2114 982 2135 me-

139 2152 193 2181 riti.
216 2152 247 2180 Et
268 2152 329 2180 ideo
350 2159 404 2179 non
426 2155 467 2179 est
488 2151 577 2179 simile
599 2151 664 2180 hinc
685 2154 712 2180 et
733 2151 806 2180 inde.

216 2200 242 2227 2.
264 2198 301 2227 Ad
325 2198 394 2226 illud
416 2197 491 2235 quod
522 2197 666 2232 obiicitur,
695 2198 770 2235 quod
802 2206 890 2235 poena
922 2199 980 2228 siue

138 2245 220 2282 culpa
241 2249 282 2274 est
304 2245 475 2277 inordinata;
490 2244 656 2278 dicendum,
679 2245 755 2281 quod
770 2248 812 2274 est
833 2253 921 2282 poena
935 2254 980 2274 ne-

138 2292 268 2320 cessitate
289 2290 415 2327 inflz'ctu,
446 2294 474 2319 et
494 2294 537 2320 est
557 2299 645 2328 poena
666 2292 813 2320 voluntate
834 2295 977 2321 assumta.

138 2338 229 2366 Prima
249 2345 315 2374 ergo
337 2345 424 2374 poena
456 2337 628 2366 inordinata
649 2341 703 2371 est,
726 2338 776 2366 nisi
799 2338 882 2375 culpa
904 2346 980 2375 prae-

138 2384 251 2413 cesserit
272 2384 298 2412 in
321 2392 353 2412 eo
384 2384 430 2421 qui
460 2384 591 2421 punitur;
614 2385 737 2413 secunda
758 2392 825 2413 vero
847 2385 979 2413 ordinem

137 2428 236 2463 habet,
262 2430 320 2458 sive
351 2429 433 2466 culpa
464 2430 646 2466 praecesserit
675 2430 700 2458 in
723 2438 756 2458 eo
777 2431 824 2467 qui
847 2431 978 2467 punitur,

137 2477 195 2505 sive
217 2476 243 2504 in
264 2484 310 2510 eo,
332 2484 382 2513 pro
403 2484 459 2513 quo
481 2477 539 2513 ipse
561 2477 627 2505 velit
647 2477 757 2514 puniri;
779 2481 806 2505 et
826 2477 865 2505 sic
887 2480 929 2505 est
950 2477 977 2505 in

1829 213 1881 242 331

1043 288 1193 324 proposito.
1215 288 1282 316 Nam
1311 288 1437 317 Christus
1469 289 1556 318 voluit
1577 289 1738 319 huiusmodi
1761 290 1885 319 desectus

1043 337 1070 362 et
1092 334 1270 370 poenalitates
1292 335 1318 363 in
1341 343 1369 364 se
1392 335 1495 364 habere
1517 344 1568 373 pro
1590 337 1746 373 reparanda
1761 337 1885 366 humana

1043 384 1143 409 natura
1153 381 1170 408 ⁵.

1122 427 1147 455 3.
1169 427 1207 456 Ad
1223 427 1292 456 illud
1307 428 1381 466 quod
1397 429 1534 463 obiicitur,
1549 429 1623 466 quod
1640 430 1767 459 Christus
1781 439 1886 459 assum-

1043 473 1077 501 sit
1099 473 1250 502 humanam
1272 477 1417 509 naturam,
1439 478 1470 503 ut
1490 483 1552 504 eam
1573 480 1700 511 curaret;
1719 477 1884 512 dicendum,

1043 520 1116 556 quod
1140 528 1237 549 verum
1267 524 1316 549 est.
1341 538 1379 541 -—
1403 522 1483 558 Quod
1508 522 1620 557 obiicit,
1646 523 1721 560 quod
1746 525 1885 553 contraria

1043 567 1189 596 contrariis
1210 571 1359 602 curantur3
1374 568 1539 603 dicendum,
1555 570 1630 606 quod
1647 570 1715 599 illud
1741 571 1883 600 veritatem

1043 613 1142 647 habet,
1163 614 1185 642 si
1207 614 1254 642 fiat
1285 614 1454 651 comparatio
1486 615 1638 645 medicinae
1659 617 1694 645 ad
1723 625 1836 646 causam
1858 620 1886 646 et

1043 660 1210 696 principium
1232 660 1428 697 aegritudinis,
1450 665 1476 690 et
1497 661 1535 690 sic
1551 663 1704 691 nonhabet
1725 663 1885 692 instantiam

1043 706 1069 734 in
1093 707 1247 743 proposito,
1269 707 1334 743 quia
1349 708 1517 745 principium
1533 709 1721 746 corruptionis
1736 710 1820 739 totius
1835 711 1884 738 hu-

1043 762 1140 782 manae
1161 757 1278 782 naturae
1299 754 1350 782 fuit
1371 754 1517 783 delectatio
1533 755 1689 784 inordinata
1705 756 1730 784 in
1746 764 1795 785 esu
1818 757 1882 794 ligni

1045 800 1127 828 vetiti.
1152 800 1181 828 Et
1202 800 1264 828 ideo
1295 800 1420 829 desectus
1451 805 1478 830 et
1507 802 1687 838 poenalitates
1709 807 1821 832 nostrae
1843 812 1885 832 ae-

1043 846 1175 883 gritudini
1197 847 1403 875 contrariantur
1418 851 1444 876 et
1465 848 1667 881 adversantur,
1689 852 1803 885 pensata
1824 849 1885 878 eius

1043 901 1126 921 causa
1147 896 1174 921 et
1195 893 1300 930 origine
1312 894 1328 921 ⁵.
1354 910 1392 914 —
1414 894 1497 923 Aliter
1519 899 1608 932 potest
1630 895 1699 928 dici,
1721 896 1795 932 quod
1818 904 1882 925 cum
1896 903 1963 921 Aliter.

1042 939 1155 967 dicitur:
1178 941 1317 968 contraria
1338 941 1484 970 contrariis
1515 945 1663 976 curantur,
1688 943 1738 971 hoc
1760 942 1885 979 intelligi—

1042 988 1088 1014 tur
1109 989 1245 1023 quantum
1267 987 1302 1015 ad
1319 987 1423 1024 prima
1454 988 1592 1022 curantia,
1625 989 1697 1017 sicut
1718 993 1759 1018 est
1780 990 1883 1027 gratia,

1042 1040 1113 1068 quae
1134 1036 1214 1061 curat
1235 1033 1362 1070 culpam;
1384 1037 1519 1071 quantum
1544 1042 1608 1063 vero
1630 1035 1664 1063 ad
1677 1036 1816 1072 proxima
1841 1043 1884 1064 ve-

1042 1079 1151 1107 ritatem
1173 1088 1227 1108 non
1249 1080 1348 1114 habet,
1363 1080 1428 1117 quia
1443 1081 1523 1109 dolor
1537 1085 1579 1110 est
1594 1082 1731 1110 medicina
1746 1082 1850 1111 doloris
1864 1083 1882 1110 ⁷.

1042 1125 1084 1154 Sic
1105 1128 1132 1154 et
1154 1126 1180 1154 in
1202 1127 1344 1163 proposito
1365 1130 1406 1155 est
1427 1127 1647 1164 intelligendum.

1120 1173 1147 1201 4.
1169 1173 1206 1202 Ad
1229 1174 1298 1202 illud
1320 1174 1395 1211 quod
1416 1174 1562 1209 obiicitur,
1583 1175 1658 1212 quod
1674 1176 1798 1204 defectus
1820 1176 1884 1213 plus

1043 1219 1134 1248 valent
1155 1220 1190 1248 ad
1212 1220 1398 1249 deficiendum
1421 1229 1505 1258 quam
1527 1222 1562 1250 ad
1589 1222 1773 1257 vincendum3
1795 1223 1885 1252 dicen-

1042 1265 1126 1299 dum,
1148 1267 1221 1303 quod
1245 1269 1286 1295 est
1306 1267 1403 1295 virtus
1423 1267 1591 1302 naturalis,
1614 1271 1640 1297 et
1655 1272 1696 1297 est
1710 1269 1807 1297 virtus
1828 1278 1884 1298 mo·
1897 1276 1962 1295 Virtus
1980 1277 2013 1295 au.

1041 1312 1132 1346 raus,-
1153 1317 1179 1341 et
1201 1314 1354 1342 secundum
1378 1314 1430 1342 hoc
1451 1315 1557 1351 duplex
1588 1319 1630 1344 est
1648 1324 1765 1353 pugnet,
1788 1319 1814 1345 et
1836 1317 1885 1345 du·
1929 1301 1977 1323 pm*

1042 1359 1107 1396 plex
1129 1363 1171 1388 est
1201 1359 1340 1389 victoria:
1363 1369 1437 1395 una,
1459 1369 1531 1398 quae
1554 1362 1684 1390 virtutem
1714 1363 1883 1391 vnaturalem

1042 1406 1171 1443 respicit,·
1192 1406 1295 1440 altera,
1326 1415 1397 1444 quae
1430 1408 1563 1436 virtutem
1595 1409 1744 1437 moralem.
1774 1410 1883 1447 Puynu

1042 1451 1126 1489 igitur
1145 1456 1172 1481 et
1193 1453 1318 1481 victoria
1340 1457 1435 1482 contra
1456 1458 1600 1491 peccatum
1623 1458 1727 1492 spectat
1742 1456 1776 1484 ad
1800 1456 1885 1484 virtu-

1042 1502 1096 1527 tem
1118 1499 1268 1527 moralem.
1299 1500 1426 1529 Christus
1447 1504 1554 1535 autem,
1586 1509 1649 1530 cum
1674 1502 1747 1530 venit
1768 1503 1803 1531 ad
1825 1503 1883 1531 vin-

1041 1545 1160 1574 cendum
1189 1546 1403 1581 adversarium,
1434 1548 1508 1576 venit
1537 1548 1571 1576 ad
1603 1549 1823 1585 expugnandum
1858 1554 1885 1578 et

1041 1592 1244 1621 devincendum
1267 1597 1427 1630 peccatum,
1448 1598 1475 1622 et
1490 1594 1551 1623 ideo
1566 1595 1739 1632 competebat
1753 1596 1777 1624 ei
1794 1596 1883 1625 virtus

1040 1639 1180 1673 moralis,
1204 1643 1234 1668 ut
1248 1644 1340 1676 posset
1356 1648 1498 1677 superare.
1514 1641 1609 1670 Virtus
1623 1645 1716 1670 autem
1731 1642 1883 1671 naturalis

1041 1686 1068 1714 in
1090 1686 1168 1714 nullo
1188 1686 1347 1715 conserebat
1367 1687 1402 1715 ad
1425 1687 1496 1715 hanc
1518 1688 1675 1723 victoriam,
1701 1689 1767 1725 quin
1790 1690 1884 1726 potius

1040 1733 1101 1761 eius
1121 1733 1295 1770 oppositum,
1317 1734 1440 1762 maxime
1462 1735 1534 1763 enim
1557 1734 1677 1763 vincitur
1705 1739 1731 1764 et
1753 1736 1882 1765 diabolus
1895 1746 2009 1765 Notandum.

1040 1783 1067 1808 et
1089 1783 1230 1816 peccatum
1254 1779 1281 1808 in
1304 1780 1459 1809 humilitate
1474 1784 1501 1809 et
1515 1781 1655 1818 patientia.
1678 1782 1792 1819 Propter
1807 1783 1883 1820 quod

1040 1826 1155 1855 dicitur:
1184 1826 1282 1854 Virtus
1304 1826 1333 1854 in
1356 1826 1528 1863 infirmitate
1554 1828 1722 1865 perficitur,
1745 1830 1883 1859 secundae

1040 1873 1075 1901 ad
1096 1872 1253 1901 Corinthios
1281 1873 1474 1901 duodecimos.
1497 1891 1535 1894 —
1565 1874 1633 1902 Cum
1666 1883 1732 1912 ergo
1764 1875 1883 1910 dicitur,

1040 1919 1114 1957 qnod
1136 1919 1260 1948 defectus
1282 1920 1346 1957 plus
1367 1920 1459 1949 valent
1480 1921 1515 1949 ad
1535 1922 1775 1950 succumbendum
1799 1931 1881 1960 quam

1039 1967 1073 1995 ad
1096 1967 1280 2001 vincendum3
1302 1967 1468 2002 dicendum,
1489 1968 1562 2005 quod
1587 1968 1655 1997 illud
1673 1977 1726 1997 non
1742 1969 1825 1998 habet
1841 1978 1883 1998 ve-

1040 2013 1162 2048 ritatem,
1194 2013 1244 2042 nisi
1278 2013 1450 2051 intelligatur
1481 2015 1515 2043 de
1544 2023 1638 2052 pugna
1669 2020 1696 2044 et
1718 2016 1832 2045 victoria
1854 2017 1881 2045 in

1038 2059 1136 2088 eodem
1158 2067 1273 2096 genere.
1305 2060 1332 2088 in
1360 2068 1416 2097 quo
1442 2064 1507 2090 sunt
1534 2061 1571 2089 illi
1599 2062 1739 2097 defectus,
1768 2066 1795 2091 et
1820 2063 1882 2091 ideo

1038 2114 1092 2134 non
1115 2106 1198 2135 habet
1220 2106 1310 2135 locum
1334 2107 1360 2135 in
1382 2108 1540 2144 proposito,
1563 2108 1609 2137 ubi
1632 2112 1674 2138 est
1694 2110 1809 2138 victoria
1832 2118 1882 2147 per

1037 2152 1227 2181 fortitudinem
1244 2153 1378 2188 iustitiae,
1394 2162 1447 2181 non
1463 2162 1512 2190 per
1527 2154 1718 2184 fortitudinem
1735 2157 1880 2192 potentiae.

1038 2199 1068 2227 Et
1100 2199 1134 2227 de
1156 2199 1207 2227 hac
1238 2199 1400 2229 fortitudine
1431 2200 1540 2229 dicebat
1572 2201 1722 2238 Propheta:
1756 2203 1881 2231 Induere

1035 2244 1240 2282 fortitudinem
1268 2246 1423 2275 bruchium
1457 2248 1581 2276 Domini.
1605 2266 1634 2269 —
1665 2249 1756 2278 Posset
1785 2253 1877 2278 tamen
1891 2260 1959 2278 amer.

1036 2293 1150 2329 intelligi
1178 2293 1213 2321 de
1244 2293 1406 2322 fortitudine
1434 2295 1580 2331 potentiae.
1614 2295 1652 2323 Ad
1685 2296 1877 2325 fortitudinem

1035 2339 1107 2367 enim
1132 2339 1251 2368 iustitiae
1274 2340 1298 2368 in
1314 2341 1453 2376 praesenti
1469 2341 1496 2368 in
1513 2341 1611 2369 merito
1627 2342 1809 2379 subsequitur
1825 2343 1879 2371 for-

1037 2385 1126 2414 titudo
1147 2386 1284 2423 potentiae
1307 2387 1333 2414 in
1355 2387 1492 2423 praemio,
1514 2388 1585 2416 sicut
1606 2392 1681 2425 patet
1704 2389 1729 2416 in
1751 2389 1880 2424 Christo,

1036 2431 1114 2468 quia,
1135 2431 1185 2460 etsi
1206 2440 1314 2468 passus
1329 2436 1370 2460 est
1384 2441 1418 2460 eac
1434 2432 1620 2469 infirmitate,
1635 2434 1768 2462 surremit
1783 2439 1879 2463 tumen

1036 2485 1071 2504 ex
1094 2477 1200 2505 virtute
1210 2477 1228 2504 ⁹.

200 2605 206 2619 ¹
226 2605 290 2627 Vers.
308 2605 345 2627 29.
362 2603 406 2627 Cl'r.
423 2611 493 2633 supra
512 2611 565 2633 pag.
583 2605 639 2632 263,
659 2609 709 2628 nota
728 2606 748 2628 3.

198 2643 207 2658 ²
224 2643 269 2666 Cl'r.
287 2644 322 2666 hic
339 2644 369 2666 lit.
390 2643 501 2671 Magistri,
519 2650 538 2665 c.
560 2644 577 2666 l.
594 2656 623 2659 —
636 2643 691 2666 Cod.
706 2644 722 2666 U
735 2643 873 2673 congruitas
889 2645 910 2667 et
927 2650 979 2667 cou-

135 2681 246 2705 decentia.
265 2683 307 2704 Pro
323 2688 411 2711 magna
428 2681 479 2704 cod.
497 2682 512 2703 5
530 2681 645 2704 maximo.

197 2721 207 2735 ³
224 2720 295 2743 Codd.
314 2721 331 2742 Κ
343 2721 360 2742 Μ
372 2720 389 2742 O
407 2723 529 2742 annectunt
553 2726 683 2743 assumere.
702 2721 770 2743 Paulo
787 2721 882 2743 inferius
900 2728 941 2749 pro
958 2721 980 2744 si

136 2761 288 2789 comparetur
304 2760 354 2782 cod.
372 2759 404 2782 bb
420 2759 442 2781 si
457 2760 638 2788 comparentur,
658 2763 679 2782 ct
697 2760 779 2781 deinde
797 2766 839 2788 pro
856 2759 884 2782 Si
898 2761 978 2783 (tutem

136 2799 304 2828 comparentur
321 2798 388 2820 codd.
405 2799 423 2819 G
434 2798 451 2819 ll
462 2798 477 2819 Z
495 2802 517 2820 ct
533 2797 586 2820 edd.
608 2799 629 2824 1,
648 2799 661 2820 2
679 2797 706 2821 Si
722 2799 801 2820 autem
818 2800 976 2828 comparetur.

136 2838 238 2859 Proxime
256 2840 307 2865 post
325 2843 366 2864 pro
383 2837 517 2859 assumtam
535 2836 585 2858 cod.
606 2836 621 2858 U
639 2836 779 2859 humanum.

198 2874 207 2889 ⁴
225 2875 252 2898 Ut
267 2876 360 2903 exponit
382 2875 482 2902 Aristot.,
501 2875 533 2896 ΙΙΙ.
552 2875 620 2896 Ettiic.
639 2880 658 2896 c.
676 2876 697 2896 6.
716 2881 763 2903 seq.
782 2887 810 2890 —
827 2874 890 2897 Circa
909 2876 976 2897 tinem

135 2914 201 2936 solut.
219 2920 261 2942 pro
278 2913 386 2937 interiori
401 2914 454 2936 edd.
473 2912 594 2943 inferiori,
614 2919 742 2941 perperam.

197 2952 207 2967 ⁵
226 2952 283 2974 Vide
299 2953 323 2974 ll.
342 2953 402 2975 Seni.
421 2952 442 2974 d.
461 2953 497 2974 36.
515 2959 534 2974 a.
553 2952 574 2974 2.
592 2958 613 2981 q.
632 2953 652 2974 2.
671 2952 691 2974 in
711 2958 773 2980 corp.

196 2991 206 3005 ⁶
223 2990 268 3013 cfr.
286 2997 355 3019 supra
373 2991 394 3013 d.
414 2992 449 3013 12.
467 2998 487 3013 a.
509 2992 526 3013 Ι.
543 2998 566 3019 q.
587 2992 604 3013 l.
622 2991 652 3013 ad
668 2992 684 3013 l.
698 3003 727 3007 —-
739 2992 859 3020 Aliquanto
871 2993 978 3020 superius

1036 2612 1078 2633 pro
1095 2605 1224 2629 medicinae
1245 2606 1313 2629 codd.
1336 2607 1424 2629 ΑΗΙΖ
1450 2607 1623 2636 medicamenti,
1652 2610 1751 2632 nonnulli
1770 2610 1836 2632 codd,
1857 2613 1879 2632 et

1035 2644 1088 2666 cdd.
1110 2645 1132 2672 1,
1151 2645 1164 2666 2
1181 2644 1271 2668 medici.

1096 2683 1105 2697 ⁷
1123 2683 1267 2711 ilici-onym.,
1286 2684 1353 2711 Epist.
1375 2684 1424 2706 117.
1443 2685 1507 2709 (alins
1525 2684 1570 2714 47.)
1589 2692 1610 2707 n.
1628 2687 1657 2708 2:
1676 2687 1767 2709 Venena
1785 2693 1878 2715 serpen-

1035 2722 1081 2743 tino
1098 2722 1213 2749 pelluntur
1230 2722 1337 2745 antidoto.
1350 2723 1416 2751 Quod
1429 2724 1483 2745 satis
1495 2724 1555 2746 dotet
1568 2725 1646 2747 maiori
1660 2725 1738 2747 doloro
1751 2726 1877 2754 expellitur.

1033 2772 1064 2776 —
1082 2761 1150 2782 Paulo
1167 2762 1273 2789 superius
1291 2768 1332 2789 pro
1348 2761 1427 2791 primu
1444 2763 1496 2785 edd.
1511 2761 1618 2792 praecia.

1096 2799 1106 2814 ὃ
1123 2799 1187 2822 Vers.
1206 2801 1227 2821 9.
1244 2812 1275 2816 —
1293 2801 1361 2822 Paulo
1379 2802 1485 2828 superius
1502 2805 1552 2824 ante
1569 2801 1620 2825 eius
1636 2802 1767 2832 oppositum
1793 2803 1843 2825 cod.
1861 2804 1876 2825 Z

1034 2838 1146 2860 interserit
1162 2838 1211 2866 ud,·
1227 2838 1325 2861 subinde
1344 2845 1385 2866 pro
1403 2839 1508 2862 maxime
1524 2840 1576 2862 edd.
1595 2841 1701 2863 exhibent
1718 2841 1802 2870 mauis.

1096 2876 1105 2890 ⁰
1122 2877 1190 2904 Epist.
1209 2877 1230 2898 ll.
1248 2876 1297 2899 Cor.
1321 2878 1358 2904 13,
1377 2877 1405 2900 li:
1424 2878 1478 2900 Nam
1497 2880 1537 2901 etsi
1553 2880 1675 2901 crucillxus
1691 2882 1725 2902 est
1741 2886 1767 2902 ex
1786 2880 1877 2902 inssrmi-

1033 2918 1090 2942 tate,
1107 2915 1147 2937 sed
1165 2916 1222 2938 vivit
1238 2922 1264 2938 cx
1283 2917 1365 2939 virtute
1383 2917 1430 2939 Dei.
1448 2929 1477 2932 —
1495 2918 1546 2939 Post
1561 2917 1676 2946 fortitudo
1692 2918 1808 2947 potentiue
1824 2919 1875 2941 cod.

1034 2955 1048 2975 S
1066 2953 1143 2976 subdit
1160 2953 1184 2977 in
1200 2953 1290 2983 futuro.
