2166 3366
927 157 1112 186 DlSTlNCTlO
1134 156 1187 186 XL.

543 236 612 265 Due.
632 236 662 265 V.

261 332 326 360 ltern
349 331 496 368 quaeritur
517 330 552 359 de
573 330 626 358 hoc
648 329 723 367 quod
745 329 825 358 dicit:
851 329 909 365 Qaz·
926 338 1028 367 provo-

181 383 228 408 cat
249 378 394 407 hominem
415 378 456 406 ad
478 377 656 406 iurationem
685 381 711 405 et
730 376 798 409 scic,
821 384 886 404 eam
914 374 1027 412 salsum

180 427 300 460 iurare,
321 425 411 454 vincil
432 424 620 453 homicidam.
641 424 742 452 Contra
764 424 816 452 hoc
831 427 886 452 est:
902 423 968 460 quia
990 423 1029 452 iu-

180 474 237 503 dex
258 473 364 507 sciens,
384 472 507 509 aliquem
537 472 631 500 iurare
659 471 777 505 salsum,
799 474 910 499 tenetur
932 470 1029 498 nihilo-

180 521 274 550 minus
295 527 331 548 ex
357 519 448 548 officio
476 518 512 547 ab
540 526 573 547 eo
594 518 708 555 exigere
730 517 938 546 iuramentum:
961 525 1028 554 ergo

179 568 307 602 videtur,
329 566 405 604 quod
426 565 552 594 faciendo
575 565 657 599 illud,
679 565 714 593 ad
736 564 811 602 quod
827 568 946 598 tenetur,
968 572 1028 602 pec-

179 617 223 644 cat
245 613 399 642 mortaliter
421 612 573 642 occidendo
595 612 766 649 proximum.

260 661 437 689 Respoxnsso:
461 659 633 693 Dicendum,
655 660 728 696 quod
752 659 869 696 exigens
891 658 1030 686 iuramen-

180 712 239 738 tum
255 712 304 736 aut
315 712 357 737 est
372 715 491 745 persona
502 706 633 744 publica,
648 709 696 734 aut
710 705 840 743 privata.
856 705 882 733 Si
894 704 1028 742 pzlblica3

179 756 219 784 sic
230 758 340 784 tenetur
352 755 467 791 exigere
482 753 638 783 secundum
650 753 720 781 iuris
731 752 869 786 ordinem,
881 752 940 781 sive
951 751 1028 786 sciat,

179 802 238 832 sive
259 801 379 836 nesciat,
402 802 493 838 ipsum
508 799 612 829 salsum
629 801 738 834 iurare,
754 800 819 837 quia
834 807 888 828 non
911 799 1029 835 imputa-

158 853 226 879 ·‘tur
241 849 302 878 sibi.
314 848 438 878 Verbum
454 850 547 877 auten]
564 847 708 885 Augustini
721 847 727 861 ¹
743 846 907 883 intelligitur
919 845 954 874 de
969 852 1030 882 per-

180 905 248 926 sona
266 896 404 934 privata,
425 903 498 933 quae
519 903 573 923 non
594 893 772 931 compellitur
787 901 824 922 ex
845 893 916 921 iuris
930 892 1029 920 ordine

179 943 370 973 iuramentum
396 942 526 979 exigere,
548 941 597 970 sed
619 949 655 970 ex
677 940 792 978 propria
813 939 966 968 voluntate.

537 1036 605 1064 Due.
627 1035 669 1063 Vl.

261 1131 326 1160 ltern
349 1131 495 1168 quaeritur
518 1130 552 1158 de
574 1129 626 1157 hoc
648 1128 723 1166 quod
739 1128 817 1162 dicit,
833 1127 908 1165 quod
923 1130 1028 1156 saneta

1874 156 1930 185 883

1087 235 1226 273 Synoclas
1247 235 1387 269 decrevit,
1416 235 1495 273 qtlocl
1521 243 1619 263 ont-nes
1639 234 1736 272 fideles
1770 234 1862 262 ieiani
1891 234 1932 262 all

1084 286 1306 311 sacramentam
1336 282 1495 316 acceclanl;
1526 282 1649 319 appellat
1670 282 1743 311 enim
1777 289 1931 310 sacramen-

1085 333 1144 358 tum
1168 330 1260 367 ipsum
1282 329 1481 358 iuramentum.
1503 329 1555 358 Sed
1587 332 1683 358 contra
1709 329 1762 358 hoc
1783 328 1931 362 obacaar,

1084 377 1150 413 quia
1172 376 1360 405 iuramentum
1383 384 1437 405 non
1459 380 1500 405 est
1521 384 1592 413 opus
1614 376 1831 414 privilegiatum,
1846 376 1932 404 immo

1084 424 1177 461 potius
1198 423 1337 460 pertinet²
1358 423 1393 452 ad
1415 421 1593 461 imperfectos
1614 431 1699 460 quam
1721 423 1756 452 ad
1779 423 1930 460 perfectos:

1084 478 1151 507 ergo
1173 478 1227 498 non
1248 469 1375 503 videtur,
1397 470 1472 507 quod
1494 470 1568 499 circa
1590 470 1682 507 ipsum
1712 470 1747 499 sit
1769 469 1931 498 huiusmodi

1084 517 1245 546 solemnitas
1268 516 1361 545 ieiunii
1384 517 1568 545 observanda.

1165 564 1341 592 Rnsrounno:
1364 564 1534 599 Dicendum,
1556 565 1631 601 quod
1654 565 1706 593 hoc
1727 573 1782 593 non
1803 568 1845 593 est
1873 572 1933 601 pro-

1085 614 1147 648 pter
1169 610 1364 647 privilegium,
1379 611 1428 639 sed
1445 612 1532 648 magis
1548 615 1662 648 propter
1678 611 1852 648 periculum,
1868 611 1934 648 quia

1086 661 1147 694 post
1168 657 1262 686 eibum
1283 660 1310 685 et
1332 660 1429 694 potum
1452 658 1534 686 homo
1557 658 1670 695 pronior
1692 661 1734 687 est
1755 658 1790 686 ad
1814 657 1935 686 multilo-

1085 705 1203 741 quiuui;
1225 707 1252 733 et
1274 704 1335 732 ideo
1357 704 1465 733 facilius
1487 705 1599 733 caderet
1622 705 1704 733 homo
1725 705 1750 733 in
1768 705 1933 742 periurium.

1085 751 1305 784 —Praelerea,
1319 750 1382 779 ideo
1398 751 1554 780 institutum
1572 755 1626 785 est,
1641 756 1672 780 ut
1686 752 1779 780 ieiuno
1791 752 1934 780 stomacho
1948 757 1989 775 Alia
2002 757 2057 775 ratio·

1086 797 1134 826 fiat
1155 797 1361 832 iuramentum,
1383 801 1522 835 quatenus
1543 807 1593 835 per
1608 799 1660 827 hoc
1676 799 1842 833 insinuetur,
1858 798 1933 836 quod

1086 852 1150 873 cum
1174 851 1274 880 magna
1296 844 1453 872 reverentia
1476 852 1575 873 nomen
1597 845 1723 873 divinum
1747 849 1788 874 est
1810 845 1837 873 in
1860 846 1934 874 testi-

1087 891 1211 919 monium
1234 891 1421 920 invocandum
1443 895 1470 920 et
1494 900 1548 920 non
1565 892 1667 929 passim
1691 901 1741 929 pro
1757 900 1936 930 quacumque

1086 946 1179 967 causa.
1203 938 1348 975 Excipitur
1369 942 1462 968 autem
1496 939 1601 968 bonum
1633 939 1709 976 pacis
1730 942 1845 976 propter
1867 940 1936 974 hoc,

1085 985 1161 1022 quod
1183 985 1275 1022 ipsum
1298 988 1339 1014 est
1362 986 1485 1014 maxime
1506 986 1709 1023 appetendum,
1724 990 1752 1015 et
1773 987 1833 1015 eius
1855 995 1937 1023 oppo-

1086 1033 1170 1062 situm
1193 1033 1317 1061 maxime
1340 1032 1513 1069 fugiendum.
1530 1033 1606 1062 Unde
1622 1033 1688 1070 quia
1704 1033 1730 1062 in
1756 1033 1936 1062 reformando

1087 1087 1183 1116 pacem
1211 1088 1289 1108 mora
1311 1079 1396 1108 trahit
1418 1079 1576 1117 periculum
1603 1080 1637 1108 ad
1661 1088 1704 1115 se,
1737 1083 1851 1117 propter
1885 1080 1935 1108 hoc

1087 1127 1115 1155 in
1137 1135 1204 1156 casu
1227 1127 1279 1155 isto
1294 1134 1348 1155 non
1372 1127 1409 1155 ita.
1431 1130 1561 1155 servatur
1584 1127 1719 1156 ieiunium
1732 1127 1750 1155 ³.

858 1212 1149 1250 DISTINCTIO
1176 1212 1258 1248 XL.

559 1311 620 1338 CAP.
641 1311 658 1337 1.

290 1384 379 1416 Quare
398 1383 453 1410 Lea:
472 1381 574 1409 dicitur
593 1381 773 1417 comprimere
790 1389 924 1412 manum,

503 1433 559 1452 non
578 1424 712 1452 animam.

253 1497 364 1525 Sextum
384 1499 559 1531 praeceptum
580 1495 656 1522 est¹:
684 1495 746 1522 Non
774 1493 941 1521 desiderabis
968 1502 1033 1520 amo-

41 1546 103 1565 Dubia
118 1546 136 1564 ¹.
149 1546 168 1565 Ξ.
182 1549 240 1567 rem
257 1539 385 1576 promimi
402 1538 449 1567 lai.
469 1554 505 1559 —-
522 1539 670 1573 Septimum
700 1541 757 1565 est:
783 1539 846 1565 Non
864 1537 1032 1572 concupisces

182 1583 293 1610 domam
306 1582 432 1618 proaez'mi
443 1582 500 1613 lai,
513 1590 570 1608 non
582 1589 704 1613 servam,
721 1589 778 1607 noa
791 1579 923 1607 ancillam
937 1583 987 1606 etc.
997 1594 1033 1599 --

57 1628 168 1647 Difficultas.
182 1626 233 1654 Sed
254 1626 360 1652 videtur
380 1628 555 1659 praeceptum
576 1624 609 1651 de
630 1632 680 1650 non
701 1623 927 1658 concupiscendis
952 1622 1033 1649 rebus

183 1669 301 1704 proximi
321 1676 403 1695 unum
423 1676 485 1695 cum
506 1675 537 1694 eo
557 1675 629 1699 esse,
650 1675 704 1702 quo
723 1667 838 1693 dicitur:
854 1667 916 1694 Non
928 1666 1034 1700 licrabe-

182 1711 222 1739 ris
232 1723 245 1744 ;
265 1715 291 1739 et
310 1714 486 1746 praeceptum
500 1711 533 1737 (le
549 1718 599 1737 non
614 1710 831 1744 concupiscenda
851 1717 937 1737 uxore
951 1717 1034 1736 tinum

183 1762 244 1782 csse
261 1762 323 1782 cum
345 1761 376 1781 eo
396 1761 449 1788 quo
470 1754 587 1780 dicitur:
607 1754 670 1780 Non
687 1751 877 1779 moechaberis.
903 1764 913 1775 a
928 1753 1034 1779 Poterat

183 1799 253 1826 enim
273 1800 448 1832 praeceptum
470 1804 521 1823 non
542 1796 647 1823 furandi
669 1797 694 1822 in
709 1796 751 1822 illa
766 1796 941 1829 generalitate
961 1796 1034 1822 iutel-

182 1841 244 1875 ligi,
264 1841 308 1868 ubi
329 1840 363 1867 de
383 1848 434 1867 non
449 1839 667 1874 concupiscenda
682 1847 711 1866 re
725 1839 840 1873 proximi
855 1839 1034 1873 praecipitur;

183 1889 208 1912 et
228 1885 254 1912 in
275 1892 306 1911 eo
327 1883 399 1918 quod
428 1883 530 1910 dictum
554 1886 610 1909 est:
631 1883 694 1909 Non
712 1881 909 1912 moechaberis,
930 1885 1034 1916 poterat

183 1927 249 1954 illud
271 1926 398 1960 intelligi:
423 1926 487 1953 Non
512 1925 681 1960 concupisces
706 1933 819 1952 uxorem
844 1924 969 1960 promimi
986 1924 1034 1951 lai.

81 1971 169 1991 Soffi'tur·
183 1970 235 1998 Sed
255 1970 282 1996 in
302 1969 354 1995 illis
373 1968 478 1995 (luobus
499 1968 653 2003 praeceptis
672 1975 723 1994 nou
744 1968 903 1994 moechandi
930 1970 956 1994 et
982 1975 1033 1994 non

184 2013 288 2040 furandi
311 2013 368 2046 ipsa
388 2019 470 2046 opera
491 2014 581 2038 notata
595 2014 655 2037 suut
669 2014 695 2037 et
708 2011 859 2045 prohibita,
873 2011 899 2037 in
913 2011 955 2037 his
969 2018 1033 2037 vero

184 2055 312 2083 extremis
333 2055 390 2089 ipsa
409 2054 628 2088 concupiscentia
639 2053 648 2066 ²
663 2065 687 2080 a.
702 2053 812 2080 Multum
831 2060 894 2087 ergo
908 2053 1035 2081 differunt

185 2098 229 2125 illa
260 2097 294 2124 ab
324 2097 388 2124 istis.
413 2096 489 2123 Unde
515 2096 551 2123 illi
577 2099 724 2130 praecepto
750 2103 802 2122 non
822 2096 982 2123 moechandi
1005 2097 1035 2123 fit

184 2140 371 2175 superadditio
390 2140 415 2166 iu
435 2139 595 2173 Evangelio,
624 2139 669 2166 ubi
698 2139 786 2165 omnis
814 2139 1033 2173 concupiscentia

43 2191 71 2218 D⁶
86 2191 174 2217 magron·
185 2183 346 2212 moechandi
376 2182 543 2217 prohibetur.
571 2197 607 2202 —
634 2182 685 2209 Sed
715 2190 776 2209 cum
805 2183 850 2209 hic
875 2182 1035 2216 prohibetur

43 2214 172 2261 ‘dial-‘gfff‘
184 2226 405 2261 concupiscentia
424 2225 526 2253 alienae
545 2226 637 2252 uxoris
657 2229 682 2252 et
701 2226 805 2252 alienae
824 2225 879 2257 rei:
900 2232 984 2259 quare
998 2225 1035 2251 di-

185 2271 256 2297 citur
275 2269 330 2296 Lex
349 2269 528 2303 comprimere
540 2276 655 2295 numum
675 2272 701 2295 et
720 2275 771 2294 uon
790 2267 933 2298 animam,
952 2268 1036 2294 Evan-

185 2312 283 2346 gelium
305 2319 368 2338 vero
388 2315 413 2338 et
433 2318 541 2338 manum
561 2314 586 2337 et
606 2311 747 2338 animum?
770 2310 837 2337 Illud
857 2310 890 2337 de
911 2311 980 2343 Lege
999 2310 1036 2336 di-

184 2356 255 2382 citur
279 2354 428 2381 secundum
454 2352 678 2384 caerimonialia,
705 2361 756 2379 non
780 2353 928 2379 secundum
948 2360 1036 2379 mora-

187 2397 224 2425 lia
235 2408 247 2429 ‚-
263 2397 303 2424 vel
317 2398 380 2431 ‹iuia
396 2397 420 2423 in
436 2397 504 2430 Lege
518 2405 569 2423 nou
584 2399 624 2423 est
637 2396 769 2429 generalis
789 2395 935 2430 prohibitio
950 2396 1036 2422 omnis

185 2441 338 2468 mortiferae
357 2439 609 2474 concupiscentiae,
630 2442 657 2465 ut
678 2439 702 2465 iu
722 2439 877 2472 Evangelio.

1457 1309 1518 1336 Car.
1542 1310 1570 1336 H.

1322 1379 1393 1413 Qzlicl
1411 1379 1446 1407 sil
1467 1380 1557 1407 littera
1577 1380 1707 1408 occidens.

1160 1450 1186 1477 Si
1209 1458 1271 1478 vero
1285 1451 1440 1485 quaeritur‚
1456 1459 1536 1486 quam
1550 1452 1623 1478 dicat
1637 1451 1782 1486 Apostolus
1793 1452 1802 1466 ³
1822 1452 1939 1479 litteram

1089 1493 1249 1520 occidentem
1261 1505 1272 1526 ,·
1296 1506 1307 1517 «
1322 1501 1351 1521 ea
1367 1497 1440 1521 certe
1460 1497 1498 1521 est
1518 1495 1681 1529 Deeatogus,
1702 1495 1747 1530 qui
1768 1503 1819 1522 nou
1840 1496 1941 1523 dicitur

1091 1535 1180 1562 littera
1199 1536 1331 1568 occidens,
1351 1544 1382 1563 eo
1402 1537 1474 1572 quod
1495 1537 1564 1564 mala
1585 1538 1619 1564 sit
1638 1538 1709 1570 Lex,
1729 1538 1774 1565 sed
1790 1539 1867 1573 quia,
1881 1546 1941 1573 pro-

1089 1579 1185 1606 hibens
1204 1583 1359 1614 peccatum,
1373 1583 1451 1615 auget
1465 1581 1712 1615 concupiscentiam
1733 1585 1759 1608 et
1779 1582 1853 1608 addit
1866 1589 1942 1616 prae-

1090 1623 1297 1655 varicationem,
1318 1624 1367 1650 uisi
1387 1623 1483 1650 liberet
1502 1624 1586 1656 gratia
1602 1636 1626 1656 υ,
1646 1632 1716 1659 quae
1735 1625 1820 1658 gratia
1834 1633 1886 1652 non
1901 1626 1940 1652 sie

1090 1666 1246 1693 abundabat
1266 1667 1291 1692 in
1312 1667 1394 1700 Lege,
1409 1669 1438 1693 ut
1453 1667 1477 1693 in
1493 1667 1654 1701 Evangelio;
1676 1668 1717 1694 vel
1736 1669 1884 1695 seeundum
1900 1676 1940 1695 eo-

1091 1717 1150 1737 rum
1170 1709 1305 1736 carnalem
1326 1710 1535 1743 intelligentiam.
1556 1711 1611 1737 Lex
1631 1719 1694 1744 ergo
1716 1711 1783 1738 bona
1799 1715 1851 1744 est.
1867 1716 1891 1739 et
1907 1716 1941 1739 ta-

1091 1761 1150 1780 men
1171 1753 1271 1780 oceidit
1290 1753 1347 1779 siue
1366 1754 1466 1786 gratia,
1486 1761 1548 1780 cum
1568 1754 1602 1780 sit
1621 1753 1708 1781 virias
1721 1755 1823 1789 peccati
1833 1755 1856 1787 ⁴,·
1870 1763 1940 1790 quae

1091 1797 1165 1823 iubet
1185 1796 1257 1831 quod
1276 1796 1334 1822 siue
1354 1797 1438 1829 gratia
1466 1796 1570 1831 impleri
1593 1805 1643 1823 nou
1665 1801 1760 1831 potest.
1780 1798 1869 1825 Gratia
1897 1806 1941 1825 au-

1092 1843 1144 1866 tem
1165 1836 1271 1871 deerat,
1292 1842 1318 1865 et
1338 1839 1398 1866 ideo
1418 1839 1506 1866 littera
1526 1840 1653 1866 occidens
1672 1844 1738 1867 erat.

1454 1926 1515 1953 Car.
1536 1926 1577 1953 Ill.

1263 2012 1301 2038 De
1320 2011 1397 2046 Lessis
1415 2015 1439 2038 el
1457 2011 1605 2047 Evanyeliz'
1621 2011 1762 2039 distantia.

1163 2098 1248 2125 Distat
1267 2101 1357 2125 autem
1378 2098 1514 2132 Evangelii
1528 2098 1613 2125 littera
1635 2106 1648 2125 a
1670 2099 1747 2132 Legis
1761 2099 1862 2132 littera;
1877 2101 1941 2135 quia

1091 2141 1198 2168 diversa
1223 2143 1285 2167 sunt
1301 2140 1454 2176 promissa:
1475 2140 1511 2167 ibi
1533 2144 1652 2173 terrena,
1673 2141 1717 2168 hic
1737 2142 1862 2169 caelestia
1883 2150 1941 2177 pro-

1091 2183 1205 2216 mittit⁶;
1225 2183 1332 2210 diversa
1347 2183 1425 2210 etiam
1440 2183 1624 2214 Sacramenta,
1639 2184 1701 2218 quia
1724 2184 1767 2211 illa
1788 2188 1890 2211 tautum
1910 2186 1942 2212 si-
1956 2187 2036 2205 numum
2052 2187 2069 2205 3-

1091 2226 1267 2259 gnificahant,
1288 2226 1356 2252 hacc
1375 2225 1515 2252 conterunt
1542 2227 1672 2258 gratiam:
1699 2231 1842 2262 praecepta
1860 2228 1939 2255 etiam

1091 2269 1198 2295 diversa
1218 2271 1347 2303 quantum
1368 2268 1401 2295 ad
1422 2268 1649 2301 caeri'mom'alia;
1669 2277 1729 2296 uam
1750 2274 1879 2304 quantum
1906 2272 1939 2298 ad

1091 2311 1211 2338 moralia
1239 2314 1301 2338 sunt
1327 2312 1436 2342 eadem.
1456 2312 1501 2338 sed
1524 2312 1629 2346 plenius
1649 2313 1674 2339 iu
1694 2313 1839 2347 Evangelio
1859 2315 1942 2340 conti-

1093 2357 1189 2380 nentur
1199 2353 1216 2379 ⁶.
1236 2369 1272 2373 —
1289 2354 1408 2380 Audistis
1428 2354 1521 2382 decem
1551 2355 1668 2382 chordas
1693 2356 1811 2383 Psalterii
1831 2358 1939 2392 utrique
1954 2359 2048 2383 Epilogus-

1091 2397 1168 2424 sexui
1190 2397 1342 2431 impositas,
1362 2405 1431 2432 quac
1452 2398 1564 2425 caritate
1586 2399 1734 2432 tangendae
1754 2403 1829 2432 sunt,
1852 2403 1880 2426 ut
1906 2401 1940 2427 vi-

1094 2440 1190 2466 tiorum
1211 2440 1282 2467 ferae
1302 2440 1461 2467 occidantur
1473 2441 1489 2467 ⁷.

708 2498 858 2524 EXPLICIT
879 2498 973 2525 LIBER
993 2499 1133 2525 TERTIUS
1152 2499 1418 2526 SENTENTIARUM.

249 2619 255 2633 ¹
275 2619 296 2641 ln
310 2621 370 2641 textu
384 2619 452 2641 liuius
464 2618 527 2640 dubii
539 2618 690 2646 propositum.
700 2617 783 2640 —cfn
795 2618 823 2640 de
836 2619 879 2640 lint:
891 2618 962 2641 (lubio
972 2619 1033 2641 Alex.

185 2659 245 2685 Hah,
263 2658 285 2680 S.
300 2664 321 2685 p.
336 2658 366 2679 111.
385 2664 406 2686 ιι.
420 2658 456 2679 31,
475 2663 505 2679 ιιι.
519 2658 539 2679 2.
558 2664 577 2678 a.
595 2658 616 2679 G.
629 2658 642 2685 [j
656 2658 680 2683 2;
694 2658 750 2679 l’ctr.
763 2664 774 2678 n
788 2657 848 2685 Turn,
862 2658 897 2679 liic
909 2664 931 2686 (1.
945 2658 964 2680 2.
978 2665 997 2680 a.
1011 2658 1032 2680 7.

247 2697 257 2712 ⁴²
276 2698 317 2719 l’ro
334 2696 412 2726 polias
428 2696 528 2726 qim-tinet
544 2696 597 2718 edd.
614 2696 715 2726 pertinet
732 2697 788 2719 lam.

248 2735 258 2751 ³
276 2736 336 2758 taem
355 2735 411 2757 duh.
429 2736 496 2757 solvit
513 2736 535 2757 S.
553 2735 637 2757 Tuom.
654 2739 674 2757 vt
694 2736 750 2757 l‘ctr.
768 2742 779 2757 a
799 2735 864 2763 'l'ar.,
884 2736 919 2757 Ιιῐι·
931 2736 989 2757 circa
1003 2736 1032 2757 lit.

354 2774 450 2798 NOTAE}
467 2773 504 2796 AD
521 2773 598 2796 LIBR.
617 2773 860 2797 SENTENTIARUM.

250 2814 256 2829 ¹
275 2814 318 2836 cfr.
332 2816 435 2841 ¹tugust,
447 2813 469 2835 tl.
483 2813 612 2841 Quaestiou.
633 2814 653 2835 in
668 2814 811 2836 Pentateuch.
825 2820 846 2842 q.
859 2813 896 2835 71.
910 2820 930 2835 ιι.
944 2814 964 2835 3.
978 2814 1035 2836 ,ἐι-Γῆ·

186 2858 266 2882 pturne
280 2854 343 2875 loeus
355 2857 388 2875 est
402 2853 490 2874 tivum-r.
510 2852 531 2878 55,
547 2852 582 2874 et.

249 2892 258 2906 ²
275 2891 432 2919 ,xug=1<t.,tor·.
446 2891 482 2913 cit.
496 2890 526 2912 De
538 2897 601 2919 seqq.
615 2890 654 2913 nfra
669 2891 734 2918 {tngo
745 2891 772 2913 dc
785 2892 806 2912 S.
820 2891 883 2918 Vici..
897 2892 959 2913 Sum.
973 2892 1033 2913 Seni.

187 2934 214 2954 tr.
228 2930 247 2953 t.
259 2938 278 2952 c.
291 2931 312 2952 ti.
325 2942 356 2946 —
374 2930 415 2952 l’ro
432 2929 469 2952 lar.-
485 2928 625 2958 prohibetur
642 2929 703 2957 edd„
721 2931 822 2957 exer-ptis·
842 2931 862 2957 1,
882 2931 908 2958 Β,
926 2929 963 2953 hit:
979 2936 1034 2959 pro-

187 2969 302 2993 hibentur.

1153 2618 1163 2633 ³
1179 2619 1248 2646 [ivm
1262 2619 1284 2641 11.
1297 2618 1348 2641 Cor.
1362 2619 1382 2647 3,
1395 2620 1416 2642 6.
1428 2632 1460 2636 —
1470 2620 1543 2642 Locus
1554 2626 1602 2649 seq.
1616 2624 1649 2643 cst
1662 2621 1765 2648 August„
1779 2621 1807 2643 de
1820 2622 1904 2649 Spiritu
1918 2626 1939 2643 ot

1092 2658 1120 2680 lit.
1133 2665 1152 2680 (ε.
1166 2658 1186 2680 si.
1200 2665 1221 2680 u.
1234 2659 1262 2685 ὓς
1277 2659 1298 2680 11.
1312 2661 1389 2681 contra
1406 2659 1528 2681 Advrrsar.
1542 2659 1608 2687 Legis
1620 2663 1641 2682 ct
1660 2660 1741 2688 l‘ropli.
1755 2666 1774 2682 c.
1787 2660 1809 2682 7.
1823 2667 1843 2682 n,
1857 2661 1897 2688 ‘2533
1917 2664 1939 2683 ct,

1090 2697 1169 2718 (ilo-:sn
1183 2698 1224 2719 loc.
1237 2698 1273 2720 cit.
1286 2709 1318 2713 —
1330 2698 1372 2719 1)ιό
1384 2697 1521 2720 abumlalml
1533 2699 1616 2720 multae
1628 2698 1681 2720 odil.
1694 2703 1714 2721 et
1728 2699 1778 2721 cod.
1790 2700 1806 2721 B
1818 2699 1938 2728 (totamm,-

1091 2735 1174 2757 ‹tt-intu-
1192 2735 1259 2758 codd.
1280 2737 1296 2758 „t
1307 2735 1323 2758 C
1337 2736 1354 2758 D
1364 2736 1379 2758 Ε
1398 2739 1419 2758 ct
1432 2737 1484 2759 edil.
1502 2737 1523 2765 l,
1537 2737 1562 2765 3,
1575 2737 1600 2765 53,
1614 2738 1638 2764 7,
1653 2738 1665 2757 8
1687 2738 1793 2760 omittunt
1811 2738 1881 2761 vei-tm
1904 2738 1940 2761 rel

1089 2774 1243 2797 wermilani...
1261 2774 1446 2804 intelliqmilinm.

1154 2812 1162 2827 ⁴
1180 2814 1248 2841 Epist.
1267 2814 1281 2835 l.
1298 2814 1327 2835 ad
1345 2813 1396 2836 (lor.
1421 2814 1457 2842 155,
1476 2815 1521 2837 535:
1542 2815 1618 2837 Virtus
1636 2816 1721 2843 pcccati
1742 2816 1792 2838 Lux.

1154 2852 1163 2866 ⁵
1180 2853 1245 2874 Solae
1263 2853 1324 2880 cdd.y
1341 2854 1441 2881 exceptis·
1463 2854 1479 2879 1,
1499 2854 1525 2881 8,
1542 2853 1723 2882 pi‘aemu'llmilur.

1153 2891 1163 2905 ‘³
1179 2894 1242 2920 Quae
1255 2893 1395 2920 pruorffllunt
1408 2893 1475 2915 habt-t
1487 2895 1591 2921 August„
1605 2895 1704 2917 liuarrat.
1718 2895 1739 2917 in
1753 2895 1787 2917 rs.
1799 2895 1836 2918 73.
1851 2902 1871 2918 u.
1886 2896 1905 2918 2.

1153 2929 1162 2944 ⁷
1179 2931 1283 2958 August„
1301 2932 1374 2953 Scrm.
1393 2933 1414 2953 t).
1433 2932 1497 2957 (alias
1510 2933 1546 2954 tto.
1560 2932 1587 2954 (lo
1601 2932 1693 2962 ’1ἰ·ιιη).)
1706 2940 1724 2955 ‹·.
1739 2933 1759 2955 9.
1774 2939 1794 2955 u.
1817 2934 1849 2956 t:3.
