2166 3366
115 629 144 647 Ad
157 629 231 652 opposi-

150 654 194 670 tum.

108 1925 240 1944 Fundamenta.

242 167 298 195 870

916 156 1166 185 SENTENTtARUM
1187 155 1248 183 LlB.
1269 154 1308 182 [tt.

1007 291 1168 328 QuAasrio
1191 290 1219 318 u.

757 381 861 409 Utrum
883 379 967 407 liceat
988 378 1093 406 iurare
1110 386 1164 414 per
1185 376 1305 413 aliquod
1326 379 1468 404 creatum.

321 482 447 511 Secundo
468 481 623 518 quaeritur,
645 483 741 508 utrum
764 479 844 507 liceat
859 478 953 505 iurare
975 483 1024 513 per
1039 475 1086 503 ali-

243 530 317 567 quod
340 532 473 558 creatum.
497 528 526 556 Et
547 527 622 564 quod
644 534 710 559 uon,
733 525 858 553 videtur:

324 577 347 604 l.
369 575 461 603 Primo
482 582 532 610 per
553 573 645 609 ipsum
668 574 776 600 textum
799 570 928 599 Matthaei
950 568 1046 606 quinto
1060 567 1083 594 ¹:

243 622 335 650 Nolite
356 621 461 649 iurare
480 627 570 657 neque
580 627 634 655 per
655 618 785 651 caelum,
801 617 872 655 quia.
894 615 1018 644 thronus
1036 614 1087 642 Dei

243 672 299 702 est,
322 675 409 705 neque
420 675 474 703 per
490 669 602 694 terram
622 668 690 698 etc.;
713 663 749 692 ibi
765 663 875 692 Glossa:
903 673 916 688 «
931 662 1010 698 Quod
1026 668 1086 697 per-

242 714 367 743 fectionis
388 716 430 742 est
457 712 566 746 docuit,
587 719 651 740 cum
674 711 760 739 dixit:
783 709 848 738 Non
869 709 974 737 iurare
998 707 1086 736 omni-

242 769 297 794 no,·
328 760 402 797 quod
432 767 498 787 vero
526 757 751 795 superstitiosum
773 760 815 785 est
842 755 991 789 resecavit,
1022 761 1085 782 cum

243 807 404 836 subiunxit:
436 805 532 843 Neque
559 813 613 841 per
635 804 772 832 caetum»
799 806 865 832 ete:
898 810 964 838 ergo
992 802 1086 830 iurare

243 861 293 890 per
314 856 471 881 creaturam
494 855 536 880 est
556 851 801 887 superstitiosum3
822 849 871 878 sed
887 848 955 877 nihil
977 847 1031 876 tale
1045 850 1087 876 est

244 900 365 928 licitum:
388 907 454 935 ergo
475 901 527 927 etc.

323 947 348 974 2.
370 946 453 978 ltem,
475 945 538 972 Pius
570 944 656 980 Papa,
679 943 768 971 Causa
789 942 924 979 vigesima
945 940 1086 973 secunda,

244 993 405 1029 quaestione
426 991 553 1028 prima²:
581 1002 594 1016 (t
609 991 635 1019 Si
657 991 720 1027 quis
741 997 790 1027 per
813 989 945 1026 capillum
968 988 1016 1016 Dei
1042 987 1086 1015 vel

244 1042 328 1076 caput
349 1038 499 1072 iuraverit,
522 1037 586 1066 siin
609 1037 794 1066 ecclesiastico
808 1035 906 1064 ordine
927 1037 984 1068 est,
1006 1034 1088 1070 depo-

244 1089 343 1120 natur,
365 1085 386 1114 si
415 1085 514 1118 laicus,
542 1082 792 1112 anathematizetur
810 1092 843 1109 »z
873 1082 896 1109 si
924 1089 991 1117 ergo
1013 1080 1088 1108 illici-

244 1135 302 1160 tum
326 1134 368 1160 est
389 1131 482 1159 iurare
503 1138 552 1166 per
575 1129 702 1157 membra
722 1128 840 1161 Christi,
865 1135 929 1156 cum
952 1127 1011 1163 ipsa
1033 1126 1087 1154 sint

245 1178 382 1207 sanctiora
396 1177 526 1205 omnibus
547 1176 609 1204 aliis
624 1175 776 1208 creaturis;
798 1174 924 1207 videtur,
946 1172 1022 1209 quod
1038 1180 1087 1209 per

244 1224 350 1252 nullam
372 1223 455 1251 aliam
478 1222 558 1251 liceat
578 1222 681 1250 iurare.

324 1270 350 1299 3.
373 1270 454 1303 ltem,
480 1269 574 1298 iurare
596 1276 646 1305 per
667 1268 756 1296 Deum
778 1270 820 1295 est
841 1267 971 1295 invocare
1000 1266 1087 1294 Deum

244 1320 342 1345 testem
356 1316 374 1350 ⁵,
406 1323 472 1351 ergo
503 1315 598 1343 iurare
619 1322 668 1351 per
697 1316 855 1342 creaturam
886 1316 928 1341 est
959 1312 1089 1340 invocare

245 1366 401 1392 creaturam
425 1362 451 1390 in
475 1360 680 1394 testimonium;
701 1360 749 1388 sed
769 1358 938 1387 irrationalis
959 1361 1089 1387 creatura

244 1417 299 1438 non
320 1412 411 1446 potest
431 1408 525 1444 aliquo
544 1407 627 1436 modo
655 1407 764 1435 veritati
787 1405 977 1434 testimonium
1000 1404 1091 1441 perhi-

245 1456 325 1484 bere:
348 1463 414 1492 ergo
439 1454 557 1483 stultum
585 1457 612 1482 et
633 1461 736 1482 vanum
765 1456 793 1481 et
823 1452 1020 1481 inconveniens
1048 1454 1089 1480 est

245 1511 295 1540 per
316 1503 404 1539 ipsam
426 1502 530 1529 iurare.

323 1549 349 1577 [ι.
372 1549 454 1581 Item,
476 1547 524 1584 qui
547 1547 622 1575 iurat
644 1554 694 1583 per
708 1546 814 1574 idolum
837 1545 985 1574 committit
1006 1544 1090 1573 idolo-

246 1595 369 1629 latriam,
390 1598 417 1623 et
439 1595 490 1622 hoc
512 1601 565 1622 non
591 1596 633 1622 est
654 1593 689 1621 ob
710 1592 804 1626 allud,
833 1592 884 1620 nisi
907 1591 974 1628 quia
1001 1591 1028 1619 in
1051 1591 1091 1619 iu-

246 1642 333 1670 rando
347 1641 463 1670 exhibet
482 1640 555 1669 idolo
569 1639 644 1676 quod
666 1639 748 1667 debet
762 1638 898 1667 exhibere
916 1638 973 1666 Deo
985 1637 1007 1665 ⁴:
1023 1645 1091 1674 ergo

245 1688 347 1717 iuratio
368 1690 474 1724 spectat
497 1687 533 1715 ad
555 1686 663 1715 cultum
686 1685 798 1719 latriae,
819 1684 867 1721 qui
890 1683 1011 1712 debetur
1039 1682 1089 1711 soli

246 1734 377 1763 Maiestati
400 1734 510 1762 divinae
522 1743 529 1767 ;
551 1732 599 1761 sed
615 1734 737 1764 constat,
758 1731 833 1768 quod
848 1738 903 1759 non
926 1733 968 1759 est
983 1730 1090 1759 licitum

246 1783 403 1810 creaturam
426 1779 548 1816 aliquam
572 1777 697 1807 venerari
714 1777 791 1806 cultu
808 1777 916 1806 latriae:
933 1785 999 1813 ergo
1016 1776 1092 1805 nullo

246 1827 329 1856 modo
351 1830 393 1856 est
413 1826 522 1855 licitum
541 1834 592 1862 per
613 1828 773 1854 creaturam
795 1824 899 1852 iurare.

326 1874 378 1902 SED
393 1880 516 1902 CONTRA:
535 1873 559 1900 1.
574 1872 687 1900 Genesis
701 1870 917 1908 quadragesimo
932 1869 1056 1898 secundo
1067 1870 1092 1903 5,

247 1921 344 1957 loseph
366 1919 470 1948 iuravit
487 1927 541 1956 per
555 1918 680 1946 salutem
702 1916 892 1945 Pharaonis:
915 1915 936 1944 si
952 1923 1019 1952 ergo
1034 1915 1092 1952 ipse

248 1970 380 2003 tanquam
398 1969 510 1994 sanctus
526 1965 609 1992 homo
631 1963 737 1991 licitum
752 1963 942 1991 iuramentum
964 1961 1043 1995 fecit,
1064 1964 1091 1989 et

249 2013 324 2042 salus
347 2011 496 2040 Pharaonis
517 2013 577 2039 erat
604 2009 672 2047 quid
694 2012 839 2042 creatum;
860 2008 988 2041 videtur,
1017 2006 1092 2044 quod

249 2067 299 2096 per
320 2062 478 2087 creaturam
501 2058 595 2085 iurare
616 2056 651 2084 sit
673 2055 778 2084 licitum
801 2059 827 2083 et
848 2061 1020 2082 concessum.

326 2106 352 2132 9..
374 2105 456 2138 Item,
480 2103 581 2131 Paulus
610 2102 717 2139 primae
744 2102 779 2129 ad
802 2100 958 2129 Corinthios
985 2099 1094 2128 decimo

247 2151 379 2189 quinto⁵:
401 2150 533 2186 Quotidie
561 2149 692 2181 morior,
718 2156 769 2184 per
796 2151 922 2175 vestram
943 2146 1093 2183 ytoriam,

246 2197 377 2235 sionei,-
402 2197 465 2231 ubi,
487 2196 642 2225 secundum
664 2195 737 2232 quod
760 2194 827 2223 dicit
848 2193 1033 2230 Augustinus,
1055 2193 1095 2221 iu-

247 2244 320 2273 ravit
340 2244 501 2280 Apostolus;
524 2243 573 2271 sed
601 2241 689 2279 gloria
711 2249 808 2269 eorum
838 2244 898 2269 erat
926 2239 995 2276 quid
1020 2247 1094 2268 crea-

248 2295 325 2320 tum:
349 2298 415 2327 ergo
436 2294 488 2318 etc.

311 2423 317 2437 ¹
337 2423 401 2445 Vers.
420 2422 456 2445 34.
474 2428 522 2450 seq.
539 2433 571 2437 —-
587 2421 678 2448 Glossa,
705 2427 763 2449 quac
780 2420 843 2448 apud
861 2420 968 2449 Straboni
987 2422 1008 2441 et
1024 2419 1094 2446 Lyra-

249 2468 303 2484 num
322 2462 437 2484 invenitur
455 2465 479 2483 ut
495 2459 620 2483 ordinaria
636 2460 658 2481 in
675 2466 697 2481 v.
717 2459 757 2486 37,
783 2461 857 2481 sumta
880 2461 914 2480 est
929 2464 957 2480 ex
974 2458 1094 2480 Paschasio

248 2500 377 2527 Radberto,
396 2501 416 2521 in
436 2501 497 2521 hunc
514 2499 601 2526 locum,
620 2499 658 2526 qui
672 2498 739 2520 dicit:
753 2497 797 2519 Sed
809 2498 920 2519 Dominus
938 2497 1014 2519 docuit
1032 2496 1094 2524 quod

251 2539 373 2567 perfectius
390 2541 435 2566 est,
454 2537 547 2560 indulsit
564 2537 627 2565 qnod
644 2536 792 2564 infirmitatis,
805 2536 917 2558 resecavit
934 2535 997 2563 quod
1014 2541 1095 2562 super-

250 2579 363 2601 stitiosum
389 2580 438 2599 erat
453 2580 475 2599 et
492 2577 592 2598 noxium.
611 2588 640 2591 ——
659 2576 751 2597 interius
769 2581 811 2602 pro
827 2574 869 2597 sed
883 2573 944 2597 nihil
960 2573 1005 2596 tute
1021 2574 1055 2596 esi
1072 2573 1095 2595 li-

249 2617 321 2639 citum
338 2616 389 2638 cod.
408 2615 423 2637 F
440 2615 480 2638 sed
496 2621 564 2637 omne
582 2614 627 2637 tale
644 2615 677 2636 est
693 2613 783 2636 victum.

311 2655 319 2669 ‘2
337 2654 390 2677 Can.
409 2654 436 2678 Si
447 2653 499 2683 quis
512 2654 552 2680 10,
566 2653 605 2675 ubi
618 2656 690 2675 textus
702 2653 818 2680 originalis
831 2655 882 2679 post
893 2651 1010 2674 iurauerit
1027 2652 1092 2673 inter-

249 2694 303 2715 serit
319 2692 355 2715 vel
371 2692 419 2715 cilio
437 2691 506 2714 niodo
525 2690 670 2720 blasphemia
687 2692 769 2713 eontra
790 2691 863 2713 Deum
880 2696 939 2713 usus
955 2689 1034 2718 fuerit.

314 2730 323 2745 ³
339 2731 383 2754 Ct'r.
402 2732 439 2754 hic
456 2731 486 2753 lit.
505 2731 616 2758 Magistri,
635 2736 653 2752 c.
672 2730 693 2752 7.
711 2743 741 2746 —
759 2730 852 2752 inferius
870 2735 911 2757 pro
928 2728 1028 2752 stultum
1045 2729 1095 2751 cod.

251 2772 268 2792 A
288 2770 390 2799 flitmum..

313 2808 322 2822 ⁴
341 2808 397 2830 Vide
416 2809 451 2830 hic
469 2809 498 2830 lit.
517 2808 628 2835 Magistri,
646 2814 667 2830 c.
685 2808 705 2829 8.
719 2819 749 2822 —-
762 2807 792 2829 De
810 2806 883 2829 latria
899 2807 939 2829 csr.
957 2812 1027 2833 supra
1040 2805 1062 2827 d.
1075 2806 1096 2827 9.

252 2853 293 2874 per
311 2851 387 2869 totam.

315 2885 324 2899 ⁵
342 2886 405 2907 Vers.
429 2886 460 2907 15.

314 2923 324 2937 ὃ
341 2924 405 2945 Vers.
418 2924 454 2951 31,
467 2923 505 2945 ubi
519 2923 585 2945 codd.
599 2926 621 2945 et
632 2923 684 2945 edd.
695 2923 753 2944 mule
761 2923 859 2952 propter
872 2928 913 2950 pro
926 2928 1012 2950 ρν]·.-
1021 2921 1096 2943 Verba

1221 473 1247 501 3.
1269 474 1351 507 Item,
1372 473 1462 500 forma
1484 471 1648 506 iuramenti,
1673 479 1728 508 qua
1750 471 1873 499 maxime
1894 471 1984 499 utitur

1142 519 1310 548 universitas
1332 519 1470 553 fidelium,
1485 521 1527 547 est
1548 519 1641 546 iurare
1656 525 1706 555 per
1727 520 1821 546 sancta
1839 517 1884 545 Dei
1901 518 1984 545 Evan-

1142 566 1213 603 gelia
1227 566 1252 598 ⁷·,
1274 566 1320 594 sed
1345 565 1523 601 Evangelium
1539 569 1580 593 est
1601 564 1667 601 qnid
1683 565 1823 593 creatum:
1843 572 1909 600 ergo
1931 564 1985 592 lici-

1143 616 1202 641 tum
1224 615 1266 641 est
1287 612 1381 640 iurare
1402 619 1452 648 per
1474 615 1641 639 creaturam.

1221 660 1247 687 [ι.
1269 659 1355 689 Item,
1377 658 1501 695 quotidie
1531 657 1627 686 fideles
1659 658 1753 686 iurant
1783 665 1833 693 per
1854 657 1985 691 Sanctos,

1142 709 1238 742 utpote
1260 714 1309 742 per
1325 706 1432 734 beatam
1454 705 1596 741 Virginem
1612 708 1639 733 et
1660 712 1708 741 per
1724 705 1835 732 beatum
1859 704 1984 737 Petrum3

1142 761 1193 781 nec
1215 753 1283 781 illud
1301 753 1486 781 iuramentum
1510 752 1652 788 arguitur:
1678 759 1745 788 ergo
1770 751 1890 784 videtur,
1911 750 1986 787 quod

1142 800 1232 828 forma
1252 798 1403 827 iuramenti
1425 798 1499 826 licita
1529 806 1583 826 non
1606 797 1697 826 solum
1729 797 1831 826 habeat
1855 797 1915 825 fieri
1937 804 1987 834 per

1143 846 1321 879 Creatorem,
1343 845 1389 873 sed
1406 845 1490 873 etiam
1512 851 1562 881 per
1583 847 1752 872 creaturam.

1223 892 1303 920 [uxta
1325 892 1376 920 hoc
1397 891 1558 928 quaeritur:
1581 898 1669 927 quare
1692 890 1779 927 magis
1803 890 1915 918 iuratur
1936 897 1986 927 per

1143 938 1291 975 Evangelia
1315 945 1399 974 quam
1424 945 1474 974 per
1495 939 1638 965 creaturas
1663 936 1753 965 alias?
1777 953 1816 956 —
1837 936 1988 972 Quaeritur

1143 986 1235 1019 etiam,
1250 987 1345 1013 utrum
1368 984 1415 1020 qui
1430 983 1505 1011 iurat
1526 982 1626 1011 falsum
1642 990 1692 1019 per
1707 982 1828 1019 lapidem
1850 982 1884 1011 sit
1899 982 1990 1019 periu-

1144 1039 1200 1060 rus.
1224 1032 1254 1060 Et
1269 1031 1344 1068 quod
1358 1039 1426 1065 non,
1441 1030 1562 1064 videtur,
1584 1029 1649 1066 qnia
1664 1029 1748 1066 lapidi
1764 1029 1841 1057 nulla
1856 1031 1897 1057 est
1912 1028 1989 1057 exhi-

1145 1077 1236 1106 benda
1256 1077 1422 1106 reverentia.
1437 1076 1614 1104 Contrarium
1635 1078 1728 1104 autem
1745 1075 1829 1103 huius
1854 1075 1920 1104 dicit
1940 1075 1991 1103 Au-

1144 1124 1271 1161 gustinus
1286 1131 1371 1160 super
1393 1123 1462 1151 illud
1483 1123 1518 1151 ad
1542 1123 1677 1150 Romanos
1698 1122 1806 1158 primo:
1837 1121 1925 1149 Testis
1947 1124 1989 1149 est

1143 1169 1217 1198 milii
1231 1170 1324 1203 Deus,
1339 1173 1366 1198 et
1380 1170 1501 1198 habetur
1517 1170 1542 1197 in
1559 1169 1650 1197 littera
1660 1169 1677 1196 ²³.
1689 1184 1728 1188 ——
1738 1168 1888 1204 Quaeritur
1903 1175 1970 1204 ergo
1983 1190 1989 1202 ‚

1144 1217 1284 1253 quomodo
1305 1219 1332 1245 et
1353 1216 1473 1252 qualiter
1495 1215 1575 1244 liceat
1596 1215 1691 1243 iurare
1712 1223 1761 1252 per
1783 1218 1950 1243 creaturam.

2003 885 2128 909 Quaestiones

2000 908 2113 927 incidentes.

1464 1315 1677 1336 CONCLUSIO.

1146 1402 1255 1430 Iurare
1273 1410 1326 1438 per
1348 1405 1518 1434 creaturas,
1540 1404 1566 1428 et
1586 1400 1702 1438 quictem
1713 1408 1767 1436 per
1789 1407 1897 1433 omnes,
1919 1399 1993 1427 licite

1351 1447 1418 1484 fimi
1434 1450 1526 1484 potest
1546 1446 1659 1475 duobus
1682 1446 1786 1475 modis.

1226 1541 1401 1569 Respommo:
1417 1540 1585 1574 Dicendum,
1601 1540 1675 1577 quod
1690 1539 1881 1568 iuramentum
1901 1548 1995 1568 asser-

1149 1588 1258 1616 tortum
1273 1587 1423 1624 dupliciter
1444 1586 1528 1615 habet
1539 1586 1549 1600 ⁹
1565 1586 1637 1615 fieri:
1662 1587 1804 1623 quoddam
1820 1594 1869 1623 per
1892 1586 1995 1623 impre-
2007 1590 2080 1632 Duigex
2097 1595 2137 1608 mo-

1148 1635 1304 1668 eationem,
1320 1634 1463 1671 quoddam
1478 1641 1528 1670 per
1543 1633 1631 1670 ipsius
1642 1633 1772 1662 Veritatis
1788 1632 1944 1661 testimonii
1954 1633 1995 1661 in·
2056 1619 2084 1632 ¹¹⁵⁴

1148 1681 1335 1709 vocationem.
1356 1697 1396 1701 —
1417 1680 1467 1709 Per
1488 1680 1725 1717 impreeationem
1743 1683 1835 1708 autem
1862 1679 1990 1713 iuratur,
2005 1683 2070 1702 Modus
2085 1683 2101 1701 ⁴-

1149 1736 1212 1757 cum
1228 1728 1343 1756 dicitur:
1368 1727 1404 1755 ita
1426 1726 1500 1754 vivat
1521 1726 1596 1755 filius
1612 1733 1703 1759 meus,
1718 1726 1762 1754 vel
1777 1728 1868 1762 pater,
1884 1726 1936 1755 hoc
1953 1728 1995 1754 est

1149 1774 1256 1802 dicere:
1279 1773 1329 1801 nisi
1353 1780 1404 1809 ego
1426 1771 1578 1808 implevero
1599 1772 1673 1808 quod
1696 1771 1841 1808 promitto,
1871 1771 1914 1800 vel
1942 1771 1994 1800 nisi

1150 1820 1302 1856 implevero
1318 1819 1392 1855 quod
1412 1819 1485 1852 iuro,
1501 1826 1555 1846 non
1572 1818 1646 1846 vivat
1661 1817 1735 1846 filius
1751 1818 1793 1846 vel
1809 1821 1888 1855 pater
1903 1825 1991 1847 meus.

1151 1866 1181 1894 Et
1203 1866 1230 1894 in
1252 1866 1303 1893 hac
1328 1865 1414 1893 forma
1444 1865 1554 1893 iurandi
1576 1868 1706 1893 creatura
1731 1864 1765 1892 ad
1790 1864 1994 1893 testificandum

1150 1921 1205 1941 non
1226 1913 1386 1946 invocatur,
1408 1911 1457 1940 sed
1479 1911 1571 1948 potius
1594 1911 1643 1947 ipsi
1660 1911 1781 1939 Creatori
1803 1922 1816 1937 «
1831 1912 1994 1948 oppignera-

1150 1963 1234 1994 tur»,
1249 1959 1404 1987 secundnm
1421 1957 1495 1994 quod
1510 1957 1577 1986 dicit
1591 1957 1761 1993 Augustinus
1775 1957 1800 1984 ¹⁰.
1818 1957 1847 1985 Et
1868 1957 1920 1986 hoc
1935 1957 1993 1994 qui·
2004 1962 2103 1981 Conclusio
2116 1961 2135 1979 ¹-

1150 2006 1214 2034 dem
1236 2008 1278 2034 est
1299 2005 1419 2038 licitum,
1440 2004 1521 2041 quia,
1543 2004 1672 2040 quamvis
1693 2003 1783 2032 omnis
1808 2007 1936 2032 creatura
1958 2004 1992 2033 sit
2067 1992 2074 2001 '

1151 2052 1238 2089 ipsius
1259 2051 1411 2085 Creatoris,
1434 2054 1526 2079 tamen
1551 2050 1655 2079 bonum
1678 2051 1721 2078 vel
1751 2050 1897 2084 solatium,
1919 2050 1994 2087 quod

1150 2107 1186 2128 ex
1208 2102 1337 2127 creatura
1359 2098 1528 2134 percipimus
1557 2100 1584 2132 et
1604 2105 1620 2125 a
1648 2097 1704 2126 Deo
1725 2097 1804 2126 nobis
1832 2105 1994 2126 concessum

1150 2149 1206 2179 est,
1228 2146 1285 2173 Deo
1306 2148 1438 2181 tanquam
1464 2147 1590 2173 nostrum
1617 2145 1801 2181 oppignerare
1823 2152 1994 2181 possumus3

1151 2196 1177 2222 et
1199 2192 1260 2220 ideo
1282 2191 1356 2219 licita
1377 2195 1418 2219 est
1440 2191 1507 2219 haec
1528 2190 1630 2224 forma,
1653 2190 1716 2219 licet
1741 2191 1822 2219 «hoc
1843 2190 1992 2219 iuramenti

1151 2246 1253 2276 genus,
1276 2237 1430 2267 secundum
1451 2237 1526 2274 quod
1548 2237 1613 2265 dicit
1635 2237 1806 2274 Augustinus
1822 2237 1847 2265 in
1864 2237 1956 2266 littera
1968 2237 1994 2271 ¹¹,

1151 2286 1187 2314 sit
1207 2284 1404 2322 gravissimum
1420 2296 1446 2311 ».

1149 2419 1261 2446 August,
1280 2418 1352 2439 Serm.
1372 2416 1423 2438 1180.
1442 2416 1505 2443 (alias
1523 2416 1559 2442 28,
1578 2416 1606 2438 de
1624 2415 1707 2438 Verbis
1724 2416 1836 2443 Apostoli)
1854 2421 1873 2437 c.
1892 2415 1912 2437 5.
1930 2421 1951 2437 n.
1973 2414 1994 2443 5,

1150 2462 1218 2479 suni:
1236 2457 1263 2479 Ut
1280 2456 1400 2483 noveritis,
1422 2461 1503 2477 verum
1529 2456 1605 2477 iurare
1631 2461 1674 2476 non
1692 2460 1743 2476 esse
1760 2458 1891 2482 pem-atum,
1909 2454 1995 2475 inveni-

1151 2502 1202 2518 mus
1220 2498 1241 2517 et
1258 2495 1387 2522 apostolum
1406 2494 1499 2515 Paulum
1517 2494 1618 2515 iurasse:
1644 2492 1750 2520 Quotidie
1775 2492 1878 2520 morior,
1902 2498 1945 2520 per
1961 2498 1995 2515 ve-

1150 2535 1227 2557 stram
1243 2533 1358 2563 pluriam,
1377 2532 1478 2562 fratres,
1497 2537 1570 2561 quani
1587 2530 1659 2554 habeo
1675 2531 1699 2554 in
1716 2530 1808 2554 Christo
1826 2532 1878 2554 Iesu
1894 2530 1994 2553 Domino

1149 2574 1238 2595 nostro.
1257 2572 1302 2594 Per
1318 2571 1421 2594 vestram
1437 2569 1541 2599 alonium
1563 2571 1644 2592 iuratio
1661 2573 1701 2592 est.

1213 2611 1223 2625 ⁷
1240 2611 1284 2633 Csr.
1302 2612 1409 2638 August,
1429 2610 1495 2637 Epist.
1514 2609 1565 2631 250.
1585 2609 1648 2635 (alias
1665 2609 1713 2637 75.)
1732 2615 1752 2630 n.
1775 2609 1791 2630 1.

1214 2650 1224 2664 ⁸
1241 2650 1280 2671 Hic
1297 2655 1316 2671 c.
1334 2649 1355 2671 7.
1372 2661 1403 2664 —
1421 2649 1505 2670 Textus
1522 2649 1653 2675 scripturae
1670 2651 1704 2670 est
1721 2648 1786 2670 Rom.
1808 2648 1830 2675 l,
1849 2648 1869 2669 9.

1215 2689 1224 2703 ⁹
1240 2688 1295 2711 Cod.
1312 2689 1331 2710 Κ
1348 2688 1428 2716 potest.
1446 2687 1502 2709 Edd.
1524 2687 1546 2714 l,
1559 2688 1572 2708 2
1585 2686 1755 2714 cumpluribus
1772 2686 1839 2709 codd.
1857 2692 1899 2713 pro
1911 2685 1995 2715 impre-

1152 2727 1266 2751 cationem
1284 2732 1405 2754 perperam
1422 2726 1561 2748 substituunt
1578 2724 1800 2754 interpretationem,
1815 2727 1836 2746 et
1849 2730 1890 2752 pro
1903 2723 1995 2747 invoca-

1153 2766 1238 2789 tionem
1256 2765 1356 2787 nonnulli
1374 2764 1441 2786 codd.
1459 2764 1618 2787 invectionem.
1637 2764 1730 2786 inferius
1755 2766 1807 2791 post
1822 2762 1885 2785 vivat
1902 2763 1952 2784 cod.
1977 2764 1994 2784 A

1152 2804 1266 2827 subnectit
1282 2802 1346 2825 milii.

1216 2842 1234 2856 ¹⁰
1252 2843 1323 2864 Sorm⁴
1346 2843 1393 2864 l80.
1413 2843 1477 2868 talias
1490 2843 1525 2864 28.
1538 2841 1567 2863 de
1586 2841 1668 2863 Verbis
1685 2840 1794 2868 Apostoli)
1813 2846 1831 2862 c.
1846 2840 1866 2861 ss.
1880 2845 1899 2861 n.
1913 2840 1934 2861 7.
1947 2840 1995 2862 Cri:

1153 2883 1189 2904 hic
1206 2881 1236 2903 lit.
1255 2881 1366 2909 Magistri,
1385 2887 1403 2902 r.
1421 2881 1442 2902 7.

1345 2920 1358 2927 ,-

1217 2919 1233 2934 ¹¹
1252 2920 1292 2942 Hic
1309 2926 1327 2942 r.
1349 2926 1365 2941 A.
