2166 3366
265 219 321 248 340

577 305 789 326 CONCLUSIO.

264 391 299 418 Iu
322 389 436 419 Christo
457 390 518 428 fuit
538 389 661 428 affectus
683 390 756 425 irae,
769 395 862 428 prout
882 391 953 420 dicit
974 390 1111 429 affectum

342 437 539 465 detestatiom's
554 441 581 465 ct
594 438 814 466 commotionem
826 438 926 475 partis
946 438 1111 472 sensualis,

340 492 415 521 quae
438 487 534 512 tamen
554 484 685 513 subiecta
706 488 747 513 est
767 485 887 513 rationi.

340 578 520 607 REspommo:
543 578 715 613 Dicendum,
737 579 812 616 quod
835 579 876 607 ira
897 587 954 607 uno
976 579 1059 607 modo
1074 579 1113 608 di-

131 631 247 655 Duissexira-
261 625 297 654 cit
318 633 392 662 pure
413 624 610 663 affectionem,
632 629 660 654 et
681 626 720 654 sic
742 626 845 655 dicitur
867 626 909 654 ira
930 626 1047 654 affectus
1068 626 1114 655 de-

263 672 415 701 testationis
446 672 565 701 alicuius
598 673 679 707 mali,
706 673 750 702 vel
771 673 932 710 apparentis
954 673 1028 701 mali.
1056 673 1112 701 Alio

260 719 344 747 modo
366 719 407 747 ira
429 719 495 747 dicit
516 718 654 757 affectum
668 720 675 732 ¹
699 728 766 748 cum
786 728 881 757 poena
889 731 899 753 ‚·
914 723 941 748 et
956 720 995 748 sic
1010 720 1052 748 ira
1066 720 1113 748 ha-

260 766 307 794 bet
328 766 568 803 perturbationem
591 769 617 795 et
638 767 865 804 inquietationem
887 774 1035 795 annexam.
1058 766 1112 794 Hoc

142 815 355 845 Summa-autern
385 815 475 849 potest
507 820 568 841 esse
595 813 622 841 in
646 812 747 850 triplici
771 813 945 841 differentia:
970 813 1036 850 quia
1064 815 1113 841 aut

165 845 210 861 Μ’
262 859 437 896 perturbatio
469 859 516 888 illa
544 859 636 888 solum
669 860 756 897 tangit
777 859 924 897 potentias
956 859 1112 897 infertores

261 909 288 935 et
309 906 387 935 nullo
409 907 492 935 modo
510 907 596 944 tangit
610 907 727 935 oculum
743 907 869 941 mcntz's;
884 911 932 936 aut
947 907 1035 944 tangit
1049 916 1113 935 ocu-

261 953 322 981 lum
343 954 447 982 mentis
469 954 503 982 ad
527 957 638 991 tempus
660 954 820 989 turbando,
853 954 901 983 sed
933 962 987 982 non
1016 963 1113 983 excae-

260 1001 355 1029 cando
368 1001 400 1034 ²;
421 1004 470 1030 aut
491 1001 608 1029 oculum
630 1001 734 1029 mentis
756 1002 866 1038 attingit
887 1001 979 1039 ipsum
996 1005 1113 1038 pertur-

119 1054 247 1096 ,guaggffiffiff
261 1048 356 1076 bando
377 1052 405 1077 et
425 1048 625 1077 obnubilando.
642 1049 673 1077 Et
688 1048 844 1077 secundum
868 1049 920 1077 hoc
943 1051 1035 1077 motus
1054 1049 1112 1078 irae

119 1103 155 1119 tur·
207 1090 210 1095 “
261 1094 287 1123 in
310 1095 488 1132 quadruplici
512 1095 669 1124 differentia
690 1096 847 1132 reperitur,
864 1096 1020 1124 secundum
1036 1096 1111 1133 quod

261 1141 401 1179 colligitur
423 1150 459 1170 ex
482 1142 563 1171 dictis
584 1142 749 1171 Sanctorum
764 1152 769 1170 z
789 1151 846 1171 nno
862 1143 944 1171 modo
961 1151 1030 1180 pure
1045 1143 1112 1172 dicit

260 1189 390 1217 affectum
423 1189 631 1223 ‹ietestationis3
664 1192 691 1217 et
716 1190 768 1218 hoc
790 1190 873 1218 modo
894 1190 1030 1226 potuisset
1051 1198 1112 1219 esse

217 1227 221 1232 ’
260 1235 287 1263 10
309 1236 394 1264 Adam
416 1236 443 1264 in
466 1239 540 1264 statu
574 1236 746 1265 innocentiae
759 1236 777 1264 ³.
802 1253 839 1257 —-
861 1236 918 1264 Alio
940 1237 1023 1264 modo
1046 1237 1112 1265 dicit

263 1286 368 1311 motum
398 1282 589 1311 detestationis
611 1290 675 1311 cum
698 1283 897 1320 inquietatione
919 1286 946 1312 et
967 1284 1112 1320 perturba-

262 1329 334 1358 tione
349 1330 437 1366 partis
460 1329 597 1358 sensualis
619 1330 678 1358 sine
700 1330 794 1367 aliqua
809 1330 1019 1366 perturbatione
1038 1338 1112 1359 men-

261 1377 310 1411 tis,
332 1380 359 1405 et
380 1377 433 1405 boc
455 1377 538 1405 modo
560 1376 611 1405 fuit
634 1376 659 1404 in
682 1376 793 1405 Christo
817 1377 926 1405 affectio
948 1377 1018 1410 irae;
1041 1377 1112 1406 sicut

259 1424 332 1452 enim
366 1424 433 1453 dicit
467 1424 645 1460 Evangelium
658 1423 684 1452 ⁴¹:
717 1423 905 1461 Infreme‘mlo
926 1424 1113 1453 conturbavit

258 1471 453 1508 semetipsum.
476 1488 515 1491 —-
537 1471 629 1499 Tertio
651 1471 734 1500 modo
756 1471 822 1500 dicit
843 1471 973 1500 affectum
996 1472 1113 1500 detesta-

259 1518 341 1547 tionis
363 1526 427 1547 cum
451 1518 636 1547 commotione
658 1521 685 1546 et
706 1518 918 1555 perturbatione
940 1527 993 1547 non
1020 1519 1111 1547 solum

259 1566 348 1602 partis
370 1565 523 1599 sensualis,
556 1565 604 1594 sed
627 1565 709 1594 etiam
733 1565 847 1593 rationis
869 1566 904 1594 ad
926 1568 1057 1603 tempus,
1086 1569 1113 1594 et

259 1612 312 1641 hoc
334 1612 417 1641 modo
439 1612 580 1649 reperitur
602 1613 644 1640 ira
665 1612 690 1640 in
714 1612 782 1641 viris
802 1613 897 1647 iustis,
920 1613 967 1650 qui
990 1613 1112 1642 irascun-

259 1662 305 1688 tur
328 1659 369 1688 ira
391 1667 440 1696 per
457 1659 564 1694 zelum,
580 1659 614 1688 de
630 1659 732 1697 quibus
748 1660 814 1688 dicit
830 1659 981 1697 Gregorius
992 1660 1016 1695 5,
1037 1660 1111 1697 quod

264 1717 277 1732 «
292 1706 357 1735 inde
379 1714 457 1735 mens
479 1706 644 1743 perturbata
664 1706 790 1743 proficit,
811 1710 843 1735 ut
864 1707 1014 1741 clarescat;
1041 1707 1113 1736 sicut

258 1753 358 1782 oculus
380 1761 430 1791 per
445 1754 592 1790 collyrium
610 1754 768 1783 immissum
783 1754 818 1782 ad
834 1757 946 1791 tempus
961 1754 1111 1789 turbatur,

260 1804 294 1829 ut
312 1800 493 1837 postmodum
515 1800 617 1829 clarior
639 1800 818 1829 efficiatur».
841 1817 880 1821 —-
901 1801 1007 1837 Quarto
1029 1801 1112 1829 modo

260 1848 301 1875 ira
322 1847 388 1876 dicit
410 1848 541 1876 affectum
564 1847 754 1876 detestationis
774 1855 837 1876 cum
854 1848 1038 1876 commotione
1055 1855 1113 1876 sen-

259 1894 397 1923 sualitatis
428 1898 455 1923 et
487 1895 570 1923 etiam
599 1894 715 1929 mentis,
737 1895 775 1922 ita
797 1894 871 1931 quod
895 1894 1044 1923 commotio
1066 1894 1113 1923 illa

259 1942 343 1971 habet
375 1950 470 1971 secum
499 1941 739 1979 perturbationem
766 1942 866 1970 mentis
888 1949 1045 1976 annexam,
1068 1942 1111 1970 vel

258 1989 294 2018 ad
315 1989 392 2017 illam
415 1992 456 2018 est
477 1989 624 2023 ordinata,
653 1992 680 2017 et
709 1989 748 2017 sic
776 1991 818 2017 est
848 1988 889 2017 ira
917 1997 967 2025 per
996 1989 1111 2023 vitium,

944 220 1196 250 SENTENTIARUM
1219 221 1278 249 LlB.
1302 221 1340 249 Ill.

1171 302 1198 327 et
1230 300 1371 336 reperitur
1403 299 1430 328 in
1459 300 1652 337 peccatoribus
1680 304 1707 330 et
1734 301 1900 338 prohibetur
1927 311 1943 332 a
1970 304 2021 333 Do-

1174 346 1249 374 mino
1262 346 1281 373 ἢ.

1250 392 1280 420 Et
1301 400 1350 429 per
1372 393 1443 422 hanc
1465 393 1671 422 distinctionem
1703 398 1778 431 patet
1810 397 1954 433 responsio
1982 398 2018 427 ad

1169 439 1360 475 quaestionem
1390 443 1418 468 et
1442 440 1477 469 ad
1510 440 1631 469 rationes
1658 441 1693 470 ad
1722 445 1872 479 utramque
1900 447 2018 480 partem.

1171 486 1305 521 Quodam
1327 487 1401 515 00110
1423 487 1508 515 modo
1529 486 1588 524 fuit
1610 488 1636 516 in
1656 488 1766 517 Christo
1781 490 1873 526 passio
1888 490 1946 519 irae
1961 492 2019 520 sive
2033 500 2131 519 conclusio
2139 501 2154 521 1.

1169 532 1277 561 affectio
1310 533 1383 567 irae,
1409 533 1539 563 videlicet
1559 538 1644 571 prout
1665 535 1731 564 dicit
1752 536 1880 565 affectum
1904 537 2020 566 detesta-

1169 579 1252 607 tionis
1273 582 1299 608 et
1321 580 1536 609 commotionem
1558 582 1646 618 partis
1668 582 1820 617 sensualis,
1839 591 1911 620 quae
1925 587 2019 613 tamen

1170 626 1295 655 subiecta
1326 630 1367 655 est
1392 627 1500 656 rationi.
1525 628 1555 656 Et
1576 629 1615 657 sic
1646 629 1803 665 procedunt
1834 630 1955 659 rationes
1983 631 2019 660 ad

1169 673 1290 710 primam
1312 677 1419 710 partem
1443 674 1573 703 inductae
1592 676 1758 712 probantes,
1773 676 1946 706 affectionem
1962 677 2019 707 irae

1170 720 1198 748 in
1220 720 1330 748 Christo
1350 720 1449 755 fuisse,
1472 724 1502 749 ut
1523 722 1667 758 aspicienti
1700 726 1790 759 patet;
1822 726 1849 751 et
1870 724 1932 752 ideo
1954 729 2020 753 sunt

1170 767 1371 796 concedendae.
1396 768 1530 803 Quodam
1552 769 1634 797 etiam
1657 769 1742 798 modo
1763 778 1821 797 non
1841 769 1918 807 suit,
1946 771 2020 800 vide·
2032 780 2130 799 Conclusio
2139 781 2162 801 2³

1170 814 1231 842 liret
1265 817 1348 851 prout
1369 815 1435 844 dicit
1456 816 1695 852 perturbationem
1725 816 1797 845 oculi
1829 817 1973 852 mentalis,
1993 821 2020 847 et

1169 864 1254 898 prout
1284 861 1350 890 dicit
1381 862 1512 890 affectum
1534 863 1735 899 repunitionis,
1758 863 1784 891 in
1807 867 1943 900 quantum
1973 864 2020 893 ille

1169 907 1286 936 affectus
1307 911 1349 936 est
1369 916 1405 936 ex
1428 908 1543 937 libidine
1565 909 1716 944 vindictae,
1737 918 1792 938 non
1813 918 1850 939 ex
1871 910 1930 939 zelo
1945 911 2021 940 iusti-

1170 955 1241 988 tiae;
1264 955 1303 984 sic
1324 956 1398 983 enim
1420 959 1462 984 est
1484 956 1576 992 passio
1598 956 1775 992 perturbans.

1251 1003 1275 1030 1.
1298 1003 1324 1030 Ξ).
1348 1002 1378 1030 Et
1400 1002 1452 1031 hoc
1475 1002 1557 1031 modo
1579 1003 1735 1040 procedunt
1755 1003 1828 1032 duae
1850 1004 1957 1040 primae
1979 1012 2021 1033 ra·
2033 1014 2104 1041 suque
2117 1020 2149 1038 op.

1170 1049 1257 1077 tiones
1280 1049 1313 1077 ad
1337 1049 1489 1078 secundam
1510 1053 1619 1086 partem
1632 1061 1639 1083 ;
1654 1053 1681 1078 et
1695 1053 1844 1087 propterea
1863 1051 2019 1080 secundum
2032 1040 2141 1062 ⁹⁰⁵¹²⁰¹⁰m'

1170 1094 1245 1124 illam
1269 1096 1342 1124 viam
1366 1103 1465 1124 verum
1488 1096 1661 1125 concludunt
1681 1100 1709 1125 et
1729 1097 1841 1125 concedi
1864 1101 1990 1134 possunt.

1249 1143 1274 1171 3.
1296 1143 1335 1172 Ad
1358 1143 1428 1172 illud
1451 1151 1518 1172 vero
1540 1143 1615 1181 quod
1637 1143 1790 1178 obiicitur,
1805 1144 1880 1181 quod
1902 1144 1929 1172 in
1945 1144 2021 1173 Chri-

1169 1193 1211 1219 sto
1234 1190 1311 1218 nulla
1332 1188 1384 1218 fuit
1406 1190 1554 1227 superbia,
1575 1199 1642 1227 ergo
1664 1191 1741 1219 nulla
1762 1191 1859 1219 debuit
1880 1199 1941 1220 esse
1963 1192 2019 1227 ira,

1169 1237 1235 1273 quia
1256 1237 1308 1265 fuit
1340 1237 1480 1274 perlectus
1502 1237 1529 1265 in
1552 1237 1767 1266 mansuetudine
1789 1237 1860 1266 sicut
1882 1238 1909 1266 in
1931 1238 2021 1267 humi-

1170 1283 1265 1317 litate;
1281 1283 1447 1317 dicendum,
1461 1284 1535 1320 quod
1552 1292 1605 1312 non
1622 1288 1663 1312 est
1679 1284 1784 1318 simile,
1800 1285 1865 1321 quia
1879 1284 2019 1321 superbia

1170 1330 1274 1358 directe
1296 1330 1420 1358 nominat
1443 1330 1557 1365 vitium,
1580 1334 1606 1359 et
1628 1331 1690 1359 ideo
1719 1339 1830 1367 semper
1858 1329 2018 1368 oppositum

1170 1377 1255 1406 habet
1269 1386 1334 1406 cum
1356 1378 1527 1412 bumilitate,
1549 1381 1575 1406 et
1597 1382 1745 1415 propterea
1766 1387 1820 1406 non
1836 1382 1926 1415 potest
1945 1382 2019 1407 stare

1170 1433 1233 1452 cum
1251 1425 1373 1461 perfecta
1388 1425 1554 1453 bumilitate.
1567 1425 1619 1453 Ira
1632 1429 1726 1453 antem
1742 1433 1795 1453 non
1811 1434 1922 1463 semper
1934 1426 2020 1454 nomi-

1169 1475 1217 1500 nat
1239 1472 1354 1506 vitium,
1370 1472 1456 1500 immo
1478 1472 1559 1500 etiam
1577 1472 1701 1500 nominat
1716 1472 1865 1506 virtutem3
1881 1473 1943 1501 ideo
1964 1481 2019 1501 non

1170 1519 1209 1548 sic
1230 1519 1452 1556 0111105111000111ἶ
1473 1519 1556 1548 habet
1579 1528 1642 1547 cum
1667 1520 1890 1548 mansuetudine.
1908 1520 1937 1547 Et
1958 1528 2019 1557 pro-

1170 1570 1231 1603 pter
1246 1566 1363 1595 11001100
1377 1566 1513 1603 sequitur,
1528 1566 1626 1603 quodsi
1643 1565 1695 1594 suit
1710 1566 1848 1603 perfectae
1861 1570 2020 1595 mansuetu-

1170 1613 1251 1647 dinis,
1264 1613 1339 1650 quod
1351 1616 1465 1650 propter
1477 1613 1529 1641 hoc
1546 1621 1598 1641 11011
1617 1613 1747 1641 habuerit
1762 1613 1934 1642 affectionem
1952 1614 2017 1642 irae.

1249 1660 1275 1687 [1,.
1297 1659 1336 1688 Ad
1358 1659 1427 1687 illud
1450 1660 1524 1696 quod
1548 1660 1693 1692 obiicitur,
1716 1660 1790 1696 quod
1813 1659 1855 1688 ira
1870 1663 1963 1689 estex
1978 1668 2020 1689 ac-

1170 1707 1299 1735 censione
1312 1706 1321 1719 8
1343 1707 1486 1743 sanguinis
1501 1706 1575 1735 circa
1590 1715 1653 1740 cor3
1669 1706 1835 1741 dicendum,
1857 1707 1932 1744 quod
1948 1707 2018 1736 illud

1170 1762 1268 1783 verum
1291 1757 1332 1783 est
1354 1754 1380 1782 in
1397 1754 1491 1788 uobis,
1514 1754 1540 1781 in
1563 1753 1667 1791 quibus
1689 1762 1753 1782 caro
1777 1757 1914 1791 repugnat
1941 1754 2019 1791 spiri-

1170 1801 1226 1835 tui,
1249 1804 1275 1829 et
1297 1801 1463 1830 sensualitas
1485 1801 1600 1834 rationi,
1617 1801 1734 1837 quinon
1758 1804 1864 1829 tantum
1882 1801 2019 1830 habemus

1169 1848 1376 1884 corruptionem
1392 1848 1582 1884 poenalitatis,
1599 1848 1684 1876 11111110
1698 1848 1780 1876 etiam
1796 1848 1950 1882 foeditatis;
1967 1848 2019 1877 boc

1169 1898 1262 1923 autem
1286 1903 1339 1923 000
1361 1898 1471 1931 oportet
1491 1902 1551 1923 esse
1576 1895 1601 1922 in
1617 1895 1735 1923 Christo.
1751 1911 1790 1915 —-
1804 1895 1829 1923 Si
1846 1895 1909 1932 quis
1924 1898 2017 1924 tamen
2031 1904 2098 1923 miter.

1169 1942 1289 1975 diceret,
1312 1941 1338 1969 in
1361 1941 1470 1969 Christo
1491 1942 1577 1970 fuisse
1592 1942 1783 1970 accensionem
1801 1942 1953 1978 sauguinis,
1969 1942 2018 1971 sed

1169 1988 1328 2023 moderate,
1351 1996 1403 2016 non
1428 1988 1539 2017 videtur
1561 1996 1621 2017 esse
1643 1988 1869 2017 inconveiiieiis⁹.

840 2088 937 2117 DUBIA
960 2088 1054 2116 CIRCA
1075 2088 1241 2116 LITTERAM
1264 2087 1426 2116 MAGISTRI.

628 2187 695 2215 Due.
718 2187 734 2215 l.

337 2282 365 2310 In
382 2285 460 2319 parte
476 2282 528 2310 ista
543 2284 608 2310 sunt
630 2281 806 2318 quaestiones
829 2281 903 2309 circa
926 2281 1061 2315 litteram,
1083 2284 1110 2309 et

259 2329 350 2366 primo
372 2329 519 2366 quaeritur
540 2328 574 2357 de
596 2328 648 2356 hoc
671 2328 745 2365 quod
763 2328 841 2356 dicit:
867 2328 1010 2365 Simptam
1033 2336 1110 2356 acce-

257 2376 301 2412 pz't
324 2375 369 2403 z'tte
391 2379 575 2408 vetustatem,
601 2378 633 2403 ut
655 2379 789 2403 'nostram
812 2374 934 2411 duplam
963 2383 1110 2402 consu-me-

259 2426 310 2451 ret.
333 2423 451 2451 Videtur
473 2422 547 2451 enim
570 2422 621 2450 boc
652 2421 877 2450 inconvenienter
904 2429 964 2450 esse
987 2421 1109 2455 dictum,

1168 2186 1234 2223 quia
1256 2186 1351 2214 simile
1372 2195 1425 2214 non
1443 2187 1618 2215 consumitur
1640 2195 1691 2224 per
1714 2195 1797 2215 suum
1813 2187 1916 2221 simile,
1932 2186 2019 2216 immo

1167 2234 1326 2271 augetur¹⁰:
1350 2241 1416 2270 ergo
1437 2236 1566 2262 vetustas
1587 2230 1682 2262 nostra
1698 2242 1751 2262 non
1774 2234 1949 2263 consumitur
1968 2242 2018 2271 per

1168 2284 1335 2309 vetustatem
1348 2280 1449 2309 Christi
1462 2284 1625 2309 assumtam.
1638 2298 1676 2301 —
1685 2281 1854 2314 Praeterea,
1870 2281 1944 2318 quod
1958 2288 2019 2309 con-

1169 2327 1255 2356 sumit
1270 2327 1346 2356 aliud
1369 2331 1409 2356 est
1427 2327 1473 2356 illo
1495 2328 1650 2364 potentius:
1667 2335 1734 2364 ergo
1756 2327 1777 2356 si
1793 2331 1922 2356 vetustas
1943 2328 2018 2356 Chri-

1169 2374 1202 2402 sti
1225 2374 1379 2402 consumsit
1400 2377 1537 2408 nostram,
1560 2374 1653 2411 potius
1675 2374 1772 2403 debuit
1793 2382 1854 2403 esse
1876 2374 1962 2411 dupla
1977 2382 2019 2403 re-

1169 2425 1267 2458 spectu
1287 2425 1416 2455 nostrae,
1444 2429 1529 2458 quam
1552 2425 1648 2450 nostra
1670 2421 1757 2459 dupla
1786 2426 1916 2459 respectu
1936 2430 2016 2450 suae.

324 2593 330 2607 ¹
349 2592 404 2615 Cod.
422 2594 441 2615 ii
459 2592 613 2622 affectionem.

322 2632 331 2646 2
348 2632 403 2654 Edd.
423 2631 562 2655 excedendo.

321 2670 331 2685 3
347 2672 451 2699 August,
470 2671 528 2693 XIV.
547 2671 575 2693 de
592 2670 640 2693 Civ.
659 2670 709 2699 Dei,
729 2676 747 2693 c.
767 2671 803 2692 l9.
821 2670 899 2698 docet,
918 2673 969 2692 ante
986 2673 1107 2698 peccatum

259 2711 280 2732 111
299 2710 405 2738 paradiso
423 2710 480 2731 iram
493 2709 521 2731 ad
534 2709 685 2732 exercendam
704 2710 786 2732 iustam
800 2710 961 2731 coercitionem
976 2715 1020 2731 non
1039 2710 1108 2731 fuisse

259 2750 372 2771 vitiosam.

322 2788 331 2803 ⁴
349 2789 407 2810 ioan.
427 2789 463 2816 11,
481 2788 518 2810 33.
536 2787 592 2811 eod.
611 2788 625 2809 F
643 2794 696 2810 cum
714 2788 825 2816 Vulgata:
851 2788 966 2810 lnfremuit
983 2789 1063 2815 spiritu
1087 2790 1108 2809 et

259 2827 360 2850 turbavit
376 2834 400 2850 se
419 2828 502 2855 ipsum.
520 2827 565 2850 Csr.
584 2833 604 2855 q.
624 2827 730 2854 praeced.
747 2828 768 2848 in
788 2833 850 2855 corp.

323 2866 332 2881 ⁵
348 2866 409 2889 Libr.
428 2867 454 2888 V.
473 2867 548 2888 Moral,
562 2872 580 2888 0.
595 2866 631 2888 45.
650 2872 670 2888 n.
684 2866 726 2887 8⁴2:
744 2866 809 2888 Unde
828 2872 892 2888 mens
904 2865 1016 2894 turbatur,
1035 2872 1062 2888 ne
1074 2867 1109 2888 vi-

260 2905 325 2933 deat,
343 2906 396 2928 inde
414 2905 514 2933 proficit,
529 2908 553 2927 ut
570 2905 599 2927 ad
611 2905 738 2927 videndum
756 2906 834 2927 verius
846 2905 965 2933 clarescat;
979 2906 1037 2927 sicut
1050 2904 1108 2927 infir-

261 2945 330 2966 manti
348 2944 427 2972 oculo,
446 2950 498 2966 cum
518 2945 637 2972 collyrium
660 2945 801 2972 immittitur,
823 2944 860 2966 lux
884 2945 974 2972 penitus
996 2946 1106 2971 negatum

261 2983 301 3005 sed
319 2983 371 3005 inde
388 2989 439 3005 eam
458 2985 509 3010 post
530 2983 651 3010 paululum
673 2984 786 3005 veraciter
803 2984 894 3010 recipit,
918 2982 979 3005 unde
998 2983 1056 3005 lianc
1078 2983 1107 3005 ad

261 3024 352 3049 tempus
370 3021 491 3043 salubriter
508 3022 595 3043 amittit.

1227 2591 1237 2606 θ
1255 2592 1331 2614 11131111.
1349 2591 1374 2620 5,
1393 2592 1429 2613 22.
1448 2591 1563 2618 Bernard.,
1578 2592 1646 2619 Epist.
1660 2591 1696 2613 69.
1714 2597 1735 2613 n.
1758 2592 1775 2613 l.
1789 2592 1879 2619 scripsit
1896 2592 1963 2614 baec:
1976 2592 2017 2613 lta-

1166 2638 1222 2660 que,
1241 2631 1396 2658 dilectissime,
1416 2631 1513 2653 irascere
1531 2632 1553 2652 et
1571 2631 1615 2652 noli
1633 2636 1736 2658 peecare.
1755 2630 1861 2653 Peccabis
1875 2632 1952 2652 autem
1970 2636 2015 2652 non

1166 2671 1243 2692 minus
1260 2670 1327 2692 nimis
1344 2669 1474 2697 irascendo,
1494 2675 1563 2698 quam
1582 2670 1675 2691 omnino
1688 2674 1732 2691 non
1750 2669 1877 2691 irascendo.
1897 2668 2014 2697 Siquidem

1166 2715 1211 2731 non
1230 2709 1307 2737 irasci,
1325 2708 1364 2731 ubi
1382 2708 1527 2731 irascendum
1546 2709 1584 2735 sit,
1603 2708 1661 2730 nolle
1685 2707 1809 2730 emendare
1831 2710 1951 2736 peccatum
1968 2711 2014 2735 est;

1167 2748 1218 2776 plus
1243 2753 1299 2770 vero
1325 2748 1405 2775 irasci,
1434 2753 1504 2775 quam
1532 2747 1680 2769 irascendum
1706 2747 1748 2775 sit,
1775 2749 1895 2774 peccatum
1920 2749 2014 2774 peccato

1166 2786 1253 2808 addere
1269 2788 1310 2809 est.
1323 2798 1354 2802 —
1365 2786 1414 2808 Mox
1431 2792 1474 2813 pro
1486 2784 1518 2808 ad
1536 2786 1661 2815 utramque
1672 2786 1764 2814 partem
1783 2785 1833 2807 cod.
1852 2785 1871 2806 K
1889 2784 2014 2813 utriusque

1165 2825 1250 2854 partis.

1228 2864 1238 2878 ⁷
1255 2865 1283 2886 lta
1303 2864 1355 2886 edd.
1373 2867 1395 2886 et
1412 2864 1543 2892 complures
1561 2863 1635 2892 codd,
1654 2864 1676 2886 in
1696 2864 1745 2886 aliis
1763 2862 1902 2892 oppositum.

1229 2903 1238 2917 ⁸
1255 2903 1327 2926 Codd.
1340 2903 1355 2925 F
1365 2903 1399 2925 Gl
1413 2903 1428 2925 L
1438 2903 1455 2925 N
1466 2903 1484 2924 T
1495 2903 1514 2925 V
1523 2903 1539 2924 Z
1551 2902 1696 2930 accessione‚·
1710 2902 1760 2924 cod.
1775 2902 1791 2923 U
1804 2901 1841 2924 ira
1854 2902 1887 2924 est
1899 2900 2013 2925 accensio.

1229 2942 1239 2956 9
1256 2942 1315 2965 Vide
1332 2942 1433 2964 scholion
1452 2942 1481 2964 nd
1500 2943 1520 2964 l.
1539 2942 1607 2964 huius
1625 2941 1712 2964 articuli
1730 2943 1817 2969 quaest.

1229 2981 1248 2995 ¹⁰
1265 2980 1309 3003 Csr.
1327 2982 1425 3009 Aristot,
1444 2981 1466 3003 11.
1486 2981 1513 3003 de
1531 2981 1622 3008 Anima,
1641 2982 1692 3002 text.
1711 2979 1746 3002 44.
1765 2986 1829 3009 seqq.
1848 2980 1880 3009 (c.
1900 2980 1938 3008 4.).
