2166 3366
7 1915 135 1935 Fundamenta.

766 219 847 248 Disi’.
869 220 934 249 xvt.
956 221 1028 249 Att'r.

156 300 259 333 pugnat
274 296 433 333 perfectioni
450 296 613 334 sapientiae,
635 305 688 324 non
704 301 797 325 autem
812 298 819 312 ¹
835 298 932 334 attingi
950 306 998 335 per

156 343 270 371 modum
291 347 426 372 naturae.
443 343 495 372 Hoc
516 343 590 372 enim
605 347 662 377 est,
684 343 758 380 quod
775 343 837 372 facit
857 344 997 373 hominem

154 390 254 418 cadere
278 398 295 418 a
322 393 396 419 statu
424 393 451 419 et
481 390 647 426 perfectione
673 390 840 426 sapientiae,
869 391 997 420 videlicet

153 436 228 473 quod
243 437 304 465 eius
326 437 396 465 ratio
409 436 493 465 cedat
509 440 537 465 et
551 436 716 465 succumbat
737 437 926 473 passionibus.
942 446 996 466 non

153 487 246 511 auten]
262 483 336 520 quod
354 482 460 511 sentiat
474 482 629 519 passiones3
644 486 672 511 et
686 483 723 511 ita
738 483 793 519 pati
817 491 865 520 per
882 484 995 512 modum

153 532 280 558 ηαιιιναθ
308 537 361 557 non
389 529 480 558 aufert
508 529 642 557 rationem
674 530 886 566 propassionis.
916 530 995 559 Aliud

152 577 225 604 enim
248 579 289 605 est
310 576 465 613 passionem
494 575 643 612 eaeperirz’,
671 576 747 604 aliud
776 585 792 604 a
821 577 996 614 passionibus

1051 221 1079 249 ΙΙ.
1100 222 1235 258 ΟΠΑΕὸΤ.
1258 222 1286 250 ll.
1843 225 1899 254 355

1052 299 1235 336 perturbari.
1258 300 1438 329 Pet-turbari
1463 302 1536 330 enim
1559 305 1601 330 est
1628 302 1743 337 subiici,
1769 303 1901 339 experiri

1054 351 1148 374 autem
1170 351 1259 383 potest
1280 347 1381 384 aliquis
1406 349 1548 385 passiones
1569 352 1596 377 et
1621 349 1661 378 eis
1683 350 1846 386 superferri.
1869 350 1899 378 Et

1055 392 1094 421 sic
1115 393 1166 421 fuit
1188 393 1214 421 in
1236 394 1328 422 anima
1349 394 1466 429 Christi,
1487 403 1559 432 quae
1581 396 1734 424 secundum
1762 396 1897 425 rationem

1056 443 1086 467 ut
1116 444 1258 468 ἠαιιινιινη
1291 441 1432 477 passiones
1460 442 1585 479 corporis
1616 442 1816 479 experiebatur
1846 443 1896 472 do-

1056 486 1113 515 lore
1133 486 1306 521 acutissimo,
1335 488 1490 516 secundum
1521 488 1654 518 rationem
1677 492 1708 517 ut
1736 489 1897 518 deliberati-

1055 540 1122 560 vam
1141 532 1316 568 passionibus
1330 534 1455 570 corporis
1477 535 1706 571 superferebatur
1720 536 1822 572 gaudio
1843 536 1896 564 vir-

1054 581 1134 607 tuoso
1147 578 1165 606 ².

892 679 1152 716 SCHOLION.

213 781 227 803 Ι,
246 781 316 803 Etiam
335 781 473 808 posteriores
490 781 620 803 Seboiustici
639 781 768 809 approbant
785 781 951 804 distinctionem
965 783 994 804 in-

150 822 183 842 ter
199 820 309 841 rationem
328 823 352 841 ut
369 818 431 842 ratio
447 822 470 841 et
486 820 596 842 rationem
615 822 639 841 ut
654 821 743 842 mitur-a
761 821 795 847 (ut
812 820 833 842 S.
852 820 942 847 Thom.,
961 820 993 842 lli.

149 858 209 881 Seni.
227 858 249 880 d.
272 858 304 880 15.
322 865 344 887 q.
363 859 383 881 2.
401 865 421 880 u.
440 858 461 880 3.
479 859 620 887 quaestiunc.
640 859 678 887 2.),
691 863 713 881 et
726 858 788 887 quod
806 860 881 880 anima
899 858 993 887 Christi,

150 898 201 926 quia
221 901 264 920 tota
277 897 404 919 secundum
417 898 538 919 essentiam
555 900 603 919 erat
620 898 680 919 nnita
693 898 784 925 corpori
801 901 826 919 ut
843 898 914 920 forma
932 898 993 926 eius,

149 939 192 958 tota
211 936 339 958 secundum
356 942 437 958 omnes
454 937 565 964 potentias
583 936 717 964 patiebatur.

210 975 271 997 Alex.
290 975 349 999 itui..
368 975 390 997 S.
409 982 430 1003 p.
444 976 475 997 ΙΙΙ.
489 975 517 998 de
530 977 572 998 huc
583 979 604 998 et
616 982 663 1004 seq.
677 982 698 1004 q.
711 982 733 1004 q.
750 976 782 997 18.
796 982 826 997 m.
840 976 860 998 2.
873 982 892 998 a.
910 977 926 998 1.
945 976 958 1004 S
971 976 991 998 2.

148 1027 178 1030 —
195 1015 266 1042 Scot.,
286 1015 313 1037 de
331 1016 373 1037 hac
389 1018 410 1036 et
427 1021 491 1044 seqq.
510 1021 548 1044 qq.
573 1016 595 1036 in
614 1019 711 1043 utroque
729 1015 818 1043 Scripto
837 1015 868 1037 itt.
887 1015 947 1038 Sent.
969 1015 991 1038 d.

151 1054 184 1076 ¹5.
203 1060 224 1083 q.
243 1055 316 1076 unica.
334 1066 365 1070 —
382 1054 403 1076 S.
422 1054 517 1079 Thom..
538 1054 568 1075 iti.
586 1054 646 1076 Sent.
664 1054 688 1076 d.
710 1053 742 1075 ¹5.
760 1061 781 1082 q.
801 1055 820 1076 2.
839 1061 858 1076 a.
885 1054 902 1075 1.
925 1060 992 1082 quae-

147 1094 227 1116 stiunc.
246 1094 284 1119 23
305 1093 327 1115 S.
345 1093 378 1115 ΙΙΙ.
399 1099 420 1121 q.
443 1092 475 1114 15.
493 1099 513 1114 a.
532 1092 558 1118 4,
575 1099 597 1121 q.
617 1091 653 1114 66.
671 1099 691 1114 a.
708 1092 729 1115 7.
746 1104 778 1109 -—
796 1093 818 1114 B.
836 1092 933 1119 Athen„
960 1093 990 1115 ΙΙΙ.

147 1132 208 1153 Sent.
225 1131 247 1153 d.
269 1131 302 1153 15.
320 1138 340 1153 a.
358 1131 378 1153 3.
398 1130 418 1152 4.
435 1142 468 1147 —
480 1131 537 1153 Deir.
554 1137 565 1152 a
585 1131 650 1158 Tan,
670 1131 700 1152 ΙΙΙ.
718 1131 778 1152 Sent.
797 1130 819 1152 d.
841 1131 874 1153 15.
891 1137 913 1159 q.
932 1132 952 1153 2.
970 1138 990 1154 ει.

147 1172 167 1193 2.
185 1171 326 1199 quaestiunc.
345 1171 365 1192 ἱ).
384 1182 413 1185 ——
431 1169 536 1192 [lit-hard.
554 1176 565 1191 a
585 1169 652 1197 Med„
666 1170 698 1192 ΙΙΙ.
717 1170 777 1191 Sent.
796 1170 818 1191 d.
840 1169 872 1191 15.
891 1176 911 1192 a.
929 1171 949 1192 2.
968 1176 990 1199 q.

150 1210 167 1231 1.
189 1209 210 1231 3.
229 1208 384 1236 —Durand.,
402 1208 431 1230 de
449 1209 491 1230 liat·
507 1212 527 1230 ct
546 1214 594 1237 seq.
612 1214 634 1237 q.
653 1208 684 1230 lll.
702 1208 762 1230 Sunt.
781 1208 802 1230 d.
826 1208 857 1231 15.
875 1215 897 1237 q.
917 1209 936 1230 2.

147 1247 237 1275 Dionys.
258 1246 344 1273 Carth..
362 1247 391 1269 de
409 1248 450 1269 itur·
467 1250 489 1268 et
505 1253 569 1276 seqq.
588 1253 625 1275 qq.
645 1247 676 1269 ΙΙΙ.
695 1248 755 1269 Sent.
773 1247 796 1269 d.
818 1247 851 1269 15.
870 1254 891 1276 q.
910 1248 930 1269 2.
949 1248 970 1269 3.

208 1286 232 1308 li.
250 1286 336 1308 Sotuuo
353 1286 488 1308 affirmativa
506 1285 535 1308 ad
552 1292 600 1314 seq.
613 1286 654 1313 (2.)
667 1287 824 1315 quaestionem
837 1287 990 1309 communitor

145 1324 287 1353 approbatur
312 1328 389 1347 contra
415 1325 547 1352 opinionem
574 1325 663 1347 Henrici
680 1325 752 1347 Gand.
771 1325 862 1353 (Quodl.
881 1325 902 1347 8.
920 1332 942 1354 q.
959 1325 988 1353 7,

144 1364 180 1386 cui
198 1363 275 1385 fuvere
293 1363 384 1386 videtur
401 1364 530 1392 caint-mus>
547 1364 683 1386 asserentis:
705 1372 714 1383 ι
727 1364 841 1386 Gaudium
860 1370 903 1386 non
921 1365 988 1386 estin

144 1403 219 1425 anima
238 1406 261 1425 ut
278 1403 299 1424 in
316 1402 437 1432 portione,
458 1404 499 1425 nisi
517 1407 541 1425 ut
557 1406 591 1425 est
608 1403 718 1432 superior
726 1411 735 1430 ,-
753 1404 855 1425 similiter
867 1409 941 1431 neque
954 1404 988 1425 tri·

143 1441 214 1469 stitia,
232 1441 272 1463 nisi
291 1444 315 1463 ut
338 1444 373 1463 est
398 1442 471 1469 portio
494 1440 594 1470 infimior
606 1450 626 1463 ι».
646 1454 675 1457 --
692 1441 820 1463 Notandum
840 1446 916 1464 autem
939 1445 987 1470 est,

1051 782 1073 804 S.
1087 782 1269 804 Bonaventuram
1281 789 1334 805 eum
1347 784 1395 805 :diis
1409 785 1596 813 propositionem,
1609 786 1672 814 quod
1685 787 1753 808 etiam
1766 788 1894 810 set-undum

1051 821 1178 848 portionem
1196 822 1338 848 superiorem
1356 823 1431 844 anima
1448 822 1529 845 Christi
1542 829 1607 851 passa
1620 825 1659 851 sit,
1678 825 1803 853 intelligere
1816 827 1837 848 in
1852 827 1896 848 hoc

1051 865 1130 886 sensu,
1149 860 1211 888 quod
1230 861 1277 888 ipsa
1299 869 1309 880 α
1321 861 1479 884 consideratur
1496 868 1537 890 per
1555 862 1649 885 modum
1667 864 1769 886 naturae
1782 873 1791 884 ι
1807 865 1838 892 (in
1851 865 1895 887 fine

1050 904 1121 926 corp,
1139 898 1179 920 cfr.
1196 899 1262 921 solut.
1280 899 1309 921 ad
1321 899 1364 928 6.),
1383 906 1426 922 non
1445 903 1469 922 ut
1486 900 1555 929 ratio,
1570 902 1663 923 minime
1675 905 1765 930 nutem,
1783 906 1895 932 quatenus

1049 937 1168 959 ordinatur
1184 937 1213 960 nd
1236 944 1304 960 suum
1328 938 1443 961 obiectum
1467 940 1614 967 primarium,
1638 941 1723 963 scilicet
1746 941 1826 964 Deum.
1850 943 1895 965 Sed

1049 976 1130 999 Scotus
1148 978 1170 998 in
1188 976 1258 999 Oxon.
1277 977 1327 1003 (loc.
1346 979 1381 1000 cit.
1401 984 1421 1000 n.
1440 978 1486 1006 24.)
1504 982 1594 1006 praeter
1611 980 1654 1001 hoe
1676 986 1778 1002 assi-rere
1796 981 1893 1009 videtur¹

1049 1015 1160 1036 tristitiam
1177 1016 1245 1036 otiam
1262 1015 1390 1037 seeundum
1411 1019 1486 1038 actum
1497 1035 1502 1044 ,
1520 1017 1559 1045 qui
1577 1018 1684 1045 importat
1700 1017 1761 1040 nolle
1783 1018 1895 1042 conditio-

1048 1054 1144 1081 natum,
1164 1054 1185 1076 in
1203 1055 1322 1082 superiore
1340 1056 1443 1082 portione
1461 1056 1537 1078 fuisse.
1556 1069 1585 1071 —
1603 1056 1711 1079 Notabilia
1729 1061 1782 1080 sunt
1800 1059 1835 1081 iiie
1853 1060 1893 1081 tria

1048 1093 1165 1120 supposita
1183 1093 1212 1114 nd
1229 1093 1390 1121 explicandum
1409 1095 1554 1123 mysterium,
1573 1095 1636 1124 quod
1649 1096 1670 1117 in
1682 1096 1763 1118 eadem
1776 1098 1894 1124 superiore

1048 1132 1152 1159 portione
1164 1132 1275 1160 gaudium
1293 1133 1405 1155 fruitionis
1423 1134 1522 1160 potuerit
1538 1134 1604 1156 simui
1623 1141 1673 1157 esse
1690 1141 1743 1157 cum
1762 1136 1857 1159 tristitia.

1111 1170 1142 1193 De
1160 1171 1202 1192 line
1220 1171 1260 1199 (Z.)
1279 1172 1426 1200 quaestione:
1444 1172 1466 1194 S.
1485 1172 1567 1195 Titom.
1585 1173 1606 1194 in
1624 1173 1751 1196 Comment.
1765 1175 1806 1197 loc.
1818 1175 1854 1197 cit.
1873 1182 1892 1198 n.

1048 1209 1068 1231 3.
1087 1210 1228 1237 quaestione.
1247 1210 1267 1232 2.
1286 1222 1315 1225 -
1333 1210 1389 1232 Petr.
1416 1217 1427 1232 a
1454 1211 1519 1239 Tan,
1546 1212 1587 1234 loc.
1604 1213 1640 1234 cit.
1658 1219 1680 1241 q.
1700 1212 1720 1235 4.
1737 1220 1757 1235 n.
1783 1214 1800 1236 1.
1823 1220 1894 1242 quae-

1047 1248 1130 1270 stiunc.
1148 1249 1169 1270 2.
1188 1261 1217 1264 —-
1235 1249 1342 1271 stit-hard.
1359 1256 1371 1271 a
1389 1250 1460 1277 Med„
1479 1250 1520 1272 loc.
1538 1251 1574 1273 cit.
1592 1257 1611 1273 a.
1632 1251 1652 1273 4.
1670 1258 1692 1280 q.
1711 1252 1731 1274 ⁶2.

1111 1287 1141 1309 ΙΙΙ.
1160 1288 1181 1309 ln
1199 1288 1310 1310 solutione
1328 1288 1348 1310 3.
1367 1289 1507 1317 quaestionis
1523 1291 1634 1312 consentit
1645 1291 1667 1312 S.
1682 1291 1772 1319 Tiiom,
1789 1292 1810 1313 S.
1824 1291 1856 1314 lii.
1868 1299 1891 1321 q.

1047 1325 1083 1348 46.
1101 1333 1121 1348 a.
1137 1326 1158 1348 6.
1174 1326 1202 1348 nd
1216 1327 1236 1348 3.
1254 1326 1287 1348 De
1303 1327 1385 1349 eadem
1403 1328 1506 1355 explicite
1524 1330 1602 1350 tractat
1619 1328 1725 1351 Richard.
1743 1336 1755 1351 a
1774 1330 1838 1357 Med.y
1857 1330 1892 1353 ΙΙΙ.

1046 1365 1106 1387 Sent.
1125 1365 1160 1386 hic
1177 1371 1197 1387 a.
1217 1364 1237 1387 4.
1255 1372 1277 1394 q.
1297 1365 1324 1393 4;
1342 1366 1378 1388 alii
1396 1367 1533 1395 plerumque
1546 1373 1593 1389 rem
1607 1370 1702 1395 tangunt
1715 1369 1736 1390 in
1754 1369 1890 1396 praeceden-

1046 1404 1106 1426 tibus
1118 1408 1218 1432 quaest.,
1237 1405 1360 1432 praecipue
1379 1405 1417 1427 ubi
1435 1406 1563 1434 inquirunt,
1577 1409 1652 1429 utrum
1666 1406 1768 1429 Christus
1785 1407 1890 1431 habuerit

1045 1442 1148 1464 dolorem
1165 1443 1342 1472 compassionis.

911 1532 1073 1568 QUAESTtO
1095 1533 1124 1560 ΙΙ.

364 1618 467 1646 Utrum
489 1618 592 1646 attinnt
615 1617 726 1646 Christe·
739 1627 832 1655 passa
853 1617 947 1655 fiterz'c
966 1619 1126 1647 seeundum
1147 1619 1328 1656 superiorem
1346 1621 1509 1657 portionem
1530 1622 1664 1650 rationis.

221 1716 348 1745 Secundo
369 1716 527 1753 quaeritur,
550 1720 646 1744 utrum
666 1717 758 1744 anima
779 1716 880 1744 Christi
904 1724 984 1753 passa

141 1764 224 1792 suerit
245 1763 400 1792 secundum
429 1763 602 1800 superiorein
632 1763 786 1800 portionem
808 1763 930 1792 rationis.
954 1764 984 1792 Et

141 1811 215 1848 quod
238 1811 292 1845 sic,
314 1810 434 1839 videtur.

222 1858 245 1886 1.
261 1857 388 1886 Christus
403 1857 560 1885 «assumsit
576 1859 663 1885 totum
680 1857 833 1887 bominem.
849 1861 879 1886 ut
894 1860 981 1885 totum

142 1904 271 1934 curaret³
287 1915 317 1936 »ς
332 1904 380 1933 sed
403 1907 473 1933 totos
488 1911 538 1932 nos
552 1904 674 1937 curavit,
690 1907 717 1932 et
737 1907 873 1941 qnantum
889 1904 923 1932 ad
940 1912 983 1933 su-

140 1952 278 1989 periorem
301 1951 455 1988 portionem
477 1951 591 1979 rationis
612 1953 639 1979 et
660 1954 796 1988 quantum
818 1951 853 1979 ad
876 1951 983 1979 inferio—

139 2006 212 2032 rem,
232 2001 260 2027 et
282 1998 333 2026 hoc
353 1998 465 2035 quidem
483 2005 532 2035 per
554 1997 721 2035 passionem:
738 2005 805 2034 ergo
826 2005 925 2034 passus
940 2001 982 2026 est

140 2048 274 2082 quantum
296 2045 331 2073 ad
352 2052 462 2073 omnem
486 2048 593 2081 partem
615 2043 738 2073 rationis.

218 2093 243 2120 2.
267 2091 345 2124 item,
360 2091 406 2119 ubi
422 2094 464 2119 est
478 2090 573 2127 culpa,
589 2090 625 2119 ibi
644 2090 727 2119 debet
740 2098 801 2119 esse
817 2098 917 2128 poena;
933 2091 980 2119 sed

139 2138 220 2175 culpa
246 2138 318 2166 Adae
347 2137 397 2166 fuit
426 2138 451 2166 in
474 2137 610 2175 superiori
633 2141 711 2174 parte
733 2137 846 2166 rationis
868 2141 982 2174 propter

138 2185 303 2222 completam
329 2185 503 2214 aversionem
520 2185 543 2213 ⁴:
572 2184 593 2213 si
621 2192 687 2221 ergo
715 2184 842 2213 Christus
865 2193 979 2221 poenam

139 2232 271 2261 sustinuit
286 2240 336 2269 pro
354 2231 436 2268 culpa
459 2231 543 2265 Adae,
568 2239 635 2268 ergo
657 2239 772 2268 poenam
789 2231 874 2260 sensit
897 2232 923 2259 in
937 2239 982 2260 su-

140 2286 236 2315 prema
257 2282 334 2315 parte
356 2277 479 2306 rationis.

217 2324 242 2353 3.
265 2325 344 2358 item,
365 2324 429 2361 plus
451 2324 576 2361 iungitur
596 2324 666 2352 ratio
687 2323 816 2361 superior
839 2323 979 2358 inferiori,

137 2380 220 2409 quam
238 2371 368 2407 iungatur
384 2370 497 2399 inferior
511 2371 695 2404 sensualitati;
712 2370 759 2399 sed
777 2370 846 2398 ratio
866 2370 978 2399 inferior

139 2418 251 2455 patitur,
273 2417 392 2455 patiente
407 2417 597 2446 sensualitate:
617 2425 683 2454 ergo
699 2417 768 2445 ratio
790 2417 919 2454 superior
935 2425 979 2454 pa-

138 2465 218 2498 titur,
240 2464 360 2501 patiente
383 2464 513 2492 inferiori.

215 2511 241 2539 Ιι.
264 2511 343 2545 ltem,
365 2510 435 2539 ratio
450 2510 578 2547 superior
591 2510 600 2522 ⁵
622 2510 752 2538 unionem
769 2510 852 2538 habet
873 2509 907 2538 ad
923 2509 978 2537 dei-

139 2560 221 2585 tatem
249 2559 276 2585 et
305 2556 434 2584 unionem
464 2556 547 2584 habet
573 2556 608 2584 ad
637 2563 765 2589 carnem;
787 2556 835 2584 sed
864 2559 978 2592 propter

1042 1716 1172 1746 unionem
1194 1717 1287 1746 suiad
1309 1718 1457 1752 deitatem,
1479 1719 1506 1747 in
1527 1728 1583 1756 qua
1598 1723 1639 1748 est
1661 1722 1886 1758 promptuarium

1041 1763 1245 1798 delectationis,
1267 1772 1378 1793 necesse
1399 1769 1456 1799 est,
1478 1773 1538 1794 eam
1561 1766 1707 1795 delectari:
1730 1775 1796 1804 ergo
1824 1770 1885 1806 pari

1041 1810 1147 1838 ratione
1169 1814 1282 1847 propter
1303 1811 1432 1840 unionem
1463 1812 1505 1840 sui
1527 1812 1563 1840 ad
1591 1821 1704 1842 carnem
1733 1814 1883 1850 patientem

1041 1864 1152 1885 necesse
1174 1857 1243 1891 fuit,
1265 1865 1325 1886 eam
1349 1858 1413 1895 pati.

1119 1904 1171 1932 San
1191 1912 1315 1933 comnis:

1039 1950 1149 1987 plenam
1179 1951 1386 1980 conversionem
1410 1952 1524 1981 rationis
1550 1953 1585 1981 ad
1609 1953 1697 1982 Deum
1725 1954 1883 1984 abstractus

1039 1996 1091 2025 fuit
1111 1997 1223 2025 omnino
1244 2005 1259 2025 a
1281 1997 1457 2034 passionibus
1478 2002 1505 2027 et
1526 1999 1755 2028 delectationibus
1777 2001 1881 2036 carnis,

1039 2043 1111 2072 sicut
1125 2044 1183 2080 ipse
1195 2044 1292 2073 dicit⁶z
1308 2044 1421 2078 Nescio,
1436 2049 1538 2074 utrum
1553 2046 1583 2074 in
1599 2054 1728 2083 corpore,
1744 2055 1782 2075 an
1796 2051 1881 2077 extra

1038 2098 1161 2127 eorpus‚·
1175 2090 1223 2119 sed
1239 2091 1367 2128 superior
1379 2091 1469 2128 portio
1483 2091 1598 2120 rationis
1610 2092 1636 2120 in
1648 2092 1757 2121 Christo
1769 2093 1881 2122 omnino

1038 2137 1089 2165 fuit
1104 2137 1137 2165 ad
1162 2137 1249 2166 Deum
1265 2145 1410 2166 conversa:
1433 2146 1500 2175 ergo
1519 2138 1643 2172 videtur,
1664 2139 1738 2176 quod
1762 2139 1830 2168 nibil
1845 2140 1880 2169 de

1038 2184 1185 2213 afflictione
1205 2184 1297 2213 carnis
1318 2184 1460 2213 sentiebat.

1116 2232 1142 2259 2.
1165 2231 1244 2265 ltem,
1263 2242 1277 2256 «
1291 2231 1430 2259 contraria
1452 2239 1504 2259 non
1521 2235 1636 2269 possunt
1657 2240 1717 2261 esse
1734 2233 1759 2261 in
1781 2233 1879 2262 eodem

1036 2280 1064 2306 et
1085 2277 1240 2306 secundum
1262 2277 1335 2306 idem
1350 2277 1358 2291 ⁷
1373 2288 1405 2312 »ς
1425 2277 1474 2306 sed
1503 2278 1637 2315 gaudium
1659 2283 1686 2307 et
1707 2279 1786 2307 dolor
1814 2283 1878 2308 sunt

1036 2321 1194 2352 affectiones
1208 2324 1377 2352 contrariae:
1394 2332 1460 2361 ergo
1471 2324 1492 2353 si
1509 2324 1636 2353 Christus
1647 2326 1801 2354 secundum
1819 2334 1880 2362 por-

1037 2370 1138 2399 tionem
1161 2370 1275 2398 rationis
1296 2370 1468 2407 superiorem
1488 2371 1616 2399 continue
1638 2371 1790 2408 gaudebat,
1811 2380 1877 2409 ergo

1037 2416 1156 2450 videtur,
1176 2416 1252 2452 quod
1271 2416 1424 2445 secundum
1441 2416 1516 2444 illam
1538 2417 1661 2445 dolorem
1679 2425 1730 2445 non
1753 2419 1878 2455 experie-

1036 2462 1119 2490 batur
1140 2470 1190 2490 nec
1211 2462 1354 2491 sentiebat.

1114 2508 1139 2536 3.
1163 2508 1241 2542 item,
1265 2508 1384 2537 «albius
1399 2512 1440 2537 est
1461 2510 1535 2546 quod
1558 2514 1599 2538 est
1615 2511 1693 2548 nigro
1716 2511 1876 2548 impermix-

1036 2554 1154 2585 tius⁸»;
1175 2562 1241 2591 ergo
1267 2554 1312 2583 ubi
1334 2559 1376 2583 est
1390 2563 1532 2584 summum
1548 2557 1698 2593 gaudium,
1720 2557 1755 2586 ibi
1782 2558 1876 2587 nullus

202 2689 206 2703 ¹
225 2688 281 2711 Cod.
299 2689 314 2710 Z
331 2688 394 2710 uddit
410 2688 450 2711 sic.
469 2688 572 2710 Proxime
591 2692 641 2715 post
659 2695 700 2715 pro
717 2687 802 2717 attingi
824 2688 886 2710 multi
910 2687 977 2710 codd.

138 2728 221 2750 liabent
238 2727 343 2757 atlinqil,
363 2733 462 2756 quorum
480 2727 610 2755 complures
622 2728 689 2749 etiam
703 2726 800 2749 subinde
812 2728 917 2749 omittunt
928 2733 977 2756 per.

199 2767 209 2781 ²
225 2766 269 2789 Cir.
287 2773 356 2794 supra
375 2766 397 2788 d.
418 2766 451 2788 ¹5.
469 2773 489 2788 a.
508 2767 528 2788 2.
546 2772 568 2794 q.
587 2766 607 2788 ἱ).
624 2778 655 2781 -
672 2765 740 2787 Paulo
765 2767 871 2793 superius
894 2772 935 2793 pro
954 2767 979 2788 itt

137 2806 251 2828 naturam
268 2805 319 2827 cod.
337 2805 353 2827 C
371 2805 396 2827 u!
413 2805 502 2827 natura
518 2805 564 2832 est,
584 2804 637 2826 edd.
660 2804 682 2829 Ι,
696 2804 709 2826 2
721 2803 856 2826 sensitivam
866 2813 875 2832 ,-
893 2805 913 2826 in
928 2804 977 2827 Vnt.

138 2845 219 2872 legitur
236 2849 283 2866 non
301 2844 404 2870 tantum,
424 2846 446 2865 vt
463 2842 545 2864 deiude
562 2841 602 2864 aad
617 2841 747 2865 securatam
764 2842 879 2865 rationem
897 2842 977 2865 delibe—

137 2882 238 2905 vaticam
255 2886 312 2909 ete-,3
331 2882 352 2903 in
369 2881 421 2903 edd.
443 2881 466 2908 1,
485 2881 498 2902 ‘2
515 2886 537 2902 et
553 2880 604 2902 eod.
623 2880 641 2902 Χ
654 2880 783 2903 secundum
795 2880 911 2903 rationem
923 2887 977 2903 cero

136 2918 311 2942 ‹lencm-aticum
328 2922 370 2941 etc.

199 2957 209 2972 ³
225 2958 341 2986 Damaso,
360 2958 392 2980 ΙΙΙ.
410 2958 438 2980 de
457 2958 509 2979 Fide
526 2957 616 2980 ortliod.
634 2964 652 2979 c.
670 2958 691 2979 (i.
709 2961 730 2979 et
752 2957 784 2978 153,
802 2956 846 2979 Cir.
864 2963 933 2985 supra
947 2958 976 2979 lit.

137 2997 235 3025 Magistri
253 2997 276 3019 d.
294 2998 316 3019 ΙΙ.
334 3004 353 3020 ι’,
375 2998 392 3019 l.

1098 2687 1106 2702 ⁴
1124 2688 1181 2710 Vide
1200 2688 1221 2709 ΙΙ.
1240 2688 1300 2710 Sent.
1318 2688 1347 2710 lit.
1366 2688 1478 2716 Magistri,
1497 2689 1518 2710 d.
1537 2689 1604 2711 ΧΧΙΙ4
1623 2696 1642 2711 (’.
1660 2690 1680 2711 3.
1698 2696 1759 2718 seq,
1777 2697 1874 2712 necnon

1034 2725 1161 2748 comment.
1179 2726 1233 2748 ibid.
1251 2733 1271 2748 u.
1294 2727 1309 2748 Ι.
1328 2733 1349 2754 q.
1369 2727 1388 2748 ⁶2.
1407 2733 1454 2755 seq.
1472 2726 1516 2748 Cir.
1533 2728 1599 2749 etiam
1613 2727 1642 2749 lit.
1655 2728 1765 2755 Magistri.
1779 2729 1801 2750 ll.
1814 2729 1873 2751 Seni.

1034 2765 1056 2787 d.
1075 2765 1156 2787 XXlV.
1175 2772 1193 2787 c.
1212 2765 1276 2792 413,
1293 2768 1316 2787 et
1332 2765 1458 2787 Comment.
1476 2765 1530 2788 ibid.
1549 2772 1571 2793 p.
1589 2766 1602 2788 Ι.
1620 2772 1640 2788 a.
1658 2767 1678 2788 2.
1697 2773 1718 2795 q.
1737 2767 1757 2789 2.
1776 2774 1802 2789 nc
1816 2774 1838 2795 p.
1852 2768 1873 2790 ΙΙ.

1035 2810 1076 2831 per
1094 2806 1170 2826 tonum.
1188 2816 1219 2820 —
1237 2804 1258 2826 ln
1276 2804 1320 2826 tine
1337 2811 1386 2832 arg.
1407 2810 1448 2832 pro
1465 2810 1577 2833 suprema
1595 2805 1648 2827 cdd.
1663 2805 1787 2834 superiori.

1096 2842 1106 2857 ⁵
1122 2842 1178 2865 eod.
1196 2843 1210 2864 F
1229 2849 1349 2870 perpetum
1367 2842 1472 2872 inferior.
1554 2840 1557 2842 ’

1095 2881 1104 2895 ⁰
1122 2881 1189 2908 Epist.
1208 2881 1230 2903 ΙΙ.
1248 2880 1298 2903 Cor.
1321 2882 1358 2907 ¹2,
1376 2882 1396 2903 2.

1094 2919 1104 2934 ⁷
1121 2919 1252 2941 Secundum
1270 2920 1371 2947 Ariston,
1389 2919 1418 2942 de
1435 2926 1481 2949 quo
1499 2920 1551 2943 tide
1568 2927 1636 2949 supra
1650 2928 1702 2949 pag.
1717 2922 1758 2949 85,
1772 2925 1822 2944 notu
1839 2923 1873 2945 t0.

1032 2970 1064 2975 —
1081 2959 1122 2980 Pro
1139 2964 1187 2980 non
1201 2960 1302 2987 possunt
1317 2964 1366 2981 esse
1382 2959 1435 2981 edd.
1452 2964 1500 2982 non
1515 2961 1614 2988 possunt
1630 2960 1703 2983 sintii!
1718 2966 1774 2983 esse.

1095 2996 1105 3011 ⁸
1121 2997 1224 3025 Aristot,
1241 2997 1271 3019 iii.
1290 2997 1369 3025 'l'opic.
1387 3003 1406 3020 c.
1425 2997 1445 3019 4.
1463 2998 1492 3026 (e.
1510 2997 1549 3025 5.).

1348 1906 1371 1932 i.
1401 1905 1502 1934 Paulus
1531 1906 1557 1934 in
1580 1910 1662 1943 raptu
1690 1915 1741 1935 suo
1769 1911 1882 1945 propter
1896 1922 1925 1941 Aa
1938 1928 2014 1946 ow...

1932 1948 1969 1964 tum
