2166 3366
100 1695 234 1713 Fundamenta.

252 200 305 227 186
885 220 886 223 .
927 199 1179 229 SENTENTlARUM
1200 200 1260 228 Ltss.
1282 200 1321 228 111.

247 277 369 314 capitulo
385 276 551 305 duodecimo
562 276 585 303 ¹:
604 287 616 301 «
629 276 802 310 Theotocon,
818 276 844 305 id
861 280 902 305 est
917 277 964 305 Dei
982 277 1092 313 genitri-

247 332 323 356 cem,
339 332 404 352 vere
426 327 452 352 et
467 323 658 361 principaliter
680 327 802 351 sanctam
820 324 933 351 Mariam
950 324 1091 360 Virginem

247 371 443 407 praedicamus
466 380 496 403 »3
526 370 572 398 sed
601 370 704 398 «Deus
731 373 772 398 est
800 378 899 399 nomen
930 374 1046 399 naturae
1060 381 1090 398 »z

247 424 313 453 ergo
328 416 410 453 Virgo
432 416 518 443 Maria
532 416 585 444 erit
606 415 727 453 genitrix
748 416 858 445 divinae
880 419 1008 445 naturae:
1025 424 1092 453 ergo

247 463 340 491 divina
361 466 461 491 natura
483 466 524 492 est
545 466 610 491 nata
632 464 665 492 de
689 463 808 500 Virgine.

325 510 350 538 3.
373 510 454 544 ltem,
477 510 690 547 expressissime
718 510 888 547 Augustinus
910 511 944 540 de
971 511 1034 539 Fide
1056 511 1091 539 ad

246 557 389 586 Petrum²z
418 557 550 586 «Natura
571 560 684 586 aeterna
705 562 788 595 atque
811 557 905 587 divina
922 566 976 586 non
999 561 1092 595 posset

247 604 436 641 temporaliter
465 605 571 641 concipi
594 608 620 633 et
642 605 715 633 nasci
744 605 794 633 nisi
817 605 972 633 secundum
1001 612 1101 633 susce.

244 651 365 688 ptionem
396 651 520 680 veritatis
549 652 689 680 humanae
708 663 738 680 »:
768 660 834 689 ergo
863 653 987 686 videtur,
1016 652 1090 689 quod

245 706 309 727 vere
338 703 364 727 et
395 699 508 735 proprie
530 699 629 727 debeat
661 699 714 728 dici
744 703 875 736 concepta
907 703 933 728 et
965 702 1028 727 nata
1056 699 1091 728 de

244 746 364 783 Virgine.

323 793 348 821 li..
382 793 466 827 ltem,
495 793 647 821 incarnatio
675 793 822 821 ordinatur
850 793 884 821 ad
918 794 1090 821 nativitatem

244 840 371 868 -unde
399 843 426 868 et
458 848 576 876 persona
598 840 680 868 Verbi
711 840 771 868 ideo
793 843 856 868 uata
885 844 941 874 est,
967 840 1032 877 quia
1055 840 1092 868 in-

243 890 356 915 carnata
372 903 408 906 —
424 886 471 914 sed
501 886 678 920 conceditur,
707 887 782 923 quod
805 886 899 915 divina
926 891 1028 914 natura
1056 886 1091 914 sit

243 934 398 968 incarnata,
414 937 445 962 ut
461 934 586 962 habitum
610 937 651 962 est
667 942 753 971 supra
772 934 948 962 distinctione
964 934 1088 971 quinta³:

243 989 309 1018 ergo
330 986 357 1009 et
378 981 490 1010 concedi
514 981 608 1015 debet,
630 981 703 1018 quod
728 981 763 1010 sit
784 982 818 1010 de
840 982 952 1019 Virgine
974 985 1046 1010 nata.

323 1029 348 1057 5.
372 1029 450 1063 item,
472 1036 616 1057 assumere
632 1036 742 1056 carnem
768 1029 835 1056 1111111
851 1029 927 1057 aliud
949 1032 990 1057 est
1006 1037 1089 1066 quam

243 1076 316 1105 nasci
342 1076 367 1104 in
389 1079 485 1110 utero,
507 1076 554 1104 sed
579 1076 646 1104 baec
661 1076 831 1110 conceditur,
847 1076 921 1113 quod
939 1075 1032 1104 divina
1048 1084 1091 1104 na-

245 1126 306 1151 tura
321 1123 453 1151 assumsit
468 1130 579 1151 carnem
601 1122 635 1151 de
658 1122 769 1160 Virgine
785 1123 807 1150 ⁴:
824 1130 890 1159 ergo
912 1123 1024 1151 concedi
1047 1123 1091 1151 de-

244 1170 303 1204 bet,
320 1170 393 1207 quod
410 1173 474 1197 nata
496 1169 580 1198 fuerit
604 1170 628 1197 in
652 1173 732 1198 utero
754 1169 883 1207 Virginis.
899 1170 951 1198 Sed
974 1170 1007 1198 ad
1025 1170 1091 1198 nati-

244 1208 354 1244 vitatem
372 1217 398 1244 in
416 1219 494 1244 utero
516 1216 698 1253 subsequitur
720 1216 849 1244 nativitas
864 1225 899 1244 ex
916 1220 1009 1245 utero:
1024 1224 1090 1253 ergo

243 1263 265 1291 si
291 1263 385 1292 divina
407 1267 507 1291 natura
529 1266 593 1291 nata
618 1263 670 1290 suit
693 1263 718 1290 in
742 1263 861 1299 Virginis
884 1266 979 1298 utero,
1002 1264 1091 1301 sequi-

244 1313 304 1345 tur,
326 1311 400 1348 quod
423 1310 507 1338 suerit
529 1314 592 1338 nata.
614 1318 650 1338 ex
673 1310 793 1346 Virginis
815 1313 903 1338 utero.

322 1358 347 1389 6.
371 1358 451 1391 Item,
474 1357 561 1393 magis
583 1361 714 1385 consonat
736 1357 846 1385 divinae
869 1361 985 1386 naturae
1006 1357 1092 1385 'uctscz'

242 1405 276 1433 de
299 1405 422 1441 Virgine,
452 1412 535 1441 quam
556 1403 622 1441 poli
644 1404 789 1432 conveniat
818 1404 931 1438 virtuti,
962 1408 988 1432 et
1010 1404 1091 1441 insir-

243 1452 323 1480 nzctrl
350 1451 495 1480 conveniat
524 1450 696 1485 fortitudini;
725 1451 773 1479 sed
804 1451 988 1480 Bernardus⁵
1011 1452 1090 1486 dicit,

242 1499 316 1536 quod
344 1510 356 1525 a
368 1499 394 1527 in
418 1499 465 1526 illa
482 1498 581 1527 unione
603 1498 654 1526 fuit
670 1498 803 1526 fortitudo
827 1498 1007 1526 infirmatam
1024 1506 1090 1535 ergo

243 1546 330 1575 multo
352 1546 451 1574 fortius
473 1546 585 1575 concedi
609 1546 703 1580 debet,
726 1546 848 1574 divinam
873 1549 1000 1574 naturam
1030 1553 1090 1574 esse

242 1596 335 1622 natam
357 1593 391 1622 de
413 1593 532 1630 Virgine.

321 1640 373 1668 SED
389 1648 510 1669 coiv‘ruix:
530 1642 553 1668 l.
570 1641 768 1674 Damascenus,
784 1640 855 1668 libro
871 1640 1003 1677 quartos’:
1021 1650 1033 1665 «
1045 1640 1091 1668 Co-

241 1688 416 1725 gnoscimus,
439 1687 513 1724 quod
537 1688 621 1715 nasei
643 1696 695 1715 non
718 1690 760 1715 est
783 1690 912 1721 naturae,
935 1687 984 1715 sed
1008 1687 1091 1723 hypo-

242 1737 322 1765 stasis
337 1746 367 1763 »t
391 1744 457 1772 ergo
479 1735 552 1763 nasci
576 1735 610 1763 de
633 1735 746 1771 Virgine
767 1737 884 1762 naturae
907 1742 960 1763 non
983 1741 1091 1771 compe-

243 1783 291 1817 tit,
313 1783 361 1812 sed
384 1782 474 1811 solum
498 1790 641 1819 personae.

321 1832 346 1859 ²2.
369 1830 451 1864 Item,
475 1829 597 1858 nobilior
614 1832 640 1857 et
663 1829 738 1866 prior
759 1832 801 1857 est
822 1829 951 1857 nativitas
977 1832 1090 1857 aeterna

242 1885 325 1915 quam
350 1877 523 1914 temporalis,
540 1877 588 1905 sed
604 1876 698 1905 divina
719 1879 820 1904 natura
835 1884 888 1904 non
911 1876 1014 1904 dicitur
1029 1883 1089 1904 esse

242 1928 305 1952 nata
328 1927 440 1961 propter
464 1923 519 1951 Filii
537 1923 708 1951 nativitatem
731 1927 887 1957 aeternam,
903 1926 934 1951 ut
956 1923 981 1950 in
998 1923 1090 1960 primo

242 1971 313 2000 libro
327 1971 335 1984 ⁷
358 1974 501 1999 ostensum
523 1974 578 1999 est:
602 1978 668 2007 ergo
697 1970 785 1998 multo
809 1970 901 1998 minus
931 1978 984 1998 non
1007 1970 1090 1998 debet

243 2018 296 2047 dici
318 2021 381 2046 nata
404 2021 517 2054 propter
539 2017 720 2054 temporalem
743 2017 923 2045 nativitatem.

322 2064 347 2093 3.
371 2065 450 2098 ltem,
480 2064 648 2101 cuicumque
677 2064 807 2100 competit
837 2064 930 2098 nasci,
959 2064 1090 2101 competit

242 2119 301 2139 esse
315 2110 351 2139 ab
374 2110 465 2144 ctllo⁸;
487 2110 535 2139 sed
551 2110 661 2139 divinae
676 2115 793 2138 naturae
810 2118 863 2138 non
886 2110 1017 2147 competit
1032 2119 1090 2138 esse

242 2158 279 2186 eth
294 2158 367 2186 allo:
390 2166 456 2195 ergo
473 2158 566 2186 divina
582 2161 682 2186 natura
701 2165 750 2186 nec
766 2157 943 2186 aeternaliter
959 2165 1009 2186 nec
1025 2162 1090 2186 tem-

244 2205 375 2241 poraliter
397 2205 479 2233 debet
501 2205 554 2233 dici
577 2207 649 2232 nata.

320 2252 346 2280 lt.
370 2252 452 2285 Item,
481 2252 649 2288 cuicumque
677 2251 809 2288 competit
837 2252 931 2285 nasci,
960 2252 1091 2288 competit

1150 278 1220 306 ratio
1242 278 1398 307 filiationis:
1428 287 1494 316 ergo
1522 279 1544 308 si
1567 279 1660 308 divina
1688 283 1789 309 natura
1810 281 1913 310 dicitur
1933 290 1994 311 esse

1150 328 1214 352 nata
1228 325 1263 353 de
1279 326 1403 362 Virgine,
1425 326 1519 354 divina
1536 330 1635 355 natura
1657 327 1776 356 dicitur⁹
1794 327 1851 356 filia
1866 329 1994 365 Virginis.

1230 373 1255 399 5.
1278 372 1359 407 ltem,
1388 373 1460 401 sicut
1485 380 1515 401 se
1544 373 1647 402 habent
1675 374 1860 410 proprietates
1885 375 1995 404 divinae

1150 422 1267 447 naturae
1287 419 1322 447 ad
1346 420 1511 453 humanam,
1533 420 1572 448 sic
1594 420 1777 457 proprietates
1798 421 1938 451 humanae
1959 423 1995 451 ad

1150 465 1289 500 divinam,
1311 466 1360 494 sed
1389 466 1458 495 haec
1479 470 1520 495 est
1541 467 1705 504 simpliciter
1727 468 1813 496 falsa:
1835 468 1995 498 humanitas

1149 512 1176 540 in
1198 512 1307 541 Christo
1328 516 1370 542 est
1390 517 1515 542 aeterna:
1542 522 1609 550 ergo
1638 518 1665 542 et
1687 514 1749 543 ista:
1779 515 1873 543 divina
1895 519 1995 544 natura

1149 558 1176 586 in
1198 558 1307 587 Christo
1328 563 1369 588 est
1391 560 1425 588 de
1447 560 1559 597 Virgine
1581 564 1653 589 nata.

1229 607 1254 634 6.
1276 606 1358 641 ltem,
1374 607 1448 643 quod
1465 608 1588 636 nascitur
1603 616 1639 636 ex
1655 608 1749 645 aliquo
1763 612 1804 637 est
1819 612 1920 637 natura
1934 618 1995 638 con-

1146 653 1244 681 formis
1266 661 1328 681 cum
1345 661 1389 688 eo,
1412 662 1448 682 ex
1463 663 1518 690 quo
1539 655 1663 684 nascitur
1674 656 1704 683 ¹⁰:
1718 655 1739 683 si
1755 664 1821 692 ergo
1842 656 1936 684 divina
1951 665 1995 685 na-

1148 702 1212 728 tura
1233 703 1297 728 nata
1318 704 1359 728 est
1381 701 1415 729 de
1436 701 1561 738 Virgine,
1583 701 1707 736 videtur,
1729 703 1803 739 quod
1829 703 1923 731 divina
1951 711 1995 731 na-

1150 750 1212 774 tura
1233 750 1260 775 et
1281 747 1365 784 Virgo
1379 747 1464 775 Maria
1486 748 1540 776 sint
1560 748 1685 777 eiusdem
1706 752 1836 784 naturae;
1858 749 1933 787 quod
1953 753 1995 778 est

1147 793 1248 822 falsum
1271 797 1298 822 et
1320 794 1498 831 impossibile.

1467 896 1679 918 CONCLUSIO.

1206 981 1365 1010 Praedicta
1387 982 1492 1011 locutio
1513 982 1546 1011 ob
1569 983 1710 1020 duplicem
1734 992 1857 1012 eausam
1878 993 1937 1013 non

1470 1030 1547 1058 (lebet
1569 1031 1668 1067 recipi.

1227 1124 1406 1153 Hesperium:
1429 1125 1596 1159 Dicendum,
1625 1126 1713 1162 quod,
1735 1126 1807 1154 sicut
1828 1126 1894 1154 dicit
1915 1125 1995 1162 Magi-

1148 1175 1205 1200 ster
1228 1172 1253 1199 in
1282 1171 1418 1206 littera¹¹,
1441 1171 1509 1200 haec
1530 1180 1584 1200 non
1614 1172 1748 1209 recipitur
1780 1176 1911 1210 tanquam
1933 1180 1995 1210 pro·
2007 1180 2114 1200 Conclusio.

1148 1218 1223 1254 pria:
1247 1218 1341 1246 divina
1358 1222 1459 1246 natura
1480 1222 1522 1247 est
1536 1219 1570 1248 de
1594 1219 1705 1256 Virgine
1726 1223 1798 1248 nata.
1815 1220 1845 1248 Et
1868 1220 1919 1248 boc
1934 1227 1995 1256 pro-

1149 1268 1210 1302 pter
1238 1265 1308 1299 (luo,
1337 1265 1464 1294 videlicet
1492 1269 1606 1303 propter
1635 1266 1776 1294 vitandam
1804 1266 1993 1295 confusionem

1149 1312 1350 1348 proprietatum
1367 1312 1571 1349 personalium
1597 1316 1623 1341 et
1649 1313 1852 1350 proprietatum
1872 1316 1995 1341 natara-

1149 1357 1221 1385 tiam
1251 1358 1308 1387 sire
1336 1359 1538 1392 essentialium,
1571 1367 1642 1396 quae
1670 1360 1726 1387 duo
1757 1360 1907 1396 praecipue
1929 1362 1994 1388 sunt

1147 1405 1324 1433 observanda
1345 1405 1419 1434 circa
1440 1413 1596 1434 sermonem
1620 1406 1788 1435 catholicum
1815 1411 1841 1435 et
1870 1406 1993 1436 veritatis

1148 1451 1212 1480 fidei
1235 1452 1439 1489 expressivum.
1455 1469 1493 1473 —
1508 1452 1564 1481 Non
1588 1453 1672 1490 igitur
1694 1454 1836 1491 recipitur,
1858 1454 1933 1491 quod
1956 1454 2062 1482 111-1111110
2076 1463 2108 1481 1.«

1149 1500 1212 1527 vina
1228 1502 1328 1527 natura
1343 1500 1377 1528 sit
1400 1503 1462 1528 nata
1484 1500 1518 1528 de
1534 1500 1659 1537 Virgine,
1675 1504 1790 1537 propter
1804 1501 1994 1529 confusionem

1145 1545 1368 1583 personalz'ttoi.;
1389 1551 1504 1584 propter
1525 1548 1599 1584 quod
1630 1548 1712 1575 etiam
1734 1556 1788 1576 non
1820 1548 1994 1582 conceditur,

1147 1593 1223 1630 quod
1245 1593 1280 1621 sit
1302 1598 1365 1621 nata
1387 1594 1421 1622 de
1444 1594 1530 1622 Patre.
1555 1594 1584 1622 Et
1606 1594 1657 1622 hoc
1679 1597 1721 1623 est
1746 1595 1821 1631 quod
1850 1595 1916 1623 dicit
1944 1595 1995 1623 Ma-

1148 1641 1234 1677 gister
1256 1641 1283 1669 in
1307 1641 1397 1669 littera
1410 1641 1441 1668 ¹⁹:
1464 1642 1567 1678 «Quae
1590 1650 1634 1670 res
1657 1650 1710 1669 non
1733 1645 1774 1670 est
1795 1642 1830 1670 de
1853 1642 1931 1670 Patre
1952 1649 1995 1678 ge-

1148 1689 1217 1722 nita,
1241 1696 1293 1716 non
1310 1688 1422 1716 videtur
1444 1689 1477 1716 de
1493 1689 1578 1717 Matre
1594 1692 1670 1719 nata:
1691 1696 1741 1717 nec
1759 1697 1802 1717 res
1816 1688 1909 1725 aliqua
1929 1688 1995 1717 filia-

1149 1735 1230 1763 tionis
1252 1743 1351 1763 nomen
1376 1735 1459 1763 habet
1487 1735 1513 1763 in
1536 1735 1723 1769 humanitate,
1750 1743 1820 1772 quae
1843 1735 1913 1764 illud
1941 1744 1994 1764 non

1147 1785 1238 1810 teneat
1259 1782 1285 1809 in
1309 1782 1493 1810 divinitate».

1227 1829 1341 1866 Propter
1366 1829 1504 1857 vitandam
1527 1830 1608 1858 etiam
1631 1830 1819 1858 confusionem
1843 1830 1994 1866 proprieta-
2008 1840 2062 1858 natio
2076 1840 2094 1858 »1.

1147 1880 1207 1904 tum
1231 1876 1417 1904 mattaratium
1441 1885 1493 1904 nou
1517 1876 1659 1913 recipitur.
1686 1876 1761 1905 Sicut
1782 1877 1856 1905 enim
1885 1877 1913 1905 in
1934 1877 1995 1905 bea-

1148 1923 1254 1951 tissima
1282 1923 1424 1951 Trt'nz'tctle
1449 1923 1593 1952 distinctae
1623 1927 1688 1952 sunt
1709 1932 1843 1961 personae
1872 1924 1907 1953 ad
1929 1924 1996 1952 invi-

1148 1977 1206 1998 cem
1229 1973 1255 1998 et
1277 1978 1375 1998 earum
1399 1970 1597 2007 proprietates3
1620 1971 1658 1999 sic
1685 1971 1711 1999 in
1735 1969 1849 1999 Christo
1878 1974 1995 1999 naturae

1147 2020 1212 2045 sunt
1234 2017 1378 2045 distinctae
1406 2017 1441 2045 ad
1472 2017 1589 2045 invicem
1612 2021 1639 2046 et
1667 2025 1765 2046 earum
1794 2017 1994 2054 proprietates,

1147 2063 1276 2099 quamvis
1298 2063 1462 2092 conveniant
1484 2064 1509 2092 in
1532 2064 1690 2101 supposit03
1712 2068 1738 2093 et
1753 2064 1815 2093 ideo
1837 2064 1993 2101 proprietas

1147 2110 1231 2138 unius
1253 2114 1369 2138 naturae
1391 2118 1443 2138 non
1463 2110 1545 2139 debet
1560 2110 1578 2125 ¹³
1599 2111 1753 2148 praedicari
1783 2111 1817 2140 de
1839 2111 1926 2140 altera
1948 2119 1994 2139 na-

1147 2161 1211 2186 tura
1233 2158 1259 2185 in
1282 2158 1467 2186 abstractione
1488 2158 1681 2193 considerata,
1710 2166 1744 2187 ne
1765 2166 1801 2187 ex
1824 2159 1875 2187 hoc
1897 2158 1994 2186 intelli-

1147 2207 1242 2241 gatur,
1264 2204 1338 2241 quod
1361 2205 1455 2233 divina
1476 2208 1576 2233 natura
1605 2208 1631 2233 et
1654 2205 1777 2233 humana
1799 2205 1853 2233 sint
1877 2212 1933 2233 una
1954 2212 1994 2233 es-

1147 2252 1243 2280 sentia.
1266 2251 1345 2288 Quod
1368 2252 1441 2280 enim
1469 2252 1647 2288 praedicatur
1669 2252 1702 2280 de
1731 2251 1819 2280 altero
1840 2251 1867 2279 in
1889 2251 1994 2280 abstra-

306 2409 312 2423 1
332 2410 363 2431 Dc
381 2409 434 2431 Fide
452 2409 541 2431 orthod.
561 2422 590 2425 —
610 2409 683 2431 Verba
704 2409 765 2432 Deus
777 2411 906 2432 estnoinen
925 2411 1026 2433 mzturae
1038 2413 1090 2432 sunt

242 2448 371 2470 secundum
388 2448 493 2470 Ambros.
512 2449 535 2477 (l.
554 2449 583 2471 de
601 2449 655 2471 Fide
679 2449 709 2471 ad
725 2450 824 2472 Gratiam.
850 2457 869 2471 c.
892 2450 908 2472 l.
929 2456 948 2472 n.
967 2450 1007 2477 7.),
1027 2452 1050 2472 ut
1068 2450 1089 2471 iu

243 2487 272 2509 lit.
292 2488 402 2515 Magistri,
422 2488 435 2509 Ι.
454 2488 514 2510 Sent.
534 2488 554 2510 d.
574 2488 596 2509 ll.
615 2494 633 2510 c.
654 2487 673 2510 li.
692 2489 795 2511 refertur.

304 2526 313 2541 ²
331 2527 385 2555 Cap.
406 2528 426 2549 2.
446 2534 465 2549 11.
489 2527 520 2549 14.
541 2527 598 2549 Vide
625 2528 661 2549 1110
687 2528 716 2549 lit.
743 2528 855 2556 Magistri,
882 2535 900 2550 e.
923 2529 940 2550 1.
957 2541 989 2544 -
1007 2529 1027 2550 111
1047 2528 1090 2550 tine

243 2567 363 2588 testimonii
382 2567 440 2589 allati
459 2566 525 2588 codd.
545 2567 562 2588 1<
574 2567 589 2588 Z
609 2567 659 2589 voci
678 2566 798 2589 humanae
816 2568 963 2595 praemittunt
980 2568 1089 2590 naturae.

304 2605 314 2620 ³
331 2607 377 2628 Art.
400 2606 416 2628 1.
436 2612 457 2634 q.
476 2605 496 2627 5.

306 2644 315 2658 ⁴
331 2644 375 2667 Csr.
394 2651 464 2672 supra
481 2645 503 2667 d.
522 2645 543 2667 5.
562 2652 582 2667 a.
604 2646 621 2667 1.
639 2651 660 2674 q.
689 2646 705 2666 l.
724 2645 755 2667 De
783 2645 926 2668 distinctione
952 2647 1091 2668 nativititatis

243 2683 266 2706 in
286 2685 350 2706 utero
368 2687 390 2705 et
407 2690 437 2706 ew
456 2685 522 2707 atrro
540 2684 593 2706 vide.
611 2690 680 2712 supra
700 2684 720 2706 d.
740 2685 760 2706 3.
774 2691 796 2712 p.
816 2685 831 2706 l.
848 2691 867 2707 a.
886 2686 902 2707 l.
920 2692 942 2714 q.
965 2686 982 2707 1.
1000 2692 1047 2714 seq.
1060 2697 1091 2701 —

243 2722 299 2744 Edd.
318 2723 424 2745 omittunt
440 2722 467 2745 tle
489 2722 589 2752 Virytne.

305 2761 314 2775 ⁵
332 2762 411 2783 llomil.
431 2763 451 2784 2.
470 2768 540 2789 super
558 2762 646 2785 illissus
670 2764 716 2791 est,
737 2769 758 2785 n.
778 2764 803 2785 9:
825 2763 919 2791 Videas,
938 2764 956 2785 si
974 2763 1088 2789 attendas.

244 2801 367 2827 potentiam
385 2802 446 2829 regi,
465 2802 599 2828 sapientiam
619 2802 721 2824 instrui...
748 2802 903 2824 fortitudinem
925 2803 1042 2824 infirmari.
1061 2815 1091 2818 »—

245 2840 285 2861 t‘ro
303 2839 441 2862 Bel-nardus
458 2840 525 2862 codd.
545 2841 573 2861 W
584 2840 604 2862 X
619 2840 756 2870 Greqorz'us.
771 2841 821 2863 Post
831 2840 945 2870 fortitudo
958 2841 1010 2863 edd.
1023 2841 1091 2863 subii-

244 2879 305 2901 ciunt
321 2878 408 2901 [licina.

305 2917 314 2932 ⁶
333 2918 365 2939 Dc
383 2918 435 2939 Fido
453 2919 542 2940 ortiiod.
561 2925 579 2941 c..
597 2919 618 2940 7.

305 2956 314 2970 ⁷
333 2956 384 2978 Dist.
403 2956 424 2978 5.
442 2963 462 2978 a.
481 2957 502 2978 2.
520 2963 540 2985 q.
565 2957 580 2978 Ι.
599 2969 628 2972 -
647 2958 667 2978 111
694 2957 781 2980 nzm'orl
808 2959 855 2980 Vat.
882 2957 967 2981 melior
991 2964 1033 2986 pro
1050 2964 1092 2980 no-

244 2993 320 3017 bilior.

1209 2409 1218 2424 8
1235 2410 1304 2437 Nam,
1323 2413 1346 2432 ut
1363 2410 1460 2435 Aristot„
1478 2410 1501 2432 11.
1528 2410 1555 2432 de
1582 2411 1674 2437 Anima,
1702 2412 1753 2432 text.
1776 2409 1812 2431 47.
1831 2409 1858 2435 (e.
1878 2408 1908 2437 4.)
1927 2409 1992 2437 dicit,

1151 2458 1160 2469 ιι
1171 2453 1265 2477 generat
1281 2453 1358 2472 autem
1376 2450 1429 2472 1111111
1448 2451 1524 2477 ipsum
1550 2456 1574 2472 se
1591 2451 1668 2477 ipsum
1682 2458 1703 2471 ιι.
1720 2461 1752 2465 -
1768 2449 1790 2471 111
1813 2449 1857 2470 sino
1878 2455 1927 2476 arg.
1951 2454 1993 2476 pro

1147 2488 1211 2512 [lebet
1228 2489 1278 2511 cod.
1297 2490 1313 2511 A
1332 2489 1447 2511 substituit
1464 2490 1559 2518 oportet.

1209 2528 1219 2541 ⁹
1236 2528 1291 2551 Cod.
1310 2529 1327 2550 U
1344 2528 1435 2550 subiicit
1451 2534 1507 2551 esse.
1524 2540 1556 2544 —
1573 2527 1617 2551 Csr.
1636 2528 1673 2550 de
1690 2529 1733 2549 hoe
1758 2534 1806 2556 arg.
1826 2528 1861 2549 hie
1878 2528 1908 2549 lit.
1926 2527 1992 2555 Magi-

1147 2569 1198 2596 stri,
1217 2575 1236 2590 c.
1258 2569 1275 2590 1.
1795 2567 1799 2571 “

1210 2606 1228 2621 ¹⁰
1246 2607 1360 2629 Generare
1377 2607 1451 2634 enim,
1465 2610 1488 2628 ut
1501 2607 1599 2634 aristot„
1618 2606 1640 2628 ll.
1659 2606 1687 2628 de
1699 2606 1791 2634 Anima,
1805 2608 1856 2627 text.
1869 2604 1905 2627 34.
1919 2604 1947 2633 (e.
1961 2603 1992 2633 4.)

1147 2645 1221 2673 docety
1243 2654 1253 2665 ιι
1267 2649 1300 2668 est
1318 2646 1392 2667 facere
1410 2645 1471 2667 aliud
1489 2646 1555 2674 quale
1573 2646 1684 2673 ipsum».
1703 2644 1746 2667 Csr.
1765 2650 1834 2672 supra
1853 2644 1874 2665 d.
1893 2643 1913 2665 4.
1932 2649 1951 2665 a.
1974 2644 1991 2665 1.

1148 2692 1169 2714 q.
1192 2686 1209 2708 1.
1227 2691 1275 2713 seq.
1293 2688 1314 2707 ot
1332 2685 1387 2708 dub.
1405 2686 1426 2707 2.

1211 2724 1227 2738 1¹
1248 2725 1287 2746 Hic
1305 2731 1323 2746 c.
1347 2725 1363 2746 1.
1381 2737 1412 2740 -
1428 2725 1537 2752 ltioxpro
1560 2725 1675 2754 tauquam
1692 2723 1792 2753 propria
1806 2723 1855 2745 Vat.
1876 2729 1928 2745 cum
1947 2729 1991 2745 non

1148 2764 1227 2791 paucis
1244 2763 1310 2785 codd.
1329 2770 1424 2785 erronee
1442 2765 1556 2793 tunquam
1573 2762 1714 2793 improprie.

1212 2802 1229 2816 ¹2
1246 2803 1286 2824 Hi(-
1304 2809 1323 2824 c.
1346 2803 1368 2831 l,
1387 2802 1425 2824 ubi
1444 2806 1516 2825 textus
1534 2803 1615 2830 origin.
1633 2808 1655 2825 et
1672 2803 1720 2824 Vat.
1734 2808 1775 2829 pro
1787 2808 1829 2825 nec
1846 2808 1906 2824 res...
1924 2800 1992 2824 habel

1147 2841 1254 2863 exhibent
1270 2848 1299 2864 πε
1323 2847 1384 2864 res...
1410 2841 1500 2864 habeat.
1526 2841 1628 2864 Subinde
1654 2847 1695 2869 pro
1721 2842 1798 2864 tenent
1821 2841 1871 2863 cod.
1890 2841 1908 2863 G
1925 2841 1991 2863 tenet.

1147 2892 1179 2896 -—
1197 2880 1265 2902 Paulo
1283 2882 1389 2908 superius
1408 2885 1459 2908 post
1476 2881 1503 2903 αἰ·
1524 2873 1660 2910 Vri-qine'ex
1683 2881 1731 2902 solo
1749 2880 1799 2902 eod.
1822 2881 1864 2908 bb,
1886 2883 1992 2903 contextu

1148 2920 1265 2947 exigente,
1284 2920 1445 2947 supplevimus
1460 2921 1557 2949 propter
1575 2918 1736 2948 confusionem
1752 2919 1916 2949 personalium
1932 2920 1992 2947 (pro-

1148 2959 1270 2986 prietatum
1288 2959 1422 2986 vitandam).

1213 2997 1232 3012 ¹³
1248 2997 1303 3020 Cod.
1322 2998 1341 3019 1<
1359 2999 1380 3020 et
1397 2997 1446 3020 ideo
1462 2997 1640 3027 proprietates...
1657 3003 1706 3020 non
1722 2998 1810 3021 debent.
