2166 3366
19 1015 150 1035 Fundamenta.

805 175 886 203 DlST.
910 175 938 202 11.
960 174 1033 202 ART.
1053 174 1071 202 Ι.
1093 174 1229 210 ΟΠΑΕΞΤ.
1253 174 1269 202 l.

1871 172 1906 201 37

893 312 1127 345 ARTICULUS
1153 312 1175 345 I.

565 430 604 458 De
624 434 739 458 natura
760 433 895 458 assumta
915 433 1059 468 quantum
1081 430 1121 458 acl
1142 429 1261 458 unionis
1283 429 1505 467 conyruz'tatem.

936 540 1098 577 QUAESTm
1120 540 1138 568 1.

291 651 394 680 Utrum
417 651 514 679 maior
535 651 574 679 sit
594 651 767 689 conyruz'tas
790 651 831 679 acl
850 651 987 679 unionem
1008 650 1039 678 in
1060 649 1206 679 rationali
1226 653 1369 678 creatura
1391 658 1480 687 qnam
1503 650 1533 678 in
1557 654 1612 678 toto
1634 650 1779 679 univer-50.

237 773 315 802 Circa
331 773 454 810 primum
467 773 505 802 sic
517 773 679 810 proceditur
693 777 720 802 et
735 773 889 810 quaeritur,
905 776 1000 801 utrum

159 820 247 849 maior
269 820 303 849 sit
324 820 484 857 congruitas
515 820 542 848 in
565 820 692 848 rationali
724 823 825 848 natura
857 828 941 857 quam
973 819 1001 847 in

158 870 214 896 toto
235 867 375 901 universo,
390 875 425 895 an
440 875 455 896 e
470 867 617 896 contrarie.
634 867 664 895 Et
679 866 753 904 quod
775 866 864 894 maior
885 866 920 894 sit
941 874 1002 894 con-

158 915 265 952 gruitas
286 914 314 943 in
336 914 463 943 rationali
484 917 593 948 natura,
615 913 745 942 videtur:

239 962 262 989 1.
284 961 389 996 Primo,
405 961 471 998 quia
485 961 559 990 Deus
580 960 713 989 assumsit
734 960 821 989 solam
837 960 1000 989 rationalem

157 1011 301 1037 naturam:
331 1007 353 1036 si
382 1015 449 1044 ergo
477 1007 551 1036 Deus
579 1014 690 1044 semper
717 1007 782 1035 facit
803 1007 879 1043 quod
901 1006 1001 1035 melius

156 1058 198 1084 est
218 1057 245 1083 et
267 1054 354 1091 magis
375 1062 546 1091 congruum,
561 1053 682 1088 videtur,
698 1053 773 1091 quod
788 1049 876 1082 maior
891 1054 926 1082 sit
940 1062 1002 1083 con-

157 1102 264 1139 gruitas
291 1101 319 1130 in
348 1101 475 1130 rationali
504 1105 605 1130 natura
632 1109 716 1138 quam
743 1101 770 1129 in
794 1104 849 1129 tota
872 1101 1001 1130 machina

157 1148 306 1178 mundana.

237 1196 263 1224 Ξ.
283 1195 365 1227 item,
386 1197 487 1223 natura
508 1198 600 1223 creata
621 1197 746 1223 assumta
760 1197 803 1223 est
817 1194 844 1222 in
865 1194 1000 1223 unitatem

158 1249 294 1280 personae
302 1252 310 1276 3
331 1244 358 1270 et
378 1241 453 1278 quod
476 1241 564 1278 magis
591 1241 723 1270 idoneum
743 1244 786 1270 est
806 1241 841 1269 ad
867 1241 1000 1270 unitatem

159 1288 343 1326 personalem,
364 1288 453 1325 magis
474 1288 606 1317 idoneum
628 1291 669 1317 est
690 1288 723 1316 ad
746 1288 958 1317 assumtionem:
979 1289 1002 1317 si

159 1343 226 1372 ergo
247 1335 366 1372 dignitas
387 1335 541 1372 personalis
563 1343 617 1363 non
639 1337 680 1364 est
695 1334 747 1363 nisi
769 1334 796 1363 in
811 1338 941 1364 creatura
962 1343 1004 1363 ra-

159 1382 287 1417 tionali¹‚
308 1382 436 1417 videtur,
465 1382 539 1419 quod
569 1382 644 1410 illam
675 1382 762 1411 solam
790 1382 914 1411 maxime
943 1390 1004 1411 con-

159 1438 260 1467 gruum
284 1429 319 1458 sit
340 1429 422 1457 uniri.

239 1476 264 1504 3.
286 1476 368 1509 item,
397 1475 508 1504 unionis
537 1475 625 1512 gratia
655 1475 742 1503 maior
770 1478 827 1509 est,
856 1483 941 1512 quam
970 1475 1005 1504 sit

161 1523 250 1560 gratia
270 1522 409 1551 fruitionis
430 1522 474 1551 vel
490 1521 699 1551 beatificationis
712 1522 737 1555 ²3
760 1522 808 1551 scd
824 1523 883 1551 sola
904 1525 1005 1551 natura

160 1569 303 1598 rationalis
323 1573 365 1598 est
386 1569 520 1606 disposita
541 1569 576 1597 ad
599 1569 774 1598 fruitionem:
801 1577 868 1606 ergo
890 1569 948 1598 sola
969 1569 1006 1598 vi-

161 1616 243 1645 detur
264 1616 339 1653 quod
361 1616 462 1644 habeat
482 1616 692 1652 congruentiam
714 1616 749 1644 ad
771 1616 911 1644 unionem.

240 1663 267 1691 [ι.
288 1662 371 1696 Item,
394 1665 481 1690 totum
503 1662 668 1691 universum
690 1662 793 1690 factum
822 1665 864 1691 est
891 1665 1006 1699 propter

161 1711 319 1737 creaturam
342 1708 540 1737 rationalem³z
562 1716 629 1745 ergo
650 1708 793 1737 rationalis
808 1711 939 1737 creatura
960 1717 1007 1737 ex-

162 1754 305 1784 cellentior
316 1758 357 1783 est
368 1754 498 1783 omnibus
512 1754 582 1789 aliis,
595 1762 667 1792 quae
683 1758 747 1783 sunt
762 1755 796 1784 de
811 1755 1006 1784 constitutione

161 1801 300 1831 universi:
322 1809 389 1838 ergo
410 1801 445 1830 ad
468 1801 557 1830 Deum
572 1801 661 1838 magis
676 1802 797 1836 accedit;
812 1805 839 1830 et
860 1802 935 1839 quod
951 1810 1007 1830 ma-

161 1849 202 1886 gis
223 1848 258 1877 ad
279 1848 368 1877 Deum
384 1848 490 1877 accedit
504 1848 593 1885 magis
607 1851 648 1877 est
663 1856 818 1885 congruum
835 1848 892 1877 Deo
914 1849 1005 1877 uniri:

162 1902 229 1932 ergo
248 1898 298 1924 etc.

242 1943 268 1970 5.
289 1942 372 1976 Item,
392 1942 558 1971 universum
580 1945 668 1970 totum
691 1950 744 1970 non
771 1942 873 1971 dicitur
902 1943 1005 1972 factum

163 1989 196 2018 ad
219 1989 267 2017 Dei
289 1989 436 2026 imaginem
459 1992 486 2017 et
508 1989 728 2024 similitudinem,
743 1989 791 2018 sed
813 1989 870 2018 sola
890 1990 1007 2018 rationa-

163 2035 196 2064 lis
217 2039 346 2065 creatura
354 2047 361 2070 3
383 2036 431 2064 sed
454 2036 552 2073 imaqo
573 2036 639 2065 dicit
661 2036 872 2065 similitudinem
894 2044 1007 2074 expres-

163 2089 236 2111 sam:
259 2090 325 2119 ergo
346 2082 418 2111 inter
432 2090 528 2111 omnes
543 2086 687 2111 creaturas
702 2083 760 2112 sola
776 2083 918 2112 rationalis
933 2092 1007 2113 crea-

164 2133 227 2157 tura
257 2130 419 2166 expressius
450 2129 621 2158 assimilatur
642 2129 724 2158 Deo⁴.
747 2130 800 2158 Sed
822 2130 892 2159 illud
915 2130 1006 2159 solum

164 2179 205 2205 est
226 2184 381 2213 congruum
413 2176 447 2205 ad
480 2177 610 2205 unionem
636 2185 700 2205 cum
722 2177 794 2212 Deo,
816 2177 890 2214 quod
924 2177 1007 2206 habet

164 2230 327 2260 expressam
349 2223 560 2252 similitudinem
582 2232 645 2252 cum
669 2231 715 2252 eo:
738 2232 803 2261 ergo
836 2224 909 2253 idem
931 2225 1006 2261 quod

165 2277 251 2306 prius.

228 2449 234 2464 ¹
254 2450 350 2472 Persona
368 2451 429 2472 enim
446 2454 492 2478 est,
510 2454 534 2473 ut
551 2451 636 2480 Hoetu„
655 2451 683 2473 de
700 2451 747 2474 Una
766 2452 862 2474 Persona
881 2454 903 2474 et
920 2452 1011 2475 duabus

165 2489 263 2516 naturis,
280 2494 300 2510 c.
313 2488 333 2510 3.
351 2489 392 2516 ait,
405 2492 499 2511 naturae
517 2490 631 2511 rationalis
643 2489 760 2511 individua
773 2490 905 2512 substantia.
918 2489 961 2512 Csr.
980 2491 1010 2513 in-

165 2528 197 2550 fra
215 2527 237 2550 d.
255 2527 276 2549 5.
294 2534 314 2549 a.
333 2528 353 2549 2.
371 2534 393 2556 q.
412 2528 439 2556 3?
458 2528 480 2550 d.
502 2529 534 2550 10.
553 2535 572 2550 a.
593 2529 612 2551 l.
631 2535 653 2557 q.
671 2530 692 2557 2,
710 2532 732 2551 et
749 2529 762 2551 l.
774 2530 835 2551 Sent.
854 2529 876 2551 d.
895 2530 931 2552 23.
949 2536 969 2552 a.
989 2531 1008 2552 t.

165 2574 187 2596 q.
209 2567 227 2589 1.
244 2579 276 2583 -
290 2566 347 2589 Cod.
366 2567 384 2595 Q
401 2566 426 2589 in
442 2568 532 2589 natura
549 2567 668 2590 rationali.

227 2605 237 2619 ²
255 2605 313 2627 Vide
329 2606 385 2627 intra
403 2605 425 2627 d.
443 2606 464 2627 6.
482 2611 502 2627 a.
521 2606 541 2627 2.
564 2612 585 2634 q.
608 2606 628 2628 2.
650 2612 698 2634 seq.
717 2618 747 2622 —-
764 2606 795 2629 De
818 2605 907 2629 minori
930 2607 970 2630 cfr.
994 2607 1008 2629 l.

165 2645 227 2667 sent.
245 2644 267 2667 d.
287 2645 306 2666 t.
324 2650 344 2666 a.
362 2645 383 2666 2.
401 2647 423 2666 et
441 2644 461 2666 3.

228 2684 238 2699 ³
254 2683 299 2706 Csr.
319 2684 340 2705 ll.
358 2684 418 2705 Scnt.
437 2683 458 2705 d.
481 2683 514 2705 15.
531 2690 551 2705 a.
570 2684 590 2705 2.
609 2690 630 2712 (Ι.
651 2684 670 2706 Ἰ,

229 2723 237 2737 ⁴
255 2723 299 2745 Cfr.
319 2723 340 2745 ll.
359 2723 419 2745 Seni.
438 2722 459 2745 d.
482 2723 514 2744 16.
533 2729 552 2745 a.
574 2723 592 2745 1.
611 2729 632 2751 [1.
655 2723 672 2745 1.

229 2761 239 2776 ⁵
256 2761 324 2790 Epist.
346 2761 395 2784 137.
415 2761 480 2786 (alias
497 2762 527 2788 3.)
546 2768 564 2783 c.
584 2762 604 2784 2.
623 2768 644 2783 n.
663 2762 683 2783 8.

230 2801 239 2815 ⁶
256 2802 351 2829 Gregor.
373 2801 475 2829 Nyssen.,
502 2800 561 2823 Orat.
585 2801 693 2823 catecliet.
711 2807 730 2823 e.
757 2801 793 2829 27,
811 2804 887 2823 contra
914 2801 1008 2830 eosqui

168 2839 302 2867 turpitudini
319 2842 341 2861 et
357 2839 464 2861 dedecori
483 2839 581 2866 ducunt,
599 2839 672 2861 Duum
691 2845 782 2861 curnem
800 2843 821 2862 et
838 2845 923 2868 corpus
941 2842 1010 2862 terre-

167 2881 213 2900 stre
230 2878 376 2906 assumsisse,
394 2879 438 2900 ait:
456 2878 528 2900 Nihilo
546 2878 683 2900 tolerabilior
705 2878 797 2900 videtur
819 2884 868 2901 esse
892 2879 1009 2906 turpitudo

167 2920 189 2939 ‹·t
206 2917 318 2944 dedecus
335 2917 397 2945 quod
419 2917 479 2939 Deus
504 2918 606 2939 caelestis
631 2918 734 2945 corporis
760 2917 858 2945 figuram
884 2918 1010 2945 susceperit

168 2961 237 2984 quam
256 2956 374 2978 terrestris.
387 2955 421 2978 Ab
438 2957 487 2978 cius
503 2957 576 2984 enim,
594 2957 632 2985 qui
650 2959 684 2978 est
705 2957 827 2979 altissimus
848 2961 870 2979 et
892 2956 921 2978 nd
944 2957 1009 2979 cuius

1137 772 1190 800 San
1201 780 1325 801 conrna:
1344 773 1367 800 1.
1380 772 1550 809 Augustinus
1561 772 1596 801 ad
1613 772 1794 801 Volusianum
1806 774 1829 801 ⁵:
1851 784 1864 799 «
1875 773 1904 802 ln
1919 777 2038 819 Adtssffi'ffl·

1058 819 1144 848 rebus
1168 819 1344 848 mirabilibus
1374 823 1429 847 tota
1458 820 1528 847 ratio
1556 819 1619 848 facti
1649 824 1689 848 est
1719 820 1840 856 potentia
1869 821 1906 848 fa-

1059 866 1155 895 cientis
1166 876 1192 894 »:
1215 874 1281 903 ergo
1296 873 1359 894 cum
1380 866 1531 895 incarnatio
1553 866 1587 895 sit
1609 866 1744 895 assumtio
1760 870 1905 895 creaturae

1058 916 1084 942 et
1105 913 1140 942 sit
1167 921 1237 950 opus
1265 913 1408 947 mirabile;
1437 913 1564 947 videtur,
1594 913 1668 950 quod
1692 916 1747 941 tota
1770 913 1841 941 ratio
1863 921 1904 942 as-

1057 960 1203 989 sumtionis
1226 960 1260 989 sit
1281 967 1318 989 ex
1339 963 1418 997 parte
1440 960 1579 988 facientis:
1603 968 1670 997 ergo
1685 968 1740 988 non
1756 964 1797 989 est
1817 961 1906 989 maior

1057 1006 1217 1043 congruitas
1238 1006 1266 1035 in
1292 1006 1419 1035 rationali
1448 1010 1549 1035 natura
1571 1014 1654 1043 quam
1679 1006 1706 1035 in
1728 1006 1782 1035 alia
1804 1010 1907 1035 natura

1058 1057 1158 1082 creata.

1136 1101 1161 1128 ΞΣ.
1185 1100 1267 1134 item,
1289 1099 1394 1128 infinite
1416 1100 1580 1128 distantium
1601 1108 1655 1129 non
1674 1100 1762 1137 magis
1777 1100 1908 1137 approxi-

1058 1149 1115 1175 mat
1136 1154 1226 1175 unum
1251 1155 1336 1184 quam
1368 1147 1505 1179 alterum3
1535 1147 1584 1175 sed
1606 1147 1696 1175 omnis
1718 1150 1850 1176 creatura
1872 1147 1912 1178 di-

1057 1196 1110 1222 stat
1131 1202 1147 1222 a
1168 1193 1260 1222 divina
1285 1198 1385 1222 natura
1407 1194 1434 1222 in
1456 1193 1613 1222 infinitum:
1637 1202 1703 1231 ergo
1720 1202 1776 1223 non
1791 1199 1833 1225 est
1848 1203 1911 1224 con-

1058 1241 1165 1278 gruitas
1187 1241 1213 1269 in
1237 1241 1363 1270 rationali
1386 1244 1517 1270 creatura
1546 1241 1636 1278 magis
1658 1250 1743 1279 quam
1766 1242 1793 1270 in
1815 1242 1877 1271 aliis
1891 1243 1908 1271 ⁶.

1138 1287 1163 1316 3.
1186 1287 1268 1322 ltem,
1291 1287 1443 1316 incarnatio
1466 1288 1530 1316 facit
1552 1288 1648 1325 aliquo
1677 1289 1761 1317 modo
1782 1289 1817 1318 ad
1840 1297 1912 1318 com-

1061 1335 1235 1372 plementum
1253 1335 1337 1364 totius
1353 1335 1475 1364 universi
1491 1335 1516 1369 ⁷3
1539 1335 1587 1364 sed
1610 1336 1698 1370 magis
1728 1336 1911 1373 perficeretur

1060 1382 1241 1416 universum,
1271 1382 1292 1410 si
1321 1382 1395 1410 Deus
1423 1382 1553 1411 uniretur
1583 1382 1633 1419 ipsi
1664 1383 1711 1411 toti
1741 1391 1825 1420 quam
1856 1383 1908 1420 ipsi

1060 1428 1147 1466 parti:
1170 1436 1236 1465 ergo
1259 1428 1387 1463 videtur,
1408 1429 1483 1466 quod
1499 1429 1586 1466 magis
1608 1429 1642 1458 sit
1658 1429 1759 1458 habilis
1780 1430 1816 1459 ad
1831 1431 1908 1458 unio-

1061 1483 1124 1504 nem
1147 1475 1314 1504 universitas
1336 1479 1392 1504 tota
1414 1483 1498 1512 quam
1521 1476 1664 1505 rationalis
1685 1480 1822 1505 creatura.

1140 1522 1166 1550 [ι.
1190 1522 1265 1556 ltem,
1288 1522 1403 1551 effectus
1424 1522 1591 1551 universalis
1618 1523 1707 1560 magis
1735 1523 1907 1552 assimilatur

1063 1576 1162 1597 causae
1190 1569 1343 1597 universali
1372 1577 1456 1606 quam
1485 1569 1600 1598 effectus
1621 1570 1836 1606 particularis⁸;
1860 1571 1909 1600 sed

1063 1615 1226 1644 universum
1249 1616 1353 1645 claudit
1381 1617 1408 1644 in
1438 1624 1467 1645 se
1496 1617 1693 1645 universaliter
1714 1625 1825 1646 omnem
1848 1618 1910 1647 elle-

1063 1666 1139 1691 ctum
1161 1663 1224 1691 Dei:
1247 1671 1314 1699 ergo
1336 1663 1423 1700 magis
1444 1663 1616 1692 assimilatur
1644 1664 1701 1692 Deo
1723 1672 1806 1701 quam
1828 1665 1910 1693 ralio-

1063 1709 1133 1738 nalis
1154 1712 1263 1738 natura.
1286 1710 1338 1739 Sed
1361 1710 1436 1748 quod
1465 1711 1553 1747 magis
1581 1711 1752 1740 assimilatur
1774 1711 1830 1740 Deo
1857 1720 1911 1740 ma-

1063 1756 1149 1785 iorem
1172 1756 1256 1785 habet
1277 1757 1487 1793 congruentiam
1510 1758 1544 1786 ad
1567 1758 1714 1786 unionem:
1737 1766 1803 1795 ergo
1824 1762 1875 1787 etc.

1143 1804 1168 1831 5.
1191 1803 1273 1838 ltem,
1295 1803 1364 1832 illud
1387 1807 1428 1832 est
1459 1804 1547 1841 magis
1576 1804 1697 1839 unibile‚
1719 1805 1746 1833 in
1768 1805 1849 1834 cuius
1871 1813 1910 1834 as-

1063 1850 1202 1878 sumtione
1225 1850 1313 1887 magis
1334 1851 1527 1880 manifestatur
1548 1851 1643 1880 divina
1658 1852 1788 1889 potentia,
1805 1853 1911 1889 sapien-

1063 1897 1100 1925 tia
1128 1900 1154 1925 et
1177 1897 1299 1931 bonitas;
1322 1898 1370 1926 sed
1392 1898 1555 1927 universum
1582 1902 1623 1927 est
1645 1899 1816 1928 huiusmodi.
1839 1900 1911 1928 Pro-

1064 1943 1141 1972 batio
1163 1944 1305 1972 minoris.-
1329 1945 1417 1982 magis
1438 1945 1512 1974 enim
1535 1946 1728 1974 manifestatur
1750 1946 1843 1975 divina
1866 1955 1910 1984 po-

1064 1991 1163 2025 tentia,
1185 1991 1320 2027 sapientia
1341 1995 1368 2020 et
1390 1991 1498 2020 bonitas
1520 1992 1546 2020 in
1569 1993 1725 2022 conditione
1747 1994 1831 2022 totius
1851 1994 1910 2022 uni-

1064 2037 1203 2067 versitatis
1238 2046 1323 2075 quam
1355 2038 1474 2067 alicuius
1502 2039 1562 2068 eius
1598 2040 1705 2076 partis,
1737 2040 1815 2077 quia,
1846 2048 1909 2069 cum

1063 2084 1203 2122 quaelibet
1224 2093 1289 2122 pars
1311 2085 1371 2114 eius
1386 2086 1420 2114 sit
1436 2086 1520 2120 bona,
1536 2086 1596 2115 eius
1612 2087 1776 2115 universum
1800 2091 1841 2116 est
1855 2096 1909 2116 non

1064 2131 1155 2160 solum
1184 2131 1307 2166 bortum,
1340 2132 1388 2161 sed
1422 2132 1503 2161 etiam
1526 2132 1610 2161 vctlde
1633 2133 1776 2162 bonam&-
1799 2142 1865 2171 ergo
1888 2135 1909 2163 si

1065 2177 1152 2214 magis
1174 2178 1366 2207 manifestatur
1382 2179 1408 2207 in
1424 2179 1614 2209 universitatis
1636 2180 1801 2215 conditione,
1822 2180 1910 2209 multo

1065 2224 1152 2261 magis
1174 2225 1294 2259 videtur,
1310 2225 1384 2262 quod
1397 2226 1589 2254 manifestetur
1610 2226 1637 2254 in
1660 2226 1849 2255 universitatis
1871 2235 1911 2256 as·

1065 2270 1210 2300 sumtione.

1068 2453 1209 2475 altitudinem
1232 2459 1275 2475 non
1299 2455 1361 2480 patet
1383 2452 1469 2480 adituS,
1492 2455 1570 2475 natura
1594 2459 1621 2475 ex
1644 2459 1718 2482 aequo
1745 2453 1811 2475 distat
1836 2455 1910 2476 omnis

1067 2493 1181 2518 creatura,
1199 2495 1221 2513 et
1237 2494 1289 2513 sunt
1307 2492 1382 2513 omnia
1406 2492 1425 2513 ei
1450 2491 1574 2520 aequaliter
1600 2491 1725 2514 subiecta...
1750 2492 1828 2521 Neque
1854 2498 1910 2520 ergo

1067 2533 1125 2552 terra
1142 2532 1176 2552 est
1192 2531 1325 2552 remotiora
1339 2536 1446 2558 suprema
1465 2530 1500 2552 illa
1518 2530 1639 2558 dignitate,
1659 2537 1733 2560 neque
1753 2532 1840 2554 caelum
1860 2538 1910 2560 pro-

1067 2569 1176 2597 pinquius
1193 2572 1234 2590 etc.
1253 2568 1296 2591 Ct'r.
1316 2569 1416 2596 Tertull,
1435 2569 1463 2591 de
1481 2568 1553 2591 Carne
1571 2569 1665 2598 Christi,
1684 2576 1703 2592 r.
1722 2569 1741 2592 li.

1128 2606 1138 2621 ⁷
1156 2607 1187 2629 Do
1205 2613 1250 2636 quo
1269 2607 1322 2630 vide
1339 2614 1408 2635 supra
1429 2608 1450 2630 d.
1472 2608 1489 2630 1.
1507 2614 1526 2629 a.
1545 2608 1565 2630 2.
1584 2614 1605 2637 q.
1627 2608 1644 2630 1.
1663 2614 1710 2637 seq.
1724 2609 1786 2631 —ln
1805 2608 1848 2631 sine
1861 2615 1909 2637 arg.

1067 2652 1109 2674 pro
1126 2646 1269 2669 universitas
1286 2646 1353 2669 codd.
1373 2647 1390 2668 A
1400 2647 1418 2668 G
1428 2647 1444 2668 Η
1455 2647 1471 2668 L
1481 2647 1496 2668 N
1508 2647 1525 2669 T
1536 2647 1553 2669 U
1565 2647 1582 2669 V
1601 2653 1724 2675 perperam
1743 2647 1909 2671 mavei-sitatis.

1129 2684 1139 2699 8
1155 2685 1199 2707 Ctr.
1217 2685 1284 2708 Liber
1302 2685 1330 2708 de
1347 2685 1438 2714 Causis,
1457 2692 1523 2714 prop.
1546 2686 1563 2708 1.
1580 2690 1602 2709 et
1620 2686 1640 2708 4.

1128 2723 1138 2738 ⁹
1154 2724 1209 2746 Gen.
1232 2724 1249 2752 1,
1268 2724 1308 2746 31:
1328 2724 1434 2753 Viditque
1452 2725 1512 2747 Deus
1530 2728 1609 2747 cuncta
1622 2732 1681 2754 quae
1700 2726 1795 2754 fecerat,
1814 2729 1835 2749 et
1847 2730 1910 2749 erant

1065 2763 1133 2785 valde
1151 2763 1218 2785 bona.
1235 2775 1267 2780 -
1283 2763 1315 2785 De
1332 2764 1374 2786 hac
1391 2770 1415 2786 re
1433 2765 1537 2792 August„
1555 2764 1668 2787 Encnirid.
1682 2771 1701 2787 c.
1720 2766 1756 2787 110.
1770 2772 1790 2787 n.
1809 2765 1829 2788 3.
1846 2766 1910 2794 dicit,

1067 2802 1128 2830 quod
1150 2809 1181 2824 «a
1200 2802 1259 2824 bona
1277 2803 1386 2826 Trinitatc
1403 2806 1476 2825 creata
1495 2807 1546 2826 sunt
1563 2804 1647 2832 omnia,
1665 2807 1687 2826 et
1707 2811 1748 2827 nec
1761 2811 1852 2827 summe
1869 2812 1911 2828 nec

1065 2841 1190 2869 aequaliter
1208 2846 1249 2863 nec
1266 2841 1438 2864 immutabiliter
1455 2841 1526 2870 hona,
1544 2842 1584 2864 sed
1602 2845 1677 2864 tamen
1696 2842 1755 2865 bona
1773 2844 1841 2865 etiam
1866 2844 1911 2865 sin-

1066 2879 1131 2907 gula,
1149 2880 1215 2901 simul
1233 2886 1289 2902 vero
1307 2881 1413 2903 universa
1431 2881 1498 2903 valde
1517 2881 1587 2909 bona,
1605 2883 1657 2911 quin
1682 2888 1708 2904 cx
1730 2882 1838 2905 omnibus
1859 2888 1911 2905 con-

1066 2918 1123 2940 sistit
1140 2919 1293 2942 universitatis
1311 2919 1452 2942 admirabilis
1469 2920 1601 2948 pulcritudo
1611 2928 1632 2943 υ.
