2166 3366
17 668 129 692 ieronymns.

14 795 92 814 Dubium
109 795 125 813 4.

11 1136 131 1159 Augustinus.

776 197 858 225 DlST.
881 197 935 227 XV.
957 197 1080 227 Dtvtsto
1102 197 1239 226 TEXTUS.

140 277 165 303 in
180 276 298 312 peccatis
311 276 411 310 gradus
424 275 533 310 quidam
547 278 672 301 notantur
681 273 826 309 propassio
841 278 867 301 et
878 273 984 309 passio,

139 320 176 347 ita
194 323 220 346 et
239 320 264 346 in
284 319 326 345 his
346 318 504 353 poenalibus
523 317 670 344 effectibus.
690 317 812 343 Atficitur
832 317 901 343 enim
924 317 985 352 quis

139 361 272 389 interdum
294 362 388 387 timore
414 361 454 387 vel
475 361 594 392 tristitia,
615 361 650 386 ita
671 363 699 386 ut
719 360 815 386 mentis
835 360 985 386 intellectus

139 412 191 431 non
220 404 281 430 inde
309 407 448 430 moveatur
468 411 482 430 a
502 403 662 430 rectitudine
691 402 732 429 vel
757 403 802 429 Dei
824 403 986 437 contempla-

140 447 224 479 tione,
238 450 264 473 et
278 450 340 473 tunc
352 445 493 481 propassio
508 449 563 476 est;
583 445 728 479 aliquando
742 452 805 471 vero
825 449 947 472 movetur
960 448 986 472 et

139 489 276 520 turbatur,
296 492 322 516 et
342 493 404 516 tunc
421 487 512 523 passio
526 492 572 515 est.
593 488 713 515 Christus
728 495 791 515 vero
810 496 862 515 nou
882 489 916 515 ita
939 489 986 515 fuit

139 532 262 559 turbatus
282 532 307 558 in
326 532 413 558 anima
436 531 530 558 timore
550 531 591 558 vel
612 531 732 563 tristitia,
751 534 780 557 ut
797 538 812 558 a
826 531 986 558 rectitudine

139 574 181 601 vel
200 574 247 600 Dei
267 573 492 608 contemplatione
518 573 686 608 aliquatenus
706 573 866 605 declinaret;
891 581 987 600 secun-

139 616 203 643 dum
223 624 302 651 quem
331 615 440 642 modum
462 615 634 649 iiitelligitur,
662 623 724 643 cum
754 616 853 643 dicitur
877 625 933 643 non
959 616 987 642 ti-

139 659 238 686 muisse
257 659 299 686 vel
318 658 404 685 tristis
421 658 511 692 fuisse.
532 658 608 685 Unde
628 659 808 695 Hieronymus
827 667 909 694 super
926 660 987 686 Mat-

141 702 283 733 thaeum¹‚
312 701 358 728 ubi
385 701 500 734 legitur:
521 700 611 736 Coepit
639 700 798 728 contristari
826 706 849 728 et
871 706 987 728 moestus

140 752 215 775 esse‚·
233 755 245 768 α
258 747 287 771 ut
301 743 455 776 veritatem,
470 744 569 778 inquit,
583 743 711 777 probaret
723 745 833 771 assumti
854 745 970 771 hominis
980 766 987 777 ‚

140 794 203 814 vere
222 787 395 813 contristatus
423 789 477 817 est,
500 786 547 812 sed
577 793 628 812 non
646 786 738 821 passio
758 787 816 813 eius
834 787 988 814 dominatur

140 830 243 861 animo,
263 836 355 856 verum
382 828 525 864 propassio
545 833 593 856 est.
613 829 688 856 Unde
708 830 761 856 ait:
783 829 873 864 Coepit
891 828 988 856 concri-

139 871 215 906 stari.
236 871 315 898 Aliud
335 875 374 899 est
393 872 462 898 enim
484 871 655 905 contristari,
670 872 742 899 aliud
757 871 876 907 incipere
888 872 989 898 contri-

140 913 248 945 stari»,
268 914 341 949 quod
362 918 414 947 est,
435 915 513 941 aliter
540 915 713 941 contristatur
732 915 792 949 quis
812 922 861 949 per
878 922 988 949 propas-

140 957 260 988 sionem,
281 957 358 984 aliter
377 965 425 991 per
443 957 604 992 passionem.
624 957 741 991 Ideoque
756 957 903 983 secundum
919 957 988 984 lianc

141 1000 338 1027 distinctionem
359 999 504 1034 aliquando
523 999 623 1026 dicitur
648 999 769 1026 Christus
797 1007 849 1025 non
873 1006 935 1026 vere
961 1000 988 1026 ti-

141 1044 255 1074 muisse,
275 1042 418 1077 aliquando
440 1049 501 1069 vere
521 1042 655 1075 timuisse,
675 1042 737 1076 quia
757 1048 850 1068 verum
865 1042 987 1068 timorem

141 1085 236 1112 habuit
255 1088 281 1112 et
301 1085 451 1116 tristitiam,
470 1085 517 1111 sed
537 1092 588 1111 non
607 1084 754 1111 seeundum
780 1083 933 1119 passionem
947 1092 989 1111 ne-

141 1135 195 1163 que
214 1135 246 1154 ex
265 1127 416 1154 necessitate
442 1126 613 1154 conditionis.
636 1127 711 1153 Unde
730 1126 928 1160 Augustinus²,
954 1134 987 1153 ex

140 1171 183 1197 his
202 1171 292 1198 causis
311 1170 403 1197 volens
422 1170 521 1197 assumi
534 1170 666 1197 dictorum
682 1170 897 1203 intelligentiam,
911 1170 987 1202 dicit,

140 1213 273 1240 Christum
293 1220 346 1240 non
367 1220 429 1240 vere
449 1213 569 1239 timuisse
598 1213 640 1240 vel
668 1213 801 1239 tristatum
825 1220 897 1244 esse,
917 1216 943 1239 et
962 1213 987 1239 in

1823 198 1879 227 329

1043 275 1201 306 continenti,
1221 282 1311 301 verani
1332 275 1464 302 tristitiam
1486 275 1627 306 habuisse,
1646 275 1686 301 his
1701 275 1806 302 verbis:
1825 276 1889 302 «1η-

1041 317 1135 347 firmos
1155 317 1180 343 in
1200 324 1228 343 se
1248 317 1436 351 praesignans,
1457 318 1584 344 Dominus
1598 318 1652 345 ait:
1671 318 1768 349 Pater,
1787 318 1812 344 si
1827 318 1891 353 fieri

1039 364 1141 394 potest,
1162 364 1280 386 tremeat
1299 368 1315 386 ci
1335 368 1376 386 mc
1395 360 1468 386 aaliz
1488 361 1542 386 iste.
1564 360 1621 387 Non
1642 361 1711 387 cuim
1735 368 1797 387 vere
1817 361 1889 388 time-

1044 401 1089 427 bat
1108 402 1236 428 Dominus
1256 402 1326 436 pati,
1347 402 1423 428 tertia
1443 402 1486 428 die
1506 406 1721 434 resurrecturus,
1740 410 1801 430 cum
1816 403 1890 430 arde-

1043 448 1084 471 ret
1103 445 1200 471 Paulus
1219 444 1333 471 dissolvi
1352 449 1375 471 et
1399 453 1452 471 csse
1481 453 1541 471 clim
1571 445 1683 472 Christo.
1714 446 1765 473 Iste
1791 446 1889 479 gaudet

1044 487 1228 519 coronandus,
1248 491 1274 514 et
1294 488 1376 513 tristis
1395 491 1435 514 est
1448 488 1575 514 Dominus
1588 491 1766 515 coronaturus
1780 489 1807 515 n?
1820 489 1890 515 Ecce

1045 530 1088 556 hic
1109 530 1214 556 videtur
1242 530 1375 556 tristitiam
1396 534 1422 556 et
1442 531 1563 557 timorem
1584 538 1599 557 a
1619 531 1722 558 Christo
1742 539 1890 558 removere.

1044 572 1174 598 Continuo
1194 575 1283 598 autem
1302 572 1457 598 subiunxit:
1483 584 1493 595 a
1507 573 1558 600 Sed
1580 573 1712 600 tristitiam
1733 575 1772 601 sic
1792 582 1891 601 assum-

1044 615 1092 647 sit,
1112 622 1166 649 quo
1180 615 1259 641 modo
1273 622 1389 641 carnem.
1404 611 1464 642 Fuit
1483 616 1552 642 enim
1574 617 1670 649 tristis,
1689 617 1759 643 sicut
1775 618 1892 652 Evange-

1045 657 1109 683 lium
1129 657 1202 684 dicit.
1223 657 1250 683 Si
1270 658 1339 683 enim
1368 665 1420 684 non
1450 658 1532 684 tristis
1554 659 1615 691 fuit,
1635 666 1696 685 cum
1716 660 1890 693 Evangelium

1045 699 1133 726 tlicat:
1165 698 1261 725 Tristis
1280 704 1317 726 est
1334 700 1429 726 (mima
1449 708 1508 727 mea
1528 708 1611 735 usquc
1630 701 1667 727 ad
1685 706 1799 728 mortem
1825 706 1890 735 etc.,

1045 749 1108 775 ergo
1127 745 1152 768 et
1172 742 1279 776 quando
1308 742 1390 769 dicit:
1411 742 1546 769 Dor-micit
1565 744 1655 774 Iesus,
1675 751 1726 770 non
1747 745 1890 778 dormivit;

1046 784 1087 811 vel
1106 784 1214 818 quando
1233 784 1299 810 dicit
1318 785 1509 818 manducasse,
1529 793 1581 812 non
1601 787 1788 819 inanducavit;
1809 791 1834 814 et
1855 788 1889 814 ita

1046 827 1111 853 nihil
1125 834 1218 853 sanum
1233 827 1414 862 relinquetur,
1429 831 1457 854 ut
1470 828 1576 855 dicatur
1588 829 1680 862 etiam,
1695 830 1758 863 quia
1769 829 1778 842 ³
1792 837 1891 864 corpus

1045 871 1103 897 eius
1123 877 1174 896 non
1194 873 1251 896 erat
1271 878 1372 897 verum.
1392 871 1527 906 Quidquid
1556 879 1619 905 ergo
1638 872 1672 899 dc
1697 872 1742 898 illo
1761 874 1891 908 scriptum

1046 917 1099 945 est,
1120 921 1211 940 verum
1232 917 1272 940 est
1291 917 1316 940 et
1337 914 1435 941 tactum
1456 918 1502 941 est.
1523 915 1593 948 Ergo
1613 918 1639 941 et
1659 915 1741 942 tristis
1759 916 1824 949 fuit,
1844 917 1891 943 sed

1045 956 1181 982 voluntate
1195 956 1328 982 tristitiam
1343 957 1462 991 suscepit
1476 964 1581 989 veram,
1595 965 1648 992 quo
1663 958 1741 984 modo
1754 958 1891 986 voluntate

1045 1006 1152 1025 caruem
1174 1006 1263 1025 veram
1278 1010 1301 1026 u.
1320 1014 1356 1018 —
1374 999 1444 1026 Ecce
1464 1003 1556 1034 aperte
1579 1001 1681 1031 noscis,
1701 1001 1814 1027 eundem
1840 1002 1891 1028 sibi

1046 1041 1071 1067 in
1092 1041 1133 1068 his
1154 1041 1243 1068 verbis
1262 1041 1463 1075 contradicere,
1480 1043 1530 1068 nisi
1546 1043 1633 1070 varias
1647 1043 1780 1070 dictorum
1794 1044 1893 1071 discer-

1046 1087 1120 1110 neret
1139 1092 1249 1115 causas,
1269 1092 1301 1110 ex
1328 1084 1427 1119 quibus
1455 1085 1626 1118 intelligentia
1652 1086 1795 1113 verborum
1818 1094 1892 1114 assu-

1045 1127 1142 1153 menda
1167 1131 1213 1153 est.
1243 1127 1269 1154 Si
1298 1127 1368 1154 enim
1397 1127 1566 1154 discernatur
1594 1129 1782 1162 intelligentiae
1810 1137 1890 1156 causa

1046 1170 1246 1204 praedictorum
1262 1170 1420 1203 verborum,
1434 1171 1498 1198 nihil
1513 1172 1632 1198 occurrit
1645 1172 1865 1200 contradictionis
1873 1174 1890 1199 ⁴.

447 1302 884 1350 COMMENTARIUS
919 1302 980 1350 IN
1013 1289 1453 1351 DISTINOTIONEM
1487 1304 1577 1352 XV.

497 1395 541 1428 De
560 1394 758 1439 passibilitate
775 1400 804 1427 et
822 1394 987 1428 defectibus
1005 1406 1023 1427 a
1041 1394 1160 1428 Christo
1178 1395 1324 1428 assumtis
1341 1395 1371 1428 in
1388 1395 1530 1439 generali.

647 1476 725 1504 Jttuct
744 1485 855 1514 qaoque
872 1476 1164 1513 praetermittendum
1186 1486 1244 1505 'non
1264 1481 1304 1505 est
1325 1480 1376 1506 etc.

872 1550 995 1579 Dtvtsto
1017 1551 1154 1580 TEXTUS.

221 1638 312 1675 Supra
333 1638 388 1675 egit
413 1637 541 1675 Magister
563 1638 598 1666 de
627 1637 798 1674 plenitudine
826 1638 931 1674 gratiae
958 1641 985 1666 et

142 1684 305 1721 cognitionis
326 1684 353 1712 in
374 1684 484 1713 Christo
505 1692 540 1713 ex
563 1687 642 1721 parte
664 1684 858 1718 humanitatis
880 1684 906 1712 in
934 1685 985 1713 hac

142 1738 209 1760 vero
230 1735 309 1768 parte
334 1731 450 1759 intendit
478 1738 561 1768 agere
583 1731 617 1759 de
646 1731 757 1759 defectu
785 1730 984 1767 passibilitatis.

141 1777 281 1806 Dividitur
295 1781 388 1807 autem
404 1785 470 1814 pars
490 1777 542 1806 ista
565 1778 590 1805 in
606 1777 678 1806 duas
699 1780 801 1814 partes.
817 1777 844 1805 ln
864 1785 984 1814 quarum

142 1824 233 1862 prima
253 1824 310 1861 agit
331 1824 365 1853 de
387 1824 541 1853 defectibus
563 1832 578 1852 a
606 1824 715 1853 Christo
736 1824 870 1852 assumtis
896 1824 922 1852 in
944 1832 987 1861 ge-

141 1870 237 1899 nerali.
260 1870 287 1899 ln
309 1870 433 1899 secunda
455 1878 522 1899 vero
542 1871 598 1907 agit
626 1870 661 1899 de
683 1870 810 1907 passione
832 1870 937 1899 doloris
959 1870 986 1898 in

143 1917 267 1954 speciali,
289 1917 326 1946 ibi
343 1917 366 1945 ¹:
394 1917 598 1945 Verumtamen
613 1917 710 1954 mayis
731 1920 843 1945 movent
858 1925 894 1945 ac
916 1917 987 1955 diffi-

142 1963 272 1992 citiorem
293 1963 421 2001 afferunt
442 1963 638 2001 quaestionem
660 1966 711 1992 etc.

183 2013 185 2018 '
221 2010 312 2039 Prima
326 2018 391 2047 pars
407 2010 489 2039 habet
504 2010 583 2039 duas.
599 2010 627 2038 [n
642 2018 762 2047 quarum
779 2010 870 2047 prima
890 2010 988 2039 verita-

143 2060 197 2086 tem
219 2056 359 2094 explanat.
375 2056 403 2085 ln
418 2057 540 2086 secunda
561 2064 628 2085 vero
642 2057 789 2086 veritatem
808 2057 987 2094 explanatam

142 2103 288 2140 multiplici
314 2104 477 2133 auctoritate
498 2103 656 2138 confirmat,
683 2104 732 2132 ibi:
755 2104 811 2133 Sed
828 2105 900 2142 quia
917 2113 988 2132 ozon-

143 2150 224 2178 nulli.
240 2150 332 2178 Prima
345 2158 410 2187 pars
425 2150 509 2179 habet
523 2153 579 2179 tres
594 2154 695 2188 partes.
718 2151 746 2179 ln
761 2159 881 2188 quarum
898 2151 988 2188 prima

142 2196 198 2233 agit
212 2196 247 2225 de
262 2196 415 2225 defectibus
430 2198 547 2233 repertis
563 2197 590 2225 in
601 2197 710 2225 Christo
725 2200 861 2234 quantum
877 2198 912 2226 ad
927 2205 989 2226 con-

142 2243 304 2280 gruitatem,
325 2243 486 2277 ostendens,
501 2243 576 2280 quod
591 2251 746 2280 congruum
766 2244 830 2277 fuit,
846 2244 986 2273 Christum

142 2289 211 2319 tales
226 2290 350 2319 defectus
365 2290 390 2318 in
408 2297 436 2318 se
451 2289 563 2318 habere.
579 2290 607 2318 ln
619 2290 742 2318 secunda
756 2298 823 2318 vero
837 2290 893 2327 agit
904 2298 989 2327 quan-

143 2340 202 2366 tum
217 2337 252 2366 ad
275 2337 495 2374 generalitatem,
511 2337 667 2374 inquirens,
689 2340 786 2375 utrum
801 2345 898 2366 omnes
918 2337 989 2366 defe-

1041 1640 1103 1666 ctus
1118 1640 1227 1666 nostros
1242 1638 1381 1675 contingat
1402 1638 1429 1666 in
1451 1638 1560 1667 Christo
1582 1640 1718 1675 reperire,
1741 1639 1791 1668 ibi:
1821 1641 1891 1669 Tra-

1042 1684 1084 1712 dit
1099 1688 1196 1712 autem
1211 1685 1386 1719 auctoritas,
1401 1685 1478 1723 quod
1494 1685 1637 1713 Dominus
1650 1689 1756 1714 noster.
1769 1687 1796 1715 ln
1810 1687 1891 1716 tertia

1043 1738 1110 1759 vero
1139 1731 1307 1759 determinat
1334 1735 1471 1768 quantum
1500 1732 1535 1760 ad
1564 1732 1772 1767 causalitatem,
1800 1737 1889 1762 osten-

1043 1777 1128 1811 dens,
1150 1778 1219 1806 tales
1241 1778 1365 1807 defectus
1380 1778 1407 1806 in
1429 1778 1538 1807 Christo
1553 1787 1606 1807 non
1629 1779 1714 1808 fuisse
1735 1788 1751 1808 a
1772 1783 1889 1815 natura,

1043 1824 1091 1853 sed
1113 1832 1129 1852 a
1150 1824 1305 1859 voluntate,
1328 1825 1377 1853 ihi:
1400 1825 1460 1853 Hos
1478 1829 1576 1853 autem
1598 1825 1725 1863 defectus
1746 1835 1804 1854 mm
1826 1835 1889 1855 con-

1043 1871 1164 1899 ditionis
1184 1879 1258 1899 suae
1276 1874 1327 1900 etc.

1122 1917 1254 1947 Similiter
1275 1919 1397 1947 secunda
1419 1927 1496 1956 pars,
1519 1919 1545 1948 in
1567 1928 1623 1956 qua
1645 1920 1791 1949 confirmat
1813 1929 1891 1958 prae-

1044 1964 1240 1999 determinata,
1263 1965 1347 1993 habet
1361 1968 1454 2001 partes
1475 1969 1540 1994 tres.
1553 1966 1580 1994 In
1597 1975 1717 2003 quarum
1740 1967 1831 2004 prima
1845 1968 1891 1996 ad-

1044 2011 1121 2040 ducit
1142 2011 1337 2046 auctoritates,
1358 2020 1430 2049 quae
1450 2012 1555 2041 faciunt
1569 2013 1604 2041 ad
1624 2013 1779 2042 veritatem.
1801 2014 1830 2042 ln
1852 2022 1891 2042 se—

1044 2058 1136 2086 cunda
1152 2065 1218 2086 vero
1238 2058 1365 2095 adiungit
1379 2059 1573 2093 auctoritates,
1589 2067 1661 2096 quae
1685 2059 1814 2088 videntur
1829 2068 1890 2089 esse

1044 2107 1140 2133 contra
1162 2105 1321 2139 veritatem,
1344 2105 1392 2133 ibi:
1414 2106 1566 2141 tactedam
1588 2109 1683 2134 tamen
1699 2107 1890 2143 reperiuntur

1044 2151 1075 2179 in
1097 2151 1275 2179 Sanctorum
1296 2151 1524 2180 auctoritatibus
1545 2156 1595 2181 etc.
1618 2153 1646 2180 In
1663 2153 1744 2181 tertia
1764 2161 1830 2181 vero
1844 2161 1891 2182 ex-

1045 2198 1184 2235 planando
1205 2198 1340 2231 ostendit,
1363 2198 1390 2226 in
1412 2199 1561 2235 praedictis
1583 2207 1636 2227 non
1659 2207 1720 2228 esse
1742 2200 1891 2228 contrarie-

1045 2247 1148 2278 tatem,
1177 2244 1233 2273 ibi:
1264 2244 1305 2272 Ne
1329 2249 1426 2273 autem
1455 2245 1486 2273 in
1522 2246 1619 2274 sacris
1648 2246 1751 2274 litteris
1786 2246 1890 2284 aliqua

1045 2291 1172 2319 adversa
1186 2291 1342 2319 diversitas
1363 2294 1413 2320 etc.
1429 2292 1637 2321 Subdivisiones
1656 2296 1749 2321 autem
1766 2293 1887 2330 partium

1045 2338 1206 2366 manifestae
1229 2341 1293 2366 sunt
1315 2338 1341 2366 in
1365 2338 1464 2367 littera.

789 2411 974 2440 TRACTATtO
995 2412 1238 2448 QUAESTIONUM.

222 2497 259 2526 Ad
288 2497 495 2534 intelligentiam
524 2501 617 2526 autem
647 2497 732 2526 huius
754 2498 841 2535 partis
864 2498 959 2526 incidit
975 2498 984 2510 ²

142 2543 268 2580 quaestio
289 2543 362 2572 circa
384 2544 448 2572 duo.

221 2590 312 2618 Primo
332 2589 405 2618 enim
427 2590 572 2626 quaeritur
591 2591 625 2619 de
647 2590 808 2619 huiusmodi
831 2590 986 2619 defectibus

142 2636 275 2665 assumtis
296 2644 312 2664 a
333 2636 442 2664 Christo
465 2636 492 2664 in
513 2636 645 2672 generali.
905 2661 911 2668 ,

221 2682 348 2711 Secundo
376 2682 522 2720 quaeritur
550 2683 585 2711 de
613 2683 754 2720 aliquibus
775 2683 931 2712 defectibus
961 2684 985 2711 iu

144 2729 264 2766 speciali.

206 2822 212 2837 ¹
231 2822 284 2851 Cap.
304 2823 345 2850 26,
365 2823 400 2845 37.

203 2861 213 2876 ⁴²
230 2862 332 2884 Enarrnt.
349 2863 370 2883 in
389 2862 422 2884 l’s.
440 2862 476 2883 93.
495 2868 516 2883 n.
538 2862 575 2889 t9,
588 2861 627 2883 scd
641 2861 717 2884 multis
734 2868 745 2883 a
765 2862 870 2890 Magistro
888 2863 987 2890 tnutmis,

142 2900 181 2922 ubi
199 2901 319 2928 respicitur
336 2900 390 2922 ruit.
413 2901 435 2928 l,
455 2900 498 2927 23;
517 2900 583 2922 lllnrc.
606 2899 642 2927 tt,
661 2899 697 2921 32.

205 2938 215 2953 ³
232 2939 260 2961 lta
279 2938 346 2961 codd.
364 2942 386 2961 ct
402 2939 469 2966 cdd.,
487 2938 536 2961 Vnt.
554 2937 623 2968 quod.
651 2939 707 2960 infr-‘i
726 2942 777 2961 ante
794 2938 868 2961 tristis
886 2939 952 2961 codd.
972 2940 987 2960 B

143 2977 185 2999 (ΖΕ
201 2980 224 2999 et
241 2977 293 2999 edd.
315 2978 337 3005 l,
356 2978 381 3006 2,
402 2977 427 3005 si,
446 2979 459 2999 {l
477 2984 529 3000 cum
548 2977 596 3000 Vnt.
615 2978 721 2999 omittunt
738 2978 766 2999 ct.

268 3026 292 3050 S.
311 3027 399 3050 Bomv.
418 3039 448 3043 —
467 3028 532 3050 Tom.
550 3028 582 3050 lll.

1121 2498 1199 2527 Circa
1222 2499 1343 2535 primuni
1366 2503 1542 2535 quaeruntur
1565 2500 1625 2528 tria.

1122 2544 1212 2573 Primo
1233 2545 1378 2582 quaeritur
1400 2545 1434 2574 de
1456 2545 1610 2574 defectibus
1631 2547 1763 2575 assumtis
1777 2556 1793 2575 a
1812 2547 1888 2575 Chri-

1043 2594 1085 2620 sto
1107 2595 1242 2628 quantum
1265 2592 1298 2620 ad
1322 2592 1529 2620 condecentiam
1549 2596 1575 2621 et
1597 2593 1808 2629 congruitatem.

1121 2638 1247 2666 Secundo
1270 2647 1336 2667 vero
1356 2642 1491 2675 quantum
1514 2639 1548 2667 ad
1571 2640 1788 2675 generalitatem.

1121 2685 1213 2713 Tertio
1234 2685 1381 2721 quaeritur
1400 2685 1433 2713 ilc
1457 2685 1616 2714 huiusmodi
1633 2686 1787 2715 defectibus
1802 2695 1887 2724 quan-

1045 2734 1102 2759 tuni
1125 2731 1159 2758 ad
1182 2732 1382 2760 causalitatem.

1108 2824 1116 2838 ⁴
1135 2825 1156 2846 ln
1173 2825 1241 2847 codd.
1259 2828 1281 2846 ot
1297 2825 1362 2853 odit,
1379 2828 1471 2853 excepta
1491 2826 1514 2851 2,
1534 2826 1590 2847 huuc
1615 2826 1728 2848 distinctio
1745 2827 1889 2850 continuatur

1045 2868 1119 2890 nsque
1136 2863 1164 2884 ad
1182 2868 1201 2884 e.
1220 2863 1240 2884 3.
1258 2864 1374 2891 scqiwniis
1391 2863 1457 2885 dist:
1476 2863 1517 2887 Hic
1534 2863 1619 2887 oritur.

1260 2900 1354 2924 NOTAE
1371 2901 1408 2924 AD
1427 2900 1673 2926 conmmeatum.

1109 2939 1114 2953 ¹
1134 2940 1232 2967 tniottigu
1250 2946 1302 2962 cum
1319 2940 1372 2962 cdd.
1395 2941 1399 2962 l
1414 2959 1419 2968 ,
1437 2941 1449 2962 2
1467 2941 1531 2969 infra
1548 2941 1599 2964 [list.
1622 2940 1658 2964 10¹.

1107 2978 1116 2992 '2
1134 2978 1206 3001 Codd.
1225 2979 1241 3001 [¹
1254 2979 1271 3000 V
1283 2979 1310 3000 W
1322 2979 1337 3001 Z
1355 2979 1462 3001 adiiciunt
1480 2979 1523 3003 liic.

1730 3032 1758 3053 42
