2166 3366
89 407 164 430 Triplex
178 406 206 424 iu-

100 430 169 449 fluxus.

99 1018 202 1036 Difficulta-

109 1043 137 1060 tes
150 1042 167 1059 t.

71 1443 175 1462 Difficultas
186 1444 202 1462 1.

69 2241 175 2260 Difficultas
184 2241 202 2260 2.

221 181 278 209 894

219 258 309 287 menti
329 258 388 287 sive
408 257 500 294 operis
520 256 636 293 operati.
659 256 686 283 ln
706 255 892 284 sacramentis
910 259 1004 284 autem
1020 263 1065 283 no-

219 314 269 334 vae
291 305 370 342 Legis
391 312 471 333 secus
493 307 546 337 est,
568 303 635 340 quia
656 306 782 331 constant
804 310 840 331 ex
861 302 947 330 verbo
969 305 996 331 et
1017 302 1066 330 ele-

219 356 327 385 menta·
348 351 391 380 et¹
409 358 472 379 cum
489 350 624 378 Dominus
639 349 758 378 instituit
774 349 910 383 verbum,
933 349 1011 377 dedit
1025 348 1065 376 illi

220 399 367 432 virtutem,
391 406 440 435 per
461 405 545 434 quam
576 396 668 425 influit
689 400 716 425 et
743 397 800 433 agit
822 397 848 424 in
877 396 999 424 animam
1021 396 1065 424 vel

218 445 394 482 disponendo
409 445 444 473 ad
460 445 566 481 gratiae
577 444 797 481 susceptionem,
810 444 854 472 vel
870 443 1065 480 imprimendo

217 492 388 521 characteris
415 491 714 528 consignificationem,
750 491 794 520 vel
819 490 1064 519 adminiculando

217 539 268 576 ipsi
292 539 398 575 gratiae
420 539 455 567 ad
476 538 586 566 animae
607 538 781 567 curationem
803 542 830 567 et
845 537 949 566 fomitis
971 537 1067 565 debili-

219 586 358 614 tationem.
375 586 406 614 Et
427 586 479 614 hoc
495 585 607 614 videtur
628 585 722 613 dicere
737 586 908 622 Augusti-nus
921 584 943 612 2:
964 584 1065 620 «Quae

217 637 259 662 est
281 634 371 661 virtus
395 641 500 670 aquae,
529 635 561 660 ut
582 640 685 669 corpus
713 635 807 669 tangat
828 635 855 660 et
884 640 931 661 cor
953 631 1065 666 abluat,

217 680 269 708 nisi
298 679 415 708 faciente
445 679 531 708 verbo
545 681 577 707 »⁸2
598 679 629 707 Et
651 679 783 715 magister
809 679 886 715 Hugo
914 679 949 707 de
970 682 1066 707 sancto

217 726 326 755 Victore
349 726 461 754 videtur
490 725 517 754 id
547 725 620 754 idem
643 725 761 760 sentire,
788 725 836 762 qui
866 725 961 759 dicit3,
989 725 1065 762 quod

221 773 428 802 «sacramenta
449 780 537 801 novae
559 773 638 810 Legis
660 773 739 809 prins
764 772 993 809 sanctificantur
1015 780 1066 809 per

216 820 334 849 verbum
361 823 388 848 et
410 819 589 857 postmodnm
610 819 813 856 sanctificant,
836 823 867 848 ut
888 820 927 849 sic
949 820 1003 849 sint
1028 828 1064 848 ex

216 866 432 896 sanctificatione
461 866 703 895 sanctificantia».
727 867 758 895 Et
787 867 861 896 bunc
883 867 997 895 modum
1027 867 1066 895 di-

216 914 295 942 cendi
318 914 456 943 sustinent
477 913 529 941 viri
553 913 633 950 periti
656 916 683 942 et
703 913 759 942 fide
781 913 868 950 digni:

295 961 347 989 Sed
370 960 482 990 difficile
503 961 616 989 videtur
640 960 706 988 mibi
730 960 902 997 intelligere,
931 961 1064 990 virtutem

215 1008 291 1036 illam
314 1008 399 1037 simul
420 1016 481 1037 esse
504 1007 588 1036 verbo
610 1011 636 1036 et
657 1007 791 1036 elemento
814 1007 957 1042 collatam,
979 1017 1066 1045 quan-

216 1062 275 1084 tum
305 1055 341 1084 ad
362 1055 517 1084 essentiam
546 1058 573 1083 et
593 1058 744 1089 naturam,
773 1058 910 1091 quantum
939 1055 973 1083 ad
1003 1056 1064 1085 eius

215 1102 417 1136 existentiam,
439 1106 576 1139 quantum
599 1102 634 1130 ad
656 1102 827 1130 durationis
848 1111 1021 1130 mensuram
1038 1105 1065 1131 et

214 1150 297 1178 etiam
329 1152 466 1186 quantum
498 1149 533 1178 ad
564 1149 744 1186 operationis
776 1148 960 1186 efficacianm
992 1157 1064 1185 quae

214 1197 308 1225 onmia
329 1204 442 1225 necesse
463 1199 505 1225 est
526 1204 630 1233 ponere
651 1200 680 1224 et
694 1196 838 1232 explicare
852 1196 860 1208 ⁴
884 1196 958 1224 circa
981 1196 1066 1224 virtu-

215 1246 270 1272 tem
293 1243 385 1277 illam,
408 1243 428 1272 si
452 1243 515 1280 quis
530 1243 617 1277 dicat,
632 1242 706 1279 quod
730 1242 825 1279 aliqua
839 1242 960 1279 qualitas
981 1242 1065 1271 detur

213 1290 299 1318 verbo
314 1293 341 1318 et
355 1289 503 1323 elemento,
526 1297 576 1326 per
591 1297 675 1326 quam
698 1293 762 1325 agat
776 1292 803 1317 et
818 1288 917 1317 influat
933 1289 958 1317 in
975 1289 1064 1325 ipsam

214 1336 346 1364 animam.

293 1382 410 1412 Difficile
443 1391 564 1420 namque
592 1386 634 1411 est
663 1382 819 1419 intelligere
849 1382 924 1411 illius
952 1383 1065 1411 virtutis

214 1430 378 1458 essentiam.
400 1430 468 1459 Cum
496 1430 569 1458 enim
592 1438 646 1458 non
669 1430 704 1458 sit
726 1429 897 1464 substantia,
926 1429 975 1458 sed
997 1429 1065 1458 acci-

213 1477 283 1506 dens
313 1477 456 1514 quoddam
488 1480 515 1505 et
547 1477 572 1505 in
605 1484 707 1514 genere
740 1476 821 1510 boni;
852 1476 971 1505 dubium
1004 1480 1064 1510 est,

214 1528 312 1553 utrum
334 1524 434 1553 debeat
457 1524 552 1561 reponi
576 1524 647 1553 inter
670 1524 742 1552 bona
763 1523 918 1556 nzaoeinza,
946 1523 989 1553 vel
1010 1532 1065 1552 me-

214 1571 280 1606 dia,
302 1571 347 1600 vel
368 1571 494 1600 minima
507 1571 525 1601 ⁵.
549 1571 580 1600 Et
601 1571 622 1600 si
645 1572 717 1600 inter
740 1571 812 1599 bona
829 1570 966 1599 maxima
988 1578 1065 1607 repo·

214 1621 306 1653 natur,
322 1618 377 1647 iam
391 1618 495 1656 qratia
509 1618 576 1653 erit;
598 1619 687 1656 gratia
707 1621 802 1647 autem
824 1618 950 1646 existens
964 1617 991 1645 in
1007 1626 1064 1646 uno

213 1665 352 1699 subiecto,
381 1673 435 1694 non
465 1665 549 1694 babet
581 1665 714 1694 virtutem
736 1664 836 1702 agendi
869 1664 895 1692 in
921 1664 1008 1693 aliud.
1036 1664 1063 1693 Si

214 1720 280 1741 vero
293 1712 397 1749 qratia
412 1721 466 1741 non
488 1716 531 1741 est
550 1721 602 1742 nec
622 1713 729 1746 virtu&
751 1712 892 1750 quomodo
910 1720 978 1749 ergo
999 1711 1064 1740 dici-

213 1763 260 1788 tur
272 1760 427 1788 secundum
440 1760 585 1788 veritatem
597 1760 771 1789 sanctificare
786 1760 878 1796 ipsum
891 1759 1065 1788 Sacramen-

213 1811 275 1835 tum
296 1810 323 1835 ct
343 1815 409 1835 eum
431 1807 477 1844 qui
500 1807 618 1845 suscipit
638 1807 873 1836 Sacramentum?
893 1823 933 1827 -—
954 1806 981 1834 ln
1007 1815 1063 1843 quo

213 1853 297 1882 etiam
309 1862 414 1891 yenere
428 1853 463 1882 sit
477 1857 504 1882 et
525 1853 606 1882 cuius
620 1853 726 1890 speciei
746 1853 794 1887 sit,
813 1856 910 1881 utrum
935 1852 1063 1881 videlicet

213 1900 241 1928 in
263 1900 382 1928 diversis
403 1900 590 1929 Sacramentis
611 1899 817 1928 diversificetur
839 1898 996 1927 formaliter
1015 1898 1063 1926 illa

213 1947 318 1981 virtus,
338 1947 443 1975 homini
460 1955 560 1984 parum
580 1946 745 1984 intelligenti
767 1946 880 1975 difficile
895 1949 937 1975 est
951 1954 1060 1983 capere.

213 2011 252 2015 -—
268 1995 298 2023 Et
318 1994 341 2023 si
364 1995 435 2023 inter
459 1994 530 2023 bona
551 1994 663 2027 media,
689 1993 733 2022 vel
755 1993 881 2022 minima
907 1993 1062 2030 reponitur,

214 2041 355 2078 quomodo
376 2041 439 2070 talis
460 2041 551 2070 virtus
572 2041 637 2070 facit
657 2040 854 2070 rectitudinem
867 2040 877 2054 θ
900 2044 926 2069 et
946 2040 1063 2069 sanatio-

212 2096 276 2117 nem
299 2088 387 2125 ipsins
408 2088 533 2123 animae,
555 2096 627 2125 quae
649 2088 721 2116 inter
742 2087 815 2116 bona
835 2087 972 2116 maxima
990 2095 1063 2116 com-

212 2138 349 2172 putantur
363 2137 374 2162 ἱ)

291 2182 348 2210 Non
371 2182 462 2210 solum
484 2185 577 2210 autem
600 2181 713 2210 difficile
732 2185 774 2210 est
798 2181 955 2217 intelligere
976 2181 1062 2209 buius

212 2229 325 2257 virtutis
345 2229 513 2262 essentiam,
535 2229 585 2257 sed
607 2229 691 2257 etiam
717 2228 947 2256 subsistentiam.
970 2227 1062 2264 Quali-

213 2279 254 2304 ter
269 2276 342 2304 enim
355 2276 490 2304 accidens
504 2275 661 2312 spirituale
675 2275 946 2304 substantificabitur
959 2274 985 2302 in
997 2274 1062 2302 sub-

212 2323 282 2351 iecto
311 2323 477 2360 corporati,
507 2331 571 2351 cum
598 2323 754 2352 secundum
777 2325 895 2351 naturae
917 2322 1061 2355 ordinem,

277 2464 283 2478 ¹
303 2464 359 2486 lidd.
378 2463 424 2487 sed.
443 2465 511 2486 Paulo
529 2468 581 2487 ante
598 2470 641 2493 pro
658 2465 768 2488 constant
784 2465 834 2487 cod.
848 2465 863 2486 F
880 2465 1018 2488 consistunt.
1032 2464 1061 2486 ln-

213 2503 284 2525 l'erius
301 2509 344 2531 pro
361 2502 385 2525 in
402 2503 509 2526 animam
526 2504 577 2525 cod.
596 2503 613 2525 U
630 2503 654 2526 in
671 2503 761 2526 anima.

274 2542 284 2556 2
302 2542 322 2564 ln
342 2543 400 2565 ioan.
419 2543 506 2570 Evnng.
532 2546 558 2565 tr.
577 2543 613 2564 80.
633 2549 654 2564 n.
680 2543 701 2564 3.
728 2556 757 2558 —
782 2543 825 2565 Pro
849 2541 948 2571 faciente
975 2542 1025 2565 cod.
1044 2544 1061 2564 Α

211 2580 352 2609 facilitante,
374 2587 418 2603 non
437 2582 503 2609 pauci
522 2582 557 2603 alii
576 2581 644 2604 codd.
663 2587 716 2603 cum
738 2581 791 2604 edd.
808 2580 929 2610 faciendo,
949 2581 989 2603 sed
1007 2587 1062 2603 con-

211 2622 244 2641 tra
263 2623 347 2642 textum
366 2621 508 2648 originalem.

273 2658 282 2673 3
300 2659 360 2681 Libr.
380 2659 392 2680 l.
412 2659 440 2681 de
458 2660 558 2681 Sacram.
577 2666 600 2687 p.
618 2659 655 2681 Xl.
675 2665 694 2681 c.
713 2660 733 2681 2.
749 2660 833 2681 ——Pro
850 2659 936 2682 sentire
954 2659 1021 2681 codd.
1040 2662 1061 2681 et

210 2698 263 2720 odd.
286 2699 302 2725 l,
322 2699 334 2720 2
360 2697 443 2721 dicere.
461 2699 582 2727 Aliquanto
599 2698 694 2721 interius
721 2704 764 2726 pro
785 2697 901 2721 sustinent
919 2698 970 2721 cod.
988 2700 1005 2720 A
1023 2704 1060 2720 su-

210 2736 353 2759 stinuerunt.

274 2774 283 2789 ⁴
300 2775 371 2798 Codd.
390 2777 409 2798 K
427 2783 453 2798 aa
472 2782 597 2805 eaponere,
617 2776 668 2798 cod.
686 2777 702 2798 Z
719 2776 860 2805 exprimere.
875 2777 924 2799 Mox
942 2782 995 2799 cum
1008 2783 1060 2799 ver-

211 2813 246 2835 bis
263 2813 291 2837 Si
306 2814 358 2843 quis
376 2813 439 2837 dicut
455 2815 507 2837 edd.
521 2821 643 2843 perperam
657 2815 767 2843 incipiunt
779 2821 863 2837 novam
877 2816 1058 2843 propositionem

211 2855 232 2873 et
250 2853 347 2875 subinde
366 2857 417 2881 post
433 2853 523 2884 difficile
541 2855 648 2877 omittunt
664 2860 774 2884 namque.

274 2891 284 2905 ⁵
300 2891 344 2914 Ct‘r.
364 2893 385 2914 ll.
404 2893 463 2914 Sent.
492 2894 521 2915 lit.
546 2894 657 2921 Magistri,
683 2893 705 2915 d.
732 2893 823 2915 xxvtt.
850 2899 869 2915 c.
888 2893 908 2915 3.
927 2899 999 2921 seqq,
1018 2892 1057 2915 ubi

212 2929 268 2951 hace
286 2929 399 2952 bonorum
417 2931 498 2953 divisio
517 2932 595 2954 verbis
611 2932 707 2960 August.
725 2932 858 2959 explicatur.

274 2967 283 2981 6
300 2967 371 2990 Codd.
389 2971 404 2990 Λ
416 2969 432 2991 U
451 2970 647 2999 rectzfieutionem.

897 177 1150 206 SENTENTIARUM
1173 177 1232 205 LIB.
1256 178 1295 205 111.

1121 263 1206 292 quem
1226 256 1301 285 Deus
1322 264 1375 284 non
1391 256 1526 293 pervertit
1547 263 1597 293 per
1618 256 1800 291 miraculum,
1815 257 1970 286 substantia

1123 303 1158 331 sit
1179 303 1298 331 nobilior
1320 311 1371 332 sua
1399 303 1589 340 proprietate?
1605 320 1642 323 —
1657 305 1709 331 Aut
1730 304 1752 332 si
1781 304 1894 340 ponitur
1924 304 1971 332 illa

1123 350 1214 378 virtus
1245 350 1418 386 spiritualis⁷
1449 353 1481 378 ut
1503 350 1530 378 in
1561 350 1687 378 subiecto
1709 350 1736 378 in
1767 350 1853 379 verbo
1875 355 1901 379 et
1922 351 1971 379 ele-

1122 400 1227 430 mento,
1248 404 1336 433 quare
1357 405 1411 425 non
1433 397 1561 426 similiter
1582 397 1642 433 ipsa
1654 397 1774 434 qratia,
1790 405 1862 433 quae
1888 397 1970 426 debet

1123 444 1232 472 infundi
1254 444 1387 473 animae?
1408 444 1483 481 quod
1502 444 1595 472 nescio
1617 444 1638 473 si
1661 444 1762 481 aliquis
1777 448 1851 473 recte
1873 445 1971 473 intelli-

1123 498 1191 527 gens
1213 490 1295 519 dicat.
1310 507 1349 511 ——
1363 491 1416 519 Aut
1430 491 1453 519 si
1474 494 1516 520 est
1535 491 1562 519 in
1584 491 1710 519 subiecto
1731 492 1883 528 corporali,
1905 500 1970 528 quo-

1124 537 1207 566 modo
1220 546 1283 566 una
1303 538 1400 566 virtus
1415 540 1441 566 et
1462 538 1592 575 qualitas
1612 538 1747 566 absoluta
1762 538 1847 567 simul
1868 539 1971 575 poterit

1123 592 1184 613 esse
1205 585 1232 612 in
1264 584 1377 612 duobus
1397 584 1550 618 subiectis,
1583 585 1669 613 verbo
1701 585 1830 614 videlicet
1860 589 1888 614 et
1918 586 1971 614 ele-

1124 634 1229 665 mento,
1255 639 1291 660 ex
1313 631 1432 668 quibus,
1458 632 1509 660 etsi
1538 631 1587 660 fiat
1606 640 1695 660 unum
1724 632 1969 666 Sacramentum,

1123 686 1176 706 non
1207 681 1301 707 tamen
1323 678 1353 706 fit
1379 687 1472 707 unum
1491 687 1545 715 per
1573 682 1716 707 naturam
1738 682 1763 707 et
1790 678 1970 707 essentiam?

1123 725 1217 753 Unitas
1237 729 1331 753 autem
1354 725 1479 760 virtutis,
1500 725 1656 754 secundum
1682 725 1756 762 quod
1786 725 1847 754 vult
1874 726 1972 754 Dama-

1123 772 1250 806 scenuss,
1261 773 1461 809 correspondet
1475 772 1586 801 unitati
1598 772 1780 801 substantiae
1794 776 1819 801 et
1834 776 1970 801 naturae.

1123 820 1175 848 Aut
1195 827 1262 856 ergo
1291 820 1317 847 in
1340 828 1396 848 uno
1424 820 1602 848 Sacramento
1624 828 1678 848 non
1707 823 1748 848 est
1769 828 1832 848 una
1854 820 1969 853 virtus,

1123 867 1172 895 sed
1195 867 1306 903 plures;
1321 870 1371 895 aut
1391 867 1438 895 illa
1455 867 1544 895 virtus
1565 867 1725 904 composita
1740 870 1794 901 est3
1817 871 1866 895 aut
1881 875 1970 897 unum

1122 914 1251 943 accidens
1273 914 1394 950 simplex
1416 917 1443 942 et
1471 914 1618 951 spirituale
1639 917 1666 942 et
1695 914 1865 950 impartibile
1885 914 1970 942 simul

1122 961 1175 989 erit
1196 961 1221 989 in
1244 961 1369 989 diversis
1383 960 1536 993 subiecti&
1558 960 1634 997 quod
1656 963 1744 989 totum
1762 960 1842 989 valde
1857 960 1969 989 difficile

1122 1011 1164 1036 est
1186 1007 1340 1045 intelligere
1362 1008 1397 1036 de
1419 1007 1466 1035 illa
1488 1007 1601 1035 virtute.

1200 1055 1254 1083 Nec
1275 1054 1366 1083 solum
1396 1055 1447 1082 ista
1472 1054 1529 1083 duo
1551 1054 1663 1083 difficile
1690 1057 1732 1083 est
1752 1054 1907 1091 intelligere
1935 1055 2109 1084 deDifficuttasa.

1122 1101 1170 1130 illa
1195 1102 1315 1134 virtute,
1337 1101 1386 1130 sed
1412 1101 1494 1130 etiam
1521 1101 1690 1129 durationis
1715 1110 1895 1130 mensurant.
1917 1102 1971 1130 Du-

1123 1148 1199 1177 bium
1228 1149 1301 1177 enim
1332 1149 1459 1182 videtur,
1487 1152 1583 1176 utrum
1610 1148 1685 1177 Deus
1707 1149 1816 1177 dederit
1836 1149 1968 1178 virtutem

1122 1195 1212 1229 illam,
1244 1195 1357 1232 quando
1386 1195 1485 1232 primo
1511 1195 1654 1229 instituit,
1686 1204 1720 1224 an
1750 1196 1785 1224 de
1817 1204 1890 1224 novo
1915 1196 1968 1225 det.

1122 1242 1175 1270 Sed
1198 1242 1340 1279 quomodo
1361 1250 1380 1270 a
1400 1242 1549 1279 principio
1571 1242 1649 1271 dedit
1670 1242 1713 1271 his
1742 1251 1813 1279 quae
1843 1243 1968 1272 nondum

1121 1292 1216 1323 erant,
1238 1289 1310 1317 sicut
1332 1289 1439 1323 verbis,
1461 1296 1533 1325 quae
1555 1289 1679 1326 quotidie
1701 1289 1735 1317 de
1756 1297 1828 1318 novo
1849 1290 1970 1319 forman-

1122 1339 1193 1364 tur?
1215 1336 1240 1364 Si
1263 1336 1297 1364 de
1318 1344 1391 1364 novo
1414 1336 1478 1370 dat,
1500 1339 1565 1365 tunc
1588 1336 1712 1373 quotidie
1733 1337 1760 1364 in
1782 1337 1969 1367 Sacramentis

1123 1391 1177 1411 non
1199 1383 1289 1412 solum
1312 1383 1444 1420 gratiam,
1466 1383 1513 1412 sed
1537 1383 1619 1411 etiam
1642 1383 1696 1411 alia
1712 1384 1865 1412 accidentia
1880 1388 1969 1418 creat;

1122 1434 1149 1459 et
1170 1433 1263 1459 tamen
1285 1438 1338 1459 non
1362 1430 1507 1459 consuevit
1528 1430 1595 1464 dici,
1618 1430 1692 1468 quod
1721 1431 1870 1460 creationis
1898 1439 1970 1469 opus

1122 1481 1220 1506 currat
1240 1485 1315 1506 nunc
1336 1477 1387 1506 nisi
1401 1477 1411 1490 ⁹
1440 1478 1514 1506 circa
1534 1477 1643 1506 exitum
1672 1477 1791 1506 animae
1813 1478 1840 1506 in
1862 1487 1922 1507 esse
1943 1482 1970 1508 et

1122 1525 1196 1554 circa
1216 1524 1383 1553 infusionem
1403 1524 1585 1562 91·atiae.—
1604 1524 1635 1553 Et
1656 1524 1679 1553 si
1701 1525 1809 1553 desinat
1830 1533 1891 1554 esse
1918 1529 1970 1554 sta-

1122 1571 1188 1605 tim,
1211 1571 1318 1608 prolato
1340 1571 1439 1605 verbo,
1461 1571 1602 1608 quomodo
1624 1571 1729 1600 creavit
1750 1572 1824 1601 Deus
1846 1576 1902 1601 tam
1924 1581 1970 1601 no-

1122 1619 1206 1647 bilem
1229 1619 1377 1652 virtutem‚
1400 1622 1431 1647 ut
1446 1618 1483 1646 ita
1498 1619 1552 1647 cito
1572 1618 1723 1648 deficeret?
1738 1636 1777 1640 —-
1792 1619 1823 1647 Et
1843 1628 1968 1653 rursus,

1121 1665 1144 1694 si
1166 1665 1250 1694 datur
1273 1665 1370 1699 verbo,
1391 1673 1456 1693 cum
1479 1673 1532 1693 non
1550 1664 1571 1677 ¹⁰
1593 1665 1676 1694 detur
1704 1665 1790 1694 verbo
1816 1665 1843 1694 in
1865 1666 1969 1703 scripto

1122 1721 1172 1741 nec
1193 1713 1220 1741 in
1242 1715 1347 1746 mente,
1369 1712 1453 1741 datur
1475 1713 1502 1740 in
1524 1712 1766 1749 pronuntiatione3
1787 1715 1815 1741 et
1836 1716 1902 1741 tunc
1921 1713 1970 1741 dif-

1121 1759 1193 1788 ficile
1214 1759 1267 1788 erit
1287 1759 1443 1796 explicare,
1465 1762 1563 1787 utrum
1585 1759 1668 1787 detur
1690 1758 1717 1787 in
1735 1759 1900 1796 principio,
1923 1759 1968 1788 vel

1120 1806 1148 1834 in
1169 1806 1281 1839 medio,
1302 1806 1346 1834 vel
1369 1806 1395 1834 in
1415 1805 1486 1842 fine:
1509 1806 1574 1842 quia
1596 1813 1646 1834 nec
1669 1806 1696 1833 in
1715 1805 1863 1842 principio
1890 1806 1968 1835 verbi

1121 1853 1219 1881 necin
1247 1853 1341 1881 medio
1363 1855 1405 1881 est
1436 1853 1507 1881 actio
1530 1852 1605 1881 illius
1636 1853 1756 1882 virtutis.
1789 1853 1815 1881 Si
1848 1861 1915 1882 vero
1936 1853 1968 1881 in

1119 1899 1192 1937 fine,
1216 1903 1294 1933 tunc,
1316 1907 1379 1928 cum
1403 1899 1523 1928 verbum
1545 1899 1654 1928 desinat
1675 1908 1747 1934 esse,
1774 1904 1801 1929 et
1822 1900 1967 1930 deficiente

1120 1946 1219 1980 verbo,
1241 1946 1350 1975 desinat
1366 1946 1455 1974 virtus
1477 1946 1567 1980 verbi,
1589 1946 1675 1975 simul
1696 1946 1808 1984 incipiet
1829 1947 1919 1976 virtus
1941 1951 1968 1976 et

1120 1993 1236 2022 desinet.
1258 1994 1309 2021 Aut
1330 1993 1351 2021 si
1379 1997 1445 2021 ante
1465 1992 1552 2029 finem
1574 1993 1706 2028 daretur;
1728 1994 1840 2030 quando
1868 1994 1966 2023 anten

1120 2042 1203 2069 detur
1221 2044 1248 2069 et
1263 2044 1399 2077 quantum
1415 2040 1511 2074 duret,
1533 2040 1646 2069 difficile
1660 2044 1702 2069 est
1724 2041 1875 2070 insinuare.

1198 2087 1252 2116 Nec
1274 2090 1383 2115 tantum
1411 2087 1497 2120 illud,
1526 2087 1574 2115 sed
1596 2087 1679 2116 etiam
1710 2087 1799 2116 multo
1825 2088 1967 2118 difficilius
1977 2094 2107 2114 Diffieuuast-

1120 2138 1162 2163 est
1181 2134 1325 2171 explicare
1346 2134 1526 2170 operationis
1548 2134 1624 2163 illius
1646 2134 1758 2163 virtutis
1784 2134 1966 2173 efficaciam,

1119 2185 1216 2210 utrum
1240 2181 1345 2210 scilicet
1365 2184 1428 2218 agat
1449 2181 1627 2218 generatione
1648 2182 1822 2219 aequivoca,
1846 2183 1889 2212 vel
1903 2184 1967 2212 uni-

1118 2236 1205 2261 voca,
1221 2228 1380 2264 generando
1395 2228 1446 2256 sibi
1463 2228 1565 2262 simile,
1588 2228 1629 2257 vel
1647 2228 1790 2258 dissimile.
1801 2246 1840 2249 —
1851 2229 1967 2260 Difficile

1120 2275 1202 2303 etiam
1218 2278 1260 2303 est
1271 2275 1299 2308 ¹²,
1321 2278 1416 2303 utrum
1433 2273 1532 2303 influat
1545 2275 1658 2303 omnino
1673 2275 1789 2313 aliquid
1802 2276 1839 2304 ab
1860 2276 1967 2305 extrin-

1119 2330 1196 2355 seco,
1218 2329 1252 2350 an
1274 2321 1376 2350 educat
1396 2321 1503 2358 aliquid
1525 2321 1560 2350 de
1578 2322 1708 2358 potentia
1729 2322 1760 2350 in
1781 2327 1890 2351 aetum.
1913 2323 1968 2352 Pri-

1182 2464 1192 2478 ⁷
1210 2464 1266 2486 Edd.
1284 2463 1398 2494 specialis.

1181 2503 1190 2517 ⁸
1207 2503 1268 2525 Libr.
1287 2503 1318 2525 lll.
1336 2503 1364 2525 de
1381 2502 1435 2525 Fide
1453 2502 1542 2524 orthod.
1561 2508 1579 2524 c.
1603 2502 1635 2524 14.
1658 2503 1691 2525 l5.
1709 2505 1731 2524 et
1753 2503 1785 2524 19.

1180 2541 1190 2555 ⁹
1208 2542 1249 2564 Pro
1266 2548 1342 2569 nunc,
1357 2540 1404 2563 nisi
1415 2540 1481 2563 codd.
1495 2542 1512 2562 ti
1524 2541 1540 2562 H
1550 2541 1566 2562 L
1577 2541 1593 2562 N
1604 2541 1622 2563 V
1635 2547 1660 2563 aa
1674 2547 1721 2563 non
1733 2540 1794 2569 nisi‚·
1806 2541 1866 2569 edd.⁷
1879 2542 1966 2564 omisso

1118 2585 1166 2602 non
1183 2583 1235 2607 post
1251 2580 1273 2602 et
1290 2581 1381 2607 tamen,
1400 2578 1499 2601 subinde
1525 2579 1603 2607 legunt
1629 2579 1754 2602 creationis
1772 2585 1831 2608 opus
1847 2585 1894 2602 non
1913 2585 1966 2603 cur-

1117 2618 1157 2640 rat
1173 2617 1226 2640 nisi.
1246 2618 1287 2640 Pro
1305 2618 1389 2641 currat
1406 2617 1456 2639 cod.
1475 2618 1493 2639 li
1512 2617 1607 2640 existat.

1181 2657 1199 2671 ¹⁰
1216 2657 1263 2679 Non
1282 2657 1348 2684 pauci
1366 2656 1433 2678 codd.
1460 2663 1581 2684 perperam
1600 2658 1706 2679 omittunt
1727 2663 1783 2679 non..
1800 2658 1904 2679 interius
1920 2662 1965 2686 pro

1117 2695 1161 2718 erit
1178 2696 1246 2718 codd.
1264 2696 1310 2718 GK
1320 2696 1336 2717 L
1346 2695 1362 2717 N
1373 2695 1390 2717 U
1402 2696 1420 2717 V
1437 2702 1463 2717 aa
1481 2697 1521 2718 est.

1181 2735 1197 2749 ¹¹
1217 2736 1246 2758 lta
1264 2735 1314 2757 cod.
1333 2736 1365 2762 A,
1383 2735 1449 2757 codd.
1468 2735 1484 2756 Ε
1494 2735 1509 2756 F
1519 2735 1535 2757 Z
1554 2735 1600 2763 (alii
1613 2735 1676 2757 multi
1690 2738 1743 2757 sunt
1756 2735 1840 2758 dubiae
1852 2736 1962 2763 lectionis)

1117 2776 1234 2804 quantam
1251 2775 1318 2801 ante,
1340 2774 1375 2796 alii
1394 2777 1510 2803 quantum
1528 2775 1624 2802 autem,
1644 2774 1704 2802 cdd,
1728 2777 1814 2797 retento
1833 2776 1962 2804 quantam,

1117 2815 1224 2836 omittunt
1235 2814 1325 2841 antem,
1340 2816 1362 2835 ct
1375 2813 1457 2835 doindc
1470 2814 1536 2835 etiam
1555 2815 1577 2835 et
1592 2815 1709 2843 quantum
1720 2813 1796 2837 duret.
1809 2814 1877 2836 Paulo
1895 2820 1963 2842 supe-

1116 2853 1164 2875 rius
1182 2859 1223 2880 pro
1235 2851 1352 2881 deficiente
1364 2852 1432 2874 codd.
1451 2853 1466 2874 Α
1477 2853 1495 2874 G
1505 2853 1522 2874 ll
1535 2853 1552 2874 K
1563 2853 1579 2874 L
1591 2853 1608 2874 V
1622 2859 1647 2875 aa
1660 2852 1783 2875 desinente.
1801 2853 1902 2875 Subinde
1920 2859 1964 2881 pro

1116 2891 1216 2914 daretur
1233 2891 1283 2913 cod.
1301 2892 1317 2912 Α
1336 2890 1412 2918 detur,
1432 2891 1484 2913 odd.
1503 2890 1583 2913 [latur.

1180 2930 1198 2944 ¹²
1214 2930 1269 2953 Cod.
1288 2931 1307 2952 K
1326 2930 1417 2958 supplet
1434 2929 1570 2959 eoepttca1·e,·
1590 2930 1657 2953 codd.
1676 2930 1718 2952 UZ
1740 2929 1883 2960 intentam,-
1909 2930 1962 2953 cod.

1115 2972 1132 2992 A
1151 2971 1233 2992 omittit
1251 2970 1290 2992 est.
