2166 3366
131 1111 145 1129 A
150 1110 161 1128 d
175 1110 249 1133 opposi-

267 176 322 204 170

342 253 368 282 3.
389 254 471 287 Item,
505 253 576 281 sicut
607 252 756 289 superius¹
789 256 931 281 ostensum
964 252 1031 286 fuit,
1061 252 1108 280 itta

262 302 328 330 uuio
351 301 517 329 terminatur
539 300 573 328 ad
605 299 740 328 unitatem
774 299 948 336 personalem
975 299 1033 327 sive
1061 299 1109 335 hy-

261 348 395 385 postasis3
411 347 459 375 sed
475 346 706 383 quotiescumque
728 346 821 382 aliqua
843 346 900 374 duo
921 345 1058 373 uniuntur
1080 345 1107 373 in

262 395 421 432 supposito,
443 394 477 423 de
499 402 528 422 se
550 393 666 421 invicem
698 393 723 421 in
753 393 927 421 concretione
948 392 1109 429 praedican-

263 446 321 471 tur:
347 450 412 478 ergo
434 440 506 469 siout
528 440 605 468 Deus
636 439 760 468 nominat
782 439 904 467 divinam
927 443 1056 467 naturam
1079 438 1107 467 iu

263 488 452 521 concretione,
484 490 511 515 et
542 485 626 514 homo
658 486 800 519 similiter;
822 485 950 518 videtur,
973 485 1048 522 quod
1071 485 1107 514 ibi

262 536 297 564 sit
328 538 426 563 mutue
457 534 642 572 praedicatio,
664 536 695 562 ut
727 533 836 562 dicatur
865 533 940 561 Deus
961 533 1060 566 homo,
1082 535 1109 561 et

261 583 345 611 homo
367 582 449 611 Deus.

341 630 366 658 lt.
389 630 472 663 Item,
494 628 635 662 medium,
658 627 733 665 quod
749 627 852 664 optime
868 627 957 664 iungit
972 630 1108 660 extrema,

261 677 296 706 ad
328 680 482 713 utrumque
514 679 707 704 extremorum
741 677 921 711 comparatur
953 674 1107 702 seeundum

262 724 455 752 habitudinem
487 722 652 751 subiiciendi
685 725 711 750 et
743 721 955 758 praedicandi&
992 722 1012 749 si
1043 728 1109 757 ergo

261 771 389 800 Christus
412 770 551 807 perfectus
581 769 716 798 mediator
748 771 789 796 est
811 768 883 796 inter
904 763 994 796 Deum
1016 770 1043 795 et
1064 767 1110 795 bo-

262 819 378 852 minem7
401 826 468 855 ergo
491 818 567 845 Deus
589 820 615 845 et
637 815 719 844 lzomo
741 815 823 844 talem
847 815 950 843 liabent
972 814 1111 842 habitudi-

261 874 323 895 nem
347 869 477 902 respectu
498 865 633 893 eiusdem.
663 863 715 891 Sed
738 871 809 900 quae
832 862 914 891 talem
939 861 1042 890 habent
1064 862 1110 889 ha-

262 913 416 941 bitudinem
440 915 568 949 respectu
592 911 717 940 ciusdem
744 910 877 939 dicuntur
902 908 1059 937 necessario
1075 908 1109 937 de

261 969 290 990 se
312 960 445 988 invicem:
469 967 535 996 ergo
551 958 634 986 homo
649 958 828 995 praedicatur
844 957 878 985 de
900 956 974 990 Deo,
990 959 1017 984 et
1032 956 1109 983 Deus

261 1009 295 1037 de
318 1008 437 1037 bomine.

340 1055 392 1083 SED
413 1062 536 1083 CONTRA:
563 1055 586 1081 l.
609 1053 693 1081 Maior
722 1055 763 1081 est
794 1051 887 1080 unitas
909 1057 1110 1087 personarum

262 1103 289 1131 in
305 1102 399 1131 divina
414 1104 523 1135 natura,
545 1108 629 1137 quam
646 1099 679 1128 sit
694 1102 878 1127 naturarum
900 1097 926 1125 in
949 1097 1059 1125 Christo
1082 1096 1109 1124 in

261 1158 318 1179 una
349 1157 483 1187 persona,
506 1148 590 1185 quia,
612 1147 684 1176 sicut
716 1146 782 1175 dicit
814 1144 1009 1173 Bernardus³z
1037 1155 1050 1169 «
1062 1143 1110 1172 Illa

261 1197 354 1226 unitas
376 1204 468 1225 arcem
492 1198 566 1224 tenet
588 1202 672 1231 super
698 1201 795 1221 omnes
816 1192 936 1220 unitates
948 1202 975 1224 »ς
998 1191 1047 1220 sed
1069 1199 1110 1219 ra-

261 1245 335 1273 tione
356 1243 480 1272 imitatis
509 1246 638 1270 naturae
671 1250 725 1269 non
748 1239 881 1276 contingit
902 1239 1012 1272 dicere,
1034 1238 1109 1275 quod

261 1300 318 1320 una
339 1298 458 1328 persona
489 1290 524 1318 sit
556 1289 657 1317 altera:
681 1296 747 1324 ergo
777 1287 883 1315 ratione
904 1285 1029 1313 imitatis
1046 1293 1111 1322 per-

261 1347 350 1367 sonae
372 1346 424 1366 non
448 1337 581 1373 contingit
603 1336 709 1369 dicere,
731 1335 804 1371 quod
821 1334 896 1362 Deus
918 1333 953 1362 sit
975 1334 1067 1366 homo,
1084 1335 1111 1360 et

262 1386 336 1423 quod
359 1386 443 1413 homo
464 1384 498 1413 sit
518 1384 602 1412 Deus.

341 1434 366 1461 2.
391 1433 472 1466 ltem‚
497 1431 583 1468 magis
605 1429 774 1459 conveniunt
796 1437 828 1457 ea
854 1437 925 1466 quae
947 1432 1012 1457 sunt
1041 1428 1111 1456 eius-

261 1481 324 1509 dem
348 1480 457 1517 generis
479 1482 505 1507 et
527 1478 666 1506 uniuntur
682 1477 708 1504 in
725 1480 825 1505 natura
840 1479 866 1504 et
881 1484 1009 1513 persona,
1025 1484 1108 1512 quam

261 1536 333 1565 quae
355 1530 419 1556 sunt
442 1526 618 1555 diversorum
642 1532 776 1561 generum
800 1527 826 1552 et
848 1523 986 1551 uniuntur
1009 1522 1034 1550 in
1052 1530 1111 1559 per-

261 1584 328 1605 sona
351 1578 475 1607 tantum3
497 1573 545 1601 sed
569 1572 661 1600 anima
690 1574 717 1599 et
748 1579 850 1608 corpus
873 1574 937 1599 sunt
959 1570 986 1598 in
1009 1578 1110 1606 genere

262 1621 435 1650 substantiae
467 1624 493 1649 et
525 1619 664 1647 uniuntur
696 1618 722 1646 in
754 1626 808 1646 uuo
840 1617 968 1651 bomine,
1000 1617 1046 1654 qui
1069 1619 1110 1645 est

262 1669 387 1698 eiusdem
412 1671 527 1696 naturae
549 1670 576 1695 et
609 1666 691 1694 unius
721 1672 871 1702 persona-iffi
903 1664 1033 1692 divinitas
1064 1672 1111 1692 au-

263 1719 317 1745 tem
350 1719 377 1744 et
406 1714 567 1743 humanitas
599 1721 652 1741 non
676 1715 740 1741 sunt
771 1711 896 1740 eiusdem
919 1711 1029 1748 generis
1060 1718 1110 1739 nee

262 1764 399 1792 uniuntur
423 1763 450 1790 in
472 1760 628 1791 unitatem⁴
658 1763 790 1791 naturae.
813 1759 861 1787 sed
891 1759 980 1787 solum
1003 1759 1030 1786 in
1053 1758 1111 1786 uni-

263 1814 346 1840 tatem
363 1817 513 1848 personae:
537 1817 603 1845 ergo
625 1816 688 1837 cum
707 1808 774 1835 liaeo
797 1807 831 1835 sit
852 1806 933 1835 falsu:
956 1806 1049 1834 anima
1070 1808 1111 1834 est

262 1866 383 1895 eorpus,
399 1861 426 1886 et
441 1865 455 1885 e
477 1864 631 1888 eonverso;
647 1863 713 1891 ergo
728 1857 755 1882 et
770 1854 850 1882 liaeo:
867 1853 950 1881 bomo
972 1856 1013 1881 est
1028 1852 1111 1887 Deus5

262 1910 289 1934 et
311 1906 385 1934 Deus
406 1908 447 1933 est
469 1904 561 1932 homo.

342 1952 559 1985 3.1tem‚cum
593 1949 710 1978 dieitur:
744 1948 818 1977 Deus
850 1951 891 1976 est
922 1947 1041 1981 h0m0⁵‚
1063 1950 1112 1975 aut

940 174 1192 203 SENTENTIARUM
1214 174 1274 202 LIB.
1296 174 1336 202 ΙΙΙ.

1166 251 1249 280 homo
1271 252 1449 289 praedicatur
1471 253 1506 281 de
1520 252 1577 281 Deo
1598 256 1625 281 et
1651 255 1685 283 de
1707 254 1786 282 Petro
1807 254 1937 287 univoce,
1963 257 2012 283 aut

1165 299 1326 337 aequivoce.
1356 299 1381 327 Si
1414 300 1547 328 univoce.-
1580 308 1647 337 ergo
1668 301 1774 338 aliquid
1797 304 1838 329 est
1859 301 2010 329 univocum

1166 346 1288 374 Creatori
1311 349 1338 374 et
1360 340 1519 381 creaturae,
1541 347 1617 384 quod
1645 351 1686 376 est
1711 347 1897 384 impossibile;
1919 347 1941 376 si
1964 356 2012 376 ae-

1165 393 1299 430 quivoce:
1321 401 1387 430 ergo
1409 402 1462 421 non
1486 394 1596 422 videtur
1618 394 1746 423 Christus
1761 394 1844 422 bomo
1865 394 1900 422 nd
1922 402 2010 431 genus

1166 439 1312 467 hominum
1334 440 1489 476 pertinere,
1518 448 1554 469 ex
1583 449 1639 477 quo
1660 439 1744 469 homo
1765 440 1799 469 de
1820 440 1880 477 ipso
1902 443 1928 469 et
1949 441 2011 470 aliis

1166 494 1219 514 non
1242 486 1344 514 dicitur
1365 486 1550 515 uniformiter.

1245 533 1271 560 [ι.
1293 533 1374 567 Item,
1392 541 1454 562 cum
1471 533 1588 562 dieitur:
1605 534 1679 563 Deus
1694 537 1735 563 est
1751 534 1850 568 homo,
1865 537 1913 562 aut
1928 533 2011 562 homo

1166 579 1345 616 praedicatur
1363 588 1417 617 per
1436 589 1482 614 se,
1503 584 1552 609 aut
1570 589 1624 617 per
1646 581 1788 609 accidens.
1805 581 1832 609 Si
1850 589 1904 618 per
1924 590 1968 614 se‚·
1983 584 2011 610 et

1166 627 1241 663 quod
1263 627 1443 664 praedicatur
1461 636 1515 664 per
1535 636 1564 656 se
1588 628 1691 656 dieitur
1713 628 1747 656 de
1767 628 1891 665 quolibet
1912 636 2014 665 suppo-

1166 675 1232 703 sito:
1256 683 1322 711 ergo
1350 675 1490 712 quaelibet
1521 683 1640 712 persona
1672 675 1766 704 divina
1797 679 1838 704 est
1870 676 1961 703 homo.
1985 675 2011 703 Si

1163 730 1217 758 per
1245 722 1397 750 accidens:
1423 730 1490 759 ergo
1521 722 1648 756 videtur,
1680 722 1755 759 quod
1777 721 1883 758 aliquid
1905 722 2012 750 aecidat

1166 768 1242 803 Deo;
1265 769 1339 806 quod
1360 769 1473 797 omnino
1503 769 1605 797 falsum
1627 772 1681 803 est,
1708 769 1779 797 sicut
1800 768 1948 805 probatum
1971 771 2013 797 est

1167 816 1194 844 in
1216 816 1306 853 primo
1330 816 1399 844 libro
1410 816 1427 843 ⁶.

1247 865 1272 892 ’5.
1294 864 1370 895 ltem,
1392 872 1457 892 cum
1472 864 1589 892 dicitur:
1605 864 1680 893 Deus
1695 867 1736 892 est
1752 864 1849 897 homo,
1864 866 1913 892 aut
1928 862 2011 891 lzomo

1166 911 1347 948 praedicatur
1368 911 1403 939 de
1425 910 1482 939 Deo
1503 910 1650 944 absolute,
1672 914 1720 939 aut
1735 910 1862 938 relative.
1885 910 1911 938 Si
1933 909 2014 938 abso-

1167 957 1240 986 lute:
1263 966 1330 994 ergo
1352 958 1454 986 dicitur
1477 958 1511 986 de
1533 957 1636 992 trihus,
1665 957 1730 994 quia
1753 957 1865 985 nomina
1884 957 2012 985 absoluta

1166 1005 1299 1033 dicuntur
1321 1004 1355 1033 de
1376 1004 1482 1039 tribus,
1505 1005 1577 1033 sicut
1592 1004 1652 1033 vult
1673 1004 1843 1041 Augustinus
1853 1004 1871 1038 ⁷,
1896 1007 1923 1032 et
1943 1004 2012 1032 haec

1167 1053 1263 1081 dicunt
1295 1052 1488 1081 substantiam.
1520 1052 1547 1080 Si
1576 1052 1731 1081 secundum
1753 1051 1941 1084 relationem;
1964 1051 2012 1080 sed

1167 1107 1248 1128 omne
1271 1099 1419 1128 relativum
1435 1099 1537 1128 dieitur
1553 1102 1682 1136 respectu
1697 1099 1831 1127 alieuius:
1848 1106 1914 1135 ergo
1929 1097 2012 1126 homo

1167 1146 1273 1175 dieitur
1294 1149 1423 1183 respectu
1446 1146 1573 1175 alicuius.
1597 1146 1649 1174 Sed
1672 1146 1724 1174 hoc
1739 1148 1780 1175 est
1795 1146 1876 1183 plane
1897 1146 2012 1174 falsum:

1167 1201 1233 1229 ergo
1255 1201 1309 1221 non
1331 1192 1459 1227 videtur,
1480 1192 1555 1229 quod
1578 1191 1661 1221 homo
1686 1192 1780 1229 aliquo
1802 1192 1884 1221 modo
1906 1192 2015 1229 praedi-

1167 1244 1246 1269 cetur
1268 1241 1302 1269 de
1324 1240 1388 1269 Deo.

1247 1288 1272 1315 6.
1295 1287 1381 1321 item,
1404 1287 1424 1315 si
1449 1286 1532 1315 homo
1554 1287 1733 1324 praedicatur
1755 1287 1789 1316 de
1811 1287 1880 1321 Deo,
1902 1290 1950 1315 aut
1972 1290 2014 1316 est

1168 1334 1198 1362 in
1217 1334 1301 1371 plus,
1324 1338 1372 1362 aut
1400 1334 1431 1362 in
1452 1334 1569 1367 miuus,
1601 1338 1649 1362 aut
1670 1334 1702 1362 in
1723 1343 1811 1372 aeque
1821 1334 1839 1362 ⁸.
1861 1335 1887 1363 Si
1910 1334 1941 1362 z'n
1962 1334 2013 1362 mi-

1168 1390 1241 1409 nus.-
1264 1389 1330 1418 ergo
1353 1381 1471 1418 quilibet
1492 1381 1576 1409 homo
1597 1385 1639 1410 est
1660 1381 1751 1413 Deus,
1772 1385 1799 1409 et
1827 1389 1881 1409 non
1903 1389 2016 1411 conver-

1167 1429 1251 1462 titur;
1274 1429 1295 1456 si
1318 1428 1349 1456 in
1367 1428 1452 1465 ptus:
1468 1435 1534 1465 ergo
1549 1427 1678 1464 quilibet,
1700 1428 1747 1465 qui
1763 1428 1837 1457 Deus
1858 1432 1908 1463 est.
1930 1428 2014 1457 homo

1168 1480 1224 1508 est;
1247 1476 1267 1504 si
1291 1476 1322 1503 in
1343 1484 1448 1513 aeque:
1471 1483 1537 1512 ergo
1560 1475 1631 1504 redit
1653 1475 1725 1504 idem
1749 1475 1953 1505 inconveniens.

1248 1524 1273 1551 7.
1297 1523 1378 1557 Item,
1402 1523 1451 1550 boc
1485 1530 1584 1551 nomen
1621 1522 1696 1550 Deus
1726 1526 1775 1550 aut
1799 1523 1938 1559 supponit
1964 1532 2015 1560 pro

1168 1578 1286 1607 persona
1308 1570 1378 1603 Filii,
1400 1573 1449 1597 aut
1468 1578 1534 1597 non.
1567 1569 1594 1597 Si
1616 1577 1667 1606 pro
1693 1577 1812 1606 persona
1835 1570 1891 1598 Filii
1912 1579 2015 1607 suppo-

1166 1617 1226 1650 nit,
1248 1617 1345 1646 eadem
1369 1617 1474 1645 ratione
1496 1620 1523 1645 et
1553 1624 1605 1653 pro
1637 1624 1755 1653 persona
1778 1616 1876 1645 Patris:
1904 1625 1970 1654 ergo
1992 1617 2014 1646 si

1167 1665 1235 1693 liaeo
1256 1667 1297 1692 est
1319 1672 1385 1692 vera
1408 1672 1458 1700 pro
1479 1671 1599 1700 persona
1620 1663 1692 1692 Filii:
1715 1663 1790 1692 Deus
1811 1668 1853 1692 est
1874 1664 1966 1698 bomo,
1988 1667 2015 1692 et

1168 1711 1236 1740 haec
1266 1719 1315 1748 pro
1344 1719 1463 1748 persona
1494 1710 1596 1739 Patris:
1619 1710 1694 1739 Deus
1714 1719 1767 1738 non
1791 1714 1832 1739 est
1853 1711 1966 1739 homoss.
1988 1711 2015 1739 Si

1168 1766 1235 1786 vero
1256 1766 1316 1786 'non
1337 1758 1475 1794 supponit
1495 1765 1547 1794 pro
1576 1765 1694 1794 persona
1715 1757 1788 1785 Filii:
1812 1765 1879 1794 ergo
1900 1765 1963 1786 eum
1988 1758 2014 1786 in

1168 1805 1215 1833 illa
1237 1813 1356 1842 persona
1387 1804 1458 1833 fecta
1491 1805 1524 1833 sit
1556 1804 1637 1839 unio,
1664 1804 1806 1841 praedicta
1839 1804 1941 1834 locutio
1962 1805 2016 1833 erit

1169 1852 1331 1889 simpliciter
1353 1851 1429 1880 falsa.

1249 1900 1274 1928 8.
1297 1899 1379 1933 Item,
1402 1899 1465 1935 plus
1481 1899 1564 1927 distat
1579 1899 1653 1927 Deus
1668 1902 1695 1927 et
1710 1899 1809 1932 homo,
1831 1906 1915 1935 quam
1932 1898 2015 1927 homo

1169 1950 1196 1975 et
1219 1946 1384 1979 non-homo3
1407 1945 1455 1973 sed
1478 1945 1553 1973 Deus
1575 1953 1719 1982 nunquam
1735 1945 1814 1979 facit,
1835 1945 1909 1982 quod
1932 1945 2016 1973 homo

327 2087 334 2101 ¹
352 2087 406 2109 Dist.
420 2087 441 2108 6.
454 2093 474 2108 a.
488 2087 508 2108 2.
521 2092 542 2114 q.
561 2086 577 2107 1.
587 2097 619 2101 -
628 2084 694 2113 Quod
708 2084 736 2105 ad
748 2083 865 2106 minorem.
882 2085 983 2111 spectat,
996 2083 1112 2110 respicies,

263 2127 327 2156 quod
352 2127 455 2151 Aristot..
475 2125 502 2147 de
521 2124 659 2146 l'rnedieam.
679 2129 698 2145 c.
719 2123 746 2145 de
766 2122 905 2146 Substantitz
924 2122 991 2144 docet
1007 2125 1112 2149 respectu

264 2171 344 2188 eorum
363 2171 422 2193 quae
440 2164 462 2186 in
481 2163 583 2186 subiecto
601 2166 665 2189 sunt,
684 2165 709 2184 ut
725 2169 743 2184 e.
763 2168 797 2189 gr.
818 2161 909 2189 album,
930 2162 976 2184 scil.
997 2162 1046 2189 ipsa
1068 2167 1111 2183 non

265 2204 391 2232 praedicuri
410 2203 438 2225 de
456 2202 558 2224 subiecto
576 2201 705 2223 secundum
724 2201 833 2222 rationem
853 2201 935 2222 sivein
948 2199 1111 2227 obstructione;

267 2252 277 2263 (ι
291 2244 373 2265 dicitur
389 2244 450 2265 enim
468 2248 553 2269 corpus
571 2241 662 2268 album,
680 2241 737 2262 ratio
754 2246 810 2262 vero
828 2239 873 2261 albi
892 2245 1009 2267 nunquam
1022 2239 1050 2261 de
1063 2245 1114 2261 cor-

264 2289 320 2310 pore
338 2281 531 2310 praedicabitur»
552 2279 678 2309 [dicendoz
697 2285 782 2306 corpus
800 2281 834 2300 est
851 2277 953 2307 albedo]
981 2277 1024 2300 Csr.
1042 2283 1111 2305 supra

265 2321 286 2343 d.
305 2321 326 2342 6.
345 2326 364 2342 n.
387 2320 404 2341 t.
423 2326 444 2348 q.
468 2320 484 2341 l.
502 2331 534 2335 —
552 2319 593 2340 Pro
611 2317 744 2348 hypostasis
762 2317 811 2339 Vnt.
830 2316 982 2346 hypostasim.
1002 2316 1069 2338 Paulo
1082 2316 1113 2337 in-

264 2361 334 2382 ferius
352 2366 394 2387 pro
411 2360 432 2382 et
450 2358 519 2381 homo
537 2357 646 2381 similiter
656 2366 665 2385 ;
681 2357 774 2380 videtur
792 2356 842 2378 cod.
860 2356 875 2377 F
893 2357 913 2378 et
925 2355 994 2378 homo
1005 2355 1113 2378 nominat

264 2399 397 2422 humanam
413 2399 528 2421 naturum
545 2397 572 2420 z'n
590 2396 753 2424 concretione,
772 2395 886 2425 sequitur.

327 2438 337 2452 ²
355 2437 488 2460 Secundum
506 2438 605 2465 Aristot.y
624 2436 638 2458 l.
658 2436 728 2457 Prior.
747 2441 765 2457 c.
785 2435 804 2457 4.
824 2435 850 2456 Et
867 2434 928 2457 idem
947 2435 976 2456 nit
994 2434 1029 2456 lV.
1051 2434 1112 2456 volit.

265 2484 283 2500 c.
296 2478 318 2500 9.
331 2477 359 2506 (c.
372 2477 403 2506 7.)
415 2484 420 2499 :
434 2478 454 2498 ln
468 2483 494 2499 co
512 2475 613 2505 [medio]
626 2476 686 2497 enim
706 2478 830 2503 utrumque
842 2478 997 2496 extremorum
1010 2476 1112 2501 apparet.

327 2516 337 2530 3
354 2516 413 2538 Libr.
433 2516 459 2538 V.
485 2515 513 2537 de.
539 2514 655 2537 Considor.
682 2521 701 2536 e.
733 2514 753 2536 8.
772 2520 793 2536 n.
816 2514 848 2535 19.
866 2525 896 2528 —
914 2513 935 2534 ln
953 2512 1042 2535 maiori
1063 2515 1114 2540 post

262 2562 424 2585 personarum
442 2555 491 2577 Vnt.
510 2554 587 2576 subdit
604 2553 748 2576 divinarum.

326 2594 335 2609 ⁴
354 2594 409 2617 Cod.
428 2595 445 2616 Α
464 2595 500 2616 liic
517 2596 538 2615 et
557 2597 608 2621 post
626 2599 697 2621 pauca
716 2592 741 2614 in
758 2591 854 2614 imitate.

327 2634 337 2648 ⁵
353 2634 425 2657 Codd.
443 2633 486 2655 FU
499 2633 530 2655 bb
548 2639 575 2654 ex
597 2639 662 2661 seqq.
688 2632 796 2659 supplent
821 2632 843 2653 et
868 2631 952 2653 Petrus
977 2631 1011 2653 est
1035 2630 1112 2653 homo.

266 2673 334 2695 Paulo
352 2674 445 2695 inferius
462 2675 512 2700 post
528 2670 646 2701 pertinere
664 2671 714 2693 cod.
734 2670 751 2692 O
769 2671 882 2692 interserit
898 2669 1111 2699 quozlclanmatmn

265 2714 299 2735 est
314 2712 338 2734 in
356 2711 447 2735 decreto
466 2710 610 2738 Alexandri,
630 2709 691 2733 sieut
707 2709 783 2739 patuit
800 2715 874 2738 supra
893 2708 926 2738 [d.
946 2710 967 2731 6.
985 2715 1004 2731 a.
1027 2710 1043 2731 l.
1057 2716 1078 2737 q.
1092 2709 1112 2731 3.

266 2752 368 2773 fundam.
391 2750 428 2780 l.].

328 2791 337 2805 ὃ
355 2791 408 2812 Dist.
427 2791 447 2812 S.
467 2797 488 2818 p.
506 2790 520 2811 l.
539 2796 558 2811 a.
578 2790 598 2811 2.
618 2796 639 2817 q.
662 2790 667 2810 l
683 2797 688 2817 ς
715 2789 736 2811 d.
764 2789 800 2810 ⁶26.
826 2788 881 2810 dub.
908 2788 938 2814 5;
955 2788 977 2810 d.
996 2788 1032 2809 30.
1051 2794 1072 2816 q.
1092 2789 1112 2809 9..

266 2836 313 2858 seq.
331 2842 362 2845 —
379 2829 411 2851 De
428 2829 539 2851 divisione
559 2828 734 2855 praedicationis
750 2827 804 2849 vide
817 2828 919 2855 Aristot,
937 2827 950 2848 l.
964 2827 1047 2848 Foster.
1060 2833 1078 2848 c.
1092 2826 1113 2854 t,

266 2870 287 2889 et
306 2868 348 2889 Vll.
367 2868 464 2894 Metupli.
482 2869 533 2888 text.
555 2867 588 2888 ll.
606 2873 653 2895 seq.
673 2866 717 2892 (Vl.
736 2872 754 2887 ι’.
779 2865 818 2894 4.).
845 2865 934 2892 noem„
954 2865 967 2886 l.
986 2865 1007 2886 in
1026 2864 1113 2886 Praedi-

266 2913 324 2929 cam.
342 2908 445 2933 Aristot.,
460 2907 557 2933 primam
575 2906 679 2932 regulum
697 2904 980 2932 unteprnedicamentalem
999 2904 1114 2931 explicans

266 2946 310 2968 ait:
329 2945 424 2967 Duobus
441 2945 501 2966 enim
520 2944 594 2966 modis
612 2944 792 2971 pruedleationes
818 2943 889 2965 fiunt:
915 2949 961 2965 uno
983 2942 1113 2966 secundum

266 2984 389 3012 accidens,
410 2984 452 3005 alio
470 2983 497 3006 de
513 2982 615 3006 subiecto
633 2982 687 3012 [per
704 2982 753 3012 se];
772 2982 800 3004 de
818 2983 911 3004 homine
932 2988 1033 3010 namque
1050 2988 1113 3009 prae-

1170 2082 1259 2104 dicatur
1276 2080 1366 2108 albumy
1384 2080 1467 2102 (licitur
1484 2080 1545 2101 enirn
1564 2080 1632 2102 bomo
1650 2079 1731 2107 albus;
1749 2086 1830 2102 rursus
1842 2079 1870 2101 de
1882 2079 1965 2101 eodem
1978 2080 2016 2102 ho-

1170 2123 1231 2143 mine
1249 2121 1395 2149 praedicetur
1413 2120 1508 2145 animal,
1527 2119 1609 2141 dicitur
1626 2120 1687 2141 enim
1705 2120 1774 2141 bomo
1797 2119 1886 2141 animal.
1913 2119 1958 2141 Sed
1981 2119 2016 2141 illa

1170 2161 1232 2188 prior
1250 2154 1411 2187 praedicatio...
1430 2158 1558 2181 secundum
1576 2158 1682 2180 accidens
1699 2161 1747 2186 est;
1770 2164 1869 2187 nomque
1895 2158 2016 2187 accidens,

1170 2199 1233 2228 quod
1251 2203 1282 2221 est
1301 2198 1392 2225 album,
1416 2198 1445 2220 (le
1462 2197 1565 2220 subiecto
1584 2198 1675 2219 bomine
1693 2197 1849 2225 praedicatur,
1868 2197 1907 2219 scd
1927 2203 1970 2219 non
1994 2198 2016 2219 in

1169 2244 1196 2260 eo
1214 2238 1277 2267 quod
1294 2238 1350 2267 quid
1374 2237 1405 2260 sit
1430 2235 1625 2267 [essentialiter]...
1653 2236 1685 2259 De
1710 2236 1813 2259 subiecto
1830 2236 1884 2265 [per
1901 2235 1937 2266 se]
1960 2243 2016 2259 vero

1171 2277 1304 2305 praedicare
1321 2280 1366 2305 est,
1384 2277 1474 2305 quoties
1492 2277 1560 2297 attera
1578 2282 1615 2298 res
1633 2275 1661 2297 de
1679 2276 1747 2298 altera
1772 2276 1794 2297 in
1820 2276 1868 2303 ipsa
1891 2275 2016 2298 substantia

1170 2316 1327 2344 praedicatur,
1347 2320 1370 2338 ut
1388 2316 1470 2338 animal
1489 2315 1517 2337 de
1535 2315 1640 2341 homine;
1659 2315 1768 2343 quoniam
1786 2314 1868 2336 animal
1881 2317 1902 2336 et
1914 2314 2017 2336 substan-

1171 2356 1199 2377 tia
1217 2359 1250 2377 est
1267 2359 1288 2377 et
1305 2361 1379 2383 genus
1398 2355 1509 2381 liominisg
1528 2354 1612 2375 idcirco
1630 2356 1671 2375 etc.

1233 2394 1242 2408 ⁷
1258 2394 1319 2416 Libr.
1338 2394 1364 2415 V.
1383 2394 1412 2416 de
1429 2394 1491 2415 Trin.
1510 2399 1528 2415 c.
1547 2393 1567 2414 8.
1587 2399 1607 2414 n.
1620 2393 1641 2415 9.
1655 2398 1719 2421 seqq.
1733 2391 1777 2414 Csr.
1791 2392 1804 2413 l.
1817 2392 1877 2414 Sent.
1891 2392 1912 2414 d.
1925 2391 2016 2414 XXVll.

1170 2435 1201 2456 lit.
1219 2434 1331 2462 Magistri,
1349 2439 1367 2455 c.
1386 2432 1406 2454 4.
1425 2439 1472 2461 seq.
1490 2444 1521 2448 -
1537 2431 1643 2455 Relatioa
1655 2431 1783 2453 secundum
1796 2431 1897 2459 Aristot.,
1910 2430 1939 2452 de
1951 2430 2017 2452 Prae-

1171 2473 1254 2495 (licam.
1273 2479 1292 2494 c.
1310 2472 1337 2494 cle
1354 2471 1395 2494 His
1412 2477 1472 2501 quae
1483 2470 1515 2493 acl
1526 2469 1629 2500 aliquid,
1646 2478 1655 2490 a
1669 2470 1777 2492 dicuntur
1789 2475 1950 2498 quaecumque
1961 2470 2017 2491 haec

1170 2513 1219 2539 ipsa
1238 2517 1297 2540 quae
1314 2513 1378 2538 sunt,
1397 2510 1493 2532 aliorum
1511 2515 1561 2531 esse
1579 2509 1697 2537 dicuntur,
1716 2508 1752 2530 vel
1769 2507 1942 2537 quomodolibet
1953 2508 2016 2530 aliter

1171 2551 1199 2573 nd
1217 2552 1326 2578 ulte-rum,
1345 2553 1368 2572 ut
1386 2550 1461 2571 maius
1478 2550 1521 2571 hoc
1539 2550 1615 2576 ipsum
1633 2548 1695 2577 quod
1713 2551 1758 2576 est,
1777 2548 1868 2570 ulterius
1886 2547 1968 2569 dicitur
1980 2556 2000 2569 n.

1233 2590 1243 2604 ⁸
1260 2590 1376 2617 Damaso„
1395 2589 1513 2610 Dialectica
1524 2606 1529 2616 ‚
1548 2594 1566 2610 c.
1587 2587 1629 2609 i5:
1642 2587 1715 2609 Omne
1727 2587 1884 2614 praedicatum
1897 2590 1935 2608 aut
1947 2585 2018 2608 latz'us

1170 2631 1233 2657 patet
1245 2635 1314 2657 quum
1327 2628 1469 2655 subiectum,
1482 2630 1520 2649 aut
1531 2632 1604 2656 aeque
1613 2634 1621 2653 ,⁴
1634 2625 1714 2648 minus
1725 2629 1801 2648 autem
1815 2624 1860 2647 late
1876 2631 2017 2653 nunquam...

1171 2668 1253 2691 Latius
1271 2674 1339 2695 porro
1359 2670 1434 2695 patent
1451 2667 1583 2694 superiora3
1603 2665 1683 2688 minus
1705 2664 1750 2687 late
1775 2664 1904 2686 interiora...
1932 2664 2018 2686 Praedi-

1171 2711 1247 2730 catum
1265 2709 1341 2729 autom
1352 2725 1357 2734 ,
1375 2706 1437 2734 quod
1455 2706 1558 2728 subiecto
1575 2708 1609 2727 est
1625 2704 1731 2734 aequale,
1751 2703 1806 2726 illud
1823 2707 1856 2726 est
1878 2703 1941 2732 quod
1964 2709 2017 2726 cum

1171 2746 1274 2768 subiecto
1291 2746 1454 2768 convertitur...
1475 2745 1620 2773 Quapropter
1645 2749 1756 2772 generum
1783 2743 1811 2765 de
1836 2743 1973 2771 speciebus,
1996 2746 2018 2765 et

1171 2786 1351 2808 differentiarum
1370 2785 1398 2807 cle
1416 2784 1550 2812 speciebus,
1564 2790 1589 2806 ac
1601 2784 1729 2812 specierum
1749 2783 1776 2805 [le
1794 2782 1919 2804 individuis
1931 2782 2018 2810 praedi-

1171 2826 1229 2847 catio
1246 2825 1311 2847 lutior
1328 2824 1425 2851 dicitur;
1444 2824 1591 2851 propriorum
1609 2825 1685 2844 autem
1703 2827 1783 2850 aequa.
1801 2820 1845 2843 Csr.
1864 2825 1919 2843 tom.
1938 2821 1951 2842 l.
1964 2827 2017 2849 pag.

1171 2864 1228 2891 348,
1248 2867 1298 2886 notu
1316 2863 1337 2885 5.

1233 2903 1242 2917 ⁹
1259 2903 1285 2925 Et
1302 2906 1469 2931 consequenter
1485 2901 1546 2923 Deus
1563 2901 1630 2923 simul
1642 2902 1676 2922 est
1687 2901 1756 2921 bomo
1769 2902 1791 2921 et
1803 2906 1846 2922 non
1860 2900 1941 2927 bomo,
1955 2899 2018 2928 quod

1171 2944 1204 2964 est
1221 2941 1355 2963 absurdum.
1375 2953 1404 2956 —
1421 2941 1471 2963 Mox
1488 2940 1555 2962 codd.
1574 2942 1590 2961 A
1601 2939 1671 2961 FGH
1682 2939 1700 2960 K
1711 2939 1789 2960 UZaa
1808 2939 1914 2960 omittunt
1925 2937 1950 2961 in
1967 2943 2018 2960 unte

1171 2980 1296 3003 ablativum
1314 2979 1355 3002 illa
1369 2985 1481 3009 persona.
