2166 3366
13 702 32 722 >e
37 701 129 721 deletione

29 724 133 767 irngtxtxhs:

13 753 69 797 tii...
99 753 108 771 ⁸

19 1300 98 1320 Dubium
114 1301 131 1319 ³.

26 2368 62 2395 ‚De
76 2370 142 2389 tibera-

16 2393 66 2412 tione
83 2399 93 2412 a
124 2399 142 2412 o-

15 2417 83 2435 testate
117 2417 143 2436 in-

16 2438 59 2458 buli.

887 187 1072 217 DtS'rtNCTtO
1094 187 1159 216 xlx.

145 266 221 293 nobis
241 274 291 293 non
313 265 474 300 praevaleat.
494 266 568 292 Licet
587 265 656 292 enim
670 273 717 291 nos
739 268 819 291 tentet
839 268 898 299 post
918 265 990 292 Chri-

143 309 175 335 sti
196 312 320 340 mortem,
340 308 439 342 quibus
468 308 554 334 modis
583 310 643 333 ante
672 307 804 339 tentabat,
829 315 879 333 non
901 310 986 334 tamen

146 351 252 378 vincere
272 353 368 385 potest,
387 350 456 376 sicut
475 353 536 376 aute
566 349 697 376 vincebat.
727 350 792 375 Nam
814 350 921 381 Petrus,
941 350 987 384 qui

143 397 203 421 ante
222 393 318 420 Christi
339 395 464 424 mortem,
495 400 559 419 voce
588 392 700 418 ancillae
726 393 847 424 territus,
868 393 987 425 negavit,

143 440 202 471 post
216 440 337 468 mortem,
351 439 412 462 ante
426 442 502 468 reges
516 439 541 462 et
555 435 693 469 praesides
708 435 813 468 ductus,
828 443 877 461 non
899 436 985 462 cessit.

142 480 246 511 Quare?
266 479 329 514 quia
348 477 463 513 [οι-ἰὼν,
484 478 509 504 id
538 481 577 503 est
606 478 738 510 Christus,
769 479 876 504 veniens
896 478 924 504 z‘n
944 478 988 503 (lo-

142 529 217 548 mum
236 520 331 556 sortis,
353 520 377 546 id
397 523 436 546 est
457 520 481 546 in
502 519 583 546 corda
605 523 706 551 nostra,
736 520 780 546 ubi
801 520 924 547 diabolus
944 521 988 547 ha-

144 564 256 596 bitabat,
276 562 401 598 alli'yavz'c
419 564 532 597 sortem,
553 563 578 589 id
598 566 652 594 est,
671 570 685 589 a
707 563 862 590 seductione
883 571 988 597 compe-

142 607 211 634 scuit
232 607 364 637 fidelium,
384 609 412 632 ut
432 606 618 638 tentationem,
637 613 706 640 quae
727 606 749 632 ci
770 606 858 633 adhuc
879 607 987 640 permit-

144 650 220 682 titur,
240 658 291 676 non
305 652 434 683 sequatur
447 648 577 675 seductio.
593 649 684 682 ltaque
699 649 724 675 in
739 649 834 675 Christi
849 649 986 682 sanguine,

143 693 187 728 qui
207 691 287 719 solvit
300 700 367 727 quoe
382 699 436 718 non
457 691 565 727 rapuit,
586 691 716 726 redempti
731 699 824 718 sumus
837 699 851 718 a
867 695 986 726 peccate,

143 740 167 764 et
182 744 229 771 per
243 736 293 762 hoc
307 743 322 762 a
336 735 451 762 diabolo.
465 735 541 768 Nam,
561 737 589 761 ut
602 735 639 761 ait
652 735 816 768 Augustinus
826 735 843 767 ¹,
866 746 876 757 «ι
889 735 913 761 ιιι
928 735 987 769 ipso

143 779 286 805 vincuntur
314 777 437 804 inimicae
469 777 544 804 nobis
573 777 720 803 invisibiles
750 780 911 811 potestates,
941 776 986 803 ubi

144 822 287 848 vincuntur
315 820 461 847 invisibiles
491 819 687 854 cupiditates».
713 820 805 846 «Fuso
824 820 902 853 fenim
932 827 988 846 sau-

143 865 223 899 guine
235 864 292 890 sine
305 863 398 898 culpa,
413 863 531 890 omnium
546 863 687 897 culparum
702 862 881 897 chirographa
902 862 987 888 deleta

143 911 218 941 sunt,
237 908 336 943 quibus
348 907 498 939 debitores,
518 906 563 941 qui
585 906 611 932 in
625 913 686 933 eum
700 906 827 937 credunt,
848 914 862 932 a
882 906 988 932 diabolo

144 954 204 978 ante
224 949 395 981 tenebantur;
417 949 499 976 unde:
532 947 585 981 Qui
610 957 661 984 pro
689 948 783 975 vitellis
803 948 989 983 assimiletur».

145 994 193 1021 Per
213 993 286 1020 illum
301 1000 364 1026 ergo
378 992 508 1026 redempti
523 999 630 1023 sumuS‚
646 992 670 1018 in
686 999 739 1025 quo
751 990 878 1026 prinecps
891 990 992 1017 mimda*

145 1037 208 1064 nihil
239 1037 344 1063 invenit.
375 1035 450 1062 Unde
481 1036 644 1068 Augustinus
655 1035 673 1065 ²,
694 1042 802 1061 causam
832 1038 856 1061 et
881 1035 989 1061 modum

145 1083 251 1107 nostrae
280 1079 472 1113 redemptionis
502 1078 653 1110 insinuans,
683 1078 737 1104 ait:
770 1077 861 1104 «Nihil
892 1077 991 1104 invenit

144 1122 268 1149 diabolus
287 1122 312 1148 in
332 1122 450 1153 Christo,
481 1124 509 1147 ut
537 1123 699 1152 moreretur,
720 1120 765 1146 sed
788 1128 835 1154 pro
858 1120 991 1146 voluntate

144 1165 228 1192 Patris
247 1165 313 1191 mori
334 1164 455 1191 Christus
476 1164 572 1194 voluit:
588 1172 638 1190 non
655 1163 755 1189 habens
776 1163 868 1189 mortis
882 1170 989 1190 causam

144 1208 178 1235 de
198 1211 321 1243 peccato,
341 1207 387 1234 sed
408 1207 441 1234 de
460 1207 612 1234 obedientia
633 1210 658 1233 et
681 1206 795 1237 iustitia,
816 1209 926 1232 mortem
947 1214 992 1239 «gu-

144 1252 238 1290 stavit,
258 1259 307 1286 per
334 1258 415 1285 quam
437 1258 484 1277 nos
514 1249 626 1276 redemit
645 1257 659 1276 a
679 1249 808 1276 servitute
827 1249 933 1275 tliaiioli.
956 1249 992 1275 ln-

145 1294 298 1322 eideramus
317 1294 386 1320 enim
409 1294 433 1320 in
454 1293 604 1328 principem
625 1293 704 1319 huius
724 1292 836 1323 saeculi,
851 1292 896 1327 qui
917 1292 992 1318 sedu-

145 1338 184 1365 xit
203 1337 287 1364 Adam
308 1340 333 1363 et
353 1343 460 1363 servum
481 1336 555 1366 iecit,
575 1335 718 1370 coepitque
734 1343 780 1361 nos
801 1336 876 1369 quasi
899 1343 992 1362 verna-

147 1381 222 1408 culos
250 1380 402 1415 possidere3
422 1379 468 1406 sed
501 1379 570 1406 venit
600 1379 774 1413 Redemptor,
803 1382 828 1405 et
849 1379 934 1405 victus
953 1382 992 1405 est

147 1425 282 1458 deceptor.
302 1423 335 1449 Et
354 1423 417 1457 quid
439 1423 500 1449 iecit
520 1422 682 1456 Redemptor
702 1422 860 1456 captivatori
881 1422 992 1448 nostro?

147 1466 268 1494 'retendit
287 1467 310 1492 ei
330 1466 508 1500 muscipulam
523 1473 631 1492 crucem
649 1472 742 1495 suam,
756 1465 845 1499 posuit
866 1465 900 1491 ibi
915 1465 991 1498 quasi

147 1517 235 1537 escam
255 1510 411 1542 sanguinem
431 1516 517 1536 sunm.
539 1508 583 1535 lile
607 1512 695 1535 autem
721 1508 876 1541 sanguinem
906 1507 991 1533 1“ιι(ιιῑ3

149 1551 359 1583 non-debitoriS‚
388 1558 438 1586 per
464 1551 536 1585 quod
566 1551 677 1577 recessit
705 1559 719 1577 a
747 1550 920 1577 debitoribus.
948 1549 992 1576 Ille

148 1595 250 1630 quippe
269 1594 302 1621 ad
323 1594 374 1621 hoc
393 1594 549 1628 sanguinein
569 1601 647 1620 suum
669 1594 748 1625 sudu,
770 1597 797 1619 ut
817 1596 926 1627 peccata
947 1600 993 1619 no-

148 1641 202 1665 stra
222 1638 331 1665 deleret.
351 1637 426 1664 Unde
446 1644 509 1671 ergo
529 1645 576 1663 nos
597 1637 720 1664 diabolus
739 1636 856 1668 tenebat,
876 1636 991 1662 deletum

149 1684 186 1708 est
207 1681 335 1714 sanguine
355 1680 548 1715 Redetnptoris.
570 1679 626 1706 Non
656 1680 726 1706 enim
752 1679 857 1706 tenebat
877 1686 923 1705 nos
943 1679 991 1705 nisi

150 1724 264 1751 vinculis
289 1726 461 1758 peccatorum
491 1726 657 1754 nostrorum;
688 1723 752 1749 istae
781 1725 855 1748 erant
884 1725 993 1748 catenae

150 1767 326 1802 captivorum.
346 1766 425 1793 Venit
450 1765 507 1798 ille,
536 1764 661 1800 acciyamt
688 1766 784 1800 (ortem
805 1764 917 1791 vinculis
937 1772 994 1798 pas-

150 1810 233 1836 sionis
252 1816 331 1840 suae;
352 1809 459 1836 intravit
479 1809 503 1835 in
531 1807 641 1835 domum
670 1807 740 1838 elus,
761 1808 786 1834 id
806 1811 846 1834 est
867 1807 891 1833 in
912 1807 992 1833 eorda

152 1859 259 1882 eorum,
280 1852 323 1879 ubi
346 1852 402 1886 ipse
422 1851 575 1884 habitabat,
595 1855 622 1878 et
640 1859 706 1877 vasa
726 1851 797 1882 eius,
816 1850 918 1876 scilieet
938 1856 993 1880 nos,

151 1896 262 1930 eripuit,
287 1902 356 1929 quae
377 1895 419 1921 ille
450 1894 607 1928 impleverat
636 1893 814 1920 amaritudine
843 1900 898 1919 sua.
925 1893 993 1918 Deus

152 1942 240 1966 antem
262 1941 350 1965 noster
371 1945 432 1964 vasa
457 1938 514 1964 eius
540 1937 657 1971 cripiens
676 1940 702 1963 et
721 1944 769 1963 sna
791 1936 902 1967 iaciens,
928 1935 994 1961 indit

151 1981 355 2007 amaritudinem
369 1984 395 2007 et
409 1980 528 2014 implevit
541 1979 683 2006 dulcedine
694 1991 718 2012 w,
732 1986 780 2014 per
793 1982 903 2005 mortem
918 1985 993 2004 suam

153 2031 166 2051 a
188 2024 306 2058 peccatis
335 2023 469 2050 redimens
497 2027 522 2049 et
551 2023 722 2058 adoptionem
752 2022 851 2055 gloriae
880 2022 993 2048 liliorum

152 2066 275 2101 largiens,

518 2151 578 2178 CAP.
602 2152 630 2178 ll.

361 2238 416 2264 Cur
434 2238 505 2264 Deus
525 2237 604 2264 homo
623 2241 646 2264 et
664 2240 797 2263 mortuns.

224 2324 322 2350 Factus
341 2326 381 2349 est
402 2323 480 2357 igitur
499 2324 580 2350 homo
600 2323 727 2355 mortalis,
747 2326 774 2349 ut
788 2321 925 2348 moriendo
945 2321 998 2347 dia-

155 2366 245 2394 bolum
266 2367 392 2393 vinceret.
416 2366 493 2393 «Nisi
514 2367 583 2393 enim
598 2367 679 2393 homo
693 2369 776 2397 esset,
796 2365 841 2398 qui
861 2364 996 2391 diabolum

155 2410 285 2440 vinceret,
307 2417 357 2436 non
379 2410 454 2440 inste,
470 2409 516 2436 sed
533 2410 662 2436 violenter
682 2410 761 2443 homo
780 2409 802 2434 ei
826 2408 878 2434 tolli
900 2407 999 2433 videre-

157 2455 213 2484 tur,
233 2452 278 2487 qui
298 2459 327 2479 se
347 2452 383 2478 illi
404 2456 499 2486 sponte
524 2452 646 2479 subiecit.
670 2452 721 2478 Sed
742 2452 762 2477 si
784 2458 844 2477 eum
865 2451 943 2477 homo
964 2450 999 2476 vi-

218 2601 226 2615 ¹
245 2601 276 2623 De
294 2602 372 2629 Agone
390 2602 523 2629 christiano,
536 2608 555 2623 c.
568 2602 589 2623 2.
608 2608 629 2623 n.
647 2602 668 2623 2.
686 2601 737 2629 ch.
756 2601 819 2622 locus
831 2603 862 2621 est
875 2600 896 2621 11.
909 2599 937 2621 dc
950 2599 1000 2621 l’ec-

156 2643 226 2663 cator.
248 2641 334 2662 meritis
350 2643 372 2663 et
389 2641 478 2663 remiss.
503 2647 522 2663 c.
550 2641 586 2663 30.
604 2647 625 2662 ιι.
644 2640 680 2668 49,
699 2640 738 2662 ubi
756 2639 862 2661 alluditur
878 2639 907 2660 ad
924 2639 998 2660 Mattn.

158 2679 199 2707 26,
219 2679 256 2702 28.
273 2682 295 2701 et
312 2680 333 2701 ιιι
351 2679 395 2701 fine
413 2679 442 2701 ad
460 2680 519 2702 ioan.
542 2679 577 2707 14,
596 2679 632 2701 30.
650 2679 710 2701 llaec
722 2678 792 2700 verba
805 2677 880 2699 omnia
893 2677 1000 2705 leguntur

158 2718 179 2740 in
198 2718 276 2740 Glossa
294 2718 323 2740 ad
340 2718 414 2740 Colos.
432 2719 458 2744 ⁴2,
474 2718 511 2745 15,
529 2718 591 2746 apud
609 2718 731 2745 Lyranum.

219 2756 229 2771 ²
246 2757 274 2778 lta
292 2756 433 2779 verbotenus
445 2758 465 2779 in
478 2757 556 2779 Glossa
569 2756 598 2779 ad
614 2756 682 2779 llebr.
696 2757 720 2783 2,
738 2755 770 2777 14.
783 2755 853 2783 (apud
866 2755 1000 2783 Lyranum),

158 2801 228 2824 quam
246 2795 305 2817 Beda
325 2795 399 2824 (ibid.)
417 2796 497 2818 sumsit
514 2802 540 2818 ex
558 2796 662 2823 August„
680 2795 752 2817 Serm.
774 2794 822 2816 130.
847 2800 867 2816 ιι.
885 2794 909 2821 2,
932 2796 954 2815 et
977 2793 999 2816 11.

158 2834 187 2857 dc
199 2835 311 2857 Peccator.
330 2835 415 2857 meritis
432 2837 474 2857 etc.
492 2841 511 2857 c.
529 2835 566 2857 31.
584 2841 605 2856 ιι.
623 2834 660 2856 51.

222 2872 232 2887 ³
249 2873 297 2895 Vat.
316 2879 368 2895 cum
387 2875 467 2901 paucis
491 2874 544 2896 edd.
562 2873 624 2895 addit
641 2878 724 2899 suum,
744 2871 911 2899 refragantibus
932 2870 999 2893 codd.

159 2911 256 2935 BCDE
273 2916 294 2934 et
310 2912 363 2935 edd.
385 2913 410 2940 l,
428 2913 452 2940 3,
478 2912 503 2940 7,
522 2913 550 2939 83
576 2912 612 2934 ed.
639 2912 652 2933 6
678 2911 741 2933 addit
765 2910 843 2933 istum.
864 2910 886 2932 ln
904 2911 999 2938 August.

161 2952 228 2973 citato
245 2957 351 2973 sermone.
369 2952 451 2979 legitur
468 2952 573 2979 ple-nius:
591 2951 626 2972 ille
644 2954 719 2972 autem
733 2949 788 2974 (scil.
802 2948 915 2976 diabolus)
928 2949 1001 2976 potuit

159 2991 295 3017 sanguinem
313 2990 381 3012 istum
399 2991 506 3019 sundere,
525 2996 569 3012 non
587 2990 670 3012 meruit
687 2988 773 3010 bibere.
799 2988 824 3009 Et
849 2988 870 3009 in
888 2993 915 3009 eo
938 2987 1000 3016 quod

1833 187 1888 216 397

1046 265 1094 298 cit,
1116 265 1173 291 iure
1193 265 1332 292 manifesto
1352 265 1485 291 hominem
1507 264 1632 299 perdidit.
1646 264 1677 290 Et
1692 267 1720 290 ut
1739 264 1819 291 homo
1835 265 1889 290 vin-

1046 311 1103 339 cat,
1133 314 1241 334 {necesse
1270 310 1323 339 est,
1352 311 1380 334 ut
1400 308 1471 334 Deus
1490 307 1515 333 in
1537 314 1568 334 eo
1588 307 1629 338 sit,
1649 308 1694 341 qui
1716 301 1777 333 euni
1796 314 1810 334 a
1832 315 1890 341 pec-

1045 350 1112 377 catis
1130 351 1274 377 immunem
1294 350 1380 377 faciat.
1400 350 1425 376 Si
1446 350 1515 377 enim
1537 358 1585 384 per
1603 357 1632 376 se
1652 350 1731 376 homo
1751 353 1828 381 esset,
1849 350 1889 376 vel

1046 393 1161 426 Angelus
1190 393 1214 419 in
1244 393 1366 425 homine,
1394 393 1470 419 i'acile
1498 396 1636 427 peccaret,
1665 400 1726 419 cum
1747 396 1889 427 utramque

1046 439 1168 462 naturam
1200 444 1247 470 per
1275 444 1303 462 se
1322 439 1425 462 constet
1454 436 1641 463 cecidissem.
1662 436 1722 462 ldeo
1741 436 1788 463 Dei
1809 436 1890 462 Filius

1050 479 1185 506 hominem
1206 479 1358 513 passibilem
1378 479 1487 511 sumsit,
1508 479 1532 505 in
1552 486 1606 513 quo
1627 482 1651 506 et
1670 482 1781 506 mortem
1804 482 1890 512 gusta-

1047 522 1098 554 vit;
1119 529 1173 556 quo
1192 522 1296 548 caelum
1316 522 1392 548 nobis
1412 523 1518 556 aperuit
1536 526 1562 548 et
1582 530 1595 548 a
1619 523 1747 549 servitute
1771 522 1889 555 diaboli,

1046 564 1071 591 id
1092 568 1131 591 est
1154 572 1169 591 a
1194 568 1296 599 pet-caco
1320 579 1356 584 -—
1384 565 1498 591 servitus
1524 565 1593 591 enim
1622 565 1720 592 diaboli
1748 569 1889 599 peccatum

1044 610 1085 634 est
1104 622 1140 627 --
1159 610 1185 634 et
1204 614 1218 634 a
1237 615 1323 642 poeno
1343 607 1462 634 redemit.

1405 692 1465 719 em
1488 693 1527 719 111,

1153 777 1288 811 Quomodo
1308 787 1324 805 (ι
1341 786 1428 813 poena
1449 777 1571 805 Gla-iscus
1591 787 1640 805 nos
1658 778 1778 806 redeunt.

1117 864 1137 890 Α
1158 872 1210 899 (pia
1227 864 1337 899 poena?
1356 864 1507 899 Temporali
1527 868 1553 891 et
1577 868 1699 891 aeterna:
1729 865 1762 891 ab
1781 869 1888 891 aelerna

1049 906 1157 941 quidem
1178 907 1323 933 relaxando
1342 907 1475 940 debitum,
1495 915 1509 934 a
1539 907 1684 942 temporali
1702 914 1764 933 vero
1784 908 1889 942 penitus

1050 958 1097 976 nos
1116 950 1241 977 liberabit
1261 950 1285 976 in
1312 950 1415 983 futuro,
1443 949 1552 986 quando
1580 950 1727 977 novissima
1747 959 1820 977 mors
1840 950 1890 977 ini-

1051 992 1121 1019 mica
1141 992 1293 1020 destruetur
1303 993 1320 1019 ⁶.
1340 993 1435 1019 Adhuc
1454 993 1524 1019 enim
1539 997 1720 1028 est-spectamus
1733 993 1892 1028 redemptio-

1047 1044 1109 1062 nem
1131 1035 1269 1070 corporis,
1297 1036 1443 1062 secundum
1464 1035 1571 1062 animos
1600 1043 1663 1062 vero
1687 1037 1738 1062 iam
1760 1036 1890 1071 redempti

1052 1086 1145 1105 sumus
1165 1086 1197 1106 ex
1216 1082 1309 1113 parte,
1330 1086 1379 1105 non
1400 1086 1432 1105 ex
1453 1082 1523 1105 loto:
1538 1086 1552 1106 a
1569 1079 1664 1113 culm,
1684 1087 1735 1105 non
1756 1086 1770 1106 a
1789 1087 1892 1114 poena,

1051 1128 1100 1147 nrc
1120 1121 1231 1148 omnino
1251 1129 1265 1148 a
1286 1121 1372 1156 culpa.
1393 1121 1450 1148 Non
1480 1122 1549 1148 enim
1579 1121 1612 1148 ab
1639 1129 1669 1148 ea
1698 1123 1736 1148 sic
1761 1122 1891 1157 redempti

1048 1172 1153 1195 snmus,
1173 1167 1201 1191 ut
1221 1172 1272 1190 non
1291 1164 1343 1195 sit,
1362 1164 1408 1191 sed
1429 1168 1457 1191 ut
1477 1172 1528 1191 non
1548 1164 1710 1192 dominetur.

1406 1250 1467 1277 Car.
1488 1250 1528 1277 Ν.

1192 1335 1328 1368 Quomodo
1345 1344 1461 1371 poenam
1481 1340 1604 1363 nostrum
1622 1336 1748 1371 portavit.

1119 1421 1228 1447 Peccata
1256 1428 1364 1456 quoque
1392 1425 1498 1455 nostra,
1520 1422 1545 1448 id
1571 1426 1610 1448 est
1635 1430 1748 1457 poenam
1774 1426 1895 1458 peccato-

1053 1471 1112 1490 rum
1133 1467 1296 1497 nostrorum,
1316 1464 1415 1491 dicitur
1444 1464 1474 1491 in
1493 1473 1604 1500 corpore
1621 1473 1670 1492 suo
1688 1473 1769 1501 super
1789 1465 1893 1501 lc'gsnzcm

1050 1506 1198 1541 poi-lasset‘,
1218 1508 1281 1542 quia
1294 1514 1343 1542 per
1357 1508 1441 1542 ipsius
1460 1515 1584 1542 poenam,
1598 1515 1678 1543 quam
1692 1509 1718 1535 iu
1732 1516 1813 1536 eruce
1828 1509 1894 1542 tulit,

1049 1551 1135 1577 omnis
1155 1557 1242 1584 poena
1263 1550 1430 1585 temporalis,
1456 1558 1525 1585 quae
1555 1559 1603 1586 pro
1622 1555 1734 1586 peccato
1757 1552 1894 1579 conversis

1050 1593 1178 1626 debetur,
1198 1593 1222 1620 in
1244 1592 1374 1628 baptismo
1395 1594 1501 1627 penitus
1520 1594 1669 1626 relaxatur,
1690 1594 1802 1622 utnulla
1823 1602 1836 1621 a
1852 1595 1894 1621 ba-

1049 1636 1150 1670 ptizato
1171 1637 1305 1669 exigatur,
1318 1639 1344 1663 et
1358 1636 1563 1671 inpoenitentia
1583 1637 1739 1664 minoratur.
1753 1638 1810 1665 Non
1825 1639 1894 1665 enim

1052 1679 1185 1706 sufficeret
1206 1679 1248 1706 illa
1276 1686 1376 1713 poena,
1401 1687 1453 1714 qua
1482 1680 1649 1714 poenitentes
1678 1680 1741 1715 ligat
1760 1681 1894 1713 Ecclesia,

1052 1723 1102 1748 nisi
1125 1729 1210 1757 poena
1232 1722 1327 1748 Christi
1348 1726 1554 1757 cooperaretur,
1574 1723 1619 1757 qui
1640 1731 1688 1758 pro
1712 1723 1788 1750 nobis
1807 1724 1892 1750 solvit.

1052 1765 1127 1792 Unde
1147 1768 1257 1799 peccata
1277 1766 1426 1797 iustorum,
1455 1765 1500 1799 qui
1522 1765 1627 1792 suerunt
1653 1769 1713 1793 ante
1732 1767 1875 1793 adventum
1888 1788 1894 1798 ,

1051 1809 1076 1834 in
1096 1807 1286 1834 sustentatione
1306 1807 1356 1834 Dez'
1374 1808 1454 1834 fuisse
1483 1815 1568 1843 usque
1596 1809 1628 1835 ad
1650 1809 1747 1836 Christi
1767 1814 1893 1842 mortem,

1053 1850 1122 1876 dicit
1141 1850 1354 1885 Apostoltis‚‘od
1381 1850 1557 1877 ostensionem
1587 1850 1704 1878 iustitiae
1723 1851 1779 1878 eius
1798 1851 1826 1879 2⁷71
1848 1852 1896 1879 hoc·

1058 1896 1173 1928 tempore
1185 1892 1201 1919 ⁷.
1215 1907 1250 1912 -—
1261 1893 1345 1923 Ecce,
1359 1900 1373 1920 a
1388 1897 1464 1927 parte
1477 1894 1628 1928 expositum
1648 1898 1698 1925 est,
1718 1895 1849 1929 quomodo
1870 1899 1895 1922 et

1055 1935 1122 1971 quid
1140 1936 1259 1962 Christus
1278 1943 1326 1970 per
1345 1940 1456 1962 mortem
1477 1937 1553 1963 nobis
1572 1937 1668 1963 meruit
1689 1941 1714 1963 et
1733 1938 1894 1972 impetravit.

1413 2022 1475 2049 CAP.
1495 2022 1523 2049 V.

1141 2106 1172 2134 Sz'
1190 2107 1312 2134 Christus
1330 2107 1404 2135 solus
1422 2109 1591 2144 redemptor,
1610 2113 1640 2136 ut
1658 2109 1804 2141 mediator,

1396 2150 1469 2178 debet
1488 2151 1550 2179 dici.

1123 2235 1197 2262 Unde
1218 2236 1274 2270 ipse
1294 2243 1356 2262 vere
1376 2236 1475 2263 dicitur
1499 2236 1599 2264 mundi
1616 2237 1768 2272 redemplor
1792 2241 1817 2264 et
1846 2238 1896 2265 Dez'

1053 2278 1249 2313 hominumque
1266 2278 1407 2305 mediator.
1427 2279 1478 2306 Sed
1504 2278 1638 2305 mediator
1657 2280 1682 2306 in
1701 2279 1839 2314 Scriptura
1860 2279 1897 2306 di-

1054 2322 1123 2348 citur
1142 2321 1214 2348 solus
1241 2321 1323 2348 Filius
1334 2321 1352 2353 ⁸,
1381 2322 1533 2357 redemptor
1561 2329 1624 2349 vero
1644 2322 1787 2357 aliquando
1815 2323 1895 2349 etiam

1054 2366 1144 2396 Pater,
1159 2365 1199 2391 vel
1214 2365 1328 2399 Spiritus
1347 2368 1469 2396 sanctus,
1488 2365 1534 2391 sed
1555 2365 1605 2392 hoe
1626 2369 1735 2400 propter
1755 2373 1831 2392 usum
1851 2373 1897 2400 po-

1055 2407 1166 2440 testatis,
1186 2414 1237 2433 non
1267 2411 1376 2441 propter
1404 2407 1595 2434 exhibitionem
1615 2408 1772 2435 humilitatis
1792 2411 1817 2435 et
1837 2408 1896 2435 obe-

1055 2449 1179 2476 dientiae.
1199 2449 1265 2476 Nam
1279 2449 1426 2476 secundum
1441 2450 1578 2484 potestatis
1591 2450 1670 2476 simul
1684 2454 1709 2476 et
1728 2450 1896 2477 obedientiae

1055 2598 1113 2621 fudit
1135 2599 1269 2626 sanguinem
1295 2598 1475 2625 non-debitoris,
1501 2599 1577 2621 iussus
1598 2601 1631 2621 est
1653 2598 1750 2621 reddere
1776 2599 1898 2622 debitores.

1057 2637 1123 2659 Fudit
1147 2638 1282 2665 sanguinem
1304 2638 1441 2665 innocentis,
1458 2638 1535 2660 iussus
1551 2641 1585 2659 est
1601 2638 1709 2660 recedere
1726 2644 1738 2660 a
1756 2638 1898 2660 nocentibus.

1057 2677 1093 2698 ille
1109 2677 1196 2705 quippe
1213 2680 1254 2699 etc.
1268 2689 1297 2692 -
1309 2677 1367 2699 Infra
1386 2683 1427 2704 pro
1445 2676 1531 2706 eripuit
1542 2679 1564 2699 et
1575 2676 1667 2706 en'pens
1678 2677 1700 2699 in
1718 2677 1822 2705 originali
1839 2676 1899 2700 uimi-

1054 2714 1108 2744 pm't
1123 2718 1145 2737 et
1162 2714 1287 2744 arripiens.
1305 2715 1346 2737 Hic
1362 2715 1484 2743 respicitur
1505 2715 1578 2737 Mauh.
1601 2716 1638 2743 12,
1656 2716 1700 2743 29;
1717 2715 1784 2738 Mare.
1803 2715 1828 2743 3,
1846 2715 1883 2737 27.

1118 2753 1128 2768 ⁴
1145 2754 1223 2776 Gtossa
1241 2753 1269 2776 ad
1287 2753 1355 2776 Hebr.
1373 2754 1400 2781 2,
1419 2754 1460 2782 ll,
1477 2753 1540 2781 apud
1557 2754 1679 2782 Lyranum.
1696 2754 1759 2782 Quae
1771 2758 1900 2783 sequuntur

1057 2796 1110 2815 sunt
1127 2792 1182 2815 ibid.
1200 2792 1366 2815 sententialiter.

1118 2832 1128 2846 ⁵
1145 2832 1214 2860 Epist.
1233 2831 1246 2854 1.
1264 2831 1314 2854 Cor.
1336 2831 1374 2859 15,
1392 2832 1429 2853 26.
1448 2831 1497 2853 Mox
1514 2832 1634 2860 respicitur
1651 2832 1718 2854 Rom.
1735 2832 1761 2859 8,
1780 2832 1816 2854 23.

1119 2870 1129 2885 θ
1145 2870 1214 2898 Epist.
1233 2870 1246 2892 1.
1265 2870 1323 2892 l’etr.
1340 2871 1366 2898 2,
1385 2869 1421 2892 24.

1119 2909 1129 2923 ⁷
1146 2909 1211 2931 Rom.
1229 2909 1254 2937 3,
1272 2910 1308 2931 26.
1319 2921 1351 2925 —
1364 2909 1494 2932 immediate
1512 2914 1563 2937 post
1580 2915 1622 2937 pro
1640 2909 1714 2937 Ecce,
1733 2915 1747 2932 α
1763 2910 1831 2938 parte
1850 2909 1899 2931 Vat.

1058 2949 1188 2977 multaeque
1206 2948 1258 2970 edd.
1276 2948 1342 2976 Ecce,
1356 2949 1450 2977 aperte,
1470 2948 1638 2977 refragantibus
1655 2948 1722 2971 codd.
1739 2952 1761 2970 et
1772 2947 1825 2970 edd.
1843 2948 1860 2975 l,
1879 2948 1899 2969 8.

1120 2986 1130 3001 Β
1147 2987 1216 3015 Epist.
1234 2987 1248 3009 1.
1265 2987 1294 3009 ad
1312 2987 1370 3009 Tim.
1389 2988 1415 3015 2,
1433 2987 1462 3015 53
1480 2987 1527 3010 Gal.
1545 2988 1570 3015 3,
1589 2988 1633 3015 ‘20;
1651 2987 1699 3010 lsai.
1718 2987 1759 3015 41,
1780 2986 1815 3009 14.

1904 870 1930 888 bo
1946 870 2019 888 absolu·

1903 896 1953 912 tione
1978 899 2018 917 pee-

1903 920 1946 935 e-ilt.

1910 2244 1990 2262 Irnbium
2006 2244 2022 2261 ὦ.

1910 2330 1990 2348 Dubium
2006 2329 2023 2347 ὕ.
