2166 3366
144 606 251 629 Tripliciter

122 629 211 656 importat
219 635 250 647 an-

124 655 254 671 teres-sionem.

122 841 221 859 Conclusio
232 841 248 859 1.

265 195 319 223 180

579 280 790 301 CONCLUSIO.

263 367 399 395 Locntt'o:
422 366 518 394 Fitins
539 365 594 394 Dei
610 366 851 402 praedestinatas
872 369 914 393 est
933 374 992 394 esse
1014 364 1111 399 ltomo,

317 413 436 441 admitti
452 416 561 449 potest,
584 412 648 441 lieet
669 412 699 440 in
721 421 779 441 nno
800 421 887 440 sensa
907 412 989 450 falsa
1009 412 1055 441 sit.

343 506 518 535 Ruspouoeo:
549 506 717 540 Dicendum,
743 507 816 543 qnod
834 515 897 535 cnm
923 506 975 535 hoc
1004 506 1113 543 partici—

264 553 340 590 pium
360 553 600 590 praedestinatns
622 553 696 582 dicat
711 554 949 587 antecessionem,
966 553 1112 590 tripliciter

264 603 354 637 potest
376 608 436 629 eam
452 600 619 637 importare:
642 601 686 629 vel
709 604 838 638 respectu
852 600 990 634 subiecti,
1013 601 1056 629 vel
1073 609 1113 629 re-

266 651 363 685 spectu
381 648 567 685 praedicati,
590 648 634 677 vel
657 651 785 685 respectu
816 649 904 677 totins
926 648 1062 686 eopntati.
1085 648 1110 676 Si

263 697 357 723 autem
390 695 521 731 importet
555 695 772 723 antecessionem
805 698 935 731 respectu
970 694 1111 728 subiecti,

264 745 329 770 tunc
352 744 393 770 est
413 749 527 770 sensus:
553 742 635 770 Filius
664 742 712 770 Dei
735 744 776 770 est
804 742 1030 778 praedestinatus
1051 749 1112 770 esse

264 788 363 824 homo,
386 789 413 817 id
442 793 499 824 est,
530 789 613 817 Filius
642 789 689 817 Dei
722 792 785 817 ante
811 789 958 826 praevisus
989 792 1030 817 est
1052 796 1112 817 esse

263 836 359 869 homo,
381 845 466 874 quam
489 840 561 865 esset
577 837 660 865 Filius
682 837 744 869 Dei;
767 840 794 865 et
815 837 867 865 hoc
889 836 972 865 modo
988 836 1055 864 salsa
1071 839 1112 864 est

264 884 408 921 praedicta
438 884 642 913 locutiofflSi
671 887 764 913 autem
796 884 926 921 importet
951 883 1113 912 antecessio-

264 939 326 960 nem
345 935 471 968 respectu
484 931 654 968 praedicati
661 942 670 965 ;
686 934 752 959 tunc
774 934 815 960 est
830 939 941 960 sensns:
965 931 1048 959 Filius
1063 930 1112 959 Dei

264 979 430 1016 praevisus¹
455 982 496 1007 est
517 987 578 1007 esse
600 979 695 1013 homo,
713 979 739 1007 id
756 982 809 1013 est,
824 978 951 1015 cognitus
970 978 1014 1007 vel
1036 985 1113 1015 prae-

264 1026 342 1055 visus
364 1027 416 1054 fuit
437 1034 497 1055 esse
521 1027 616 1060 homo,
639 1034 692 1054 non
719 1028 867 1063 antequam
892 1025 975 1054 Filius
1003 1025 1051 1053 Dei
1074 1033 1113 1053 es-

265 1077 317 1108 set,
333 1074 380 1102 sed
403 1077 552 1110 antequam
569 1076 642 1102 esset
663 1073 754 1101 homo.
771 1089 808 1093 -—
824 1073 848 1100 Si
865 1076 959 1101 antem
982 1072 1113 1109 importet

264 1121 481 1149 antecessionem
500 1124 626 1157 respectu
651 1121 738 1148 totins
754 1120 841 1153 dieti;
864 1124 930 1148 tunc
944 1123 986 1148 est
1000 1127 1111 1148 sensus:

265 1168 348 1196 Filius
370 1168 416 1196 Dei
437 1172 478 1197 est
493 1168 717 1205 praedestinatus
732 1175 792 1196 esse
808 1167 904 1201 homo,
921 1167 946 1195 id
967 1170 1021 1201 est,
1037 1175 1113 1204 prae-

235 1246 240 1249 ,
264 1215 431 1244 destinatum
455 1219 509 1249 est,
532 1219 563 1243 ut
584 1215 668 1243 Filius
690 1215 737 1243 Dei
761 1215 796 1243 sit
817 1215 909 1242 homo.

122 1320 221 1339 Conclusio
232 1320 248 1338 9..

134 1650 205 1676 Solutio
219 1655 251 1672 op-

133 1676 243 1697 posntorum.

134 1885 248 1904 Notandum.

342 1263 383 1290 Sic
408 1262 492 1299 igitur
514 1265 603 1298 potest
625 1270 685 1290 esse
707 1261 809 1298 triplex
833 1269 932 1289 sensus
954 1261 1112 1298 praedictae

264 1309 426 1342 locuti01ns3
448 1312 474 1336 et
500 1316 575 1336 unus
603 1308 716 1345 quidem
739 1308 826 1336 falsus
854 1311 911 1342 est,
934 1308 990 1336 dno
1018 1310 1111 1336 autem

264 1359 411 1393 sequentes
433 1359 498 1392 sun-t
520 1356 592 1389 veri;
615 1358 641 1383 et
663 1359 798 1392 quantum
821 1355 855 1383 ad
878 1355 945 1383 istos
968 1354 1039 1383 duos
1055 1362 1113 1384 sen-

263 1411 311 1432 sus
333 1403 536 1440 subsequentes
559 1403 693 1439 recipitur
717 1402 857 1439 praedicta
880 1401 982 1430 locutio
997 1401 1032 1430 ab
1057 1399 1113 1429 on'i-

263 1450 346 1479 nihus
366 1450 558 1487 opinionibus,
580 1453 612 1478 ut
640 1449 769 1486 Magister
791 1449 857 1478 dicit
880 1449 907 1477 in
936 1449 1028 1477 littera
1040 1447 1059 1476 2.
1082 1448 1113 1476 Et

264 1498 325 1526 ideo
341 1498 495 1526 secundum
513 1497 588 1526 hunc
601 1505 714 1526 sensum
731 1497 940 1526 concedendum
957 1499 1007 1530 est,
1023 1496 1112 1533 ipsam

263 1553 323 1574 esse
344 1553 448 1573 veram.

346 1593 369 1619 l.
392 1592 430 1620 Ad
452 1591 522 1620 illud
547 1599 613 1620 vero
635 1591 709 1629 quod
732 1591 823 1628 primo
851 1590 981 1619 obiicitur
1004 1590 1030 1618 in
1053 1598 1114 1619 con-

266 1640 397 1673 trarium,
420 1639 494 1676 qnod
518 1638 734 1676 praedestinatio
753 1641 795 1667 est
810 1642 938 1675 respectu
961 1637 1065 1675 gloriae
1087 1641 1114 1666 et

264 1686 382 1723 gratiae,
398 1694 451 1714 non
468 1689 597 1722 respectu
617 1689 749 1717 naturae;
772 1685 936 1719 dicendum,
957 1685 1032 1722 quod
1048 1692 1111 1713 cum

264 1733 432 1762 vocabulum
454 1732 733 1769 praedestinationis
747 1740 797 1769 per
820 1740 848 1761 se
863 1732 1019 1769 profertur,
1041 1731 1114 1760 clau-

264 1780 303 1809 dit
318 1780 346 1808 in
369 1788 398 1808 se
415 1779 586 1808 intellectum
610 1780 715 1816 gratiae
730 1782 757 1808 et
778 1779 898 1816 gloriae,
913 1782 945 1807 ut
966 1782 1034 1816 puta
1049 1787 1113 1807 cum

264 1827 366 1856 dicitur
388 1827 489 1864 aliquis
511 1835 572 1856 esse
593 1827 767 1864 simpliciter
788 1827 1022 1864 praedestinatus.
1044 1826 1113 1854 Cum

265 1878 358 1903 autem
382 1874 496 1903 additur
517 1874 541 1902 ei
564 1874 766 1902 determinatio
793 1873 934 1907 exterior,
956 1873 1047 1902 solnm
1074 1881 1115 1902 re-

266 1920 334 1949 tinet
349 1921 521 1949 intellectum
538 1921 699 1958 principalis
715 1921 875 1958 significati,
894 1920 1023 1949 videlicet
1037 1928 1115 1958 prae-

264 1969 447 1998 ordinationis
462 1969 520 1998 sive
542 1969 733 2006 praevisionis.
751 1969 826 1997 Unde
848 1976 912 1997 cum
928 1968 1043 1996 dicitur:
1064 1968 1114 1996 iste

264 2019 306 2045 est
326 2016 551 2053 praedestinatus
574 2016 678 2044 hahere
700 2016 819 2052 gratiam
835 2019 862 2044 et
881 2016 1012 2052 gloriam,
1031 2024 1116 2052 prae-

265 2063 427 2091 destinatas
450 2066 557 2091 tantum
579 2063 653 2091 valet
674 2063 710 2091 ibi
734 2065 871 2100 qnantum
893 2062 1060 2099 praevisus.
1085 2061 1115 2090 Et

265 2113 307 2139 est
328 2109 430 2144 simile,
453 2118 517 2138 cum
540 2110 655 2139 dicitur:
678 2110 761 2144 cede3
788 2118 838 2147 per
860 2118 889 2139 se
910 2113 1018 2138 tantum
1042 2109 1116 2138 valet

265 2161 417 2194 quantum:
441 2157 532 2186 locum
555 2158 605 2191 da;
622 2158 671 2186 sed
694 2166 758 2186 cum
774 2157 890 2186 dicitur:
914 2157 981 2186 cede
1004 2157 1114 2191 locum,

265 2204 330 2232 cede
351 2204 435 2233 habet
457 2204 549 2232 solum
571 2204 742 2233 intellectum
765 2204 890 2233 alterius.
907 2205 938 2232 Et
960 2204 1034 2238 ideo,
1050 2212 1113 2233 cum

266 2252 385 2280 dicitur:
409 2252 493 2280 Filius
520 2252 569 2280 Dei
601 2251 826 2288 praedestinatus
857 2255 898 2280 est
929 2259 989 2280 esse
1014 2251 1113 2286 homo,

939 194 1191 223 SENTENTIARUM
1212 193 1272 221 LIB.
1295 194 1336 222 lll.

1169 272 1393 309 praedestinatus
1418 273 1508 301 solum
1532 272 1663 310 importat
1684 273 1887 309 praevisionem
1910 273 1953 302 vel
1974 281 2017 302 or-

1170 319 1352 354 dinationem;
1368 323 1395 348 et
1417 319 1478 348 ideo
1500 319 1632 356 importat
1646 319 1737 347 solum
1760 319 1918 356 generalem
1936 320 2017 357 signi-

1170 366 1336 395 ficationem.
1351 384 1390 387 --
1404 367 1497 395 Posset
1518 370 1611 395 tamen
1633 366 1700 401 dici,
1722 366 1795 403 quod
1818 367 1869 395 etsi
1891 375 1949 395 esse
1971 366 2095 395 lto-Aliter.

1170 413 1278 441 minem
1300 413 1335 442 de
1349 413 1415 441 Filio
1438 413 1484 441 Dei
1502 413 1643 450 praedicet
1664 421 1723 441 esse
1737 413 1889 447 naturate,
1908 421 2017 442 concer-

1170 460 1210 488 nit
1227 463 1317 489 tamen
1341 461 1458 497 gratiam
1474 460 1601 494 unionis;
1622 464 1649 489 et
1671 460 1733 489 ideo
1748 460 1802 488 tale
1824 460 2016 497 praedicatum

1170 516 1225 535 non
1247 507 1306 536 exit
1328 510 1409 536 extra
1432 508 1566 536 rationem
1589 507 1858 544 praedestinationis.

1250 555 1275 582 2.
1298 554 1335 583 Ad
1358 554 1428 583 illud
1454 555 1529 592 quod
1557 554 1701 589 obiicitur,
1722 554 1820 591 quodsi
1843 558 1884 583 est
1905 554 2018 591 praede-

1171 601 1290 629 stinatus
1311 608 1372 629 esse
1393 601 1491 635 homo,
1513 601 1588 637 qnod
1610 604 1652 630 est
1670 601 1906 637 praedestinatus;
1928 601 2019 629 dicen-

1171 648 1252 682 dum,
1274 648 1347 685 quod
1365 656 1419 676 non
1435 648 1575 685 sequitur,
1598 648 1675 685 quia,
1695 656 1759 676 cum
1778 648 2018 684 praedestinatas

1170 695 1285 732 ponitur
1306 695 1382 723 inter
1402 695 1564 723 subiectum
1585 699 1611 724 et
1621 695 1845 732 praedicatam,
1868 698 1958 732 potest
1980 695 2019 723 di-

1170 750 1233 771 cere
1254 743 1471 771 antecessionem
1497 746 1551 770 tam
1568 745 1696 779 respectu
1718 743 1802 770 unius
1821 750 1905 779 quam
1927 750 2019 779 respe-

1170 793 1217 819 ctu
1238 790 1369 824 alterius;
1392 791 1439 818 sed
1463 798 1526 818 cum
1546 799 1600 827 per
1618 798 1647 818 se
1667 789 1846 826 praedicatur
1859 789 1877 824 ⁸,
1894 789 1959 818 dicit
1974 797 2019 817 an—

1170 837 1349 866 tecessionem
1374 840 1501 873 respectu
1516 836 1645 864 subiecti.
1670 836 1700 865 Et
1722 836 1783 865 ideo
1798 844 1852 864 non
1875 836 2016 873 sequitur:

1170 888 1211 912 est
1233 883 1457 920 praedestinatus
1479 891 1539 912 esse
1561 883 1661 917 homo,
1683 891 1748 920 ergo
1770 886 1812 911 est
1833 883 2019 920 praedestina-

1170 933 1229 964 tus;
1245 931 1316 959 sicut
1338 939 1391 959 non
1408 931 1547 967 sequitur:
1566 930 1649 958 Filius
1661 930 1708 958 Dei
1725 933 1767 958 est
1782 930 2018 967 praedestinatus,

1170 979 1325 1007 secundnm
1349 978 1424 1015 qnod
1447 978 1542 1011 homo,
1565 985 1632 1014 ergo
1654 981 1695 1006 est
1717 977 1949 1014 praedestinatus.
1964 976 2018 1005 Nec

1170 1028 1211 1054 est
1233 1025 1323 1054 simile
1353 1025 1387 1053 de
1408 1025 1485 1059 aliis,
1507 1024 1554 1061 qui
1577 1024 1821 1061 praedestinantur
1843 1024 1876 1052 ad
1900 1024 2018 1060 gratiam

1170 1076 1197 1101 et
1218 1073 1349 1109 gloriam,
1372 1073 1437 1110 quia
1460 1073 1486 1100 in
1509 1073 1548 1101 eis
1572 1071 1801 1108 praedestinatio
1824 1080 1877 1099 non
1900 1074 2019 1099 tantum-

1170 1119 1254 1148 modo
1283 1119 1349 1148 dicit
1377 1119 1594 1148 antecessionem
1624 1122 1753 1155 respectu
1776 1118 1852 1152 eius,
1880 1118 1921 1146 ad
1941 1117 2019 1156 qnod

1171 1167 1430 1203 praedestinantur,
1463 1166 1511 1194 sed
1544 1166 1626 1194 etiam
1659 1169 1789 1202 respectu
1820 1173 1935 1199 eorum,
1967 1164 2019 1203 qai

1169 1213 1431 1251 praedestinantur;
1453 1222 1506 1241 non
1529 1213 1567 1242 sic
1589 1216 1682 1241 autem
1705 1216 1745 1241 est
1768 1213 1794 1240 in
1818 1212 1966 1249 proposito.

1250 1261 1275 1289 3.
1298 1261 1335 1289 Ad
1363 1261 1431 1289 illud
1455 1264 1549 1289 autem
1571 1260 1645 1298 quod
1668 1260 1749 1288 tertio
1777 1259 1919 1293 obiicitur,
1942 1258 2017 1296 quod

1168 1307 1398 1344 praedestinatio
1420 1307 1486 1336 dicit
1513 1307 1731 1336 antecessionem
1754 1309 1883 1343 respectu
1904 1305 2018 1343 praede-

1170 1355 1279 1389 stinati;
1301 1355 1466 1389 dicendum,
1487 1355 1562 1392 quod
1584 1362 1683 1383 verum
1699 1357 1753 1388 est,
1776 1354 1888 1391 qnando
1909 1352 2018 1390 simpli-

1170 1402 1241 1430 citet·
1262 1405 1289 1430 et
1319 1410 1367 1438 per
1389 1409 1418 1430 se
1446 1401 1481 1430 de
1502 1401 1597 1438 aliquo
1625 1401 1746 1435 dicitur;
1776 1400 1824 1429 sed
1846 1400 1958 1437 quando
1986 1399 2018 1427 in

1170 1449 1392 1486 comparatione
1413 1449 1516 1477 dicitur
1538 1449 1573 1477 ad
1595 1448 1787 1486 praedicatum
1809 1446 1935 1484 aliquod,
1953 1449 2018 1475 tunc

1171 1499 1261 1533 potest
1277 1496 1369 1525 dicere
1384 1496 1603 1524 antecessionem
1624 1498 1752 1532 respectu
1768 1494 1843 1523 illius
1857 1493 2016 1531 praedicati.

1172 1544 1201 1572 Et
1224 1544 1276 1572 hoc
1298 1543 1381 1572 modo
1403 1543 1469 1571 dicit
1491 1543 1517 1571 in
1541 1543 1701 1580 proposit03
1729 1545 1756 1570 et
1776 1542 1838 1570 ideo
1869 1549 1923 1569 non
1946 1540 2019 1577 cogit

1171 1591 1218 1619 illa
1240 1590 1386 1619 obiectio⁴.

1187 1670 1189 1672 ,
1249 1638 1275 1666 [ι.
1299 1637 1337 1666 Ad
1359 1637 1429 1666 illud
1459 1637 1533 1674 quod
1555 1637 1654 1666 ultimo
1683 1636 1828 1670 obiicitur,
1857 1635 1933 1672 quod
1961 1634 2019 1671 qui-

1171 1693 1292 1722 cumque
1315 1685 1538 1722 praedestinatns
1559 1687 1616 1719 est,
1638 1684 1662 1713 ei
1685 1683 1715 1712 fit
1736 1684 1830 1721 aliqua
1855 1683 1959 1720 gratia3
1981 1681 2019 1710 di-

1171 1732 1305 1767 cendum,
1331 1732 1406 1769 qnod
1431 1731 1663 1768 praedestinatio
1685 1734 1814 1768 respectu
1836 1730 1896 1759 eins
1918 1729 2019 1765 impor-

1172 1782 1210 1808 tat
1241 1779 1345 1816 gratiae
1381 1779 1575 1813 collationem,
1608 1782 1737 1815 respectu
1772 1778 1852 1806 cuius
1887 1777 2019 1813 importat

1171 1826 1404 1855 antecessionem.
1427 1826 1495 1854 Cum
1518 1829 1611 1854 autem
1635 1825 1749 1854 dicitur:
1767 1825 1851 1853 Filius
1872 1823 1920 1852 Dei
1942 1830 2020 1860 prae-

1172 1873 1326 1902 destinatus
1341 1877 1382 1902 est
1404 1881 1464 1902 esse
1480 1872 1577 1907 homo,
1599 1881 1652 1901 non
1669 1872 1843 1905 conceditur,
1862 1870 2018 1900 secundum

1173 1921 1247 1958 quod
1263 1920 1495 1958 praedestinatio
1510 1920 1640 1957 importat
1656 1919 1873 1948 antecessionem
1890 1919 2019 1954 respectu

1171 1968 1306 2002 subiecti,
1329 1968 1378 1997 sed
1401 1967 1491 1996 solum
1522 1967 1677 1996 secundnm
1700 1967 1775 2004 quod
1804 1964 1957 2002 importat⁵
1979 1972 2020 1993 re-

1173 2019 1271 2053 spectu
1282 2015 1459 2052 praedicati.
1484 2015 1513 2043 Et
1528 2015 1590 2043 ideo
1612 2022 1666 2043 non
1682 2017 1807 2048 notatur,
1829 2012 1904 2050 quod
1925 2012 2019 2049 aliqua

1173 2063 1263 2099 gratia
1284 2062 1331 2091 fiat
1353 2062 1403 2099 ipsi
1433 2062 1499 2090 Filio
1520 2061 1582 2096 Dei,
1605 2061 1654 2090 sed
1682 2061 1739 2089 filio
1761 2060 1894 2094 hominis;
1920 2063 1947 2088 et
1967 2059 2019 2088 hoc

1173 2110 1285 2147 quidem
1309 2117 1408 2138 verum
1430 2112 1487 2143 est,
1509 2112 1536 2138 et
1557 2108 1619 2137 ideo
1640 2108 1688 2136 illa
1709 2106 1828 2136 obiectio
1853 2110 1879 2135 et
1911 2109 2019 2135 ceterae

1173 2157 1372 2194 praecedentes
1393 2165 1447 2185 non
1470 2159 1590 2184 currunt
1608 2155 1658 2184 nisi
1682 2155 1836 2184 secundnm
1859 2154 1939 2182 illum
1961 2160 2020 2182 sen-

1173 2212 1258 2239 sum,
1289 2204 1443 2233 secundum
1477 2211 1560 2241 quem
1592 2203 1735 2240 praedicta
1766 2202 1868 2231 locutio
1896 2209 1950 2230 non
1979 2208 2019 2229 re-

1173 2251 1275 2288 cipitur
1287 2251 1304 2279 ⁵.

331 2761 337 2775 ¹
357 2762 378 2783 ln
396 2762 447 2784 cod.
460 2761 492 2784 hb
504 2762 603 2785 verbum
616 2762 743 2791 praevisus
755 2769 766 2784 a
779 2762 880 2785 secunda
893 2768 963 2784 manu
975 2762 1034 2784 bene
1046 2765 1115 2784 trans-

267 2800 390 2822 formatum
416 2803 449 2823 est
474 2801 495 2822 in
525 2800 723 2830 praedestinatas.
749 2802 818 2824 Paulo
843 2802 951 2829 superius
976 2807 1018 2829 pro
1043 2807 1116 2831 qaam

267 2841 325 2862 esset
343 2840 409 2862 codd.
428 2840 444 2861 N
455 2840 473 2862 T
491 2846 564 2869 qnam
581 2846 636 2863 esse.

331 2879 339 2893 ²
357 2880 397 2901 llic
415 2886 433 2901 c.
456 2880 473 2901 1.
491 2886 567 2908 seqq,
586 2880 753 2902 sententialiter.
770 2892 802 2896 —
820 2880 887 2902 Paulo
911 2880 1018 2908 superius
1036 2886 1078 2907 pro
1095 2880 1117 2902 et

269 2925 330 2942 unus
348 2918 442 2948 quidem
460 2918 510 2941 cod.
528 2919 546 2940 1⁷1
561 2918 657 2948 primus
674 2918 774 2948 quidem.

330 2958 340 2972 ³
356 2958 384 2980 Ut
401 2959 422 2979 in
442 2959 509 2980 huius
526 2958 660 2980 obice-tionis
686 2961 856 2986 consequente:
874 2961 908 2980 est
925 2958 1114 2986 praedestinatus.

267 3011 296 3013 —
310 2998 358 3019 Mox
375 2999 426 3018 ante
444 2997 478 3019 est
492 2996 683 3025 praedestinatus
697 3003 745 3019 esse
763 2996 832 3020 homo
850 2997 903 3019 edd.
921 2998 1028 3025 supplent
1039 2996 1115 3020 Filius

1176 2760 1221 2784 Dei.
1240 2760 1302 2784 Circa
1326 2761 1394 2783 finem
1411 2761 1477 2783 solut.
1496 2767 1538 2789 pro
1554 2760 1587 2783 ad
1603 2760 1666 2790 quod
1681 2759 1890 2789 praedestinantur
1907 2758 1974 2781 codd.
1997 2761 2019 2781 et

1173 2800 1226 2822 edd.
1245 2800 1352 2822 exhibent
1376 2800 1408 2823 ad
1428 2799 1492 2830 quod
1506 2799 1717 2829 praedestinatum
1733 2799 1774 2821 sed
1791 2804 1927 2827 perperam,
1945 2800 1970 2820 ut
1992 2803 2019 2819 ex

1173 2841 1277 2861 contextu
1295 2842 1396 2867 apparet.
1816 2837 1825 2852 ⁴
1841 2837 1897 2861 Cod.
1914 2838 1931 2859 G
1948 2836 2018 2859 ratio.

1237 2878 1247 2892 ⁵
1262 2878 1318 2901 Edd.
1336 2881 1357 2901 et
1374 2879 1476 2901 nonnulli
1493 2878 1560 2901 codd.
1580 2879 1615 2900 liic
1632 2880 1738 2905 repetunt
1754 2876 1942 2900 antecessionem.
1963 2876 2019 2898 lnci-

1173 2919 1249 2947 piente
1261 2918 1383 2946 solutione,
1397 2924 1439 2946 pro
1451 2917 1592 2947 quicumque
1600 2916 1792 2947 praedestinatus
1803 2917 1837 2939 est
1848 2916 1915 2938 codd.
1933 2916 1951 2937 G
1961 2915 1976 2937 Z
1987 2914 2018 2937 bb

1173 2957 1315 2987 quicumque
1329 2956 1530 2986 praedestinatur.

1235 2996 1244 3010 ⁵
1263 2996 1321 3018 Vide
1338 2996 1440 3018 scholion
1459 2996 1489 3018 nd
1505 2995 1682 3023 praecedentem
1700 2995 1865 3023 quaestionem.
