2166 3366
129 1292 158 1310 Ad
171 1292 245 1315 opposi-

257 194 314 222 450

934 190 1186 219 SENTENTIARUM
1208 190 1268 219 LIB.
1291 190 1330 218 lll.

908 303 1094 332 TRACTATIO
1116 303 1359 340 QUAESTIONUM.

336 394 375 423 Ad
395 393 606 430 intelligentiam
628 395 721 421 autem
752 392 838 420 huius
868 391 956 428 partis
977 390 1105 419 incidunt

257 442 302 470 hic
323 449 373 470 sex
395 440 568 469 dubitabilia.

335 488 427 516 Primo
448 487 609 524 quaeritur,
633 489 727 514 utrum
748 485 876 514 Christus
891 485 917 513 in
934 484 1028 513 triduo
1049 484 1105 512 fue-

257 536 294 564 rit
315 535 406 564 homo.

336 581 463 611 Secundo
484 580 643 618 quaeritur,
665 582 761 608 utrum
784 579 938 608 secundum
961 578 1036 615 quod
1058 578 1105 606 ho-

258 638 318 664 mo,
340 629 424 658 fuerit
445 628 471 657 in
495 628 554 657 loco
575 627 768 656 determinato.

337 676 428 705 Tertio
450 675 596 713 quaeritur
618 674 652 703 de
674 674 846 711 requietione
868 672 994 710 corporis
1016 672 1042 700 iu
1065 679 1105 700 se-

1161 390 1268 427 pulcro.

1240 438 1345 474 Quarto
1377 437 1523 474 quaeritur
1554 437 1589 465 de
1620 437 1757 466 descensu
1781 437 1891 466 animae
1912 437 1947 466 ad
1969 437 2009 465 in-

1161 484 1243 512 feros.

1240 530 1342 566 Quinto
1363 530 1509 567 quaeritur
1530 530 1565 559 de
1597 530 1760 559 liberatione
1792 530 1950 559 animarum
1973 530 2008 559 de

1160 577 1277 605 inferno.

1239 625 1323 653 Sexto
1345 627 1371 653 et
1392 624 1492 653 ultimo
1513 624 1659 661 quaeritur
1687 624 1721 653 de
1754 624 1928 653 traductione
1954 624 2010 653 ani-

1162 679 1273 700 marum
1294 671 1329 700 ad
1352 672 1451 700 caelos.

921 770 1157 804 ARTICULUS
1182 770 1343 804 UNICUS.

773 867 812 895 De
834 866 879 894 liis
900 874 975 904 quae
995 868 1116 894 mortem
1141 864 1252 893 Christi
1272 867 1498 902 consequuntur.

1035 951 1198 988 Quaasrto
1219 951 1237 979 1.

803 1040 907 1069 Utrum
931 1038 1066 1068 Christus
1087 1038 1117 1066 iii
1140 1038 1239 1066 triduo
1261 1037 1353 1075 fuerit
1375 1037 1467 1066 homo.

329 1135 415 1173 'Circa
430 1143 552 1180 primum
569 1142 607 1170 sic
623 1140 784 1177 proceditur
799 1142 826 1168 et
841 1139 995 1176 quaeritur,
1007 1141 1103 1166 utrum

258 1192 386 1220 Christus
407 1190 491 1219 fuerit
512 1189 596 1217 homo
618 1188 645 1215 in
667 1187 769 1215 triduo.
786 1186 816 1214 Et
831 1185 905 1222 quod
922 1185 969 1218 sic,
984 1184 1104 1213 videtur.

340 1239 364 1266 1.
386 1236 556 1273 Augustinus
570 1235 594 1262 ¹:
622 1233 720 1262 «Talis
741 1233 793 1261 suit
808 1232 854 1260 illa
869 1231 1018 1268 susceptio,
1034 1238 1106 1267 quae

257 1285 361 1314 faceret
382 1284 469 1312 Deum
504 1282 643 1311 hominem
677 1283 703 1309 et
732 1279 872 1308 bominem
906 1278 994 1306 Deum
1007 1288 1035 1311 »;
1057 1277 1104 1305 sed

260 1331 399 1368 susceptio
421 1338 474 1358 non
498 1332 605 1357 mutata
627 1327 729 1355 mansit
750 1327 777 1354 in
800 1326 910 1358 triduo,
933 1326 1005 1354 sicut
1026 1324 1106 1361 prius

258 1382 400 1407 ostensum
422 1379 477 1405 est:
500 1384 566 1412 ergo
588 1375 715 1403 Christus
737 1374 763 1401 in
787 1373 880 1401 triduo
901 1372 952 1400 fuit
974 1371 1066 1399 homo.

338 1426 363 1453 2.
385 1424 469 1458 Item,
492 1423 624 1459 magister
656 1421 733 1458 Ilugo
765 1420 799 1449 de
831 1423 926 1448 sancto
957 1418 1105 1447 Victore2':

263 1472 359 1508 «Quid
381 1471 510 1510 stultius,
526 1478 610 1507 quam
626 1468 699 1506 quod
719 1468 801 1496 homo
823 1471 889 1495 tunc
904 1474 963 1494 esse
977 1464 1105 1497 desinat,

258 1519 371 1556 qnando
386 1526 451 1546 vei-e
466 1526 525 1545 osse
546 1515 648 1552 incipit
660 1515 689 1543 n!
713 1514 752 1542 Ex
774 1514 825 1542 hoc
851 1512 944 1549 arguit
965 1512 1017 1539 ita:
1041 1519 1105 1540 cum

258 1575 325 1603 ergo
347 1566 430 1594 homo
452 1567 565 1593 sanctus
598 1563 710 1599 incipiat
741 1569 801 1590 esse
831 1561 945 1594 beatus,
968 1559 1041 1596 quod
1066 1561 1107 1587 est

258 1623 316 1642 esse
339 1612 539 1644 verissimum,
555 1610 753 1639 stultissimum
769 1612 809 1637 est
825 1608 934 1641 dicere,
950 1607 1024 1644 quod
1040 1610 1106 1635 tunc

258 1661 372 1689 desinat
392 1668 467 1688 esse:
491 1667 557 1695 ergo
580 1659 614 1687 de
629 1657 753 1694 quolibet
775 1655 887 1683 homine
903 1657 965 1691 post
988 1657 1105 1682 mortem

257 1715 355 1737 verum
372 1710 414 1736 est
428 1706 537 1738 dicere,
559 1704 633 1742 quod
649 1704 684 1732 sit
699 1704 798 1731 homo:
820 1710 887 1738 ergo
904 1701 991 1729 multo
1007 1699 1106 1729 fortiUs

257 1756 310 1784 hoc
332 1755 414 1784 [lebet
438 1753 551 1782 concedi
573 1756 600 1781 et
619 1751 672 1780 dici
695 1750 729 1779 de
750 1749 868 1778 Christo.

338 1802 364 1831 3.
386 1802 468 1835 Item,
491 1808 572 1828 omne
594 1799 701 1827 habens
723 1798 875 1826 humanam
904 1798 1032 1823 naturam
1065 1798 1107 1823 est

258 1851 357 1883 hom0;
380 1849 427 1878 sed
450 1848 577 1876 Christus
594 1847 619 1874 in
636 1845 729 1874 triduo
745 1848 805 1873 erat
826 1844 931 1872 habens
953 1843 1106 1870 humanam

258 1900 403 1925 naturam:
427 1902 494 1931 ergo
515 1893 642 1921 Christus
664 1892 690 1920 in
715 1891 807 1919 triduo
829 1893 890 1918 erat
910 1890 995 1917 homo
1008 1889 1027 1916 ⁸.
1048 1888 1107 1916 Ma-

259 1944 304 1971 ior
326 1946 353 1971 et
375 1942 471 1970 ›niuor
494 1948 542 1977 per
564 1948 593 1968 se
616 1938 777 1967 manifestae
799 1940 871 1965 sunt.

338 1991 365 2018 [ι.
387 1989 467 2022 Item,
490 1987 721 2024 quotiescumque
742 1984 835 2012 anima
849 1986 876 2012 et
891 1990 994 2020 corpus
1009 1982 1108 2010 uniun-

260 2042 307 2066 tur
328 2037 355 2064 in
378 2043 462 2064 unam
486 2033 672 2071 hypostasim,
695 2032 799 2060 faciunt
829 2030 987 2061 hominem;
1009 2029 1057 2058 sed
1080 2029 1107 2057 in

260 2084 355 2113 triduo
376 2082 470 2111 anima
491 2085 518 2110 et
539 2088 641 2117 corpus
664 2078 833 2107 uniebantur
856 2078 882 2105 in
915 2085 1001 2105 unam
1025 2077 1108 2113 hypo-

261 2131 356 2160 stasim
380 2130 404 2157 in
422 2129 545 2157 Christo:
562 2135 629 2164 ergo
644 2126 772 2154 Christus
788 2125 813 2152 in
830 2124 925 2153 triduo
940 2127 1000 2152 erat
1016 2123 1107 2151 homo.

341 2178 365 2205 5.
388 2177 471 2210 Item,
493 2176 561 2203 haec
581 2178 623 2203 est
645 2181 722 2201 vera:
752 2172 879 2200 Christus
908 2171 934 2199 in
958 2170 1052 2199 triduo
1074 2170 1109 2198 ia-

260 2225 340 2254 cebat
361 2225 387 2252 in
410 2223 554 2259 sepulcr-03
576 2224 625 2250 aut
647 2229 714 2257 ergo
736 2219 891 2248 secundum
915 2218 990 2255 quod
1015 2218 1107 2250 Deus,

261 2275 309 2300 aut
331 2271 484 2300 secundum
508 2269 582 2306 quod
605 2267 706 2300 home,-
721 2267 769 2295 sed
786 2274 839 2294 non
862 2265 1017 2294 secundnm
1033 2263 1107 2301 quod

263 2319 349 2348 Deus:
373 2326 439 2354 ergo
461 2316 615 2345 secundum
639 2315 713 2352 quod
737 2315 835 2342 home:
856 2321 923 2349 ergo
938 2311 1065 2340 Christus
1081 2310 1109 2338 iu

261 2365 356 2394 triduo
378 2367 438 2393 erat
460 2363 570 2392 homo·¹.
972 2358 979 2364 ”

1244 1138 1269 1165 6.
1293 1137 1372 1171 Item,
1393 1136 1521 1165 Christus
1542 1136 1570 1164 in
1592 1136 1686 1165 triduo
1708 1144 1762 1164 non
1785 1135 1866 1165 desiit
1887 1143 1948 1165 esse
1970 1144 2011 1165 sa-

1164 1184 1276 1212 cerdos:
1299 1191 1365 1220 ergo
1379 1183 1507 1212 Christus
1522 1183 1549 1211 in
1565 1183 1659 1211 triduo
1674 1191 1729 1211 non
1745 1182 1826 1211 desiit
1841 1190 1902 1211 esse
1917 1182 2010 1210 homo.
2162 1180 2166 1196 ¹

1164 1231 1271 1258 Prima
1292 1233 1367 1267 patet
1387 1238 1438 1267 por
1459 1230 1511 1258 hoc
1533 1230 1606 1267 quod
1630 1229 1733 1258 dicitur
1754 1229 1781 1257 in
1797 1229 1940 1258 Psalm0⁵z
1969 1229 2012 1257 Tu

1164 1286 1192 1305 es
1213 1277 1351 1305 sacerdos
1372 1277 1404 1304 in
1425 1280 1594 1310 aecernunu
1615 1279 1641 1304 et
1663 1276 1696 1304 ad
1720 1276 1858 1305 Hebraeos
1880 1275 2011 1313 septimo:
2164 1275 2166 1311 ξ

1167 1322 1302 1352 Christus
1324 1322 1407 1351 izabel
1426 1323 1636 1359 sempiternum
1663 1322 1869 1351 sacerdotium.
1892 1322 2013 1351 Necessi-
2164 1320 2166 1327 ’

1165 1375 1206 1399 tas
1228 1370 1359 1399 illationis
1381 1370 1407 1398 in
1430 1370 1482 1398 hoc
1497 1369 1666 1404 ostenditur,
1689 1369 1764 1406 quod
1786 1369 1917 1398 sacerdos
1938 1372 2011 1404 erat,

1164 1418 1320 1446 secundum
1341 1416 1417 1454 qnod
1439 1417 1531 1444 homo.
2160 1402 2166 1448 ἦ

1244 1466 1269 1492 7.
1292 1464 1375 1498 Item,
1397 1463 1525 1492 Christus
1545 1466 1660 1500 propter
1682 1463 1881 1492 assumtionem
1904 1463 2013 1492 animae
2160 1451 2166 1465 ’-

1165 1512 1320 1543 rationalis,
1344 1511 1486 1540 rationalis
1517 1514 1577 1539 erat
1609 1510 1794 1539 rationalitate
1826 1514 1933 1544 creata3
1963 1510 2013 1539 sed

1165 1560 1292 1588 Christus
1315 1559 1341 1587 in
1371 1559 1464 1587 triduo
1496 1558 1594 1586 habuit
1624 1557 1746 1586 animam
1773 1557 1937 1586 rationalem
1960 1557 2012 1586 sibi

1165 1607 1287 1635 unitam:
1310 1614 1377 1643 ergo
1398 1605 1526 1634 Christus
1546 1605 1571 1633 in
1595 1605 1689 1633 triduo
1721 1607 1781 1633 erat
1807 1604 1949 1633 rationalis
1971 1612 2012 1632 ra-

1164 1654 1316 1682 tionalitate
1338 1656 1445 1681 creata:
1467 1660 1534 1689 ergo
1560 1655 1620 1681 erat
1648 1652 1795 1690 Amyclas,
1823 1651 1867 1680 vel
1892 1652 2010 1685 (mima,

1165 1701 1208 1729 vol
1232 1699 1324 1728 laonio.
1347 1700 1399 1728 Sed
1422 1708 1476 1727 non
1498 1702 1558 1727 erat
1580 1698 1726 1736 Angelus,
1742 1698 1787 1727 vel
1802 1698 1922 1727 anima:
1945 1706 2011 1735 ergo

1164 1751 1224 1777 erat
1245 1748 1336 1775 homo.

1244 1795 1296 1822 Suu
1318 1802 1441 1822 cou'rna:
1467 1794 1490 1820 t.
1518 1793 1674 1821 «Mortuus
1696 1792 1827 1820 diminuit
1848 1792 1882 1820 (le
1905 1792 2159 1821 l'alioneFundameutau

1165 1840 1312 1868 lioim'izi‘s¹⁶
1325 1850 1351 1867 »z
1374 1848 1440 1876 ergo
1461 1839 1632 1876 quicumque
1654 1843 1695 1867 est
1712 1839 1794 1866 homo
1816 1841 1954 1872 mortuus,
1969 1841 2011 1867 est

1165 1887 1297 1916 deficiens
1318 1895 1334 1914 a
1356 1886 1494 1922 completa
1525 1886 1631 1914 ratione
1662 1885 1799 1919 hominis3
1822 1885 1869 1914 sed
1893 1885 2011 1921 comple-

1166 1938 1224 1962 tum
1248 1942 1301 1961 non
1324 1933 1503 1970 praedicatur
1525 1933 1559 1961 de
1581 1933 1732 1961 diminuto:
1756 1940 1823 1969 ergo
1845 1933 1866 1960 si
1882 1932 2011 1961 Christus

1166 1981 1192 2009 in
1215 1980 1308 2009 triduo
1330 1984 1390 2008 erat
1412 1980 1495 2008 homo
1517 1983 1662 2013 mortuus,
1684 1979 1753 2007 haec
1774 1982 1815 2008 est
1836 1979 1920 2008 falsa:
1937 1979 2013 2007 Chri-

1166 2033 1225 2057 stus
1248 2028 1273 2056 in
1296 2028 1390 2056 triduo
1411 2031 1471 2055 erat
1493 2027 1584 2055 homo.

1245 2077 1271 2103 ⁶2.
1295 2075 1374 2109 Item,
1396 2074 1551 2103 secuudum
1574 2073 1730 2102 naturalem
1747 2073 1946 2110 philosophum
1967 2073 2016 2101 ho-

1167 2130 1212 2150 mo
1233 2126 1275 2150 est
1296 2121 1481 2158 compositum
1496 2128 1531 2149 ex
1548 2120 1641 2148 anima
1656 2120 1783 2148 rationali
1805 2124 1832 2148 et
1853 2127 1949 2154 carneg
1965 2119 2013 2148 sed

1166 2169 1295 2197 Christus
1317 2168 1344 2196 in
1368 2168 1460 2196 triduo
1482 2175 1535 2195 non
1565 2171 1625 2195 erat
1657 2166 1841 2203 compositum
1864 2175 1900 2194 ex
1921 2167 2014 2194 anima

1168 2216 1295 2244 rationali
1317 2219 1344 2244 et
1366 2223 1449 2243 carne
1460 2216 1483 2242 ⁷:
1500 2222 1567 2251 ergo
1582 2214 1710 2242 Christus
1725 2213 1751 2241 in
1768 2214 1861 2242 triduo
1884 2222 1937 2241 non
1954 2216 2014 2242 erat

1167 2264 1251 2291 homo
1274 2270 1346 2291 vere.

1247 2309 1272 2337 3.
1296 2309 1378 2341 ltetn,
1399 2308 1477 2336 nulla
1498 2308 1588 2336 forma
1604 2307 1782 2345 praedicatur
1804 2307 1838 2335 de
1855 2310 1926 2341 toto,
1948 2307 2014 2343 quia

1167 2356 1286 2394 forma,
1309 2356 1357 2384 sed
1379 2355 1444 2392 quia
1466 2359 1507 2383 est
1521 2353 1623 2392 forma
1645 2362 1819 2391 consequens
1838 2356 1926 2382 totum
1943 2361 2015 2382 coui-

327 2484 332 2497 1
351 2483 411 2505 Libr.
430 2483 443 2504 l.
463 2483 491 2504 do
504 2482 566 2504 Trin.
585 2488 603 2503 c.
621 2481 654 2503 13.
673 2487 693 2502 n.
712 2481 748 2502 28.
760 2480 831 2501 —De
850 2478 937 2501 ›tziitori
948 2479 987 2500 cfr.
1006 2484 1075 2505 supra
1090 2477 1111 2499 d.

263 2523 299 2544 21.
318 2529 337 2544 a.
361 2523 377 2543 1.
396 2529 417 2550 q.
440 2522 457 2543 1.
475 2528 522 2549 seq.
541 2523 562 2542 ot
580 2521 615 2542 hic
633 2520 664 2541 lit.
683 2519 793 2546 Magistri,
812 2524 831 2540 c.
853 2518 870 2540 l.

325 2560 334 2574 ἵ
353 2560 412 2582 Libr.
432 2561 454 2581 ll.
474 2560 502 2581 dc
515 2560 615 2581 Sacram.
634 2565 655 2586 p.
670 2558 683 2580 l.
701 2564 719 2579 13.
742 2558 774 2585 lt,
788 2556 827 2579 ubi
846 2559 897 2583 post
908 2556 978 2578 verba
998 2555 1110 2577 hirallata

264 2601 330 2628 Ilugo
348 2601 380 2622 sic
399 2599 557 2627 prosequitur:
576 2598 601 2620 lit
624 2601 684 2619 tanto
707 2598 785 2625 utith
802 2596 880 2617 vei-ius
903 2599 946 2622 ost,
970 2597 1055 2623 quanto
1078 2596 1110 2615 ost

263 2640 341 2661 verius
359 2640 379 2660 in
394 2644 440 2667 quo
453 2644 502 2660 esse
514 2638 606 2665 incipit!
623 2636 684 2661 Non,
698 2636 814 2664 inquiunt,
833 2635 873 2656 sod
887 2634 960 2662 figura
978 2637 1022 2661 cst,
1041 2639 1110 2661 quan-

264 2679 293 2700 do
311 2679 385 2700 Sancti
404 2683 456 2700 cum
474 2676 562 2699 Christo
580 2682 630 2698 esse
648 2676 761 2697 (licuntur.
786 2674 852 2695 Bene.
871 2673 968 2701 Quando
990 2672 1110 2694 vobiscum

264 2721 326 2745 sunt,
345 2718 429 2739 vei-itas
447 2719 492 2743 cst,
510 2720 530 2738 et
554 2715 647 2744 quando
666 2720 718 2736 cum
737 2713 824 2735 Christo
847 2715 909 2739 sunt,
934 2712 1007 2739 ligura
1025 2714 1065 2733 est,
1089 2711 1110 2732 ln

265 2758 308 2779 hoc
325 2757 392 2779 vobis
410 2756 502 2778 credite.
521 2755 564 2776 Nos
582 2755 642 2776 enim
662 2760 705 2775 uon
731 2752 853 2775 credimus.
873 2752 917 2772 Nos
935 2752 1035 2778 scimus,
1058 2751 1111 2779 quia

265 2795 367 2818 Christus
384 2796 468 2817 voi-itas
486 2798 525 2816 ost.
545 2794 587 2822 Qui
607 2793 634 2815 ad
653 2792 767 2814 Christum
785 2791 883 2817 vadunt,
903 2796 948 2812 non
966 2790 995 2811 ad
1013 2790 1111 2817 liguram

264 2835 365 2861 vadant,
382 2834 423 2856 sed
444 2834 472 2855 ad
492 2834 609 2855 vot-itatem
634 2832 721 2853 vadunt
743 2834 764 2852 ct
788 2830 885 2857 liguram
903 2828 1005 2850 evadunt
1022 2831 1063 2850 etc.
1082 2840 1112 2843 —-

266 2873 368 2895 Proxime
388 2876 438 2900 post
456 2874 567 2895 testimon,
586 2872 678 2893 allatum
698 2871 746 2892 Vat.
765 2876 817 2892 cuin
836 2870 921 2897 aliquot
934 2868 1001 2891 codd.
1019 2874 1061 2896 pru
1074 2874 1111 2890 ar-

265 2911 316 2941 quil
332 2912 422 2934 exhibet
439 2911 559 2940 amititur,
580 2914 600 2932 vt
618 2910 700 2932 deindo
713 2910 758 2931 sola
772 2910 853 2931 omittit
872 2908 1042 2930 conclusionem
1055 2912 1111 2936 erqo

266 2950 294 2972 cle
311 2949 433 2979 quolibet...
452 2950 514 2978 quod
530 2949 560 2972 sit
577 2949 654 2972 homo.

330 2988 339 3002 3
356 2989 423 3010 Recto
441 2989 549 3014 ‹lit-imus,
568 2989 597 3009 ait
615 2989 681 3015 Ilugo
699 2994 710 3009 a
734 2988 755 3009 S.
776 2987 830 3009 Vici.
850 2987 891 3008 loc.
910 2987 954 3013 cit„
973 2985 1036 3014 quod
1055 2985 1110 3007 Ver-

1170 2476 1237 2504 bum,
1255 2482 1281 2497 ex
1305 2481 1351 2504 quo
1373 2476 1442 2496 homo
1460 2474 1544 2495 sactum
1567 2475 1611 2499 est,
1635 2478 1753 2500 nunquam
1777 2475 1853 2499 postea
1877 2472 1946 2493 homo
1964 2477 2014 2493 esse
2161 2458 2166 2505 ᾗῇ

1169 2515 1247 2542 (tostii,
1264 2515 1316 2543 quia
1335 2519 1413 2535 senec
1431 2514 1452 2534 in
1465 2515 1538 2534 morte
1551 2512 1625 2533 carnis
1643 2517 1697 2533 suae
1710 2510 1739 2532 ab
1757 2514 1856 2533 assumta
1875 2510 2014 2532 humanitate
2161 2501 2166 2538 *l

1169 2560 1271 2582 unquam
1290 2553 1373 2575 divisit.
2161 2539 2162 2543 Ἰ

1232 2593 1240 2607 ⁴¹
1258 2592 1301 2615 Clr.
1321 2593 1356 2614 liic
1369 2592 1398 2614 lit.
1417 2591 1527 2618 Magistri,
1546 2596 1565 2612 c.
1584 2591 1604 2612 2.

1232 2632 1241 2646 ⁵
1260 2632 1339 2653 l'salni.
1362 2631 1415 2658 109,
1434 2629 1454 2651 41.
1472 2642 1500 2645 -
1516 2630 1568 2658 Seq.
1587 2629 1717 2656 scripturae
1736 2629 1777 2650 loc.
1795 2631 1829 2650 est
1846 2627 1914 2649 Hebr.
1932 2627 1954 2654 7,
1973 2626 2012 2655 24,

1169 2671 1208 2693 ubi
1226 2671 1287 2697 odd,
1306 2670 1426 2697 angatam
1444 2671 1576 2697 sequentes,
1596 2671 1646 2695 post
1670 2666 1777 2690 Christus
1799 2667 1887 2689 addunt
1909 2671 1935 2688 eo
1952 2665 2016 2695 quod

1168 2711 1265 2733 moneat
1281 2709 1304 2732 iii
1322 2710 1452 2731 [tetii-num.
1466 2720 1495 2723 ἡ
1507 2707 1609 2729 Subinde
1622 2713 1664 2735 pro
1682 2705 1813 2730 Xecessitas
1829 2704 1942 2728 illationis
1961 2704 2013 2726 edd.

1172 2749 1263 2773 Veritas
1280 2747 1399 2771 illationis.

1231 2789 1241 2803 ⁶
1260 2787 1333 2810 Verba
1347 2790 1400 2809 sunt
1414 2787 1470 2809 Petri
1484 2786 1553 2813 I‘lisp„
1567 2785 1595 2807 de
1608 2784 1693 2814 quibus
1709 2784 1795 2806 videsis
1807 2789 1876 2811 supra
1890 2789 1942 2810 pag.
1957 2782 2013 2809 258,

1170 2831 1220 2850 nota
1240 2828 1260 2849 2.
1274 2839 1303 2842 —
1316 2826 1357 2848 Pro
1375 2824 1486 2848 diminuit
1503 2824 1569 2846 codd.
1589 2823 1657 2845 BCD
1669 2823 1696 2844 W
1707 2823 1725 2844 Y
1747 2821 1828 2851 deficit.
1847 2821 1948 2843 Subinde
1972 2827 2014 2848 pro

1170 2865 1277 2896 deficiens
1295 2865 1347 2887 edd.
1365 2863 1503 2887 (luminatus.

1233 2904 1242 2919 7
1260 2904 1314 2926 Cnd.
1335 2904 1350 2926 U
1368 2909 1414 2926 mm
1432 2904 1484 2925 erut
1501 2901 1563 2930 talis,
1582 2907 1645 2930 erqo,
1667 2901 1716 2922 Vnt.
1733 2904 1781 2921 nou
1793 2899 1845 2921 erat
1863 2897 2011 2925 ltuiusmocli,

1170 2950 1233 2974 erqo.
1248 2944 1289 2965 Pro
1302 2942 1454 2972 composition
1468 2941 1535 2964 codd.
1554 2940 1641 2968 FNPQ
1658 2937 1805 2967 compositus.
1822 2937 1878 2959 Eud.
1897 2938 1913 2965 l,
1928 2938 1941 2959 2
1952 2938 2015 2959 omit-

1172 2986 1218 3006 tunt
1236 2983 1360 3005 minore-m.
