2166 3366
107 711 244 730 Fundamenta.

118 1511 148 1530 Ad
163 1512 238 1536 opposi-

249 217 287 245 48
934 217 1187 247 SENTENTJARUM
1207 217 1268 246 LlB.
1288 217 1328 246 Ill.

1017 356 1180 392 QUAESTlO
1202 356 1241 384 111.

560 455 665 484 Utrum
689 455 825 484 Christus·
847 454 984 484 habuerit
1006 464 1074 484 eum
1095 455 1164 484 alii-s·
1186 454 1352 484 homiuibus
1374 464 1555 485 commanem
1575 457 1706 493 speeiem.

330 567 422 596 Tertio
445 567 605 605 quaeritur,
628 571 724 595 utrum
740 567 868 596 Christus
884 567 1016 595 habuerit
1037 575 1101 595 cum

249 615 311 643 aliis
334 622 512 643 communem
535 614 665 651 speciem.
690 615 719 643 Et
741 615 816 651 quod
838 614 897 648 sic,
918 614 1040 642 videtur.

333 662 356 689 i.
378 661 417 690 Ad
434 661 626 698 Philippenses
642 661 797 690 secundm:
820 661 855 689 In
876 661 1101 689 similitudinem

252 709 404 737 hominum
425 708 539 746 faetus:
562 708 584 737 si
607 716 673 746 ergo
695 709 881 737 communitas
901 708 1001 745 speciei
1017 711 1103 737 atten-

250 756 327 785 ditur
349 756 506 786 secundum
528 756 756 785 assimilationem
781 756 806 784 in
828 756 918 784 forma
947 755 1103 784 hnmanita-

252 804 295 838 tis,
318 803 446 837 videtur,
475 803 550 840 quod
580 803 708 832 Christus
730 803 757 831 in
779 803 870 831 forma
891 803 1020 840 specifica
1042 811 1103 831 con-

250 851 343 880 veniat
365 858 429 880 cum
451 850 513 879 aliis
537 850 705 879 hominihus.
745 864 750 873 =

330 900 355 927 2.
379 898 459 933 item,
482 898 593 935 genitus
615 901 656 927 est
678 898 803 927 eiusdem
826 897 928 935 speciei
944 905 1008 926 cum
1024 905 1103 934 gene-

252 950 331 975 rante
353 946 380 974 in
402 946 580 983 generatione
603 945 755 980 univoca&
778 945 826 974 sed
842 945 970 973 Christus
992 945 1103 981 genitus

249 994 302 1022 fuit
335 1002 371 1022 ex
404 994 485 1022 beata
517 993 644 1030 Virgine:
677 1001 744 1030 ergo
776 996 817 1021 est
849 992 974 1021 eiusdem
1001 992 1102 1029 speciei

250 1048 315 1069 cum
338 1049 378 1069 ea.

331 1088 357 1116 3.
380 1088 463 1120 Item,
485 1088 578 1116 anima
597 1087 749 1122 rationalis,
766 1087 843 1115 unita
858 1087 944 1121 carni,
960 1087 1103 1115 constituit

252 1136 393 1164 hominen]
417 1135 543 1164 eiusdem
566 1134 665 1172 speciei
690 1135 863 1169 communis3
879 1134 926 1163 sed
944 1134 970 1162 in
993 1134 1103 1162 Christo

253 1183 305 1211 suit
337 1182 430 1211 anima
460 1182 603 1211 rationalis
633 1182 711 1211 unita
742 1182 853 1210 carni³x
877 1189 943 1218 ergo
975 1181 1103 1210 Christus

249 1229 349 1258 habuit
370 1229 489 1266 speciem
513 1237 690 1258 communem
713 1237 777 1257 cum
800 1229 869 1257 aliis.

329 1277 355 1305 [ι.
378 1277 462 1311 ltem,
484 1277 511 1304 in
535 1276 636 1305 Christi
654 1276 843 1305 incarnatione
863 1279 964 1304 natura
979 1276 1103 1304 humana

251 1324 371 1352 exaltata
406 1326 447 1352 est
474 1327 502 1352 et
531 1323 697 1360 reparata&
730 1323 779 1352 sed
811 1323 863 1351 hoc
892 1331 946 1351 non
969 1326 1058 1357 esset,
1080 1323 1102 1351 si

251 1371 379 1399 Christus
401 1379 455 1399 11011
478 1371 594 1399 haberet
617 1378 681 1399 cum
713 1370 775 1399 aliis
797 1370 959 1399 hominihus
981 1370 1102 1407 speciem

249 1426 442 1447 communem:
466 1426 532 1455 ergo
554 1421 605 1447 etc.

328 1466 380 1493 SED
402 1473 526 1494 CONTRA:
553 1466 575 1493 1.
596 1465 710 1494 loannes
726 1465 924 1499 Damascenus,
940 1468 966 1493 et
982 1465 1102 1493 hahetur

252 1513 278 1541 in
303 1513 429 1541 littera⁵:
458 1524 469 1538 (ι
483 1512 510 1540 111
532 1512 650 1541 Domino
673 1513 733 1541 lesu
761 1512 871 1540 Christo
894 1520 947 1540 11011
970 1515 1011 1541 est
1032 1520 1104 1540 com-

252 1568 365 1588 munem
389 1559 509 1597 speciem
532 1559 695 1596 accipere».

330 1608 355 1635 2.
378 1607 454 1641 Item,
477 1606 606 1643 Magister
623 1607 650 1634 in
668 1606 796 1635 littera⁶z
825 1617 837 1631 «
851 1605 971 1635 Natma
994 1614 1048 1634 non
1065 1606 1104 1634 sic

250 1655 386 1692 accipitur
409 1655 435 1682 in
458 1654 580 1688 Christo,
603 1654 675 1682 sicut
696 1662 759 1682 cum
783 1654 900 1682 dicitur:
924 1662 981 1682 una
1003 1657 1044 1682 est
1059 1661 1104 1681 na-

251 1705 315 1731 tura
337 1702 462 1731 omnium
485 1702 672 1735 hominunm:
694 1701 741 1730 sed
765 1709 828 1730 cum
852 1701 967 1730 dicitur:
991 1709 1047 1729 una
1062 1704 1103 1729 est

250 1752 352 1778 natura
373 1749 498 1777 omnium
523 1748 685 1782 hominum,
708 1748 810 1777 dicitur
832 1756 892 1777 esse
919 1756 975 1776 una
997 1748 1103 1776 unitate

252 1797 368 1834 speciei:
401 1804 468 1833 ergo
498 1805 552 1824 non
575 1796 703 1829 videtur,
726 1796 800 1833 quod
824 1796 850 1824 in
873 1796 984 1824 Christo
1006 1795 1041 1824 sit
1062 1804 1104 1824 ac-

251 1844 344 1881 cipere
366 1852 451 1872 unam
474 1847 623 1877 naturam⁷
646 1851 709 1872 cum
733 1852 788 1880 qua
810 1851 874 1872 cum
896 1843 959 1872 aliis
980 1850 1104 1871 commu-

252 1892 326 1920 nicat
348 1895 481 1928 tanquam
503 1891 529 1919 in
553 1891 645 1928 specie
667 1890 804 1928 specifica.

330 1938 356 1967 3.
378 1938 462 1973 Item,
489 1938 636 1975 «species,
659 1941 689 1966 ut
712 1938 779 1966 dicit
800 1938 968 1972 Boethius7,
984 1937 1051 1966 dicit
1066 1940 1104 1965 to-

250 1988 309 2014 tum
333 1994 392 2013 esse
414 1985 625 2013 individuorum
639 1996 666 2019 »3
689 1985 737 2014 sed
766 1985 927 2013 humanitas
956 1993 1010 2013 non
1037 1985 1104 2013 dicit

253 2035 340 2061 totum
364 2041 423 2061 esse
438 2032 555 2061 Christi:
573 2040 639 2069 ergo
661 2032 789 2061 Christus
805 2040 858 2061 non
875 2032 1033 2061 continetur
1050 2032 1104 2061 suh

251 2080 363 2108 homine
385 2083 517 2117 tanquam
541 2079 719 2108 individuum
742 2079 795 2108 suh
815 2079 930 2116 propria
952 2079 1052 2116 specie.

329 2127 355 2155 [ι.
378 2127 462 2162 Item,
486 2127 575 2155 forma
597 2126 726 2163 specifica
757 2126 894 2163 accipitur
916 2126 951 2154 ah
973 2134 1005 2155 eo
1027 2126 1103 2163 quod

253 2174 459 2203 nobilissimum
482 2177 509 2202 et
531 2173 764 2211 perfectissmium
787 2177 829 2202 est
851 2174 877 2202 in
899 2173 965 2205 res:
988 2174 1036 2202 sed
1059 2182 1104 2201 no-

257 2221 424 2250 bilissimum
447 2224 474 2250 et
495 2221 728 2258 perfectissimum
752 2221 779 2249 in
801 2221 911 2249 Christo
927 2229 979 2249 non
1003 2224 1044 2249 est
1060 2229 1104 2249 na-

253 2272 317 2298 tura
344 2272 452 2303 creata,
475 2268 523 2297 sed
553 2269 675 2297 increata
684 2279 691 2302 3
723 2268 772 2297 sed
804 2276 889 2305 penes
911 2267 1041 2296 naturam
1066 2267 1103 2295 in-

251 2319 375 2345 creatam
396 2324 450 2344 non
473 2318 514 2344 est
535 2316 662 2352 accipere
694 2315 815 2352 speciem
838 2323 1015 2344 communem
1038 2323 1102 2343 cum

252 2363 315 2392 aliis
336 2363 512 2392 hominihus:
535 2371 602 2400 ergo
624 2362 701 2391 nullo
724 2362 815 2391 modo.

314 2522 320 2536 ¹
340 2522 404 2545 Vei-s.
422 2522 444 2544 7.
462 2522 536 2550 Supra
555 2522 607 2544 edd.
626 2522 680 2545 ulz'z's
697 2521 832 2545 hominibus
849 2525 926 2545 contra
945 2522 1013 2544 codd.

312 2562 321 2576 ²
339 2562 383 2584 Ct‘r.
397 2566 451 2584 tom.
469 2563 492 2584 11.
506 2569 558 2590 pag.
579 2562 636 2589 Δ179,
650 2566 701 2584 nota
725 2563 741 2584 1.
756 2574 785 2578 ——
798 2562 847 2584 Mox
861 2565 912 2590 post
924 2568 955 2585 ea·
973 2561 1040 2585 beata
1056 2562 1104 2584 Vir-

255 2602 309 2632 qine
326 2602 393 2624 codd.
412 2602 430 2623 111
443 2601 460 2623 O
478 2601 602 2624 subiiciunt
618 2601 770 2631 yeoezerttlione
786 2601 894 2624 unicuca.

313 2640 322 2655 ³
342 2641 368 2663 Ut
385 2644 503 2663 ostensum
522 2645 557 2663 est
575 2643 664 2669 quaest.
683 2641 789 2668 praeced.

313 2680 322 2694 ⁴
340 2680 384 2702 Csr.
403 2680 458 2708 Eph.
477 2681 501 2708 2,
520 2680 541 2701 ὅ.
559 2686 619 2708 seq.;
639 2680 661 2702 ΙΙ,
680 2680 736 2702 Petr.
760 2680 776 2707 1,
796 2679 815 2701 Ιι.

313 2719 323 2734 ⁵
342 2720 382 2741 1110
399 2725 418 2741 c.
441 2720 457 2741 Ι.

313 2758 323 2773 5
342 2759 382 2780 Hic
400 2764 418 2780 c.
441 2759 457 2780 Ι.
476 2759 498 2780 111
516 2759 651 2781 auctoritate
674 2758 773 2781 adducta
797 2758 864 2781 codd.
884 2759 927 2780 EG
946 2759 981 2783 (Κ
1001 2765 1012 2780 a
1032 2760 1105 2786 prima

255 2799 335 2826 manu)
354 2803 396 2825 pro
413 2803 463 2820 uua
480 2799 514 2820 est
530 2798 621 2820 aarum
642 2798 784 2820 substituunt
800 2803 849 2820 runa
867 2803 916 2820 esse
928 2798 1026 2826 maura,
1048 2804 1107 2826 quae

253 2837 319 2859 lectio
336 2837 403 2859 etiam
422 2838 443 2858 in
461 2839 521 2859 textu
547 2838 629 2864 origin.
656 2837 755 2864 Magistri
774 2836 877 2858 habetur.
900 2837 949 2858 Mox
971 2837 992 2858 in
1018 2836 1108 2859 minoz-i

254 2876 321 2898 codd.
340 2876 357 2897 Α
368 2876 386 2897 li
398 2875 413 2897 L
424 2875 442 2897 Τ
454 2875 471 2897 V
485 2882 511 2897 aa
525 2875 556 2897 bb
573 2875 671 2897 eandem
689 2876 809 2898 tectionem
827 2875 935 2897 exhibent
948 2882 990 2903 pro
1007 2881 1056 2898 r{rua
1073 2876 1107 2897 est

251 2916 347 2938 natura..

312 2954 321 2968 ⁷
339 2954 400 2976 Libr.
419 2954 451 2976 111.
470 2953 598 2976 Comment.
617 2955 638 2976 in
656 2954 768 2982 Porphyr.
781 2960 799 2976 c.
819 2954 846 2977 {Ie
869 2953 948 2983 Specie
965 2957 987 2976 et
1005 2955 1026 2976 in
1046 2954 1105 2976 libro

250 2993 280 3016 cle
302 2994 429 3015 Divisionc.
448 2994 497 3021 Ipsa
516 2994 602 3016 Boethii
620 2993 691 3015 verba
711 2993 764 3015 vide
782 2998 836 3016 tom.
855 2994 877 3015 ll.
902 3000 954 3022 pag.
978 2995 1032 3019 tos,
1052 2997 1104 3016 nota

251 3033 271 3055 6.
290 3036 311 3055 et
333 3039 385 3061 pag.
406 3032 463 3060 441,
482 3035 533 3055 nota
553 3033 573 3054 Β.

1476 575 1690 597 CONCLUSIO.

1164 660 1300 689 Christus
1328 661 1443 689 ratione
1474 660 1622 690 liwmanae
1653 666 1782 690 'naturae
1804 660 1907 690 habuit
1938 670 2011 690 eom-

1240 716 1358 736 manem
1380 708 1503 745 speciem
1518 717 1585 737 eum
1601 709 1670 737 aliis
1686 708 1864 743 fiontiuibus,
1886 717 1944 737 uon
1959 717 2011 737 au-

1241 759 1295 783 tem
1312 755 1430 783 ratione
1445 756 1600 794 utriusque
1616 760 1754 790 natzarae,
1769 756 1877 785 seilicet
1893 756 2010 784 diuinae

1241 806 1266 830 et
1287 800 1444 830 lzzmzauae.

1242 898 1419 926 Responnsso:
1442 897 1613 926 Dicendum.
1636 897 1712 934 quod
1743 897 1851 934 specie-s·
1873 898 1939 926 dicit
1959 897 2085 942 for-„3¹3⁶
2100 904 2138 923 spe-

1163 952 1246 979 mam,
1268 948 1295 973 et
1316 953 1369 973 non
1393 953 1617 982 quamcumque,
1640 945 1688 973 sed
1705 944 1822 973 formam
1840 945 1937 978 totius,
1960 945 2012 974 hoc

1163 995 1203 1021 est
1226 992 1343 1020 formam
1368 991 1597 1028 complectentem
1628 995 1715 1020 totum
1745 1000 1812 1020 esse.
1835 992 1916 1020 quta
1937 991 2013 1029 quod

1163 1039 1229 1068 dicit
1252 1039 1398 1073 Boethius,
1420 1039 1495 1076 quod
1530 1039 1661 1076 «species
1690 1042 1731 1067 est
1753 1042 1842 1068 totum
1865 1048 1923 1067 esse
1945 1039 2013 1067 indi-

1164 1086 1313 1115 viduorum
1328 1097 1355 1117 »2
1378 1089 1404 1115 et
1436 1086 1593 1115 Aviceiiiiaae⁰
1615 1089 1639 1114 et
1666 1086 1710 1114 alii
1741 1086 1823 1115 etiam
1854 1086 2012 1123 philosophi

1163 1133 1189 1161 in
1212 1134 1264 1162 hoc
1286 1134 1464 1162 concordant.
1487 1134 1585 1162 Forma
1606 1141 1672 1170 ergo
1705 1133 1834 1171 specifica
1856 1133 2012 1162 communis
2026 1143 2098 1166 Duplex
2111 1148 2147 1162 seu-

1162 1180 1312 1217 dupliciter
1334 1183 1423 1217 potest
1446 1180 1575 1218 intelligi:
1605 1185 1654 1209 aut
1683 1181 1838 1210 secundum
1858 1180 2013 1217 praediea·
2061 1172 2098 1184 ⁵¹¹⁵*

1163 1228 1281 1261 tionem,
1314 1232 1362 1257 aut
1395 1228 1551 1257 secundum
1584 1228 1826 1257 constitutionem.
1851 1227 2010 1256 Secundum

1160 1276 1413 1315 praedicationem
1435 1276 1518 1304 homo
1540 1276 1606 1304 dicit
1629 1276 1746 1304 formam
1768 1283 1946 1305 communem
1970 1275 2013 1303 Pe-

1164 1326 1206 1351 tro
1228 1326 1255 1351 et
1277 1323 1374 1357 Paulo;
1396 1323 1550 1352 secundum
1574 1323 1807 1351 constitutionem
1841 1323 1924 1351 homo
1946 1322 2012 1351 dicit

1162 1370 1297 1404 formam,
1320 1378 1393 1407 quae
1414 1371 1497 1399 simul
1521 1370 1633 1408 respicit
1654 1370 1776 1399 animam
1799 1373 1825 1399 et
1848 1378 1963 1407 corpus.
1986 1374 2012 1399 et

1162 1426 1235 1454 quae
1256 1417 1374 1446 resultat
1396 1425 1432 1446 ex
1455 1417 1647 1446 coniunctione
1668 1418 1778 1446 animae
1797 1426 1860 1446 cum
1883 1425 2011 1455 corpore.

1163 1464 1259 1492 Anima
1281 1465 1354 1493 enim
1378 1468 1404 1493 et
1426 1472 1528 1501 corpus
1554 1469 1726 1493 concurrunt
1758 1465 1793 1493 ad
1815 1472 1900 1493 unam
1923 1472 2013 1493 essen-

1163 1512 1229 1540 tiam
1251 1512 1485 1541 constituendam.
1508 1512 1539 1540 Et
1571 1512 1635 1541 hinc
1668 1516 1724 1547 est,
1747 1513 1822 1549 quod
1845 1512 2013 1541 constitutus

1163 1567 1199 1587 ex
1220 1559 1310 1587 anin‘ia
1345 1562 1371 1587 et
1392 1567 1509 1595 corpore
1542 1559 1625 1588 habet
1647 1567 1731 1587 unam
1747 1559 1764 1574 ¹⁰
1786 1559 1904 1587 formam
1928 1559 2013 1596 speci-

1165 1605 1264 1640 ficam,
1286 1614 1465 1635 communem
1498 1606 1549 1635 sihi
1582 1609 1609 1635 et
1640 1606 1701 1635 aliis
1724 1606 1763 1635 sic
1784 1606 1941 1635 constitutis
1963 1614 2012 1643 per

1160 1653 1428 1690 praedieatiouem;
1459 1661 1637 1682 communem
1670 1654 1853 1682 nihilominus
1885 1653 2012 1691 partibus

1164 1700 1397 1729 constituentibus
1414 1708 1463 1737 per
1477 1700 1629 1738 quandam
1645 1700 1886 1738 informationem
1901 1704 1927 1729 et
1942 1707 2013 1729 com-

1162 1747 1321 1784 pletionem.

1241 1795 1310 1824 Cum
1340 1804 1406 1833 ergo
1438 1796 1603 1833 quaeritur.
1626 1800 1722 1824 utrum
1756 1795 1782 1823 in
1814 1795 1930 1823 Domino
1951 1795 2013 1823 lesu
2048 1800 2149 1843 {tymim-tio

1165 1843 1275 1871 Christo
1296 1843 1330 1872 sit
1359 1851 1536 1872 communem
1570 1843 1689 1880 speciem
1722 1842 1868 1879 accipere:
1891 1842 1943 1871 hoc
1965 1842 2014 1870 du·
2027 1827 2045 1843 m
2064 1826 2147 1843 ”mm

1163 1891 1273 1928 pliciter
1295 1894 1385 1928 potest
1406 1890 1537 1927 intelligi:
1560 1894 1609 1919 aut
1631 1890 1736 1919 ratione
1752 1894 1881 1919 ozacitrae
1902 1897 2014 1918 assum-

1164 1941 1219 1971 tae,
1242 1941 1290 1966 aut
1312 1938 1419 1966 ratione
1442 1938 1607 1975 utriusque,
1629 1937 1770 1966 humanae
1796 1937 1899 1966 scilicet
1921 1940 1948 1966 et
1976 1936 2013 1965 di<
2165 1973 2166 1976 Ἰ

1164 1985 1252 2013 vinae.
1275 1985 1301 2013 Si
1332 1985 1438 2013 ratione
1467 1984 1616 2013 humanae
1636 1989 1781 2018 maurae,
1815 1984 1853 2013 sic
1880 1988 1921 2013 est
1942 1985 2166 2013 coin-eonemsiot.'

1164 2040 1277 2061 munem
1301 2032 1422 2069 speciem
1445 2032 1571 2069 accipere
1593 2031 1695 2061 Christi
1717 2032 1751 2061 ad
1775 2031 1844 2061 alios
1869 2032 2012 2061 homines:
2165 2029 2166 2066 Ῐ

1163 2080 1247 2117 quia,
1270 2079 1341 2108 sicut
1363 2079 1390 2108 in
1412 2079 1474 2108 aliis
1495 2079 1657 2108 hominihus
1685 2087 1721 2108 ex
1743 2078 1937 2108 coniunctione
1959 2078 2013 2106 ani·
2164 2095 2166 2115 ¹,

1164 2135 1225 2155 mae
1241 2127 1276 2155 ad
1292 2134 1405 2156 carnem
1430 2134 1481 2164 per
1504 2126 1618 2155 modum
1634 2126 1803 2163 perficientis
1818 2129 1845 2155 et
1866 2126 2013 2154 informan-
2164 2118 2166 2127 ¹

1164 2174 1199 2203 tis
1220 2174 1338 2203 resultat
1352 2174 1439 2202 forma
1457 2174 1654 2207 humanitatis,
1678 2174 1716 2202 sic
1731 2176 1758 2202 et
1773 2174 1800 2202 in
1822 2173 1966 2202 christon.
1984 2173 2013 2201 Et

1164 2222 1226 2250 ideo
1248 2222 1300 2250 isto
1321 2217 1404 2250 modo
1427 2224 1468 2250 θεῖ
1495 2221 1621 2258 accipere
1650 2221 1677 2249 in
1700 2229 1732 2249 eo
1754 2228 1931 2249 communem
1955 2228 2012 2258 spe-

1164 2269 1243 2303 ciem,
1266 2272 1322 2296 tam
1343 2276 1394 2305 per
1415 2268 1652 2305 praedicationem
1673 2276 1758 2305 quam
1781 2268 1864 2296 etiam
1886 2275 1937 2304 per
1952 2275 2013 2296 con-

1164 2316 1344 2344 stitutionem.
1366 2332 1405 2335 —
1427 2316 1451 2343 Si
1481 2318 1575 2344 autem
1605 2315 1755 2352 loquamur
1785 2315 1819 2343 de
1841 2314 1951 2343 Christo
1972 2312 2164 2343 ra-c0nt-1usi02H

1164 2363 1237 2391 tione
1259 2362 1378 2390 divinae
1398 2365 1528 2390 <naturae
1550 2365 1576 2391 et
1597 2361 1762 2396 humanae,
1785 2362 1824 2391 sic
1846 2362 1874 2390 in
1896 2361 2013 2390 Domino

1225 2521 1235 2536 8
1253 2522 1300 2544 Sub
1319 2523 1362 2544 hoc
1379 2526 1485 2550 respectu
1505 2521 1629 2544 differentia
1648 2521 1754 2549 specifica
1774 2522 1841 2543 etiam
1865 2520 1949 2543 ultima
1975 2526 2013 2541 vo-

1163 2562 1208 2584 cari
1228 2564 1313 2589 potest,
1332 2562 1418 2590 quippe
1437 2567 1490 2583 cum
1513 2561 1641 2583 secundnm
1660 2561 1763 2587 Aristot.v
1786 2560 1828 2582 Vll.
1846 2560 1942 2588 Metaph.
1961 2562 2011 2581 text.

1164 2600 1199 2622 43.
1219 2601 1264 2626 (Vl.
1283 2606 1301 2622 c.
1324 2601 1375 2628 12),
1393 2603 1498 2622 sumatur
1515 2606 1526 2621 a
1546 2601 1617 2622 forma
1636 2604 1656 2622 et
1675 2600 1695 2621 in
1714 2606 1754 2622 sua
1772 2600 1856 2621 unitate
1874 2604 1943 2621 totam
1961 2598 2013 2621 sul)-

1164 2641 1269 2663 stantiam
1289 2640 1470 2668 comprehendat
1488 2642 1510 2661 et
1526 2632 1627 2667 speciem
1645 2639 1737 2661 definiti.
1756 2638 1800 2661 Csr.
1819 2639 1846 2660 X.
1866 2639 1935 2661 Ethie.
1953 2644 1973 2660 c.
1991 2638 2011 2660 5.

1162 2683 1183 2701 et
1200 2679 1222 2701 7.

1225 2718 1235 2733 ⁹
1253 2718 1313 2741 Libr.
1333 2719 1345 2740 l.
1367 2719 1445 2747 Logic.
1465 2725 1483 2741 c.
1505 2718 1532 2741 de
1552 2718 1643 2747 Spem,
1663 2722 1684 2740 et
1706 2718 1730 2740 V.
1752 2717 1849 2744 Metapa.
1868 2723 1886 2739 c.
1906 2717 1926 2738 3.
1947 2723 2011 2746 seqq.

1163 2757 1207 2780 Csr.
1227 2758 1350 2786 Porphyr¹⁷
1369 2757 1398 2780 de
1417 2757 1548 2780 Pracdieab.
1566 2763 1585 2780 c.
1603 2756 1630 2779 de
1647 2755 1739 2786 Specie,
1764 2755 1803 2778 nbi
1825 2756 1964 2778 Aristotelica
1983 2756 2011 2778 dc

1163 2797 1205 2819 hac
1217 2803 1240 2818 re
1253 2797 1356 2819 doctrina
1370 2797 1508 2824 proponitur
1525 2797 1699 2824 exponiturque.
1712 2808 1741 2810 —
1752 2795 1773 2816 111
1788 2794 1896 2817 subnexis
1919 2795 2012 2822 respici-

1163 2838 1203 2859 tur?
1217 2839 1267 2858 nota
1286 2836 1369 2858 divisio
1388 2835 1524 2858 universalis
1547 2836 1568 2857 in
1594 2834 1722 2857 universale
1751 2833 1854 2863 loqiciem.
1876 2834 1906 2857 (in
1924 2834 2012 2862 praedi-

1163 2875 1245 2903 cando)
1264 2878 1286 2897 et
1303 2876 1433 2897 universate
1452 2874 1637 2904 metaphysicum
1655 2874 1686 2902 (in
1708 2873 1824 2901 essendo).
1848 2872 1892 2895 Csr.
1915 2876 1968 2895 tom.
1988 2873 2011 2895 ll.

1163 2921 1216 2942 pag.
1236 2914 1293 2942 441,
1313 2918 1363 2936 nota
1383 2915 1404 2936 3.

1225 2953 1245 2967 ¹⁰
1264 2954 1305 2976 Pro
1324 2960 1398 2976 unam
1415 2953 1468 2976 edd.
1486 2952 1626 2975 humanum.

1227 2993 1243 3007 ¹¹
1263 2992 1307 3015 Csr.
1326 2993 1381 3015 infra
1401 2992 1423 3014 d.
1441 2992 1462 3014 5.
1481 2998 1500 3014 a.
1519 2993 1539 3014 Ξ.
1558 2998 1580 3020 q.
1603 2992 1619 3013 l.
