2166 3366
868 190 949 219 DlST.
973 190 1047 220 xvii.
1070 191 1175 220 DUBlA.
1842 194 1898 222 375Ι

150 266 316 296 sensualitas
338 274 392 294 non
414 266 498 295 babet
519 267 584 296 ferri
608 267 634 296 in
658 267 761 296 Deum:
777 276 844 304 ergo
858 272 994 305 quantum

6 329 8 344 s
150 313 185 342 ad
206 316 299 341 actum
322 313 510 342 sensualitatis
532 322 586 342 non
616 313 741 342 consistit
762 322 832 342 usus
853 315 994 344 orationis.

6 362 7 367 ¹
228 359 254 386 3.
278 360 359 393 item,
381 359 467 388 solius
489 360 603 388 rationis
618 363 659 388 est
674 360 800 389 conferre
813 360 820 376 ¹
833 372 839 394 ;
854 361 901 389 sed
918 369 995 398 prae-

148 405 222 434 dicta
243 405 332 434 oratio
353 405 404 434 fuit
426 413 489 434 cum
512 406 657 435 collatione
673 406 804 443 quadam,
819 407 891 435 sicut
906 411 994 444 patet,

148 459 213 481 cum
235 452 352 481 dicitur:
377 451 439 480 Nou
471 452 548 481 sicut
578 461 629 490 eqo
659 453 740 487 volo,
771 454 822 482 secl
847 454 924 482 sicut
946 459 993 483 tu:

5 510 7 536 1
148 505 215 535 ergo
236 506 290 527 non
312 498 446 535 processit
467 507 482 527 a
503 499 710 533 sensualitate,
732 500 780 528 sed
803 508 819 528 a
840 501 962 529 ratione.

226 546 252 574 [ι.
276 545 357 580 ltem,
379 545 466 574 solius
487 545 602 574 rationis
632 549 674 574 est
702 546 797 575 sutura
829 555 994 584 praecogno-

4 601 6 627 4
147 591 259 626 scere²;
282 592 329 620 sed
352 591 440 620 oratio
462 591 517 625 illa,
538 600 594 629 qua
616 592 764 629 petebatur
785 593 858 622 calix
879 594 993 623 futurus

4 669 5 677 ἵ
148 638 309 673 transferri,
330 641 391 667 erat
412 646 448 667 ex
477 638 638 667 futurorum
662 640 903 677 praecognitione:
925 649 992 678 ergo

0 683 6 723 l
147 693 201 714 non
223 688 282 714 erat
303 685 523 718 sensualitatis,
545 685 593 713 sed
615 685 750 714 rationis

462 771 675 792 CONGLUSIO.

148 839 260 869 Cltristi
279 841 375 869 oratio
399 841 428 869 iu
450 840 532 869 izorio
564 841 605 870 ad
636 842 756 870 Patrem
788 843 886 880 quoad
906 848 992 872 mate-

226 887 305 916 riam
325 887 385 926 fuit
405 888 625 922 sensualitatis,
656 889 707 917 sed
737 890 836 927 quoad
859 889 990 927 lerinam

223 933 284 972 fuit
304 935 440 964 rationis.

224 1013 400 1042 Raspouoao:
424 1013 594 1047 Dicendum,
617 1014 690 1051 quod
714 1014 748 1043 de
771 1015 912 1052 praedicta
933 1024 991 1044 ora-

21 1068 124 1088 oauncuo.
147 1060 219 1089 tione
241 1063 283 1089 est
305 1060 379 1097 loqui
402 1060 570 1097 dupliciter:
600 1064 648 1089 aut
677 1064 813 1098 quantum
842 1062 876 1090 ad
906 1066 992 1090 mate-

146 1106 248 1141 riam,
269 1110 318 1136 aut
349 1110 486 1144 quantum
517 1107 551 1135 ad
574 1106 715 1144 sormam.
738 1108 763 1136 Si
787 1108 935 1146 loquamur
956 1109 990 1137 (le

147 1154 206 1191 ipsa
225 1157 361 1192 quantum
384 1154 418 1183 ad
441 1154 618 1187 materiam,-
639 1163 703 1183 cuni
729 1155 845 1183 materia
859 1155 991 1185 orationis

0 1186 103 1234 lovanium
115 1209 132 1228 i.
146 1200 276 1238 respiciat
298 1200 469 1229 desiderium
485 1201 619 1238 petentis,
636 1201 698 1229 talis
720 1201 815 1238 petitio
829 1202 880 1230 fuit
895 1202 991 1238 petitio

144 1247 345 1276 sensualitatis
357 1247 376 1280 ³,
405 1247 487 1276 cuius
508 1247 679 1276 desiderium
711 1251 771 1276 erat
803 1249 837 1277 ad
861 1257 913 1276 non
937 1258 991 1277 mo-

145 1294 285 1323 riendum.
306 1293 331 1322 Si
354 1297 448 1323 autem
472 1294 621 1331 loquamur
642 1295 676 1323 de
699 1295 841 1331 praedicta
866 1296 990 1325 oratione

8 1349 102 1369 conclusio
112 1350 130 1368 ἢ.
144 1345 280 1379 quantum
302 1341 336 1370 ad
358 1340 508 1383 formam,-
530 1341 577 1375 sic,
599 1349 663 1369 cum
687 1342 775 1370 fornia
791 1342 930 1379 petitionis
952 1351 991 1371 re-

144 1387 240 1425 spiciat
262 1387 457 1417 discretionem
473 1388 661 1425 proponentis,
676 1391 702 1416 et
725 1388 786 1417 talis
809 1389 908 1417 modus
931 1397 990 1426 pro-

145 1434 264 1472 ponendi
286 1435 321 1463 sit
342 1435 377 1463 ad
409 1434 603 1463 discretionem
627 1435 756 1469 rationis,
780 1436 988 1464 concedendum

143 1484 200 1515 est,
222 1481 296 1518 quod
320 1481 381 1510 talis
402 1481 491 1510 oratio
511 1481 596 1510 fuerit
616 1481 767 1510 voluntatis
788 1481 954 1510 rationalis.

224 1528 254 1556 Et
275 1535 325 1565 per
347 1528 398 1557 boc
419 1531 494 1565 patet
509 1529 652 1565 responsio
667 1528 701 1556 ad
718 1529 907 1565 quaestionem
930 1537 990 1565 pro-

5 1583 104 1614 apiiogqs
114 1585 133 1603 et
144 1575 261 1612 positam
284 1578 311 1603 et
332 1574 414 1603 etiam
437 1574 472 1603 ad
494 1575 614 1609 obiecta;
635 1575 670 1603 ad
687 1575 876 1612 quaestionem
894 1583 990 1612 propo-

6 1607 111 1631 ⁰¹¹’¹¹⁰³¹¹⁰'
144 1622 237 1656 sitam,
258 1622 324 1659 quia
346 1629 399 1650 non
421 1624 462 1650 est
483 1621 646 1658 simpliciter
668 1622 890 1656 concedendum,
913 1623 987 1659 quod

144 1669 206 1698 talis
228 1669 316 1697 oratio
338 1668 421 1697 suerit
447 1668 619 1706 simplicitet·
651 1669 793 1702 rationis,
815 1669 859 1697 vel
880 1669 988 1707 simpli-

145 1715 216 1744 citer
237 1715 457 1749 sensualitatis,
479 1716 526 1744 sed
549 1716 675 1753 quodam
700 1716 781 1744 modo
803 1716 902 1750 huius,
922 1725 988 1754 quo-

145 1762 213 1791 dam
237 1762 319 1791 modo
341 1762 431 1791 illius:
453 1762 655 1790 sensualitatis
684 1765 818 1800 quantum
841 1762 875 1791 atl
902 1767 988 1791 mate-

1052 269 1149 303 riam,
1182 269 1230 298 sed
1262 269 1389 298 rationis
1417 274 1552 307 quantuni
1585 271 1620 299 ad
1641 270 1792 308 formam;
1814 271 1896 306 item,

1052 315 1254 344 smzsualilatis
1276 319 1306 345 ut
1338 316 1493 350 move-ntis,
1525 317 1573 346 sed
1596 317 1723 345 rationis
1744 321 1775 346 ut
1795 327 1898 355 propo-

1051 363 1163 395 nentis,-
1186 363 1248 391 item
1259 385 1265 395 ‚
1286 363 1487 392 sensualitatis
1503 367 1534 392 ut
1544 372 1601 401 pro
1616 373 1688 402 quo,
1705 364 1752 393 setl
1770 365 1898 393 rationis

1053 411 1084 437 ut
1104 417 1124 437 a
1145 417 1209 447 quo.
1233 409 1308 438 Unde
1330 410 1400 439 bene
1421 413 1448 438 et
1470 414 1543 439 recte
1564 411 1708 440 consuevit
1730 412 1800 446 dici,
1822 411 1896 449 quod

1052 456 1122 484 ratio
1144 456 1227 485 fuerit
1255 456 1416 485 calvet-atus
1437 458 1624 486 sensualitatis
1636 458 1655 486 ⁴.
1677 475 1716 480 —
1736 459 1894 488 Secundum
1910 465 1941 484 Ad
1955 471 2006 489 arcs.

1054 502 1104 531 boc
1126 503 1238 532 dissolvi
1261 507 1378 540 possunt
1399 504 1520 533 rationes
1541 505 1576 533 ad
1606 508 1756 543 utramque
1778 509 1895 543 partem,

1051 549 1182 586 quoniam
1204 550 1359 587 procedunt
1375 550 1417 579 his
1433 551 1544 580 duabus
1560 552 1623 586 viis,
1645 553 1716 581 sicut
1738 556 1812 589 patet
1826 553 1896 590 aspi-

1051 596 1141 625 clenti.

1129 643 1180 672 Sed
1203 647 1268 672 tunc
1290 646 1376 672 restat
1396 644 1532 681 quaestio:
1556 653 1620 673 cum
1643 645 1713 674 ratio
1728 645 1819 679 sciret,
1835 654 1894 674 sen-
1907 654 1983 680 Qupest.
1999 653 2028 671 in-

1050 690 1207 719 sualitatem
1231 690 1256 718 in
1279 690 1330 719 bac
1359 691 1491 728 petitione
1513 699 1563 719 nec
1594 692 1800 721 exaudiendam
1824 693 1894 721 nec⁵
1923 677 1994 696 men*

1051 736 1163 773 dignam
1185 736 1331 771 exaudiri,
1363 740 1458 774 utpote
1492 737 1557 774 quia
1589 738 1700 775 petebat
1721 739 1892 767 contrarium

1050 783 1135 811 divini
1159 783 1307 820 propositi3
1322 784 1463 821 quomodo
1486 784 1557 813 banc
1573 785 1731 821 petitionem
1752 786 1897 822 proposuit

1049 833 1076 858 et
1098 838 1148 867 pro
1163 838 1195 858 ea
1209 830 1358 867 allegavit?
1370 846 1408 850 —
1421 831 1450 858 Et
1465 830 1614 859 dicendum
1630 834 1672 859 est
1686 831 1720 860 ad
1737 832 1804 865 boc,
1819 832 1893 868 quod
1909 841 1962 859 natio
1979 841 2011 860 m-

1051 876 1135 905 liuius
1157 877 1208 905 suit
1230 877 1299 905 ratio
1321 876 1423 914 triplex
1437 877 1456 904 ⁰.
1484 877 1592 912 Prima,
1622 878 1657 906 ad
1683 877 1894 916 manifestatio·
1932 865 1981 888 ΡΜ

1051 932 1113 951 nem
1135 923 1267 952 veritatis
1296 926 1412 952 naturae
1443 927 1600 959 assumtae,
1629 932 1700 962 quae
1730 925 1894 953 naturaliter

1051 970 1190 998 refutabat
1221 970 1393 1007 passionem3
1424 974 1451 999 et
1484 970 1510 999 in
1544 971 1595 999 boc
1627 971 1749 999 erudivit
1772 975 1895 999 nostram

1050 1016 1145 1053 fidem.
1158 1016 1334 1045 -Secunda
1356 1025 1436 1051 vero,
1457 1017 1490 1045 ad
1514 1017 1750 1055 confirmandam
1774 1020 1895 1046 nostram

1052 1063 1291 1097 imbecillitatem,
1314 1067 1344 1092 ut
1366 1072 1419 1092 non
1442 1064 1621 1099 diffidamus,
1636 1064 1657 1092 si
1674 1065 1834 1102 passionum
1852 1073 1896 1102 pe-

1050 1109 1138 1138 ricula
1150 1109 1353 1144 exhorremus3
1368 1110 1432 1139 etin
1447 1110 1499 1139 boc
1514 1111 1605 1139 erexit
1620 1114 1742 1139 nostram
1758 1120 1846 1149 spem.
1858 1127 1895 1131 -

1049 1156 1156 1191 Tertio,
1178 1159 1209 1185 ut
1233 1157 1403 1192 ostenderet,
1436 1157 1611 1186 uoluntatem
1633 1161 1756 1186 nostram
1785 1158 1895 1187 divinae

1050 1203 1183 1231 voluntati
1205 1211 1265 1232 esse
1287 1211 1336 1240 per
1357 1204 1450 1232 omnia
1465 1204 1693 1239 subiictendam,
1708 1205 1783 1242 quod
1805 1208 1894 1234 osten-

1048 1249 1088 1277 dit
1110 1250 1136 1278 in
1160 1250 1315 1279 conditione
1336 1251 1477 1287 apposita,
1500 1259 1552 1279 non
1574 1251 1652 1279 sicut
1672 1260 1722 1289 e90
1743 1252 1822 1285 volo,
1844 1252 1896 1280 secl

1047 1296 1124 1325 sicut
1145 1300 1194 1330 tu,·
1214 1300 1241 1326 et
1262 1297 1288 1325 in
1311 1298 1363 1326 boc
1384 1298 1525 1327 ordinavit
1551 1298 1576 1326 in
1600 1298 1679 1327 nobis
1700 1299 1894 1333 earz'tatem⁷,

1049 1351 1120 1380 qnae
1142 1344 1271 1372 allectum
1293 1347 1419 1373 nostrum
1444 1345 1555 1374 divinae
1577 1345 1711 1374 voluntati
1727 1354 1777 1383 per
1798 1346 1895 1374 onmia

1049 1393 1165 1418 conatur
1180 1390 1326 1419 subiIcere.
1344 1391 1418 1419 Unde
1434 1392 1521 1428 magis
1536 1391 1627 1420 oravit
1639 1400 1689 1429 pro
1704 1391 1783 1421 nobis
1799 1392 1824 1420 in
1846 1392 1894 1420 illa

1049 1436 1191 1471 oratione,
1214 1445 1296 1474 quam
1319 1441 1412 1466 oraret
1440 1446 1491 1475 pro
1513 1446 1550 1467 se.
1581 1455 1618 1459 -
1641 1439 1671 1467 Et
1691 1439 1893 1468 attendendum

1047 1486 1103 1517 est,
1125 1484 1199 1520 quod
1222 1484 1315 1512 rati0⁸
1344 1484 1370 1512 in
1396 1485 1527 1522 petitione
1556 1485 1602 1514 illa
1631 1486 1753 1514 servavit
1773 1486 1892 1515 sormam

1048 1530 1193 1566 prudentis
1213 1533 1240 1558 et
1261 1530 1351 1559 fidelis
1379 1531 1529 1565 advocati,
1558 1532 1604 1569 qui
1631 1532 1802 1561 desiderium
1833 1540 1892 1562 sen-

1047 1576 1183 1605 sualitatis
1204 1577 1349 1614 proponit,
1364 1581 1474 1606 servata
1489 1581 1579 1607 tamen
1596 1579 1685 1607 torma
1700 1579 1785 1607 iuris.
1803 1580 1893 1609 Dictat

1047 1623 1121 1651 enim
1144 1623 1191 1651 ius
1212 1624 1355 1658 divinum,
1371 1625 1446 1661 quod
1468 1625 1558 1653 omnis
1573 1626 1712 1662 appetitus
1734 1627 1816 1655 debet
1831 1634 1892 1656 esse

1047 1670 1103 1698 Deo
1133 1670 1283 1699 subiectus.
1315 1688 1354 1692 ——
1386 1672 1416 1699 Et
1449 1680 1498 1709 per
1521 1672 1572 1701 boc
1600 1676 1676 1710 patet
1697 1673 1892 1702 determinatio

1045 1716 1234 1751 obiectorum,
1256 1720 1331 1754 patet
1352 1718 1435 1746 etiam
1459 1719 1618 1756 praedictae
1633 1719 1765 1748 orationis
1787 1720 1851 1749 sinis
1866 1723 1893 1749 et

1045 1763 1150 1792 utilitas
1161 1764 1178 1791 ⁵¹.

1942 1448 2035 1467 Notabilis

1908 1471 2020 1490 observatio.

724 1861 820 1889 DUBIA
842 1861 935 1889 ClRCA
957 1861 1121 1890 LITTERAM
1143 1850 1303 1891 MAGisTRt.

508 1959 575 1988 Dua,
604 1959 621 1987 l.

223 2053 250 2082 ln
274 2057 351 2090 parte
374 2053 425 2082 ista
448 2056 512 2082 sunt
537 2053 725 2082 dubitationes
756 2052 829 2081 circa
853 2053 987 2085 litteram,

144 2103 171 2129 et
191 2100 282 2138 primo
303 2100 449 2137 quaeritur
481 2099 515 2128 de
547 2100 599 2128 hoc
620 2099 695 2137 quod
724 2099 841 2128 dicitur:
865 2099 989 2137 Reliquit

144 2146 278 2185 affectum
305 2146 507 2184 inse'rmitatiS,
539 2155 594 2184 qao
626 2155 708 2174 nemo
740 2145 800 2174 vult
821 2146 916 2179 mori,
938 2146 990 2184 qui

144 2195 216 2223 adeo
236 2194 387 2223 naturalis
408 2198 448 2222 est
476 2197 527 2223 etc.
557 2194 609 2223 l-loc
641 2194 715 2223 enim
738 2193 849 2222 videtur
871 2193 989 2228 salsum,

143 2241 209 2279 quia
231 2240 311 2269 multi
332 2241 463 2270 occidunt
484 2240 779 2277 semetipsos—sicut
800 2243 876 2276 patet
897 2240 924 2267 in
946 2239 991 2268 de-

142 2287 259 2325 speratis
275 2303 312 2308 —
327 2291 353 2316 et
375 2288 534 2316 desiderant
556 2287 640 2315 mori:
664 2295 717 2315 non
739 2294 805 2323 ergo
827 2294 926 2315 verum
947 2289 990 2314 est

205 2432 212 2447 ¹
230 2434 333 2461 aristot,
358 2433 390 2455 ΙΙΙ.
416 2432 445 2455 dc
470 2433 564 2460 Anima,
585 2436 636 2455 text.
654 2432 690 2454 57,
710 2433 738 2459 (c.
760 2433 818 2460 ll.):
837 2431 988 2454 Deliberativa

142 2475 219 2494 autem
237 2472 259 2494 in
277 2471 426 2494 rationalibus
443 2470 516 2500 [θεῇς
535 2474 612 2493 utrum
629 2472 689 2493 enim
707 2474 759 2499 aget
771 2472 827 2498 boc,
839 2477 867 2493 an
881 2471 930 2499 boc,
943 2472 988 2493 iam

142 2511 235 2532 rationis
252 2513 286 2532 est
303 2516 374 2537 opus,
390 2513 412 2532 et
430 2515 522 2532 necesse
539 2512 574 2531 est
590 2515 738 2536 mensurare;
764 2510 838 2531 maius
855 2510 916 2531 enim
939 2515 989 2537 per-

142 2550 252 2578 sequitur.

205 2588 214 2602 ‘2
231 2588 258 2610 Ut
274 2588 373 2610 insinuat
390 2588 493 2615 Ariston,
516 2587 548 2609 lll.
570 2587 598 2609 de
615 2588 707 2614 Anima,
726 2590 776 2609 text.
794 2587 831 2609 53.
850 2587 878 2615 (c.
901 2587 951 2616 to.),
967 2590 989 2609 et

142 2626 171 2649 de
188 2627 296 2649 Memoria
313 2629 335 2648 et
351 2627 465 2648 reminisc.
483 2632 502 2648 c.
522 2626 542 2648 l.
962 2646 965 2649 ,

203 2664 212 2680 ³
229 2665 302 2688 Codd.
319 2665 335 2687 N
347 2665 364 2687 U
382 2665 525 2692 subiungant
542 2664 718 2693 tantummodo,
738 2666 803 2692 pauci
822 2665 889 2688 codd.
901 2669 922 2688 et
934 2665 987 2688 edd.

142 2703 229 2727 addunt
247 2705 347 2726 tautum.
367 2704 434 2726 Paulo
452 2703 545 2725 inferius
563 2709 605 2731 pro
622 2702 654 2726 ud
669 2702 831 2726 discreciorwm
856 2703 908 2726 edd.
934 2710 987 2726 cum

143 2743 256 2765 nonnullis
273 2742 340 2765 codd.
358 2748 373 2765 a
389 2741 535 2765 discretione.

203 2781 212 2796 ⁴
229 2782 309 2804 Guliel.
321 2781 483 2809 Autissiodor.‚
496 2781 518 2803 S.
529 2787 551 2809 p.
570 2781 601 2803 ΙΙΙ.
614 2784 640 2803 tr.
662 2782 680 2803 l.
697 2787 716 2803 c.
729 2782 750 2803 6.
763 2788 784 2810 q.
803 2782 831 2804 3:
846 2789 856 2802 α
872 2782 971 2805 Dicimus
981 2801 987 2811 ,

142 2821 205 2849 quod
222 2821 257 2843 illa
285 2821 363 2848 petitio
388 2821 429 2843 suit
453 2819 553 2843 rationis
570 2823 592 2842 et
609 2820 650 2842 suit
666 2820 734 2842 etiam
750 2820 927 2848 sensualitatis,
946 2821 987 2843 sed

142 2860 205 2882 aliter
221 2863 243 2882 et
260 2860 330 2882 aliter.
348 2858 454 2882 Rationis
472 2859 513 2881 suit
531 2863 639 2887 tanquam
662 2859 698 2880 illa
716 2858 818 2888 [illumi]
840 2865 986 2888 proponens;

142 2897 304 2921 sensualitatis
321 2898 372 2926 suit,
390 2899 442 2927 quia
461 2899 511 2920 vice
523 2898 674 2920 sensualitatis
687 2898 802 2925 pioposita
815 2898 856 2920 suit
867 2904 879 2920 a
892 2899 986 2921 ratione.

143 2937 209 2960 Ratio
227 2938 288 2959 enim
305 2937 410 2960 inclinata
428 2944 439 2959 a
458 2937 602 2960 sensualitate
620 2936 650 2958 ad
667 2937 710 2959 boc
727 2937 847 2964 proposuit
863 2937 923 2959 illam
942 2939 988 2959 tan-

143 2982 212 3005 quam
225 2975 353 3000 advocatus
365 2977 516 2999 sensualitatis
528 2985 548 2998 n.
562 2977 587 2999 Et
600 2976 701 2998 inferius.
715 2983 725 2995 α
738 2975 798 2999 llaec
810 2976 893 2998 dictio:
905 2975 927 2998 si
935 2982 986 3005 pos-

1044 1960 1119 1997 quod
1141 1960 1215 1990 dicit.
1237 1978 1274 1982 -—
1296 1961 1378 1997 ltem,
1401 1962 1571 1999 Augustinus
1592 1966 1688 1991 narrat
1709 1963 1743 1992 de
1765 1963 1889 2001 quodam

1047 2006 1072 2034 in
1089 2006 1160 2035 libro
1174 2007 1209 2036 de
1224 2007 1338 2036 Civitate
1360 2008 1407 2037 Dei
1421 2008 1447 2042 ¹⁰,
1469 2009 1543 2045 quod
1561 2020 1574 2035 «
1588 2009 1655 2038 lecto
1671 2009 1790 2038 Platonis
1805 2009 1889 2044 libro,

1045 2052 1093 2081 ubi
1115 2053 1149 2082 de
1173 2054 1379 2083 immortalitate
1407 2055 1516 2084 animae
1545 2055 1711 2093 disputavit,
1736 2064 1765 2085 se
1787 2056 1890 2093 praeci-

1046 2099 1130 2136 pitem
1153 2100 1228 2129 dedit
1257 2101 1291 2131 de
1320 2110 1417 2136 muru,
1439 2105 1470 2130 ut
1492 2102 1526 2130 de
1548 2102 1600 2131 bac
1622 2103 1678 2131 vita
1699 2103 1832 2139 migraret
1853 2103 1888 2132 ad

1045 2154 1105 2174 eam
1127 2155 1211 2183 quam
1233 2148 1351 2176 credidit
1372 2148 1515 2177 meliorem
1528 2160 1553 2176 υ.
1571 2149 1610 2177 Ex
1627 2149 1678 2178 boc
1694 2149 1753 2186 ipso
1769 2149 1889 2185 videtur,

1046 2192 1121 2229 quod
1142 2193 1227 2230 aliqui
1249 2198 1328 2228 sunt,
1349 2195 1397 2232 qui
1421 2195 1491 2223 mori
1514 2195 1682 2224 desiderant.

1127 2239 1301 2269 Respoanm:
1324 2241 1495 2276 Dicendum,
1516 2242 1590 2279 quod
1612 2246 1654 2271 est
1667 2242 1783 2271 affectus
1806 2246 1890 2271 uatu-
1902 2263 2030 2281 mactum,

1046 2286 1131 2320 ralis,
1154 2290 1181 2315 et
1195 2291 1237 2315 est
1251 2288 1367 2316 affectus
1388 2288 1604 2317 deliberativas.
1626 2289 1729 2318 Affectu
1751 2289 1892 2318 naturali
1915 2287 1964 2310 ΡΜ·

1045 2431 1111 2455 sibile
1128 2433 1174 2461 est,
1192 2439 1236 2455 non
1253 2435 1287 2456 cst
1304 2433 1332 2455 de
1344 2434 1464 2461 petitione,
1477 2434 1498 2456 in
1511 2437 1623 2462 quantum
1636 2436 1772 2463 proponitur
1783 2442 1826 2464 pro
1838 2442 1890 2459 sen-

1045 2470 1170 2499 sualitate,
1189 2472 1230 2494 sed
1247 2474 1280 2494 est
1297 2472 1373 2494 addita
1390 2471 1419 2494 ab
1437 2473 1485 2500 ipsa
1502 2472 1594 2496 &alione
1603 2482 1613 2502 ,·
1629 2474 1690 2497 rasso
1707 2475 1767 2497 enim
1785 2481 1812 2497 ex
1825 2478 1889 2503 parte

1045 2516 1086 2532 sua
1104 2510 1159 2532 illud
1177 2512 1297 2538 proponit,
1314 2512 1371 2533 sicut
1388 2511 1517 2534 advocatas
1534 2513 1605 2535 multa
1621 2514 1729 2541 proponit
1740 2514 1888 2543 quandoque,

1046 2554 1105 2576 quae
1122 2550 1192 2571 nescit
1209 2549 1244 2571 ille
1261 2550 1326 2571 cuius
1343 2553 1377 2572 est
1393 2550 1526 2573 advocatus.

1107 2587 1117 2602 ⁵
1133 2587 1188 2610 Cod.
1206 2588 1225 2609 K
1244 2589 1322 2610 inserit
1337 2594 1399 2617 esse,
1419 2589 1470 2611 cod.
1488 2590 1505 2611 Α
1522 2591 1582 2612 esset
1597 2589 1630 2618 (t).

1108 2626 1117 2641 ⁵
1136 2627 1167 2648 De
1185 2628 1227 2649 bac
1244 2627 1325 2655 triplici
1342 2628 1428 2650 ratione
1446 2628 1499 2650 vidt—
1517 2629 1553 2651 hic
1570 2629 1600 2651 lit.
1618 2629 1729 2659 Magistri,
1746 2637 1765 2653 c.
1782 2631 1803 2653 2.
1815 2634 1837 2653 et
1849 2638 1888 2653 su-

1045 2671 1086 2693 pra
1102 2665 1124 2687 d.
1143 2665 1193 2687 XV.
1211 2671 1230 2688 c.
1251 2666 1268 2687 1.

1106 2703 1116 2718 ⁷
1133 2704 1261 2732 Respicitur
1279 2705 1333 2727 illud
1351 2704 1413 2727 Cant.
1431 2706 1456 2733 2,
1476 2706 1503 2729 4:
1522 2706 1640 2730 Ordinavit
1664 2708 1686 2730 in
1710 2714 1746 2730 me
1763 2710 1887 2731 carnatem.

1043 2754 1075 2759 ——
1092 2743 1161 2765 Paulo
1178 2745 1229 2765 ante
1246 2749 1288 2771 pro
1308 2743 1385 2767 Tertio
1402 2744 1453 2767 cod.
1472 2745 1490 2767 K
1510 2745 1588 2768 Tertia
1604 2751 1668 2769 vero.

1106 2781 1116 2796 Β
1133 2782 1163 2804 lta
1180 2785 1240 2804 recte
1258 2782 1324 2804 codd.
1342 2783 1387 2804 ΑΚ
1399 2783 1443 2811 Μ),
1461 2784 1483 2806 in
1501 2785 1549 2806 aliis
1561 2788 1582 2807 et
1594 2785 1646 2807 edd.
1664 2785 1753 2814 oi·atio,·
1769 2787 1838 2814 paulo
1851 2788 1886 2810 in-

1044 2820 1114 2842 ferius
1131 2826 1174 2848 pro
1191 2820 1232 2850 qui
1248 2821 1339 2848 plurimi
1356 2822 1423 2844 codd.
1441 2829 1508 2852 quae.

1105 2859 1115 2873 2⁷
1133 2859 1190 2881 Vide
1207 2860 1308 2882 scholion
1326 2860 1356 2883 ad
1373 2861 1549 2888 praecedentem
1567 2866 1654 2891 quaest.

1107 2898 1126 2913 ¹⁰
1143 2898 1203 2921 Libr.
1222 2899 1236 2920 1.
1254 2905 1273 2921 c.
1291 2900 1328 2921 ⁶22.
1346 2905 1367 2922 n.
1389 2900 1406 2922 l.
1424 2900 1510 2923 Nomen
1531 2902 1595 2924 istius
1615 2903 1656 2925 suit
1678 2902 1850 2931 Cleombrotus;
1873 2910 1886 2926 a

1043 2936 1164 2965 Cicerone,
1183 2938 1197 2959 l.
1215 2937 1308 2960 Tuscul.
1334 2938 1422 2966 Disput.
1440 2946 1459 2961 c.
1477 2939 1517 2968 34,
1534 2942 1672 2968 cognomine
1689 2942 1817 2970 appellatur
1833 2943 1887 2965 Am-

1042 2975 1150 2999 braciota.
