2166 3366
123 1541 259 1560 Fundamenta.

266 183 321 210 11οῗ
941 180 1194 209 SENTENTIARUM
1217 181 1276 209 LlB.
1300 182 1339 209 111.

260 308 308 344 qui
330 307 434 335 habent
465 305 637 335 affectionem
661 305 816 334 dilectionis
847 308 874 334 et
905 306 1015 342 pietatis
1044 313 1110 342 erga
1168 310 1209 335 est
1230 307 1258 335 in
1279 307 1387 341 0011110,
1410 307 1500 335 virtus
1522 307 1678 336 rectificans
1699 307 1759 336 eius
1781 308 1939 338 affectiones
1960 317 2014 338 non

259 354 349 382 Deum
371 356 398 382 et
419 353 546 381 homines
575 353 680 387 bonos3
709 355 903 381 verumtamen
935 352 1005 381 illud
1034 353 1108 389 quod
1168 356 1257 391 potest
1278 362 1338 383 esse
1361 354 1387 382 in
1417 362 1455 382 ea.
1480 354 1613 390 Quamvis
1635 354 1707 382 enim
1730 357 1878 391 peccator,
1900 363 2015 385 manens

263 404 386 429 remanet
407 401 462 435 eis,
478 408 531 428 000
547 400 664 428 sortitur
679 407 779 428 nomen
795 399 907 428 virtutis
924 399 1109 436 theologicae,
1137 388 1140 527 ι
1168 404 1308 438 peccator,
1323 401 1410 437 possit
1424 408 1485 429 esse
1507 403 1600 429 rectus
1622 401 1649 429 in
1671 401 1824 436 credendo,
1846 410 1900 431 000
1922 406 2014 432 tamen

260 261 385 289 cundum
418 267 533 288 cursum
567 267 753 288 communem.
784 259 861 287 Multi
883 259 958 287 enim
978 262 1109 295 peccant,
1137 259 1140 387 N
1168 259 1281 288 dinatur
1303 268 1386 297 quam
1416 260 1486 289 aliae
1508 260 1590 289 vires.
1614 260 1689 289 Unde
1711 261 1847 297 quamdiu
1868 265 2015 299 peccatum

261 448 416 476 secundum
438 447 466 476 id
489 447 564 484 quod
587 450 712 476 remanet
733 447 760 475 in
782 446 844 475 aliis
860 446 977 475 viribus.
995 447 1023 475 Et
1040 447 1110 475 ratio
1167 450 1257 484 potest
1278 455 1339 476 esse
1361 450 1454 476 rectus
1475 447 1502 476 in
1524 447 1665 484 diligendo
1676 448 1693 475 ³.

261 495 344 523 liuius
367 498 423 529 est,
445 494 511 531 quia
534 494 610 531 ipsa¹
634 494 743 522 facilius
765 494 957 530 corrumpitur
978 497 1005 522 et
1033 494 1110 522 deor-

989 592 1224 627 ARTICULUS
1250 594 1287 626 H.

775 688 815 716 De
837 687 962 716 caritate
983 691 1128 726 quantum
1149 688 1189 716 (td
1210 691 1310 715 actum
1332 691 1356 715 et
1378 688 1506 716 modum.

339 789 547 825 Consequenter
579 787 725 825 quaeritur
748 787 782 816 de
803 787 862 824 ipsa
884 787 998 816 caritate
1027 795 1112 824 quan·
1248 786 1340 815 Tertio
1362 787 1523 823 quaeritur,
1546 791 1642 816 utrum
1658 788 1732 816 idem
1747 788 1834 825 possit
1848 796 1909 817 esse
1923 792 2016 818 motus

262 838 320 863 tum
349 835 384 863 ad
413 838 505 864 actum
536 837 563 863 et
592 834 717 863 modum.
746 835 777 863 Et
801 835 875 863 circa
900 834 953 863 hoc
974 842 1112 871 quaerun-
1169 833 1324 862 dilectionis
1345 834 1372 861 in
1392 833 1482 862 Deum
1503 837 1531 863 et
1550 835 1577 863 in
1600 835 1772 871 proximum.

261 885 307 910 tur
329 889 390 910 sex.
1248 881 1353 917 Quarto
1369 881 1523 918 quaeritur,
1539 881 1602 918 quis
1613 890 1710 910 eorum
1723 882 1872 918 praecedat
1886 882 2016 911 alterum.

340 929 431 957 Primo
446 928 606 966 quaeritur,
622 932 719 957 utrum
734 931 813 957 actus
829 929 952 957 caritatis
966 936 1016 965 per
1032 928 1111 965 prius

261 977 296 1004 sit
319 976 480 1005 meritorIus
502 984 586 1012 quam
609 978 688 1004 actus
710 975 829 1004 aliarum
851 975 997 1003 virtutum.

339 1023 483 1057 Secundo,
512 1025 610 1051 utrum
633 1022 764 1059 possibile
786 1022 835 1056 sit,
858 1025 966 1050 motum
988 1021 1112 1050 caritatis

260 1078 321 1098 esse
343 1069 557 1099 mercenarium.

1248 928 1350 964 Quinto
1365 928 1520 965 quaeritur,
1532 932 1629 957 utrum
1640 931 1734 957 motus
1748 929 1870 958 caritatis
1885 929 1912 957 in
1928 929 2017 958 Deum

1169 974 1271 1003 habeat
1286 974 1410 1003 modum.

1247 1022 1331 1049 Sexto
1353 1024 1379 1049 et
1401 1021 1515 1056 ultimo5
1537 1025 1633 1050 utrum
1656 1025 1803 1051 teneamur
1817 1023 1852 1051 ad
1867 1023 1947 1051 illum
1963 1031 2019 1052 010-

1169 1068 1237 1097 dum
1260 1068 1444 1105 implendum.

1039 1167 1202 1204 QUAESTlO
1223 1168 1240 1196 l.

460 1256 565 1284 Utrwn
586 1260 683 1283 motus
705 1255 843 1283 caritatis
862 1264 915 1292 per
934 1255 1023 1292 prins
1044 1255 1083 1283 sic
1103 1255 1275 1283 meritorius
1297 1263 1386 1293 quam
1408 1259 1493 1284 aetus
1514 1255 1649 1284 aliarum
1670 1256 1822 1285 virtutum.

341 1344 419 1372 Circa
434 1343 559 1380 primum
574 1342 613 1371 sic
629 1342 790 1379 proceditur
805 1346 831 1371 et
846 1342 1001 1379 quaeritur,
1017 1345 1113 1370 utrum
1172 1350 1257 1379 quam
1278 1342 1401 1371 efficacia
1424 1343 1448 1370 in
1473 1343 1623 1371 merendo:
1647 1343 1668 1371 si
1691 1351 1757 1380 ergo
1772 1344 1844 1372 hanc
1866 1343 1964 1372 tribuit
1979 1352 2020 1373 ca-

264 1394 355 1419 motus
377 1390 501 1419 caritatis
522 1397 572 1426 per
594 1389 673 1426 prius
688 1389 723 1418 sit
738 1389 899 1418 meritorius
925 1397 1008 1426 quani
1035 1392 1115 1417 actus
1172 1391 1240 1419 ritas
1261 1390 1323 1418 aliis
1346 1390 1497 1419 virtutibus
1519 1398 1568 1427 per
1590 1398 1673 1419 suum
1696 1393 1791 1419 actum
1806 1391 2021 1426 0111101001,νί-

263 1438 381 1466 aliarum
404 1438 551 1465 virtutum.
575 1437 605 1465 Et
626 1437 701 1473 quod
723 1437 776 1471 sic³
800 1436 929 1465 videtur:
1172 1437 1270 1471 detur,
1293 1437 1367 1473 quod
1389 1440 1469 1465 actus
1490 1437 1613 1466 caritatis
1633 1437 1724 1474 primo
1739 1440 1766 1466 et
1780 1437 1972 1474 principaliter
1986 1437 2021 1466 sit

345 1487 368 1513 1.
392 1485 483 1513 Primo
504 1492 555 1521 per
578 1484 647 1512 illud
670 1484 745 1520 quod
768 1484 833 1512 dicit
854 1483 1001 1520 Apostolus
1016 1483 1051 1512 ad
1068 1484 1115 1511 Ro·
1172 1483 1333 1511 meritorius
1355 1483 1426 1512 inter
1447 1491 1544 1512 omnes
1566 1487 1645 1512 actus
1667 1483 1812 1512 virtutum.

266 1541 363 1561 manos
384 1532 493 1561 decimo
515 1531 635 1560 tertioss:
660 1530 814 1559 Plenitudo
830 1530 913 1567 Leyz's
928 1534 969 1558 est
983 1529 1114 1563 dilecti&
1252 1531 1278 1558 [ι.
1301 1531 1384 1565 Item,
1417 1531 1549 1559 meritum
1574 1531 1644 1559 inest
1665 1531 1740 1559 010111
1762 1531 1858 1559 virtuti
1881 1539 1917 1559 ex
1947 1534 2022 1560 recta

264 1580 313 1609 sed
335 1579 430 1612 nullus
452 1579 533 1616 plene
555 1578 690 1615 adimplet
711 1586 744 1606 ea
765 1586 837 1615 quae
859 1581 923 1606 sunt
946 1577 1039 1614 Legis,
1060 1577 1111 1606 nisi
1172 1577 1347 1606 ordinatione
1368 1578 1395 1605 in
1418 1578 1520 1612 11001ος
1543 1578 1592 1606 sed
1614 1578 1715 1607 caritas
1743 1581 1785 1606 est
1817 1578 1921 1613 virtus,
1950 1586 2022 1616 quae

264 1627 312 1664 qui
334 1626 477 1655 meritorie
498 1633 558 1654 eam
581 1625 726 1654 observat:
749 1625 772 1653 si
794 1633 860 1661 ergo
876 1624 1020 1661 plenitudo
1036 1624 1114 1661 Legis
1173 1625 1333 1654 immediate
1364 1625 1475 1653 ordinat
1497 1625 1524 1653 in
1546 1625 1646 1659 finem,
1668 1628 1695 1653 et
1716 1625 1856 1654 mediante
1877 1633 1932 1662 qua
1953 1628 2023 1654 cete-

263 1683 313 1712 per
336 1673 496 1711 Apostolum
512 1672 676 1701 attribuitur
691 1672 743 1709 ipsi
758 1672 882 1705 caritati.
898 1672 1023 1702 videtur.
1038 1672 1112 1709 quod
1174 1680 1221 1700 rae
1235 1671 1305 1700 aliae
1321 1672 1444 1700 ordinari
1461 1672 1565 1701 habent
1577 1672 1602 1699 ⁶:
1626 1672 1738 1700 videtur
1760 1680 1842 1709 ergo,
1858 1672 1933 1709 quod
1948 1672 2023 1701 circa

263 1721 385 1750 efficacia
408 1720 532 1749 merendi
556 1719 647 1756 primo
669 1722 696 1747 et
718 1719 909 1756 principaliter
924 1719 997 1748 circa
1019 1722 1113 1748 actum
1172 1720 1265 1747 actum
1282 1719 1342 1747 eius
1357 1719 1449 1756 primo
1464 1722 1490 1747 et
1505 1719 1697 1756 principaliter
1712 1719 1845 1756 contingit
1859 1722 1952 1748 actum
1968 1727 2023 1748 me-

264 1768 325 1797 eius
347 1767 480 1797 consistit.
1174 1765 1217 1793 riti
1240 1765 1372 1801 reperire.

344 1816 369 1843 2.
393 1814 475 1852 Item,
498 1821 583 1850 super
606 1813 676 1842 illud
697 1813 732 1842 ad
754 1813 864 1841 Galatas
883 1813 980 1850 quinto
992 1812 1017 1840 ⁴:
1041 1813 1116 1840 Fru-
1252 1813 1277 1840 5.
1293 1812 1373 1845 Item,
1388 1812 1499 1840 nullum
1515 1812 1681 1849 obsequium
1698 1816 1739 1840 est
1754 1812 1929 1841 meritorium
1945 1812 2021 1849 apud

265 1865 329 1890 ctus
350 1865 448 1890 (tutent
471 1860 602 1897 Spiritus
617 1860 732 1888 caritas
746 1863 814 1893 etc.;
830 1860 940 1888 Glossa:
961 1859 1114 1894 «Attende,
1172 1859 1277 1892 Deum,
1300 1859 1351 1887 nisi
1374 1859 1447 1895 quod
1470 1858 1501 1887 fit
1522 1859 1674 1888 liberaliter
1687 1859 1696 1873 ⁷
1708 1870 1716 1894 3
1738 1859 1787 1888 sed
1808 1859 1877 1888 011111
1899 1859 1930 1888 fit
1958 1859 2023 1888 libe-

265 1908 341 1945 quod
364 1908 390 1936 in
412 1907 602 1936 enuntiatione
625 1907 769 1935 fructuum
785 1909 869 1943 caput
885 1907 1022 1934 virtutum
1037 1914 1115 1943 prae·
1174 1905 1284 1940 raliter,
1306 1905 1358 1933 uisi
1381 1905 1455 1942 quod
1477 1905 1509 1933 fit
1529 1913 1565 1934 ex
1587 1914 1698 1941 amore,
1719 1906 1851 1943 quoniam
1873 1915 1953 1935 amor
1981 1909 2022 1935 est

266 1956 342 1984 misit
363 1955 516 1983 caritatem.
533 1954 609 1990 Quae
624 1954 699 1982 enim
714 1953 768 1981 alia
784 1953 854 1981 inter
870 1953 979 1981 fructus
994 1953 1114 1990 Spiritus
1173 1952 1294 1986 donum,
1317 1952 1343 1980 in
1366 1961 1421 1989 quo
1443 1953 1536 1981 omnia
1556 1952 1610 1981 alia
1632 1953 1704 1981 dona
1730 1953 1888 1982 donantur:
1911 1953 1932 1982 si
1956 1960 2022 1990 ergo

266 2003 419 2040 primatum
443 2005 537 2030 tenere
559 2001 662 2029 meruit
684 2000 734 2028 nisi
758 2000 874 2033 caritas,
897 2000 955 2027 sine
977 2008 1033 2036 qua
1047 2003 1116 2028 cete·
1173 1998 1296 2027 efficacia
1318 1999 1443 2027 merendi
1476 2000 1601 2028 consistit
1623 2000 1650 2028 in
1673 2000 1854 2035 liberalitate,
1877 2004 1904 2029 et
1926 2000 2024 2029 libera-

267 2058 314 2078 rae
336 2049 454 2077 virtutes
476 2056 530 2076 non
553 2050 720 2084 reputantur
742 2054 802 2075 esse
818 2046 951 2080 virtutes,
967 2049 1044 2074 etex
1060 2054 1115 2083 qua
1174 2046 1235 2074 litas
1257 2046 1349 2082 primo
1370 2050 1397 2074 et
1418 2046 1609 2083 principaliter
1638 2047 1779 2084 reperitur
1807 2048 1835 2075 in
1858 2051 1934 2076 motu
1956 2047 2023 2076 cari-

267 2096 360 2124 omnia
381 2096 454 2123 bona
475 2097 630 2123 nascuntur
645 2095 679 2120 »it
701 2093 726 2121 Si
749 2101 815 2130 ergo
836 2101 872 2121 ex
894 2093 1008 2121 caritate
1023 2093 1116 2120 onmia
1175 2093 1237 2121 tatis
1258 2096 1285 2121 et
1305 2093 1428 2127 amoris3
1450 2093 1561 2122 videtur
1584 2094 1656 2122 idem
1680 2094 1754 2131 quod
1777 2094 1872 2131 prius,
1894 2094 2023 2123 videlicet

267 2144 339 2172 bona
360 2145 530 2175 nascuntur,
552 2144 579 2170 et
600 2141 652 2169 hoc
675 2149 728 2169 non
751 2144 841 2177 potest
863 2140 978 2177 intelligi
1000 2140 1052 2168 nisi
1082 2140 1115 2168 de
1174 2140 1249 2176 quod
1272 2143 1363 2169 motus
1385 2141 1508 2169 caritatis
1529 2141 1620 2178 primo
1642 2144 1669 2170 et
1690 2142 1881 2180 principaliter
1907 2142 1942 2171 sit
1969 2150 2024 2171 me-

268 2191 347 2219 bonis
368 2188 538 2221 meritorii&
571 2188 647 2225 quod
679 2188 769 2225 primo
798 2188 922 2216 nascitur
943 2195 980 2216 ex
1002 2187 1116 2216 caritate
1175 2187 1297 2215 ritorius.

268 2237 359 2274 primo
380 2239 456 2265 tenet
477 2235 613 2264 rationem
636 2235 789 2263 meritorii:
813 2242 879 2271 ergo
904 2242 954 2271 per
976 2234 1055 2271 prius
1076 2236 1117 2262 est
1255 2235 1280 2262 6.
1302 2234 1384 2268 Item,
1407 2238 1486 2263 actus
1507 2234 1572 2263 fidei
1594 2243 1648 2263 000
1668 2238 1710 2264 est
1725 2235 1902 2269 meritorius,
1917 2235 1969 2264 nisi
1985 2243 2024 2264 se-

268 2283 429 2313 meritorius
444 2285 523 2311 actus
535 2281 658 2310 caritatis
670 2289 755 2318 quam
767 2284 846 2310 actus
861 2281 981 2309 alicuius
997 2281 1116 2309 virtutis.
1176 2280 1300 2309 cundum
1322 2281 1397 2317 quod
1420 2281 1489 2309 fides
1510 2282 1599 2310 credit
1620 2281 1651 2309 in
1668 2282 1759 2309 Deum
1775 2298 1813 2302 —
1828 2290 1892 2310 nam
1908 2282 2024 2311 credere

348 2330 373 2358 3.
396 2330 479 2363 Item,
502 2329 689 2365 Gregorius⁵z
718 2340 731 2354 s<
745 2328 803 2356 Non
825 2328 909 2357 habet
929 2328 1035 2365 aquuid
1056 2327 1118 2356 viri·
1177 2328 1233 2355 Deo
1255 2330 1282 2356 et
1303 2328 1418 2356 credere
1442 2328 1533 2356 Deum
1555 2336 1703 2357 commune
1718 2332 1760 2357 est
1780 2328 1845 2357 fidei
1865 2328 1976 2357 informi
1997 2331 2025 2357 et

269 2377 362 2406 ditatis
384 2384 481 2405 ramus
503 2376 566 2404 boni
590 2376 698 2413 operis,
720 2375 771 2404 nisi
796 2378 905 2403 maneat
926 2374 951 2402 in
969 2374 1062 2403 radice
1077 2382 1119 2403 ca·
1176 2374 1239 2403 fidei
1262 2375 1396 2403 formatae
1417 2392 1457 2395 —
1477 2376 1525 2404 sed
1548 2376 1623 2413 quod
1652 2376 1721 2404 tides
1745 2376 1840 2404 credat
1861 2375 1892 2403 in
1913 2376 2022 2409 Deum,

269 2425 358 2453 sitatis
374 2435 400 2451 »:
423 2431 489 2461 ergo
510 2423 594 2451 radix
623 2422 746 2451 caritatis
768 2422 897 2450 omnibus
919 2421 1052 2458 operibus
1075 2421 1119 2449 tri·
1176 2421 1228 2450 hoc
1249 2421 1333 2450 habet
1364 2422 1471 2451 ratione
1503 2422 1626 2452 caritatis
1646 2423 1794 2452 adiunctae
1815 2439 1854 2443 -
1880 2433 1894 2449 «
1908 2422 2023 2451 credere

270 2472 329 2500 buit
352 2471 540 2504 viritlitateni3
573 2470 621 2498 sed
654 2470 723 2498 haec
748 2469 875 2497 viriditas
896 2476 951 2497 non
972 2471 1013 2497 est
1041 2468 1118 2496 aliud
1176 2468 1249 2496 enim
1266 2469 1293 2497 10
1309 2469 1413 2503 Deum,
1430 2469 1502 2498 sicut
1516 2470 1583 2498 dicit
1598 2469 1803 2506 Arigiistin11s³‚
1826 2472 1867 2498 est
1882 2469 2022 2498 credendo

332 2593 337 2607 ¹
357 2594 408 2615 5011.
426 2594 462 2615 vis
483 2592 675 2620 concupiscibilis.
697 2605 728 2608 —
746 2592 797 2614 Post
815 2598 886 2619 pauca
906 2584 948 2619 pro
969 2590 1031 2613 aliae
1056 2590 1116 2613 υἷι-05
1173 2594 1194 2612 01
1220 2590 1415 2620 Supptenn’ntzmt
1440 2592 1503 2614 Sum.
1525 2592 1586 2614 Alex.
1610 2592 1657 2613 llnl.
1682 2592 1755 2614 collat.
1778 2592 1814 2613 60.
1840 2597 1860 2613 0.
1883 2591 1900 2612 l.
1922 2590 2022 2613 allerius

269 2632 322 2655 odd.
344 2634 360 2660 1,
379 2633 392 2654 2
410 2632 578 2655 substituerunt
594 2631 655 2654 aliae
672 2631 777 2654 virtutes.
801 2631 870 2653 Paulo
891 2631 998 2659 superius
1020 2636 1062 2658 pro
1083 2636 1116 2652 rc·
1175 2629 1274 2652 uirtutis.

269 2673 349 2694 manet
366 2671 397 2694 cis
416 2672 479 2693 multi
498 2671 565 2693 codd.
578 2672 704 2698 incongrue
721 2671 828 2693 remanet
844 2669 870 2693 εί.
884 2670 952 2692 Panlo
969 2669 1062 2692 inferius
1074 2675 1116 2696 pro
1238 2668 1248 2682 5
1265 2668 1324 2691 Libr.
1343 2670 1364 2691 11.
1384 2670 1464 2691 11011111.
1483 2671 1505 2692 10
1523 2670 1609 2697 Evang.
1629 2670 1705 2692 11011111.
1725 2669 1761 2691 27.
1780 2675 1801 2691 0.
1820 2669 1840 2691 sl.

269 2716 368 2733 titaneus
378 2711 488 2739 peccator
500 2710 550 2732 eod.
569 2715 706 2732 0010071603
723 2709 748 2732 in
764 2710 866 2739 peccato.
1237 2707 1246 2721 ὓ
1264 2708 1321 2730 Vide
1339 2709 1395 2731 intra
1413 2709 1436 2731 d.
1455 2709 1491 2731 36.
1509 2716 1530 2738 q.
1549 2709 1570 2730 6.

333 2749 343 2763 ‘2
361 2749 419 2771 Vide
438 2749 539 2771 scholion
558 2749 586 2770 nd
605 2748 782 2776 praecedentem
799 2751 887 2777 quaest,
1237 2746 1246 2760 ⁷
1264 2746 1307 2769 Csr.
1326 2754 1395 2775 supra
1414 2755 1468 2776 pug.
1486 2748 1542 2776 267,
1561 2751 1613 2770 nota
1628 2747 1647 2769 4.
1666 2750 1687 2769 et
1704 2754 1757 2775 pag.
1770 2747 1827 2775 381,
1846 2749 1897 2769 nota
1916 2747 1935 2768 vl.
1947 2758 1979 2762 —
1991 2746 2022 2768 De

333 2788 342 2802 ³
360 2789 424 2811 Vei-s.
444 2788 479 2810 10Δ
1176 2792 1269 2814 propos.
1287 2793 1336 2815 seq.
1354 2787 1407 2809 vide
1429 2787 1442 2809 Ι.
1462 2788 1521 2809 Sent.
1541 2787 1561 2809 d.
1589 2787 1621 2808 18.
1640 2794 1661 2815 q.
1685 2787 1701 2814 t⁷
1724 2786 1762 2808 nbi
1785 2786 1880 2808 solvitur
1901 2786 2019 2814 quaestio:

333 2826 341 2840 ⁴
360 2827 424 2849 Vers.
443 2827 479 2848 22.
497 2838 529 2842 —
545 2827 635 2853 Glossa,
654 2832 713 2855 quae
730 2829 804 2848 sumtu
827 2829 861 2848 est
877 2832 905 2848 ex
926 2825 1052 2848 Comment.
1070 2825 1119 2847 Hie·
1176 2825 1256 2847 Utrum
1274 2826 1371 2853 Spiritus
1389 2827 1410 2848 S.
1429 2827 1457 2848 sit
1475 2826 1572 2853 donum,
1591 2826 1612 2847 in
1630 2832 1676 2854 quo
1694 2826 1770 2847 0111010
1788 2824 1847 2847 dona
1864 2824 1985 2846 donantur.

271 2866 360 2893 ronymi
379 2866 400 2887 111
419 2867 479 2888 111100
497 2866 583 2893 locum,
602 2865 699 2887 habetur
711 2865 774 2893 apud
792 2866 848 2887 Petr.
864 2864 1022 2887 Lombardum
1040 2867 1062 2887 et
1078 2864 1119 2892 Ly·
1238 2863 1248 2877 ³
1265 2864 1286 2885 ln
1305 2864 1364 2886 1000.
1381 2865 1468 2893 Evnng.
1490 2868 1516 2887 tr.
1535 2865 1571 2887 29.
1590 2871 1611 2886 0.
1629 2865 1651 2886 6.
1668 2864 1712 2886 Csr.
1730 2870 1800 2891 supra
1818 2864 1847 2885 lit.
1866 2863 1979 2891 Magistri,
2000 2864 2021 2885 d.

272 2910 361 2926 rnnuin.
373 2905 439 2926 —ln
457 2905 535 2926 Glossa
554 2910 598 2931 pro
614 2903 737 2933 praemiati
757 2904 809 2927 edd.
827 2903 994 2926 substituerunt
1008 2902 1119 2932 praemit-
1178 2902 1255 2924 xxm.
1279 2909 1297 2925 0.
1317 2903 1336 2931 i,
1359 2907 1380 2925 ct
1401 2903 1528 2926 Comment.
1552 2903 1607 2926 dub.
1630 2904 1656 2931 3,
1678 2902 1717 2925 ubi
1740 2902 1862 2924 discrimen
1885 2903 2018 2930 exponitur,

272 2942 305 2964 til.
323 2943 375 2964 Post
398 2949 470 2970 1101100
489 2943 584 2965 eaedem
607 2943 660 2965 edd.
680 2949 721 2971 pro
744 2942 807 2972 quod
827 2942 905 2972 primo
929 2942 1036 2965 exhibent
1052 2943 1119 2965 actus
1177 2941 1240 2970 quod
1252 2944 1286 2964 est
1297 2942 1354 2964 inter
1366 2943 1460 2965 credere
1477 2942 1501 2965 in
1514 2942 1602 2970 Deum,
1622 2941 1716 2964 credero
1730 2941 1777 2964 Deo
1793 2945 1815 2963 et
1830 2940 1926 2969 *credere
1938 2940 2020 2964 Deum.

273 2980 314 3009 qui
335 2980 420 3009 primo.
438 2982 525 3004 Deinde
546 2982 568 3003 in
592 2982 636 3003 1100
659 2988 707 3010 arg.
731 2988 773 3010 pro
790 2981 893 3005 alicuius
916 2980 1010 3004 virtutis
1033 2981 1084 3003 cod.
1101 2980 1119 3002 O
