2166 3366
723 182 805 209 DIST.
830 182 868 209 tlt.
890 182 917 209 Ρ.
941 181 957 209 l.
980 182 1051 210 ΛΒΤ.
1075 181 1092 209 i.
1114 181 1250 218 QUAEST.
1272 181 1311 209 ΙΙΙ.
1850 184 1881 211 71

140 269 198 288 esse
219 260 392 288 distinctum:
414 267 480 296 ergo
508 259 577 287 nulli
600 262 689 296 potest
717 259 835 287 conferri
857 259 908 287 nisi
939 259 984 287 ha-

115 330 127 336 -
142 306 214 335 beuti
236 315 295 334 esse
316 306 481 335 discretum:
504 313 570 342 ergo
592 306 726 343 quamdiu
753 306 845 342 proles
873 306 984 334 coniun-

140 356 182 381 cta
203 356 245 381 est
266 353 360 386 matri,
383 361 436 381 non
459 353 570 381 videtur
591 360 672 389 posse
694 352 868 381 sanctificari.

219 400 244 427 5.
266 399 345 433 ltem,
366 398 553 435 sanctificari
576 399 607 426 in
628 402 710 426 utero
732 402 773 427 est
801 398 916 427 effectus
943 407 985 427 co-

140 445 233 482 gnitus
253 445 302 473 soli
325 445 396 479 Deo,
426 453 492 482 ergo
514 445 548 474 de
575 445 653 473 nullo
674 445 772 473 Sancto
800 445 982 474 asserendum

139 495 181 521 est
200 499 261 521 esse
282 492 484 520 sanctificatum
507 492 534 520 in
556 496 649 525 utero,
671 492 722 520 nisi
746 493 780 520 de
801 500 845 526 eo,
871 492 906 521 de
928 500 983 529 quo

139 546 273 576 expresse
294 538 395 575 legitur
424 539 450 567 in
473 539 617 575 Scriptura
642 538 744 566 tradita
762 546 775 566 a
799 538 904 575 Spiritu
925 546 985 567 san-

139 588 195 619 cto3
216 585 265 614 sed
287 585 338 614 hoc
360 593 413 613 non
437 585 538 621 legitur
559 585 594 613 de
616 584 742 621 Virgine:
766 592 832 621 ergo
853 588 905 613 etc.

218 633 244 660 6.
266 632 346 660 quta
361 632 413 660 hoc
428 632 588 669 quaeritur:
605 639 692 668 quare
707 632 800 668 potius
814 631 983 668 exprimitur

101 679 167 707 ·-iu
188 678 331 715 Scriptura
352 678 532 707 sanctificatio
554 678 685 707 Ieremiae
712 681 740 707 et
767 678 875 707 loannis
896 678 984 715 Bapti-

142 728 200 755 stae
221 733 305 763 quam
327 725 443 754 alterius
465 725 625 754 Sancti?—-
640 725 671 753 Et
690 725 718 753 si
739 729 770 753 tu
792 726 885 759 dieas,
907 726 983 762 quod

141 772 178 800 illi
200 772 314 801 fuerunt
336 772 385 801 soli
403 772 578 806 sanctificati;
600 775 666 801 tunc
685 775 727 800 est
748 772 887 809 quaestio,
909 772 984 801 unde

140 819 192 848 hoc
214 820 261 854 sit,
276 827 340 848 cum
364 819 443 848 multi
459 819 562 848 fuerint
577 819 667 847 Sancti
690 822 746 847 tarn
762 819 788 847 in
812 827 884 847 novo
899 827 983 856 quam

141 866 166 894 in
188 866 275 895 veteri
298 867 485 899 Testamenti),
506 869 533 894 et
548 866 700 894 sanctitatis
725 866 806 894 valde
828 866 983 894 eminentis.

453 967 664 989 CONCLUSIO.

274 1054 366 1081 Beata
394 1053 481 1089 Virqo
502 1052 560 1090 suit
582 1053 611 1081 iu
633 1056 715 1081 utero
737 1056 761 1081 et
782 1057 849 1081 ante

358 1100 541 1128 nativitatem
566 1099 761 1137 stt'ttctifi'eatct.

219 1194 392 1222 Ruspoxnso:
408 1193 576 1228 Dicendum,
591 1193 664 1230 quod
681 1202 732 1231 pro
751 1194 917 1222 indubitanti
940 1194 986 1222 ha-

23 1251 127 1270 conclusio.
141 1241 187 1270 bet
208 1241 260 1270 hoc
284 1241 414 1274 Ecclesia,
436 1240 566 1269 videlicet
586 1241 660 1277 quod
685 1240 764 1269 beata
790 1240 874 1277 Virgo
901 1240 986 1269 fuerit

141 1288 168 1316 in
189 1290 269 1316 utero
298 1287 475 1316 sanctificata.
499 1287 529 1316 Et
558 1287 625 1315 illud
649 1290 724 1324 patet
750 1295 785 1316 ex
813 1287 881 1322 hoc,
909 1287 985 1324 quod

140 1335 201 1364 eius
221 1334 392 1362 nativitatem
414 1337 469 1362 tota
487 1333 606 1362 Ecclesia
628 1333 765 1368 celebrat,
780 1333 855 1370 quod
877 1342 931 1362 non
947 1334 986 1362 fa-

141 1384 227 1415 ceret,
249 1380 299 1409 nisi
324 1374 493 1409 sanctificata
511 1383 592 1409 esset.

219 1428 246 1456 Si
267 1430 359 1456 autem
382 1430 542 1464 quaeratur,
565 1435 620 1464 qua
649 1427 694 1455 die
719 1427 761 1455 vel
778 1427 847 1455 hora
869 1427 986 1456 sanctifi-

85 1485 89 1488 ·
125 1477 200 1503 .cata
221 1474 318 1508 fuerit,
339 1474 391 1502 hoc
412 1474 573 1510 ignoratum
602 1473 783 1510 probabiliter
812 1477 904 1503 tamen
925 1482 986 1503 cre-

141 1521 230 1556 ditur,
251 1521 324 1558 quod
345 1521 398 1549 cito
420 1524 481 1557 post
497 1520 662 1549 infusionem
684 1521 792 1549 animae
810 1521 894 1549 fuerit
915 1521 986 1549 facta

141 1568 241 1597 infusio
261 1568 375 1605 gratiae.
389 1584 428 1588 —
442 1568 583 1605 Quidquid
606 1571 698 1596 tamen
720 1568 755 1596 sit
775 1568 809 1596 de
831 1568 912 1601 hora,
934 1576 986 1605 pro

141 1615 234 1644 certo¹
255 1614 417 1643 habendum
438 1617 495 1648 est,
516 1614 591 1651 quod
613 1617 676 1642 ante
698 1614 869 1643 nativitatem
889 1614 986 1642 sancti-

140 1661 221 1691 ficata
241 1661 334 1690 fuerit.
355 1661 428 1689 Licet
450 1661 523 1689 enirn
546 1661 599 1689 hoc
620 1668 754 1698 expresse
772 1668 825 1688 non
848 1660 985 1688 habeatur

140 1709 166 1737 in
193 1708 349 1745 Scriptura,
378 1707 474 1736 haberi
498 1710 589 1736 tamen
617 1710 707 1744 potest
727 1715 763 1735 ex
786 1707 829 1735 his
858 1714 929 1743 quae
958 1707 984 1735 in

34 1765 128 1807 3333
141 1755 284 1791 Scriptura
300 1754 439 1791 leguntur.
462 1753 489 1781 ln
506 1753 649 1790 Scriptura
664 1761 785 1790 namque
804 1761 858 1781 non
874 1753 984 1789 legitur,

140 1801 219 1839 quia,
241 1809 305 1830 cum
327 1800 474 1837 Evangelia
489 1800 675 1829 inchoentur²
695 1808 711 1828 a
733 1800 845 1834 Ioanne,
865 1800 911 1837 qui
934 1800 985 1828 fuit

140 1847 342 1876 consummatio
364 1846 563 1883 Prophetarum
580 1849 607 1875 et
621 1846 729 1875 initium
747 1846 824 1883 Legis
843 1854 943 1881 novaeg
959 1849 986 1875 et

141 1894 222 1923 beata
236 1894 320 1931 Virgo
335 1896 398 1922 nata
413 1896 440 1922 et
454 1896 586 1930 concepta
607 1893 659 1921 fuit
673 1896 737 1922 aute
758 1893 901 1928 loannem;
924 1893 985 1922 ideo

140 1940 210 1969 nihil
225 1940 344 1969 habetur
359 1940 394 1969 de
416 1940 476 1969 eius
491 1939 646 1974 nativitate,
666 1940 710 1968 vel
726 1940 942 1968 sanctificatione
957 1940 984 1968 in

143 1987 305 2024 Evangeliis.
316 2003 356 2007 -—
367 1987 488 2015 liabetur
503 1990 595 2015 tamen
608 1986 617 1999 ³
634 1987 660 2015 in
682 1994 766 2020 novo,
781 1986 840 2015 sive
854 1986 881 2014 in
898 1986 987 2014 veteri

142 2035 330 2068 Testamento,
359 2034 434 2063 unde
463 2033 642 2062 sanctificatio
663 2034 724 2062 eius
746 2036 836 2070 potest
856 2033 927 2062 elici.
958 2034 985 2062 ln

31 2092 128 2112 aieremia
142 2090 214 2110 novo
236 2081 356 2110 habetur
371 2081 405 2110 de
427 2081 641 2109 sanctificatione
657 2081 777 2115 loannis,
799 2081 826 2109 in
847 2081 938 2109 veteri
951 2081 986 2110 de

103 2130 106 2134 ’
142 2128 356 2158 sanctificatione
379 2128 522 2162 [eremiae;
542 2136 663 2165 quorum
686 2131 805 2165 uterque
831 2128 932 2164 legitur
958 2128 984 2156 in

205 2309 212 2323 ¹
230 2308 302 2332 Codd.
321 2309 338 2331 l(
351 2310 365 2331 Ρ
376 2310 393 2338 Q
403 2310 419 2331 Z
429 2309 460 2331 bb
478 2309 601 2331 adnectunt
619 2310 705 2332 tumen.

204 2347 214 2362 ²
231 2347 285 2370 Cod.
304 2348 319 2369 A
338 2347 488 2377 Evangeh'sta
506 2347 635 2371 inchoetur.
649 2348 753 2370 Proximo
766 2351 817 2376 post
832 2354 875 2376 pro
890 2347 931 2378 qui
941 2348 987 2378 fuit

143 2386 211 2409 codd.
229 2387 274 2408 AG
285 2387 301 2408 il
312 2386 327 2408 L
338 2387 355 2408 T
367 2386 446 2408 VZaa
465 2386 520 2416 quia
537 2386 598 2415 snit,
619 2387 669 2409 cod.
688 2387 705 2409 U
720 2393 766 2416 pro
783 2393 809 2410 eo
827 2387 890 2417 quod
906 2387 986 2416 suerit.

143 2426 198 2447 Dein
217 2431 259 2453 pro
276 2424 368 2448 initium
387 2425 438 2447 cod.
456 2425 476 2447 X
495 2425 611 2448 inchoatio
630 2429 652 2448 et
669 2426 737 2454 paulo
758 2426 851 2448 interius
874 2433 916 2454 pro
934 2432 986 2449 con·

144 2464 209 2492 cepta
227 2462 272 2489 suit
288 2462 356 2485 codd.
375 2463 390 2484 F
399 2463 416 2485 G
427 2463 443 2484 L
453 2463 469 2485 N
480 2463 496 2485 U
508 2463 526 2484 V
537 2469 562 2485 aa
573 2463 605 2485 bb
622 2465 732 2493 concepta
749 2463 828 2493 suerit.

206 2501 216 2516 ³
231 2502 303 2524 Codd.
321 2502 394 2530 KPQ
404 2501 435 2524 bb
460 2501 583 2524 subiiciunt
608 2502 705 2532 aliquid.
732 2503 752 2524 ln
779 2503 830 2525 cod.
853 2504 869 2525 A
888 2503 986 2531 legitur:

142 2541 247 2565 Habetar
264 2542 313 2563 tam
329 2540 354 2563 in
370 2546 431 2563 novo
448 2547 521 2570 quum
537 2540 562 2563 in
579 2541 652 2564 veleri
675 2544 717 2563 etc.
744 2541 915 2570 Aliquantulum
934 2542 986 2563 infe-

143 2581 190 2602 rius
207 2583 258 2602 ante
276 2578 355 2601 beatae
376 2578 467 2608 Virqiui
484 2579 534 2601 cod.
552 2579 570 2600 G
589 2579 700 2601 interserit
718 2585 777 2602 vere.

205 2618 214 2633 ⁴
231 2618 286 2641 Cod.
305 2618 323 2640 'l'
342 2617 447 2640 marrime
464 2624 518 2641 cum
548 2617 618 2647 Virqo
645 2617 769 2641 [eremium
787 2620 808 2641 et
827 2619 939 2641 loannem
962 2618 987 2641 in

144 2657 266 2681 sanctitate
283 2656 389 2680 excellat.
409 2657 477 2679 Paulo
495 2657 589 2679 inscrius
606 2660 657 2685 post
679 2658 829 2679 accesserunt
845 2657 898 2680 cdd.
921 2658 987 2680 omit-

144 2698 193 2718 tunt
209 2695 299 2725 maqis,
318 2699 339 2718 ct
357 2695 455 2717 subinde
481 2702 523 2723 pro
548 2697 638 2725 quanto
664 2695 741 2724 maqis
763 2695 814 2717 cod.
838 2698 853 2717 A
872 2695 988 2718 substituit

145 2735 209 2757 tanto
226 2734 309 2763 mayis.

206 2773 217 2788 ⁵
233 2773 286 2795 Luc.
307 2773 331 2801 t,
350 2772 373 2795 tt
389 2780 393 2801 ;
412 2773 471 2795 toan.
493 2773 515 2800 11
539 2773 575 2795 29.
602 2775 623 2795 et
649 2772 685 2794 36.
702 2784 734 2789 --
750 2773 802 2801 Suq,
820 2773 901 2801 script.
924 2773 987 2795 locus

145 2813 179 2833 est
197 2811 275 2833 lerrm.
293 2811 334 2839 31,
353 2812 394 2839 22,
412 2812 478 2833 cuius
494 2811 604 2839 expositio
618 2818 629 2833 a
644 2811 727 2833 Bnnav.
745 2812 860 2839 proposita
882 2813 988 2835 convenit

145 2855 197 2872 cum
215 2850 371 2877 explanatione
390 2850 520 2878 llivronymi
548 2853 568 2871 ct
594 2856 646 2871 cum
665 2849 742 2871 verbis
768 2850 875 2872 nerum-(lt
894 2851 914 2872 in
939 2851 987 2872 cius

145 2888 226 2910 l-lomil.
245 2889 265 2910 2.
283 2894 352 2916 super
377 2888 464 2911 illis-sus
487 2890 536 2917 pst,
555 2895 576 2910 n.
596 2890 616 2910 9.
635 2901 664 2904 —
683 2889 750 2910 Paulo
767 2890 874 2917 superius
892 2893 943 2912 ante
960 2889 987 2912 tle

147 2927 246 2950 Domino
269 2927 416 2957 prophetavi!
440 2928 492 2950 cdd.
519 2929 655 2950 intvriiciunt
672 2928 808 2957 (impressius
825 2932 846 2950 οι
869 2935 920 2951 mox
945 2935 987 2957 pro

146 2966 178 2989 nd
193 2966 320 2989 adrentum
338 2966 477 2989 substituunt
494 2967 521 2989 de
538 2966 647 2989 rtrlreuln.

1041 262 1121 288 utero
1142 259 1227 287 fuisse
1249 259 1446 288 sanctificatus.
1466 260 1496 288 Et.
1517 268 1552 288 ex
1576 260 1627 289 hoc
1642 260 1720 297 qnasi
1743 269 1762 288 a
1777 261 1888 289 minori

1041 306 1193 342 colligitur,
1210 307 1260 335 hoc
1276 306 1372 335 beatae
1387 306 1490 343 Virgini
1514 307 1598 335 fuisse
1613 315 1789 340 concessum;
1804 308 1886 344 quia,

1042 353 1113 381 sicut
1141 353 1208 382 dicit
1237 354 1413 388 Bernardus,
1441 365 1454 379 «
1477 354 1550 391 quod
1581 354 1642 382 aliis
1671 354 1772 391 legitur
1801 354 1886 383 fuisse

1042 399 1190 433 collatum,
1211 408 1264 428 non
1294 403 1335 429 est
1356 401 1527 429 credendum
1557 401 1661 438 Virgini
1690 401 1776 430 fuisse
1804 409 1887 437 nega-

1043 449 1143 481 tum»,
1165 447 1288 476 maxime
1309 455 1372 476 cum
1403 447 1533 477 sanctitas
1559 448 1680 485 Virginis
1708 448 1826 477 excedat
1848 449 1886 477 le-

1042 493 1146 521 remiae
1161 496 1187 522 et
1208 494 1315 522 Ioannis
1329 494 1479 531 puritatem
1499 498 1526 523 et
1541 495 1726 531 virginitatem
1740 495 1760 523 ⁴.
1781 495 1808 523 ln
1825 495 1886 524 aliis

1041 539 1093 567 fuit
1123 540 1280 576 virginitas,
1311 541 1336 568 in
1365 541 1416 569 hac
1438 549 1501 569 cum
1532 541 1689 578 virginitate
1722 542 1886 570 fecunditas.

1044 586 1073 614 Et
1088 586 1109 615 si
1133 586 1170 614 illi
1193 586 1355 615 sanctificati
1378 587 1492 616 fuerunt
1513 587 1539 616 in
1562 592 1655 622 utero,
1677 589 1743 626 quia
1764 588 1798 617 ad
1821 589 1886 617 San-

1041 636 1118 661 ctum
1133 633 1296 662 Sanctorum
1319 634 1474 663 secundum
1491 635 1700 671 expressionem
1723 636 1886 673 prophetiae

1041 683 1218 708 accesserunt
1240 680 1341 717 magis,
1362 684 1466 718 quanto
1492 681 1579 718 magis
1600 681 1647 710 illa
1675 682 1703 710 in
1726 685 1805 711 utero
1827 691 1887 711 san-

1042 726 1155 755 ctificari
1178 726 1286 760 debuit,
1308 735 1380 764 quae
1398 728 1486 756 Deum
1509 728 1535 756 in
1550 731 1632 757 utero
1654 729 1796 765 portavit?
1812 729 2029 776 103¹1·¹,}}„{³¹¹1²,¹,{{f{⁰'

1042 780 1090 800 nes
1112 780 1232 810 namque
1254 773 1325 802 inter
1353 777 1459 803 ceteros
1485 775 1520 803 de
1549 775 1665 803 Domino
1694 776 1886 812 prophetavit,
2008 771 2013 775 “

1042 819 1107 855 quia
1125 819 1151 847 in
1167 820 1265 848 matris
1280 824 1360 849 utero
1375 821 1410 849 ad
1425 821 1575 850 adventum
1592 822 1700 850 Domini
1717 822 1885 857 exsultavit,

1042 870 1068 894 et
1088 867 1266 903 postmodum
1293 875 1344 896 suo
1365 868 1450 904 digito
1471 868 1592 897 ostendit
1603 868 1622 896 ⁵.
1653 869 1782 898 Ieremias
1802 870 1885 898 etiam

1042 913 1121 950 prius
1136 913 1234 942 loanne
1249 914 1411 951 expressius
1431 915 1620 952 prophetavit,
1640 924 1703 944 cum
1727 916 1810 944 dixit:
1834 915 1887 944 No-

1041 968 1111 988 vum
1126 960 1215 998 faciet
1239 961 1381 989 Dominus
1395 970 1484 998 super
1498 962 1619 996 terrcim,
1641 962 1747 990 mittier
1762 963 1886 991 circuni-

1043 1007 1124 1035 [labit
1146 1007 1258 1041 t't'rltm,
1274 1008 1415 1044 trigesimo
1434 1008 1532 1045 primo.
1555 1009 1582 1036 In
1600 1009 1652 1037 hoc
1673 1017 1794 1046 namque
1810 1009 1885 1046 quod

1043 1052 1120 1081 dicit:
1133 1052 1247 1081 Nouum
1262 1052 1351 1091 faciet
1362 1054 1505 1082 Dominus
1516 1058 1738 1091 superterram,
1751 1055 1835 1084 datur
1851 1056 1888 1084 in-

1042 1099 1141 1136 telligi,
1163 1100 1236 1137 quod
1259 1108 1313 1128 non
1328 1109 1363 1129 ex
1379 1101 1451 1129 virili
1467 1101 1585 1135 semine;
1607 1105 1634 1130 et
1648 1102 1721 1139 quod
1738 1102 1785 1131 ille
1803 1110 1886 1139 quem

1042 1146 1237 1181 circumdabit,
1261 1155 1313 1175 non
1336 1150 1396 1175 erat
1423 1156 1513 1184 purus
1540 1148 1636 1183 homo,
1664 1149 1730 1186 quia
1754 1153 1886 1178 neutrum

1042 1197 1115 1223 esset
1128 1202 1244 1222 noviom.
1262 1194 1291 1223 Et
1307 1194 1332 1222 in
1348 1195 1400 1223 hoc
1415 1198 1503 1223 totum
1520 1196 1744 1233 comprehendit,
1759 1197 1833 1234 quod
1850 1197 1888 1225 di-

1043 1241 1079 1269 cit
1094 1241 1209 1269 lsaias⁰:
1234 1242 1304 1269 Ecce
1331 1241 1418 1278 Virgo
1439 1241 1579 1279 concipiet
1598 1246 1648 1271 etc.
1672 1243 1699 1271 ln
1720 1243 1771 1272 hoc
1793 1246 1886 1272 autem

1042 1287 1117 1324 quod
1132 1288 1287 1324 subiungit:
1305 1289 1340 1316 Et
1354 1288 1550 1317 circumdabit
1565 1289 1674 1323 virum,
1690 1290 1737 1318 dat
1753 1290 1887 1327 intellige—

1044 1342 1085 1368 re,
1100 1334 1241 1362 Christum
1254 1335 1289 1363 ab
1305 1334 1414 1363 instanti
1431 1335 1617 1372 conceptionis
1633 1336 1716 1365 fuisse
1732 1337 1887 1373 perfectum

1042 1381 1131 1418 gratia
1145 1384 1172 1409 et
1194 1382 1336 1418 sapientia.
1348 1382 1574 1418 —Prophetavit
1589 1382 1771 1412 nihilominus
1792 1383 1887 1421 facto,-

1043 1428 1121 1465 quasi
1144 1428 1237 1456 enim⁷
1258 1428 1350 1456 omnia
1372 1431 1447 1465 gesta
1470 1437 1521 1457 sua
1536 1429 1614 1466 signa
1636 1430 1750 1458 suerunt
1771 1430 1887 1459 domini-

1043 1482 1091 1503 cae
1112 1475 1256 1511 passionis.
1271 1491 1309 1495 —
1326 1475 1356 1503 Et
1376 1479 1524 1512 propterea
1545 1476 1579 1504 de
1595 1475 1638 1504 his
1660 1476 1771 1505 duobus
1786 1477 1888 1513 legitur

1044 1520 1213 1557 specialiter,
1228 1521 1301 1558 quod
1318 1522 1433 1550 fuerunt
1448 1522 1623 1555 sanctificati;
1639 1525 1665 1551 et
1686 1531 1736 1560 per
1752 1524 1802 1552 hos
1817 1524 1888 1552 duos

1043 1567 1127 1596 datur
1149 1568 1292 1596 manifeste
1308 1568 1422 1605 intelligi
1445 1569 1625 1598 sanctificatio
1641 1570 1737 1598 beatae
1759 1570 1888 1607 Virginis.

1122 1614 1147 1642 Si
1170 1614 1233 1651 quis
1254 1617 1347 1643 autem
1369 1615 1436 1643 velit
1457 1615 1562 1650 dicere,
1591 1616 1664 1653 quod
1688 1616 1757 1645 aliis
1782 1618 1888 1647 Sanctis
1897 1624 2032 1651 neaiiissau-

1043 1661 1172 1689 convenit
1193 1661 1373 1690 sanctificatio
1401 1670 1436 1690 ex
1459 1665 1555 1697 utero,
1576 1667 1608 1691 ut
1637 1663 1695 1698 lob,
1717 1664 1763 1701 qui
1787 1664 1887 1693 dicitfl:
1925 1650 1967 1667 Μ’

1044 1706 1088 1735 Ab
1110 1705 1241 1744 infantia
1267 1707 1357 1735 crevit
1383 1716 1496 1736 mecum
1516 1708 1667 1737 miseratio
1688 1713 1713 1738 et
1742 1718 1776 1738 ex
1806 1714 1888 1739 utero

1043 1762 1161 1791 egressa
1182 1757 1222 1782 est
1243 1762 1373 1787 mecum,
1395 1757 1422 1783 et
1443 1755 1515 1783 sicut
1538 1755 1633 1784 volunt
1659 1757 1773 1793 quidam
1796 1758 1889 1786 dicere

1043 1800 1078 1829 de
1099 1800 1179 1829 lacob
1200 1804 1227 1829 et
1248 1800 1350 1836 David;
1372 1801 1423 1830 hoc
1445 1809 1495 1830 nec
1516 1802 1711 1831 certitudinem
1735 1803 1818 1832 habet
1839 1812 1889 1833 nec

1043 1847 1236 1876 auctoritatem
1258 1850 1397 1884 apertam,
1419 1849 1470 1877 nisi
1493 1849 1556 1886 quis
1578 1849 1644 1878 velit
1666 1850 1826 1887 Scripturae
1855 1851 1891 1879 fa-

1043 1902 1106 1923 cere
1132 1894 1301 1923 violentiam.
1332 1895 1362 1923 Et
1383 1895 1445 1924 ideo
1467 1896 1564 1925 eadem
1586 1896 1716 1926 facilitate
1742 1898 1891 1926 contemni-

1043 1944 1103 1975 tur,
1128 1949 1184 1978 qua
1205 1941 1357 1978 probatum
1383 1945 1410 1970 et
1431 1950 1482 1971 nec
1509 1943 1572 1971 aliis
1594 1943 1704 1972 videtur
1731 1944 1817 1973 fuisse
1839 1944 1891 1973 nisi

1043 1988 1200 2025 virginibus
1230 1988 1297 2017 haec
1325 1989 1413 2025 gratia
1442 1989 1666 2019 sanctificationis
1694 1999 1832 2020 concessa.
1852 2008 1892 2012 —

1043 2034 1256 2063 Concedendum
1273 2038 1314 2063 est
1330 2035 1427 2072 igitur,
1443 2036 1572 2073 Reginam
1591 2037 1734 2074 Virginum
1758 2046 1794 2066 ex
1810 2041 1890 2067 utero

1043 2081 1129 2110 fuisse
1144 2081 1351 2110 sanctificatam.
1368 2082 1399 2111 Et
1414 2083 1546 2117 rationes,
1566 2092 1637 2120 quae
1655 2084 1705 2113 hoc
1727 2085 1890 2120 ostendunt,

1044 2127 1236 2157 concedendae
1258 2131 1330 2157 sunt.

1105 2309 1115 2324 ⁶
1131 2309 1186 2338 Cap.
1204 2310 1230 2337 7,
1260 2309 1292 2332 14.
1304 2322 1336 2326 -
1349 2310 1417 2332 Paulo
1434 2311 1541 2338 superius
1567 2311 1634 2333 codd.
1654 2313 1669 2333 Λ
1681 2312 1699 2333 H
1717 2314 1738 2333 ct
1763 2311 1815 2334 edd.
1841 2313 1858 2339 l,
1877 2313 1890 2334 2

1042 2348 1111 2378 prius
1128 2355 1170 2376 pro
1187 2354 1273 2378 purus.

1104 2387 1114 2402 ⁷
1133 2388 1174 2409 l‘ro
1191 2387 1261 2417 quusi
1277 2387 1338 2410 enim
1356 2388 1405 2410 cod.
1425 2389 1443 2410 K
1462 2387 1525 2417 qnia.
1544 2389 1612 2410 Paulo
1631 2389 1725 2411 inferius
1742 2396 1784 2417 pro
1802 2391 1824 2412 ct
1848 2396 1891 2419 per

1043 2426 1086 2449 hus
1102 2426 1161 2448 ditos
1179 2426 1230 2448 cod.
1249 2426 1266 2448 T
1285 2432 1316 2448 ea·
1332 2425 1424 2455 quibus.

1105 2465 1115 2479 ὅ
1132 2465 1185 2493 Cap,
1204 2465 1244 2490 31,
1267 2466 1298 2487 18.
1316 2477 1347 2481 -
1364 2465 1395 2487 De
1414 2465 1479 2487 {acob
1505 2466 1558 2487 vide
1583 2466 1638 2488 Gen.
1663 2466 1704 2493 25,
1733 2467 1777 2493 2&
1797 2468 1889 2490 ltlalach.

1045 2504 1052 2525 rl
1064 2522 1069 2531 ,
1088 2504 1108 2531 2,
1127 2507 1147 2525 ct
1166 2504 1230 2525 llom.
1249 2504 1273 2531 9,
1297 2504 1329 2525 13.
1348 2504 1379 2525 Dc
1397 2503 1469 2526 David
1488 2504 1588 2532 loquitur
1605 2505 1713 2527 Bornnrd.
1725 2523 1730 2533 ,
1749 2506 1818 2533 Epist.
1838 2506 1890 2529 474.

1044 2549 1064 2564 n.
1084 2542 1112 2563 3:
1132 2542 1233 2570 Videris,
1252 2542 1336 2570 inquit,
1354 2543 1421 2564 otiam
1441 2545 1476 2571 tn,
1495 2549 1522 2564 nn
1541 2543 1569 2564 de
1587 2546 1664 2565 sancto
1686 2544 1757 2566 David
1775 2544 1797 2566 id
1814 2545 1889 2573 ipsum

1044 2580 1108 2601 liceat
1125 2580 1224 2607 opinari,
1245 2586 1286 2607 pro
1304 2586 1331 2602 co
1349 2580 1411 2609 quod
1430 2580 1520 2603 dicebat
1545 2581 1608 2603 Deo:
1634 2582 1661 2604 ln
1683 2583 1718 2611 te,
1744 2583 1784 2611 ait,
1807 2582 1890 2613 confir-

1044 2619 1123 2640 matus
1147 2624 1201 2640 sum
1218 2624 1248 2640 (ἀ,-
1265 2619 1344 2646 utero,
1364 2618 1391 2641 dc
1408 2619 1487 2641 ventre
1504 2619 1588 2642 mauis
1606 2625 1671 2642 merie
1689 2621 1714 2643 ιιι
1731 2626 1754 2643 es
1770 2622 1891 2650 protector

1043 2662 1110 2679 meus
1127 2657 1171 2681 (ΡΞ.
1189 2657 1230 2684 70,
1251 2658 1297 2685 6.);
1315 2658 1384 2680 item:
1404 2658 1435 2681 De
1455 2659 1535 2681 ventre
1560 2659 1645 2682 malms
1662 2665 1727 2682 meae
1745 2660 1807 2683 Deus
1824 2667 1890 2683 meus

1043 2701 1067 2718 es
1079 2697 1116 2723 tit,
1130 2702 1158 2718 ne
1170 2695 1302 2719 discesseris
1315 2703 1328 2719 (ι
1342 2703 1378 2719 me
1391 2697 1435 2721 (Ps.
1448 2698 1484 2724 21,
1501 2698 1522 2719 11
1530 2698 1552 2727 .).
1566 2711 1595 2714 —
1606 2698 1666 2721 Loco
1677 2705 1762 2721 vocum
1775 2701 1796 2722 ct
1807 2700 1887 2729 David,

1044 2741 1103 2763 quac
1122 2736 1142 2757 in
1161 2735 1228 2757 codd.
1244 2736 1260 2757 ,t
1271 2736 1286 2757 ΙΞ
1297 2736 1313 2757 11
1325 2736 1340 2757 L
1351 2736 1366 2757 Ν
1379 2736 1407 2757 W
1418 2736 1438 2758 X
1464 2739 1542 2765 aperte
1569 2737 1677 2766 habetur,
1704 2738 1757 2761 cdd.
1783 2739 1891 2762 exhibent

1044 2773 1168 2797 dicendum
1184 2773 1262 2803 qnod,
1282 2781 1341 2803 quac
1359 2776 1475 2803 corruptio
1492 2782 1519 2798 ex
1536 2775 1669 2799 abbreviata
1687 2783 1745 2800 voce
1762 2777 1839 2801 David
1859 2779 1889 2800 vi-

1044 2812 1111 2835 detur
1127 2819 1177 2835 csse
1194 2816 1255 2840 (ιη-Ἣ
1273 2814 1308 2835 ulii
1327 2813 1394 2836 codd.
1414 2815 1561 2843 praemittunt
1572 2816 1594 2838 et
1605 2818 1656 2838 ante
1669 2815 1801 2839 dicendum.
1821 2817 1889 2839 Paulo

1044 2852 1151 2879 superius
1177 2858 1219 2880 pro
1243 2852 1398 2883 sanctificatio
1425 2859 1456 2877 em
1480 2855 1547 2877 utero
1570 2855 1619 2877 Vnt.
1637 2862 1690 2878 cnm
1709 2862 1754 2878 uuo
1772 2857 1889 2885 :itu-roquo

1045 2884 1267 2920 cud.'sunctificatio
1285 2890 1309 2914 in
1327 2892 1409 2920 utero,
1429 2893 1491 2921 quod
1509 2895 1531 2915 ct
1549 2895 1645 2916 recurrit
1661 2895 1681 2916 in
1696 2894 1739 2916 flm—
1753 2902 1815 2923 rorp.
1834 2895 1890 2918 Con.

1045 2929 1063 2951 Τ
1082 2930 1163 2951 omittit
1180 2929 1227 2952 nisi
1243 2930 1296 2960 quis
1313 2930 1367 2954 vetit
1384 2931 1524 2961 scripturae
1540 2932 1618 2962 facere
1635 2933 1771 2957 violentiam
1783 2938 1805 2957 ct
1821 2936 1889 2958 ctiam

1045 2969 1115 2991 verba
1133 2970 1155 2991 et
1170 2975 1212 2992 nec
1229 2969 1306 2993 ah‘is...
1324 2976 1441 2995 concessa.
1488 2989 1490 2991 >
