2166 3366
18 1245 110 1272 iudicium
115 1250 147 1264 au-

41 1271 105 1288 ctons.

31 1479 146 1499 Notandum.

50 1950 118 1974 Opinio
131 1950 149 1968 2.

21 2091 87 2110 Virtus
106 2096 150 2115 qua-

34 2115 120 2139 druplex.

891 173 974 201 DlST.
997 173 1047 201 XL.
1071 173 1177 202 DUBIA.
1855 174 1911 202 893

159 259 237 280 mum
259 254 301 280 est
322 251 372 280 soli
396 251 452 280 Deo
473 250 621 288 possibile,
643 250 798 279 secundum
821 255 915 280 autem
938 251 1008 279 diffi-

158 297 210 326 cile
231 302 273 326 est
300 297 451 334 explicare.
468 315 506 318 —
521 297 637 326 Difficile
662 301 704 326 est
729 298 812 326 etiam
836 298 1006 335 intelligere,

158 344 299 381 quomodo
331 345 502 374 characteris
532 345 678 382 impressio
700 345 786 382 possit
814 353 876 373 esse
897 345 932 373 ab
960 345 1007 373 illa

158 391 280 425 virtute,
309 399 372 420 cum
396 392 541 420 character
571 391 700 420 videatur
722 399 782 420 esse
812 392 838 420 in
867 392 1006 429 superiori

158 442 253 475 parte,
276 438 303 466 in
325 446 380 475 qua
402 438 479 467 solus
494 438 569 467 Deus
591 441 681 475 potest
696 438 823 467 influere.
847 439 922 467 Unde
945 439 1008 467 sub-

158 485 259 513 stantia
282 485 464 522 intelligibilis
486 485 578 519 beata,
601 489 863 523 quantumcumque
891 494 1007 522 magnae

159 532 195 561 sit
216 532 413 566 excellentiae,
435 533 589 561 secundum
613 533 687 570 quod
715 533 782 561 dicit
807 533 1007 570 Augustinus',

160 587 213 607 non
243 583 332 615 potest
359 579 450 608 facere
479 579 514 607 ad
542 583 666 607 nostram
697 579 937 613 iustificationem,
964 579 1007 607 vel

159 625 394 654 illuminationem
414 626 520 663 aliquid
546 626 670 654 interius
691 625 866 663 formando,
896 626 944 654 sed
967 634 1007 654 st>

159 672 217 700 lum
240 673 370 701 exterius
390 673 554 701 excitando.
577 673 722 710 Quomodo
747 681 814 710 ergo
837 673 888 702 hoc.
907 673 1009 710 poterit

159 719 251 748 virtus
272 720 337 748 data
357 720 496 748 elemento
518 720 562 749 vel
585 720 684 753 verho,
707 728 770 749 cum
802 729 854 748 non
878 720 1008 749 videatur

158 775 219 795 esse
241 775 330 803 capax
354 770 445 795 tantae
468 768 605 796 virtutis?
627 784 665 788 —-
691 768 844 801 Postremo,
867 768 893 796 in
916 768 1009 795 Sacra-

160 817 253 842 mento
279 814 390 848 altaris,
420 814 446 842 in
468 823 524 851 quo
553 814 583 842 fit
612 814 705 843 subito
734 814 1008 843 transsubstantiatio

160 860 238 896 panis
259 860 414 889 secundum
437 869 466 889 se
482 865 570 889 totum
594 861 620 889 in
637 869 740 898 corpus
761 861 862 889 Christi
879 877 917 881 -
931 860 1006 898 quod

158 907 272 944 quidem
295 916 349 936 non
378 912 468 945 potest
489 916 550 937 esse
579 908 631 936 nisi
653 908 689 936 ab
718 908 825 936 infinita
847 908 950 935 virtute
969 924 1007 928 —

158 955 300 992 quomodo
316 955 434 983 verbum
451 955 593 992 prolatum
615 955 650 984 ab
666 955 794 988 homine,
816 963 881 983 cum
897 955 931 983 sit
950 954 1009 982 fini-

159 1005 203 1030 tae
225 1002 352 1035 virtutis,
382 1002 484 1039 poterit
506 1002 539 1030 ad
564 1002 643 1030 istam
667 1001 1005 1030 transsubstantiationem

158 1049 265 1086 aliquid
287 1049 423 1086 operari?
446 1049 476 1077 Et
490 1052 578 1083 certe,
594 1049 615 1077 si
638 1048 707 1077 illud
732 1048 849 1077 verbum
874 1048 1006 1076 virtutem

159 1104 213 1125 non
246 1096 330 1124 hahet
357 1099 504 1133 agentem,
534 1096 622 1124 multo
654 1095 747 1124 minus
769 1095 855 1124 verba
887 1095 1006 1123 aliorum

160 1143 414 1171 Sacraineotorum.

238 1189 308 1218 Haec
329 1189 423 1217 omnia
450 1192 478 1217 et
499 1189 587 1218 multa
608 1189 662 1217 alia
684 1189 758 1218 circa
779 1189 831 1217 boc
853 1189 934 1217 valde
958 1189 1008 1217 dif-

160 1236 232 1265 ficile
253 1240 295 1265 est
315 1236 470 1273 intelligere
497 1240 525 1265 et
555 1237 707 1274 explicare.
729 1237 806 1273 Quae
826 1245 880 1264 non
903 1236 1007 1265 idcirco

159 1292 259 1316 narro,
274 1284 340 1321 quia
355 1284 469 1312 credam
485 1292 546 1313 esse
569 1284 741 1318 insolubilia,
758 1284 799 1312 vel
817 1288 847 1312 ut
863 1292 912 1321 per
928 1284 987 1321 ipsa
998 1284 1007 1297 ‘²

160 1329 240 1358 istam
263 1330 418 1367 improbem
441 1330 622 1367 positionem,
649 1331 695 1359 sed
719 1334 751 1359 ut
778 1330 940 1364 ostendam,
964 1338 1007 1359 ine

160 1377 249 1414 ipsam
271 1385 325 1406 non
353 1377 435 1414 ple-ne
458 1377 627 1414 intelligere,
649 1381 675 1406 et
698 1378 759 1406 ideo
788 1386 837 1406 nec
864 1377 1007 1406 affirmare

160 1432 210 1453 nec
231 1431 333 1460 negare
355 1424 442 1458 velle3
463 1424 543 1461 quia,
564 1424 614 1453 etsi
631 1425 719 1461 ipsam
741 1432 797 1452 non
812 1424 888 1453 clare
909 1424 1008 1453 intelli-

161 1479 241 1508 gam,
263 1471 314 1500 hoc
329 1475 421 1499 tamen
444 1472 501 1500 scio
515 1475 542 1500 et
564 1471 700 1508 intelligo,
722 1472 796 1508 quod
814 1471 896 1508 plura
917 1474 1008 1508 potest

159 1518 235 1547 Deus
249 1519 340 1547 facere
361 1522 387 1547 et
401 1519 485 1547 etiam
505 1520 531 1547 in
547 1519 614 1555 ipsis
629 1519 815 1547 sacramentis
829 1519 906 1553 tacit,
921 1527 1005 1556 quam

159 1574 210 1595 nos
232 1574 383 1603 possumus
404 1566 559 1602 intelligere
571 1566 590 1594 ³.
606 1566 682 1595 Unde
703 1566 889 1603 confugiendo
903 1566 937 1594 ad
960 1566 1008 1594 mi-

159 1613 276 1641 rabilem
300 1613 347 1642 Dei
371 1613 538 1650 potentiam,
563 1613 657 1641 omnia
679 1613 731 1642 ista
757 1621 907 1650 possumus
929 1613 1008 1642 facile

159 1660 309 1689 declinare.
334 1661 363 1689 Et
385 1660 540 1689 secundum
563 1661 647 1689 istum
670 1661 784 1689 modum
809 1661 919 1689 dicendi
942 1660 1008 1689 satis

161 1706 244 1744 plana
264 1710 337 1735 esset
359 1706 502 1743 responsio
523 1707 558 1734 ad
574 1707 763 1743 quaestionem
787 1707 970 1744 propositam,
986 1707 1007 1736 si

161 1754 249 1790 ipsius
275 1754 348 1782 modi
365 1754 447 1790 plana
468 1757 541 1783 esset
556 1754 747 1790 intelligentia.
771 1755 800 1782 Et
821 1755 886 1783 haec
910 1754 1009 1791 positio

161 1801 187 1829 in
209 1804 311 1838 quarto
334 1801 425 1829 libro⁴
449 1801 580 1829 diffusius
594 1804 636 1829 est
657 1801 812 1838 explicata,
834 1801 882 1829 uhi
899 1809 1010 1838 respon-

161 1848 245 1876 detur
266 1847 301 1876 ad
325 1847 486 1884 praemissa.

240 1894 316 1923 Alius
336 1897 379 1922 est
406 1893 450 1922 liic
478 1894 578 1923 modus
599 1893 718 1923 dicendi.
748 1894 911 1931 Supposito,
933 1895 1008 1932 quod

164 1942 190 1970 in
211 1941 398 1969 Sacramentis
419 1949 508 1969 novae
530 1941 609 1978 Legis
629 1941 746 1969 «divina
762 1941 852 1970 virtus
873 1942 1010 1970 secretius

162 1989 356 2025 operatur⁵»‚
377 1988 443 2025 quia
466 1989 517 2017 hoc
538 1991 580 2017 est
607 1988 694 2025 ipsius
722 1988 785 2016 fidei
809 1992 836 2016 et
858 1988 1010 2017 sententiae

163 2035 335 2064 communis:
357 2035 493 2063 dixerunt
513 2035 613 2072 aliqui,
635 2035 813 2063 Sacramenta
828 2043 917 2064 novae
932 2035 1010 2072 Legis

165 2083 268 2111 hahere
291 2085 418 2119 respectu
447 2082 651 2110 iustificationis
672 2082 803 2111 virtutem
827 2081 1009 2119 influentem,

160 2132 389 2166 promerentem,
412 2129 608 2165 disponentem
638 2132 664 2157 et
686 2129 841 2167 efficaciter
867 2129 1010 2157 ordinan-

165 2181 239 2205 tem:
270 2176 403 2204 virtutem
432 2175 598 2212 influentem
631 2176 738 2205 ratione
771 2176 891 2213 Spiritus
923 2176 1010 2205 sancti

163 2223 338 2256 assistentis;
370 2223 503 2251 virtutem
533 2227 745 2260 promerentem
781 2223 887 2251 ratione
918 2222 1009 2251 meriti

164 2270 302 2307 passionis
322 2269 357 2298 ad
379 2270 590 2298 Sacramentum
612 2270 804 2298 concurrentis
822 2270 846 2303 ⁶;
880 2270 1010 2298 virtutem

165 2317 362 2353 disponentem
391 2316 497 2345 ratione
525 2317 681 2345 devotionis
703 2317 790 2352 ipsius
811 2316 901 2344 fidelis
919 2316 1013 2344 Sacra-

230 2418 235 2432 ¹
256 2419 355 2440 [inerrat.
375 2419 395 2440 in
414 2419 448 2440 l‘s.
469 2418 518 2439 ¹18.
544 2424 613 2440 serm.
635 2418 668 2440 ¹8.
687 2424 708 2439 n.
728 2418 752 2440 si:
771 2418 918 2446 Dcusitaquc
937 2424 978 2446 por
989 2424 1014 2440 se

166 2459 253 2486 ipsum,
272 2458 325 2486 quia
343 2458 379 2479 lux
397 2461 441 2483 cst,
460 2458 570 2479 illuminat
588 2458 637 2485 pias
655 2461 755 2484 inolitos,
774 2460 797 2479 ut
814 2463 840 2479 ea
859 2463 918 2486 quae
936 2457 1012 2479 divina

166 2497 273 2518 ‹ln-nnun-
291 2497 326 2518 wl
345 2496 508 2523 osu—nituntur,
535 2497 666 2524 intelligunt.
692 2496 736 2518 Sed
763 2497 780 2517 si
803 2496 831 2518 ad
850 2497 893 2518 hoc
910 2497 1014 2519 ministro

167 2537 236 2557 utitur
254 2536 351 2563 Angeki,
372 2538 445 2563 potr-st
462 2535 556 2563 quidem
581 2534 666 2563 aliquid
693 2541 762 2562 agore
781 2535 881 2562 Angelus
898 2536 919 2556 in
938 2539 1013 2557 menie

167 2575 276 2600 bominis,
303 2579 326 2596 ut
353 2575 427 2601 capiat
454 2574 527 2595 tui-om
555 2574 593 2595 Dei
611 2578 633 2596 ct
651 2580 692 2601 per
710 2574 769 2595 lianc
787 2574 906 2601 intelligam
925 2574 965 2595 scil
984 2575 1012 2596 ita

167 2615 250 2636 clii-itur
267 2614 404 2635 iun-limenun
423 2613 478 2635 ‹larc
496 2614 581 2635 homini
599 2616 621 2634 (Ἰ.
639 2614 711 2641 quasi,
730 2616 753 2635 ut
771 2614 798 2635 ita
818 2613 909 2641 dicam,
932 2614 1013 2635 ιιιῑυΙΙε-

167 2657 244 2674 ctuaro
262 2653 390 2675 lmininvm.
410 2652 609 2680 ‹pn-nmdinudum
628 2652 751 2680 quisquam
771 2652 854 2673 dicitur
872 2652 945 2674 lucem
959 2652 1013 2674 (lare

167 2692 245 2713 ‹lomui
265 2692 300 2713 vul
320 2692 446 2713 illuminari¹
464 2691 572 2718 (lonium,
591 2692 627 2712 rui
646 2692 766 2713 svnvsirnin
781 2691 829 2713 tacit
843 2694 884 2713 etr.
897 2703 927 2707 —
943 2692 1014 2719 Supe-

168 2732 215 2753 rius
234 2737 275 2758 pro
293 2731 317 2752 in
334 2736 382 2760 qna
400 2731 438 2756 (ito
456 2730 524 2752 cuod.
541 2734 562 2752 ct
579 2730 642 2757 eddi)
661 2730 781 2752 mallemus
798 2729 822 2752 in
839 2736 918 2759 (sitam.

230 2769 239 2783 ‘²
258 2770 335 2791 l'lurus
352 2770 419 2791 roild,
438 2776 560 2797 perperam
579 2770 604 2791 ul
619 2775 662 2798 per
679 2769 761 2798 ipsam,
782 2769 835 2791 vdit.
853 2770 879 2791 ut
896 2768 950 2798 ipse.

231 2808 240 2823 ³
257 2808 301 2831 (Tr.
321 2813 375 2830 tom.
394 2809 407 2830 l.
434 2815 486 2836 pag.
514 2808 574 2835 7:50,
600 2812 651 2830 nota
677 2808 698 2830 7.
725 2820 757 2825 —
775 2809 868 2830 insci-ins
886 2815 928 2836 pro
945 2807 1014 2836 facile

168 2848 220 2871 cod.
239 2848 254 2869 L'
271 2847 381 2876 sarcilitcr.

232 2887 239 2900 ⁴
259 2887 312 2909 Uist*
334 2887 351 2908 l.
371 2893 392 2914 p.
412 2886 424 2908 Ι,
444 2893 465 2915 q.
485 2886 504 2908 li.
524 2898 552 2902 ——
570 2886 618 2908 Mox
637 2892 679 2913 pro
703 2885 859 2915 ras-pandetur
875 2886 926 2908 coil.
949 2886 964 2908 U
982 2887 1015 2909 est

168 2926 296 2955 responsio.

231 2966 240 2980 ⁵
258 2966 344 2993 isidor„
365 2966 398 2987 Vl.
417 2966 545 2993 lityuiolog.
564 2972 582 2987 c.
605 2966 638 2987 19.
657 2972 676 2987 η,
706 2965 749 2987 to:
768 2966 913 2987 Sacramenta
939 2965 1016 2987 ‹in-on-

1065 255 1189 280 mentum
1220 252 1416 289 suscipientis;
1442 252 1575 281 virtutem
1608 251 1729 289 denique
1757 252 1913 290 efficaciter

1064 298 1250 326 ordinantem
1265 299 1371 327 ratione
1387 299 1497 327 (livinae
1521 299 1654 336 pactionis
1676 299 1853 328 instituentis.
1870 300 1913 328 Sic

1064 345 1137 373 enirn
1161 346 1280 374 instituit
1301 346 1452 381 Dominus,
1475 350 1505 374 ut
1533 346 1568 375 ad
1591 346 1654 375 talis
1680 346 1757 375 verbi
1786 346 1914 383 prolatio-

1065 399 1127 420 nem
1150 395 1176 420 et
1198 393 1367 421 Sacramenti
1390 393 1593 430 susceptionem
1617 393 1754 422 mirabilis
1779 393 1805 421 in
1829 394 1914 422 susci-

1066 438 1206 475 pientibus
1227 438 1307 467 fieret
1327 439 1452 476 operatio
1473 443 1500 468 et
1522 440 1732 476 suscipientium
1759 440 1866 469 sanatio
1886 443 1914 469 et

1065 485 1233 516 iustificam:
1257 489 1284 513 et
1307 494 1357 522 pro
1379 490 1454 514 tanto
1476 487 1610 515 dicuntur
1632 487 1811 515 Sacramenta
1826 495 1914 516 novae

1066 532 1144 568 Legis
1159 531 1264 560 habere
1278 532 1424 561 virtutem.
1437 550 1476 553 —
1489 534 1518 562 Et
1533 534 1667 562 differunt
1683 534 1709 562 in
1726 535 1777 563 hoc
1789 543 1805 562 a
1820 535 1914 563 Sacra·
1927 540 2038 583 ggffgg'netgff

1066 579 1166 607 mentis
1188 579 1266 616 Legis
1288 580 1406 613 veteris,
1429 581 1578 618 praecipue
1604 585 1741 618 quantum
1765 581 1800 610 ad
1823 582 1911 618 ipsam
1927 589 1995 606 torum·

1065 625 1207 664 efficacem
1231 626 1465 661 ordinationem,
1487 628 1553 665 quia
1574 636 1628 656 non
1658 628 1861 657 interveniebat
1877 628 1913 657 ibi

1065 673 1155 709 pactio
1178 673 1204 700 in
1228 672 1282 701 illis
1303 673 1505 707 Sacramentis,
1528 682 1577 711 per
1602 683 1686 712 quam
1709 675 1808 704 efficax
1829 678 1855 704 et
1877 675 1916 703 in-

1065 719 1188 748 fallibilis
1211 719 1289 748 lieret
1304 721 1443 749 ordinatio
1464 722 1499 750 ad
1515 722 1649 758 gratiam,
1665 723 1820 751 secundum
1838 722 1913 759 quod

1066 767 1091 795 in
1115 767 1301 795 Sacramentis
1323 775 1410 796 novae
1433 769 1523 805 Legis;
1546 773 1577 797 ut
1599 773 1673 806 patet
1692 770 1718 797 in
1741 770 1914 798 institutione

1064 814 1212 850 baptismi,
1232 814 1279 842 ubi
1303 814 1375 843 dixit
1388 815 1412 842 ⁷:
1437 815 1495 851 Qai
1519 816 1677 845 crediderit
1697 821 1722 845 et
1742 816 1914 854 baptizatus

1063 859 1157 897 faerit
1175 861 1278 889 salvas
1298 861 1362 889 erit.
1377 878 1416 881 —
1437 862 1464 890 ln
1480 863 1542 891 aliis
1557 863 1640 891 etiam
1656 864 1747 892 trihus
1763 864 1854 893 modis
1869 865 1915 893 lia-

1065 907 1148 936 bendi
1171 908 1304 936 virtutem
1327 908 1483 937 differentia
1505 913 1547 938 est
1568 918 1653 946 penes
1674 911 1772 948 inaqz's
1797 911 1915 948 compte-

1067 957 1129 982 tarn
1151 958 1177 983 et
1198 954 1298 983 minas
1320 955 1508 992 completam,
1531 957 1596 994 quia
1619 957 1644 985 in
1661 957 1848 986 Sacramentis
1871 966 1916 986 no-

1066 1008 1116 1029 vae
1138 1001 1217 1038 Legis
1239 1002 1360 1038 Spiritus
1375 1006 1489 1031 sanctus
1511 1003 1631 1031 influens
1646 1003 1780 1032 iustitiam
1805 1004 1915 1041 plenius

1065 1048 1184 1082 assistit,
1206 1052 1232 1077 et
1248 1049 1340 1085 passio
1355 1049 1457 1077 Christi
1481 1050 1623 1078 meritoria
1639 1050 1780 1078 efficacius
1802 1058 1917 1079 concur-

1066 1095 1110 1123 rit.
1133 1095 1160 1123 ln
1184 1096 1265 1124 cuius
1287 1096 1397 1133 signum
1420 1096 1455 1125 de
1477 1096 1563 1125 latere
1585 1096 1685 1125 Christi
1717 1097 1916 1134 profluxerunt

1065 1142 1191 1180 sanquis
1206 1146 1231 1171 et
1245 1152 1326 1181 aqua
1338 1143 1359 1177 ⁸,
1376 1147 1403 1172 et
1420 1151 1469 1180 per
1483 1151 1657 1181 consequens
1672 1145 1866 1178 Sacramenta,
1882 1144 1916 1173 de

1065 1190 1169 1226 quibus
1190 1190 1325 1219 tundatur
1348 1191 1476 1220 Ecclesia.
1498 1208 1538 1211 —
1555 1191 1747 1219 Abundantior
1769 1192 1851 1220 etiam
1874 1195 1916 1220 est

1065 1236 1177 1265 devotio
1198 1237 1375 1274 suscipientis
1397 1242 1454 1266 tum
1480 1241 1594 1275 propter
1623 1239 1824 1267 incrementum
1851 1238 1915 1267 fidei

1066 1284 1211 1320 propriae,
1233 1284 1307 1321 quod
1325 1284 1428 1313 factum
1451 1289 1493 1314 est
1514 1285 1541 1313 in
1557 1293 1629 1313 nova
1652 1286 1734 1322 Lege,
1756 1289 1815 1313 tum
1832 1286 1914 1314 etiam

1065 1334 1180 1368 propter
1201 1331 1359 1360 subsidium
1376 1331 1439 1360 fidei
1463 1332 1547 1360 totius
1564 1331 1715 1366 Ecclesiae,
1737 1333 1803 1369 quia
1819 1333 1845 1360 in
1861 1332 1916 1361 [ide

1066 1376 1201 1405 Ecclesiae
1216 1377 1410 1414 suscipiuntur
1424 1378 1610 1407 ecclesiastica
1622 1379 1801 1407 Sacramenta
1811 1378 1877 1407 ⁹.—
1887 1379 1916 1407 Et
1928 1384 2058 1403 Corollarium-

1063 1427 1179 1460 propter
1201 1424 1284 1452 istum
1307 1424 1522 1462 quadruplicem
1545 1425 1660 1454 modum
1684 1425 1804 1454 habendi
1828 1426 1914 1455 virtu-

1066 1474 1120 1499 tem
1142 1470 1276 1499 dicuntur
1298 1471 1478 1500 Sacramenta
1499 1472 1578 1508 Legis
1599 1480 1687 1501 novae
1704 1472 1867 1510 iustificare
1888 1477 1915 1501 et

1064 1525 1124 1546 esse
1140 1526 1234 1546 eausa
1257 1518 1384 1555 gratiae.
1399 1534 1439 1538 —
1453 1519 1506 1548 Nec
1530 1519 1626 1548 volunt
1647 1520 1695 1556 qui
1716 1519 1786 1548 hanc
1807 1520 1917 1556 positio-

1064 1572 1128 1593 nem
1150 1565 1288 1594 sustinent
1313 1566 1340 1593 in
1371 1566 1558 1595 Sacramentis
1580 1574 1666 1595 novae
1694 1567 1772 1603 Legis
1793 1567 1916 1604 amplius

1066 1619 1185 1648 ponere,
1207 1616 1266 1640 tum
1289 1612 1355 1649 quia
1378 1613 1429 1641 ista
1449 1613 1515 1641 satis
1530 1613 1662 1642 videntur
1678 1614 1806 1642 sufficere
1821 1615 1855 1643 ad
1873 1623 1917 1643 no-

1065 1660 1151 1686 stram
1174 1658 1346 1687 sanationem
1362 1663 1389 1687 et
1404 1659 1646 1693 iustificationeni;
1662 1663 1721 1688 tum
1737 1660 1834 1694 etiam,
1850 1660 1916 1697 quia

1065 1712 1102 1733 ex
1125 1705 1177 1733 isto
1207 1705 1385 1743 quadruplici
1418 1706 1502 1734 modo
1533 1700 1652 1735 habendi
1686 1707 1819 1736 virtutem
1849 1708 1916 1736 satis

1068 1751 1261 1780 manifestatur
1292 1752 1422 1781 nobilitas
1453 1753 1698 1782 Sacramentorum
1727 1762 1815 1782 novae
1838 1755 1917 1791 Legis

1068 1798 1094 1826 in
1116 1806 1146 1827 se
1167 1799 1247 1836 ipsis;
1274 1803 1333 1827 tum
1365 1800 1468 1833 etiam,
1500 1801 1567 1837 quia
1588 1801 1745 1829 secundum
1769 1801 1820 1830 hoc
1850 1802 1917 1830 satis

1066 1850 1183 1883 apparet
1214 1846 1371 1875 differentia
1395 1847 1640 1875 Sacramentorum
1674 1855 1761 1876 novae
1790 1848 1868 1884 Legis
1890 1851 1917 1876 et

1068 1894 1170 1922 veteris
1182 1894 1213 1927 ¹⁰3
1234 1896 1293 1922 tum
1316 1894 1413 1929 etiam,
1437 1894 1503 1931 quia
1528 1902 1577 1923 nec
1609 1902 1744 1931 expressa
1765 1895 1918 1923 auctoritas

1068 1949 1117 1969 nec
1139 1941 1210 1969 ratio
1233 1941 1345 1969 videtur
1366 1949 1465 1978 cogere
1487 1942 1609 1978 amplius
1632 1942 1686 1970 illis
1714 1942 1797 1976 dare,
1819 1946 1846 1971 et
1868 1942 1919 1970 hu-

1068 1989 1171 2016 militas
1192 1988 1255 2017 iidei
1278 1996 1332 2016 non
1362 1992 1469 2017 tantum
1492 1988 1575 2017 debet
1599 1989 1726 2026 refugere
1750 1989 1919 2017 diminutio-

1067 2043 1149 2069 nem,
1172 2043 1270 2063 verum
1304 2035 1387 2064 etiam
1410 2035 1664 2072 superfluitatem,
1697 2039 1724 2065 et
1748 2036 1919 2065 laudabilius

1068 2083 1190 2120 quodam
1223 2083 1306 2111 modo
1338 2083 1451 2111 videtur
1482 2083 1619 2112 diminute
1641 2084 1734 2113 dic-ere
1756 2092 1840 2121 quam
1863 2091 1919 2111 am-

1068 2130 1166 2166 pliare.

1147 2176 1225 2205 Hunc
1246 2176 1361 2204 modum
1384 2176 1494 2204 dicendi
1517 2181 1544 2205 et
1572 2177 1658 2205 liuius
1679 2177 1851 2214 quaestionis
1873 2178 1918 2206 de-

1070 2222 1292 2251 terminationem
1315 2223 1412 2259 plures
1433 2223 1598 2251 sustinent¹¹
1621 2223 1691 2252 hene
1724 2223 1918 2260 intelligentes.

1071 2269 1101 2297 Et
1122 2269 1254 2297 dominus
1274 2269 1445 2303 Gulielmus,
1462 2269 1623 2298 Parisiensis
1637 2270 1802 2306 episcopus,
1825 2270 1851 2298 in
1873 2270 1919 2299 de-
1933 2274 1987 2292 Nota-

1071 2316 1246 2344 terminando
1268 2316 1294 2344 in
1317 2316 1420 2345 scholis
1441 2316 1568 2345 Fratrum
1593 2317 1730 2344 Minorum
1752 2317 1919 2354 approbavit

1071 2420 1113 2445 tur,
1132 2419 1185 2447 quia
1204 2418 1248 2440 sub
1265 2421 1400 2446 tvgumonio
1417 2418 1572 2446 corporalium
1591 2425 1668 2441 rorum
1687 2419 1760 2441 xii-ius
1780 2420 1857 2442 (lirina
1884 2426 1919 2442 so-

1070 2458 1154 2479 cratius
1171 2458 1267 2480 salutem
1286 2456 1320 2487 [vi
1328 2457 1350 2487 ?]
1367 2458 1495 2480 eorundem
1509 2458 1710 2481 sacramentorum
1723 2462 1844 2487 operatum
1858 2459 1919 2482 uude

1070 2500 1091 2519 nt
1103 2504 1114 2519 a
1127 2497 1222 2520 secretis
1234 2497 1370 2523 virtutibus,
1384 2497 1419 2519 xci
1432 2505 1443 2519 a
1456 2497 1532 2520 sacris
1544 2499 1690 2520 Sacramenta
1704 2498 1817 2520 (licuntur.
1826 2510 1858 2514 —
1870 2499 1918 2520 Mox

1071 2543 1112 2564 pro
1125 2536 1168 2558 tm«-
1182 2537 1287 2564 permulti
1300 2536 1367 2558 codd.
1378 2536 1441 2560 llaec.
1455 2537 1523 2558 l'aulo
1535 2537 1629 2559 insci-ius
1639 2542 1689 2565 post
1700 2537 1785 2560 huberte
1795 2545 1838 2560 non
1852 2539 1918 2566 paui-i

1070 2575 1137 2597 codd.
1155 2575 1279 2597 adnvctuut
1296 2575 1413 2598 sie-tutem.

1132 2613 1141 2628 ὅ
1161 2614 1216 2635 Vitli-
1234 2621 1303 2642 supra
1322 2614 1343 2636 ιΙ.
1366 2615 1398 2637 lt).
1416 2622 1435 2637 a.
1458 2615 1475 2637 l.
1494 2622 1515 2644 (1.
1533 2616 1550 2637 l.
1563 2618 1584 2637 ct
1602 2615 1623 2637 d.
1643 2616 1679 2637 20.
1698 2622 1719 2644 q.
1734 2615 1754 2638 4.
1768 2617 1826 2638 rirca
1846 2616 1915 2638 (lut-nl

1070 2660 1134 2681 corp.
1153 2665 1182 2669 -
1201 2654 1294 2676 interius
1312 2660 1354 2681 pro
1369 2653 1486 2683 pactionis
1505 2655 1554 2677 Vat-
1571 2654 1694 2683 passionis.

1133 2692 1142 2706 ⁷
1159 2692 1225 2714 Mai-c,
1247 2693 1281 2719 ¹6,
1303 2693 1335 2714 lli.
1354 2705 1383 2708 —
1400 2692 1455 2714 Cod.
1473 2693 1488 2714 F
1506 2692 1547 2715 ‘aba'
1563 2693 1656 2715 (licitur.
1676 2694 1770 2716 interius
1787 2694 1854 2716 codd.
1870 2695 1885 2716 ll
1897 2695 1915 2716 K

1071 2731 1086 2752 L
1097 2731 1115 2751 V
1133 2737 1159 2753 aa
1177 2731 1283 2753 muniunt
1300 2730 1417 2753 virtulem.

1134 2769 1143 2784 Β
1162 2770 1220 2792 loun.
1243 2770 1275 2796 lt),
1293 2769 1329 2792 at.
1348 2770 1392 2792 Cir.
1411 2773 1464 2792 tom.
1484 2771 1496 2792 l.
1516 2777 1568 2798 pag.
1588 2772 1608 2797 2,
1627 2774 1677 2793 notu
1701 2772 1732 2793 l9.

1133 2809 1143 2823 ⁹
1162 2809 1217 2831 Vidn
1235 2816 1304 2837 supra
1324 2809 1345 2831 (l.
1365 2809 1400 2831 25.
1426 2816 1445 2831 a.
1473 2810 1494 2832 Ξ.
1521 2817 1542 2838 q.
1570 2811 1590 2832 2.
1609 2811 1629 2832 iu
1649 2818 1713 2838 roro
1730 2823 1760 2827 ·--
1779 2812 1847 2833 Paulo
1865 2815 1916 2834 autc

1072 2855 1113 2876 pro
1130 2847 1294 2877 suscipiuntur
1310 2848 1362 2869 cdd.
1381 2855 1434 2870 cum
1452 2848 1537 2877 aliquoi
1555 2849 1623 2871 codd.
1640 2849 1779 2878 suscipiunt.

1136 2886 1153 2900 ¹0
1171 2887 1229 2908 llam·
1248 2887 1309 2908 tortia
1328 2887 1384 2909 ratio
1403 2887 1545 2909 ansidei-auu·
1563 2888 1583 2910 in
1601 2888 1653 2910 vdit.

1136 2925 1151 2939 ¹¹
1171 2926 1226 2957 Cod.
1245 2927 1260 2947 A
1281 2926 1348 2948 llum:
1365 2925 1460 2948 modum
1479 2925 1570 2949 ‹liumuli
1586 2926 1609 2949 in
1628 2927 1701 2950 liuius
1713 2928 1857 2957 quaestionis
1874 2930 1916 2951 ter-

1071 2964 1200 2987 minatione
1215 2964 1296 2993 pluri-s
1313 2964 1485 2988 sustinuerunt.
