2166 3366
15 1529 46 1547 Ad
58 1529 132 1553 opposi-

701 156 784 184 DlST.
808 156 919 185 xxvtlt.
941 157 1014 185 ΛΒΤ.
1037 157 1152 186 UNlCUS
1175 157 1312 193 QUAEST.
1335 157 1351 184 l.

146 237 238 263 movet
259 234 451 271 quaestionem
473 238 500 263 et
521 234 698 263 determinat.
714 234 741 262 ln
758 235 881 263 secunda
901 238 994 264 aucto-

146 282 227 310 ritate
248 281 393 318 Augustini
414 280 577 316 confirmat,
597 281 653 310 ibi:
678 282 813 317 Quotam*
832 281 908 310 enim
930 282 993 310 dili-

143 329 239 366 qencla
260 332 346 362 amat,
368 332 400 357 ut
421 329 465 357 ait
486 328 681 366 Auyustimcs.

224 375 305 410 item,
327 375 450 404 secunda
473 383 538 412 pars
559 375 695 404 dividitur
716 375 744 404 iu
766 376 846 405 duas.
878 376 906 404 ln
927 384 994 413 qua-

1842 159 1894 187 621

1050 243 1114 264 rum
1136 235 1226 272 prima
1249 238 1372 264 removet
1395 235 1514 264 dubium
1535 235 1569 264 de
1591 235 1709 272 Angelis.
1732 236 1760 264 ln
1775 236 1899 265 secunda

1050 290 1116 311 vero
1137 282 1172 311 de
1193 282 1318 317 Christo,
1341 282 1396 311 ihi:
1421 281 1568 311 Clo-istum
1592 291 1680 316 vero,
1702 283 1731 310 2²11
1755 287 1897 321 qztct-nlum

1050 328 1133 357 homo
1154 333 1205 358 etc.
1229 329 1327 358 Ultima
1350 337 1416 358 vero
1438 337 1502 366 pars
1524 333 1650 358 remanet
1672 330 1800 358 indivisa.

797 475 984 504 TRACTATIO
1005 475 1250 512 QUAESTIONUM.

223 574 261 603 Ad
283 573 492 611 intelligentiam
515 577 609 603 autem
633 574 717 603 liuius
733 574 820 612 partis
836 574 931 603 incidit
946 575 989 603 hic

143 621 269 659 quaestio
290 621 363 650 circa
385 628 444 650 sex.

223 668 314 696 Primo
336 668 497 705 quaeritur,
519 671 616 697 utrum
638 676 674 697 ex
697 668 812 697 caritate
834 668 991 705 diligendae

143 713 197 742 sint
218 717 364 742 creaturae
386 713 569 743 irrationales.

221 760 348 789 Secundo
369 761 531 798 quaeritur,
551 764 647 789 utrum
669 768 706 790 ex
728 761 842 790 caritate
857 761 990 798 diligendi

141 807 196 836 sint
218 808 376 837 daemones.

221 855 313 884 Tertio
334 855 496 893 quaeritur,
518 858 615 884 utrum
648 863 684 884 ex
713 855 828 884 caritate
857 855 991 892 diligendi

1048 575 1103 603 sint
1124 574 1189 603 mali
1212 575 1346 603 homines.

1128 622 1233 658 Quarto
1264 621 1426 658 quaeritur,
1448 625 1545 651 utrum
1567 630 1603 650 ex
1626 623 1741 651 caritate
1764 623 1819 652 sint
1840 623 1900 652 dili-

1049 668 1139 705 genda
1160 676 1278 705 corpora
1299 671 1401 697 nostra.

1127 715 1229 751 Quinto
1250 715 1412 752 quaeritur,
1434 718 1530 744 utrum
1553 723 1588 745 ex
1618 716 1732 745 caritate
1758 717 1898 754 diligenda

1049 762 1103 791 sint
1124 761 1196 790 dona
1217 762 1347 798 gratuita.
1775 782 1783 790 ,

1127 809 1212 838 Sexto
1233 812 1260 837 et
1281 809 1381 838 ultimo
1402 810 1549 847 quaeritur
1571 810 1605 839 de
1627 810 1834 847 diligendorum
1851 820 1900 840 nu-

1050 863 1128 884 mero
1149 858 1176 884 et
1197 855 1373 884 sufficientia.

808 954 1044 988 ARTICULUS
1070 954 1231 988 UNICUS.

737 1050 778 1078 De
798 1049 915 1078 obiectis
936 1058 971 1077 ex
992 1049 1118 1078 caritate
1140 1049 1306 1087 (Iz'liyemle's.

922 1148 1085 1185 Quaesuo
1108 1149 1125 1176 ι.

533 1235 638 1264 Utrum
659 1244 694 1263 ca·
715 1235 842 1264 caritate
863 1235 1028 1273 diliqenclae
1048 1235 1108 1264 sint
1129 1240 1287 1265 creaturae
1309 1236 1510 1265 irrationale-5.

221 1336 299 1364 Circa
314 1335 438 1372 primum
454 1335 493 1363 sic
507 1334 670 1372 proceditur
685 1338 712 1363 et
727 1334 882 1371 quaeritur,
894 1337 990 1363 utrum

143 1391 177 1412 ex
200 1382 315 1412 caritate
337 1382 494 1419 diligendae
515 1381 570 1410 siut
592 1384 738 1410 creaturae
761 1381 944 1409 irrationales.
963 1381 992 1410 Et

143 1429 218 1467 quod
240 1430 295 1464 sic,
319 1429 438 1458 videtur.

225 1478 250 1505 1.
271 1476 427 1514 Sapientiae
449 1475 631 1504 undecimo¹:
660 1474 766 1512 Ditiqz‘s
798 1475 916 1508 omnia,
942 1475 993 1503 Do-

144 1524 238 1557 mine,
259 1527 285 1552 et
304 1522 380 1551 nihil
400 1522 489 1551 odisti
509 1530 611 1550 corum
639 1530 714 1560 quae
745 1520 859 1559 factm,-
880 1521 927 1550 sed
951 1529 993 1550 ca-

144 1570 211 1599 ritas
239 1570 304 1599 facit
335 1577 385 1598 nos
417 1569 534 1606 diligere
563 1568 743 1597 conformiter
776 1568 848 1597 Deo:
880 1576 947 1605 ergo
969 1568 992 1597 si

143 1617 232 1651 Deus⁷
254 1616 301 1654 qui
324 1620 366 1645 est
387 1616 504 1650 caritas,
526 1615 616 1652 diligit
637 1618 782 1644 creaturas
803 1614 992 1649 irrationales;

143 1664 270 1698 ridetur,
299 1663 374 1700 quod
406 1665 434 1691 et
465 1662 592 1691 homines
624 1662 767 1691 caritatem
789 1661 924 1690 habentes
945 1669 992 1690 eas

142 1718 179 1740 ex
199 1710 314 1740 caritate
336 1709 456 1738 debeant
477 1708 601 1746 diligere.

222 1758 249 1786 2.
270 1757 350 1791 Item,
372 1759 518 1785 creaturae
540 1755 690 1784 rationales
718 1763 752 1784 ex
787 1756 902 1784 caritate
934 1755 993 1784 dili-

143 1805 249 1843 gendae
271 1807 350 1839 suut,
371 1806 486 1841 propter
509 1803 560 1832 hoc
582 1803 656 1840 quod
680 1803 783 1832 habent
797 1803 919 1840 aliquam
942 1803 990 1831 Dei

144 1852 370 1887 similitudineni;
392 1851 440 1880 sed
463 1851 489 1880 in
506 1851 644 1880 creaturis
660 1851 870 1880 irrationalibus
885 1850 992 1880 relucet

144 1900 192 1929 Dei
215 1899 385 1934 similitudo,
408 1899 471 1927 licet
493 1898 586 1927 minus
607 1898 730 1935 perfecte
761 1906 845 1935 quam
870 1898 896 1926 in
918 1905 992 1926 crea-

145 1947 215 1976 turis
237 1945 437 1980 rationalibus;
454 1945 560 1974 relucet
575 1944 648 1973 enim
664 1944 739 1974 Deus
761 1944 788 1973 in
809 1945 849 1973 eis
871 1945 943 1974 sicut
964 1944 990 1973 in

144 1994 300 2032 vestigio²:
324 2001 390 2030 ergo
412 1993 433 2021 si
456 1992 610 2021 similitudo
632 1992 680 2021 Dei
702 1995 744 2021 est
765 1991 836 2020 ratio
858 1992 990 2029 diligendi

144 2049 179 2071 ex
202 2041 332 2074 caritate,
355 2040 482 2073 videtur.
505 2039 580 2077 quod
606 2043 715 2068 ceterae
747 2042 893 2068 creaturae
925 2039 992 2068 irra-

142 2088 258 2118 tionales
280 2096 314 2117 ex
338 2087 452 2116 caritate
473 2086 630 2123 diligendae
652 2086 715 2115 sint.

223 2135 249 2164 3.
272 2135 354 2169 Item,
377 2135 449 2163 sicut
469 2133 504 2162 ad
526 2133 610 2162 fidem
627 2134 747 2171 pertinet
762 2133 886 2168 credere,
902 2134 990 2162 Deum

143 2191 203 2212 esse
236 2186 388 2211 creatorem
422 2184 617 2210 creaturarum
651 2180 850 2215 rationalium,
883 2181 920 2208 ita
955 2181 990 2209 ad

145 2230 232 2267 ipsam
255 2232 361 2266 spectat
383 2228 514 2262 credere,
537 2228 628 2265 ipsum
658 2235 719 2256 csse
747 2231 901 2256 creatorem
925 2227 992 2256 irra-

145 2276 306 2310 tionalium3
328 2279 354 2304 et
376 2275 447 2304 sicut
464 2275 621 2304 intellectus
636 2278 731 2303 noster
746 2274 886 2311 cognoscit
902 2274 989 2303 Deum

145 2323 170 2352 in
192 2323 329 2351 creaturis
345 2330 394 2359 per
409 2325 553 2351 creaturas
575 2321 741 2354 rationales,
758 2321 795 2350 ita
810 2324 836 2350 et
856 2329 905 2358 per
926 2322 991 2349 irra-

145 2369 275 2403 tionales,
299 2369 361 2397 licet
382 2369 476 2397 minus
497 2368 614 2405 plene³z
638 2368 658 2396 si
682 2376 749 2404 ergo
771 2367 840 2396 [ides
861 2371 888 2396 et
902 2367 991 2404 cogni-

145 2416 181 2445 tio
202 2420 229 2444 ct
250 2415 446 2452 contemplatio
469 2414 556 2452 ipsius
578 2414 625 2442 Dei
659 2414 849 2443 indifferenter
879 2414 991 2450 respicit

146 2464 219 2501 ipsas
240 2466 385 2491 creaturas
418 2462 566 2490 rationales
597 2464 624 2490 et
657 2461 845 2495 irrationalc&
868 2461 927 2498 pari
951 2469 990 2489 ra-

146 2511 217 2539 tiont¹
242 2509 364 2542 videtur,
386 2508 459 2546 quod
493 2512 519 2536 ct
548 2508 606 2545 ipsa
629 2507 750 2544 gratuita
776 2507 902 2536 dilectio:
925 2515 992 2543 crgo

209 2643 213 2657 ¹
236 2643 299 2665 vers.
318 2643 358 2664 255:
378 2642 456 2669 Diligis>
473 2642 534 2663 cuitu
553 2642 628 2663 omnia
645 2647 703 2669 quae
716 2644 779 2668 sunt,
797 2645 818 2663 vt
836 2642 890 2663 niliil
907 2645 950 2663 etc.
965 2653 992 2657 --

146 2683 167 2704 lu
186 2682 286 2705 conotus.
300 2682 419 2709 respicitur
437 2680 492 2702 illud
505 2680 518 2702 l.
538 2680 596 2702 ioan.
616 2680 636 2707 ί,
650 2682 677 2702 Νι
690 2681 732 2707 Qui
751 2687 795 2702 nou
808 2681 880 2708 diligit
898 2687 941 2702 nou
956 2687 992 2702 uo-

147 2722 177 2743 vit
196 2722 279 2748 lli-uni,
298 2721 406 2749 quoniam
426 2720 485 2741 licus
503 2720 584 2742 caritas
601 2723 641 2742 cst.

207 2760 216 2774 ‘2
234 2760 278 2782 Cl'r.
298 2760 311 2781 l.
329 2760 389 2781 Sent.
408 2760 429 2780 (l.
449 2759 468 2780 3.
488 2765 509 2786 p.
533 2759 549 2780 l.
568 2765 589 2787 ‘l-
609 2759 629 2780 27...
648 2759 668 2780 iu
688 2759 739 2780 Huc,
753 2770 781 2773 —-
801 2758 832 2779 Dc
849 2757 937 2780 ‘nauium'
953 2758 992 2780 cfr.

147 2801 250 2827 August,
269 2799 283 2821 Ι.
301 2798 329 2820 ‹le
348 2799 422 2820 lim-tr.
440 2799 516 2820 vlu-ist.
535 2804 554 2819 c.
573 2798 608 2819 22.
628 2804 647 2818 n.
667 2797 704 2819 20.
722 2803 769 2826 seq.
789 2810 816 2812 fi
831 2797 924 2819 luti-rins
942 2797 992 2819 rod.

146 2839 160 2859 A
181 2838 238 2859 lien«-
255 2838 335 2860 omtult
353 2839 449 2860 veter-ne.

208 2875 217 2890 ³
236 2876 293 2898 vide
311 2877 324 2898 l.
343 2878 403 2899 Sunt.
422 2877 443 2898 ‹l⁴
463 2877 482 2898 3.
502 2883 523 2904 1».
547 2876 559 2897 Ι.
579 2882 600 2904 q.
620 2877 640 2898 2,
659 2875 686 2897 :ul
709 2875 730 2901 i,
749 2879 769 2897 ct
794 2876 892 2897 tum-rar.
912 2876 993 2897 mentis

148 2917 167 2937 in
187 2915 272 2943 Deum,
290 2922 310 2937 c.
333 2916 349 2937 l.
368 2922 431 2944 seqq.

210 2953 218 2967 ⁴
236 2955 339 2981 August..
362 2954 462 2976 linai-rat.
481 2955 501 2975 iu
528 2954 561 2975 νς,
580 2954 605 2980 u,
632 2953 669 2975 lti:
688 2953 712 2975 lo
738 2952 821 2982 loom-o
845 2952 900 2980 islo!
924 2959 991 2982 quem

1050 1334 1174 1369 videtur,
1197 1335 1271 1372 quod
1294 1339 1321 1364 et
1342 1336 1518 1365 irrationales
1539 1339 1686 1365 creaturae
1715 1345 1750 1365 ex
1784 1338 1898 1367 caritate

1050 1381 1126 1418 diligi
1155 1386 1288 1419 possunt,
1310 1390 1374 1411 cum
1396 1383 1498 1412 caritas
1529 1383 1567 1412 ita
1588 1387 1662 1412 amet
1692 1384 1796 1419 Deum,
1826 1385 1897 1414 sicut

1050 1429 1120 1458 fides
1135 1429 1233 1458 credit.

1128 1477 1154 1505 [ι.
1177 1477 1259 1512 item,
1291 1477 1382 1506 virtus
1412 1481 1439 1506 et
1471 1477 1570 1507 vitium
1604 1478 1706 1507 liabent
1738 1487 1798 1508 esse
1825 1479 1898 1509 circa

1050 1523 1139 1552 idem:
1162 1531 1229 1560 ergo
1250 1523 1324 1552 circa
1345 1524 1420 1561 quod
1444 1524 1527 1553 habet
1548 1532 1609 1553 esse
1630 1533 1709 1554 amor
1731 1525 1848 1555 vitiosus
1871 1527 1900 1555 li-

1050 1569 1152 1599 bidinis
1173 1573 1200 1599 et
1222 1571 1398 1608 cupiditatis,
1421 1571 1494 1600 circa
1516 1571 1589 1600 idem
1623 1572 1706 1601 habet
1737 1581 1797 1602 esse
1819 1582 1899 1603 amor

1049 1616 1189 1653 gratuitus
1210 1620 1238 1646 et
1258 1617 1416 1652 caritatis⁴3
1439 1618 1487 1647 sed
1515 1618 1598 1647 homo
1631 1622 1720 1656 potest
1752 1619 1899 1650 libidinose

1049 1666 1076 1692 et
1097 1663 1198 1700 cupide
1220 1672 1315 1693 amare
1347 1667 1492 1693 creaturas
1523 1665 1713 1695 irrationales:
1745 1674 1812 1704 ergo
1838 1668 1898 1704 pari

1050 1710 1156 1739 ratione
1178 1711 1304 1745 videtur,
1325 1711 1401 1748 quod
1423 1712 1467 1740 vir
1489 1711 1580 1741 iustus
1602 1721 1638 1741 ex
1661 1713 1775 1742 caritate
1798 1714 1899 1744 habeat

1048 1765 1095 1786 eas
1117 1757 1242 1794 diligere.

1129 1805 1154 1832 5.
1178 1804 1260 1839 ltem,
1282 1805 1384 1842 aliquis
1406 1805 1497 1842 diligit
1519 1806 1591 1834 hona
1607 1807 1781 1844 temporalia,
1797 1811 1828 1837 ut
1849 1816 1899 1846 per

1051 1850 1097 1879 illa
1119 1851 1223 1880 serviat
1244 1851 1309 1886 Deo,
1332 1852 1404 1881 sicut
1426 1852 1469 1881 vir
1485 1853 1575 1882 iustus
1597 1853 1687 1891 diligit
1701 1855 1899 1892 possessiones,

1049 1901 1080 1926 ut
1099 1898 1181 1927 saciat
1202 1898 1406 1936 eleemosynas3
1428 1899 1477 1928 sed
1500 1903 1623 1934 constat,
1645 1902 1720 1938 quod
1743 1902 1805 1931 talis
1820 1911 1899 1931 amor

1049 1949 1091 1974 est
1111 1954 1190 1974 amor
1213 1946 1388 1981 meritorius;
1411 1947 1460 1976 sed
1482 1955 1562 1976 amor
1590 1948 1752 1977 meritorius
1774 1950 1899 1987 procedit

1048 2000 1085 2021 ex
1107 1993 1253 2022 caritate⁵z
1283 2001 1350 2030 ergo
1372 1994 1497 2028 videtur,
1530 1995 1605 2032 quod
1635 1995 1701 2024 talia
1727 1996 1899 2026 irrationalia

1049 2040 1103 2068 sint
1124 2048 1161 2068 ex
1183 2040 1297 2069 caritate
1320 2040 1470 2078 diligenda.

1128 2087 1180 2114 San
1201 2094 1329 2115 CONTRA:
1356 2088 1378 2115 1.
1396 2088 1566 2124 Augustinus
1581 2088 1647 2117 dicit
1663 2089 1689 2117 in
1707 2089 1778 2118 libro
1800 2090 1834 2119 de
1850 2091 2039 2119 Do-Fundamenm-

1048 2134 1137 2163 ctrina
1159 2134 1326 2165 christiana.
1349 2138 1375 2163 et
1397 2135 1518 2164 liabetur
1540 2135 1566 2164 in
1590 2136 1681 2165 littera
1707 2138 1900 2174 praecedentis

1049 2181 1272 2210 distinctionis⁶z
1301 2193 1313 2207 «
1327 2181 1362 2209 Ea
1384 2182 1441 2210 sola
1464 2190 1500 2211 ex
1522 2183 1637 2212 caritate
1660 2187 1725 2212 sunt
1747 2184 1898 2221 diligenda,

1048 2236 1120 2266 quae
1135 2228 1280 2257 nobiscum
1297 2229 1426 2258 societate
1441 2230 1562 2266 quadam
1579 2230 1741 2259 reseruntur
1756 2231 1781 2258 iu
1799 2230 1897 2259 Deum.

1048 2275 1121 2303 sicut
1142 2278 1184 2303 est
1206 2275 1289 2302 liomo
1320 2279 1345 2302 el
1379 2275 1499 2311 Angelus
1531 2275 1574 2304 vel
1603 2284 1707 2313 corpus
1729 2279 1857 2304 nostrum
1869 2287 1896 2311 »ς

1049 2321 1096 2350 sed
1120 2321 1185 2349 talia
1206 2329 1259 2349 non
1283 2324 1348 2349 suut
1371 2321 1555 2349 irrationalia:
1578 2330 1644 2359 ergo
1666 2326 1717 2351 etc.

1128 2369 1154 2395 ⁹2.
1177 2367 1259 2399 item,
1275 2367 1428 2404 principale
1443 2368 1582 2396 obiectum
1599 2369 1721 2397 caritatis
1736 2372 1777 2398 est
1790 2370 1894 2399 Bonum

1050 2415 1220 2447 increatum,
1242 2422 1305 2443 cum
1330 2414 1430 2442 caritas
1463 2415 1497 2443 sit.
1527 2415 1615 2443 virtus
1639 2416 1807 2453 theologica:
1829 2425 1896 2455 crgo

1049 2468 1112 2489 cuin
1135 2460 1236 2489 caritas
1258 2461 1339 2489 faciat
1362 2461 1398 2489 illi
1423 2461 1494 2489 bono
1515 2461 1670 2491 adhaerere
1692 2466 1719 2491 et
1741 2463 1800 2500 ipso
1826 2464 1895 2497 frui.

1049 2507 1116 2536 nillil
1142 2507 1166 2535 iu
1190 2507 1296 2535 mundo
1318 2507 1420 2544 diligit,
1447 2508 1497 2537 nisi
1528 2509 1602 2545 quod
1637 2510 1683 2538 illo
1706 2510 1776 2539 liono
1798 2514 1894 2540 natum

1050 2640 1236 2669 ubscomlerirut,
1256 2641 1438 2670 rmum-ehensos
1455 2643 1488 2664 as!
1508 2648 1548 2671 prs
1565 2648 1661 2671 portem,
1687 2644 1729 2666 ait:
1748 2644 1790 2666 I'es
1807 2645 1896 2667 auiuiae

1051 2683 1110 2702 recte
1129 2680 1260 2707 intelligitur
1277 2686 1354 2706 autor,
1367 2681 1417 2708 qui.
1431 2687 1483 2702 cuni
1503 2687 1589 2708 praxus
1606 2684 1651 2709 cst,
1670 2685 1766 2705 voratur
1783 2683 1897 2711 cupiditas

1050 2720 1088 2740 aut
1106 2718 1186 2745 libiam
1205 2724 1258 2740 (tutu
1276 2723 1353 2741 auu-iu
1366 2723 1452 2746 rectus·y
1471 2719 1560 2741 ‹lilvrtiu
1579 2721 1614 2741 vel
1633 2721 1720 2743 caritas,
1739 2721 1821 2743 Amon-
1836 2723 1896 2744 cuim

1051 2761 1157 2779 movetur
1174 2760 1282 2786 tanquam
1301 2758 1330 2779 ad
1343 2758 1431 2785 lociuu,
1450 2765 1496 2786 ιμιυ
1514 2759 1591 2781 tetulit.
1605 2759 1678 2781 Locus
1696 2764 1769 2782 nun-ui
1783 2762 1896 2784 anituuc...

1051 2798 1071 2818 in
1095 2797 1258 2823 ‹tulvi-tatione,
1280 2804 1326 2825 qun
1349 2804 1373 2819 si·
1397 2799 1530 2825 pervenisse
1554 2805 1595 2826 ιιι-ι*
1621 2806 1724 2821 autor-vui
1748 2800 1849 2823 lactatur.
1866 2813 1897 2818 --

1051 2835 1130 2858 Maior
1147 2837 1247 2858 innititur
1265 2837 1285 2858 iu
1305 2837 1341 2858 illu
1358 2837 1482 2859 uxiouiute:
1505 2839 1609 2865 impositu
1629 2841 1678 2860 nula
1701 2842 1752 2860 suut
1771 2839 1818 2862 fleri
1837 2840 1895 2863 circa

1051 2875 1122 2900 idcio:
1142 2875 1170 2896 «lu
1188 2882 1234 2903 quo
1252 2875 1304 2897 vidi*
1322 2882 1391 2903 supra
1411 2882 1463 2903 pag.
1481 2877 1506 2897 til
1518 2894 1523 2904 ‚
1543 2879 1593 2899 nolu
1612 2878 1633 2899 3.

1113 2914 1122 2928 ⁵
1140 2915 1184 2936 tltr.
1203 2921 1271 2942 supra
1292 2922 1344 2943 pag.
1363 2916 1415 2943 387,
1435 2919 1485 2937 nolu
1505 2917 1524 2938 3.

1113 2953 1122 2967 ss
1140 2954 1194 2981 tlap.
1213 2954 1236 2981 R,
1256 2954 1294 2976 utu
1314 2954 1398 2976 :lictum
1418 2956 1514 2981 August.
1533 2956 1621 2983 plenius
1640 2956 1743 2979 lialwtur.
