2166 3366
0 2060 136 2081 Fundamenta.

731 198 814 226 DIST.
837 198 937 226 xxvii.
959 199 1031 227 ΛΒΤ.
1055 198 1082 226 ll.
1106 199 1241 235 QUAEST.
1264 199 1291 226 ll.

1843 202 1899 229 1505

893 328 1154 364 SOHOLION.

208 420 222 442 l.
240 419 272 442 De
290 420 332 442 hac
355 419 396 447 (l.)
413 419 546 448 quaestione
563 418 645 440 dilluse
664 418 764 446 disputat
786 418 866 440 Guliel.
887 419 994 440 Autissio-

146 459 250 481 dorensis
267 459 345 485 (Sum.
363 458 396 480 lll.
414 462 441 480 tr.
463 458 495 479 16.
509 464 530 486 q.
553 458 580 486 l.)
599 461 621 480 et
636 457 741 485 resolvit,
758 457 821 486 quod
843 466 853 478 ι
866 458 942 486 potius
959 460 992 480 est

145 499 252 520 meritum
265 498 287 519 in
300 497 344 520 fide
362 503 432 526 quam
444 497 466 519 in
484 497 576 519 caritate
589 505 608 518 ι.
622 496 667 518 Sed
680 496 708 518 de
720 497 764 519 hoe
781 497 875 525 antiquo
887 500 993 524 auctore,

145 537 195 559 licet
212 537 240 559 sit
257 539 338 559 acutus
354 539 375 558 et
392 536 486 563 doctus,
510 536 559 558 iure
577 535 685 558 observat
707 536 832 564 Dionysius
853 534 928 558 Carth.
947 536 993 563 (lll.

145 576 206 598 Seut.
225 576 246 598 d.
265 576 302 598 30.
320 582 342 604 q.
360 575 404 603 3.)‚
423 575 486 604 quod
509 578 543 597 cst
564 576 605 597 «in
629 574 777 603 opinionibus
797 576 846 597 suis
863 575 994 604 frequenter

144 615 267 643 singularis
278 617 300 637 et
317 616 444 642 extremus:
457 620 509 636 nam
527 617 549 636 et
567 614 688 641 proprium
707 619 793 642 corpus
809 613 863 636 dicit
879 620 929 636 esse
942 613 994 642 plus

145 652 289 681 diligendum
307 658 377 681 quam
391 653 522 680 proximum
532 661 553 674 ι.
566 652 764 675 Commentatores
775 654 851 674 autem
869 652 993 674 Lombardi

146 693 204 715 hanc
221 693 378 721 quaestionem
397 692 535 720 plerumque
553 694 648 714 tractant
670 692 726 714 infra
747 692 769 713 in
787 691 930 714 distinctione
952 692 993 719 30,

144 735 166 754 et
182 732 311 759 resolvunt,
330 731 392 760 quod
415 731 569 760 principalitas
593 732 666 754 meriti
684 734 717 754 est
735 732 756 753 in
775 732 880 760 caritate,
904 732 925 753 in
944 731 994 754 aliis

144 770 278 799 virtutibus,
296 770 424 793 secuudum
436 770 499 799 quod
512 771 604 793 caritate
621 770 779 793 informantur.
793 771 903 798 Principia
916 774 993 793 autem

145 810 181 832 hic
198 811 270 838 posita
289 812 414 838 tanguntur
431 810 452 831 iu
470 810 519 832 aliis
536 809 721 838 quaestionibus,
739 810 874 838 praesertim
896 810 924 832 de
942 816 994 832 cou-

145 848 229 871 ditione
246 848 276 871 ad
293 849 400 871 meritum
423 849 542 877 requisita,
566 848 630 877 quod
653 849 737 871 scilicet
759 848 788 871 ad
811 849 904 876 plenum
928 850 994 871 meri-

144 892 192 911 tum
210 891 274 911 actus
291 889 401 910 virtutum
419 888 515 910 aliarum
533 887 613 910 saltem
631 888 758 910 virtualiter
775 887 874 911 debeant
891 894 941 911 esse
954 889 993 910 im-

144 927 216 955 perati
237 934 249 949 a
273 927 375 955 caritate,
399 926 429 950 de
450 933 497 956 quo
519 927 560 949 cir.
583 927 605 950 S.
628 927 719 954 Thom„
737 927 760 949 S.
777 927 790 949 l.
810 927 832 949 ll.
856 934 877 956 q.
898 927 949 949 «¹14.
973 934 993 950 a.

146 966 170 994 =i;
187 966 281 995 Bonan,
294 967 319 989 ll.
335 967 396 989 Sent.
414 966 436 988 d.
454 966 491 988 29.
509 972 530 989 a.
548 967 569 988 3.
587 973 609 995 q.
628 967 653 995 2,
672 966 694 989 d.
713 966 750 989 38.
768 973 787 989 a.
810 967 827 989 1.
846 973 868 996 q.
892 967 908 989 l.
927 967 951 995 2,
971 967 992 989 d.

145 1005 181 1027 40.
199 1011 219 1027 a.
239 1006 259 1027 l.
277 1011 298 1034 q.
321 1006 338 1027 l.
357 1006 378 1027 2.
397 1006 421 1034 3,
439 1005 461 1027 d.
480 1005 516 1027 41.
535 1012 555 1027 a.
577 1006 594 1028 l.
613 1012 635 1035 q.
653 1006 674 1028 3.
692 1005 721 1028 ad
738 1006 764 1034 ὃς
783 1006 814 1028 ΙΙΙ.
836 1006 896 1028 Seut.
915 1006 936 1028 d.
956 1006 991 1028 36.

144 1050 166 1073 q.
183 1044 210 1072 6,·
228 1044 264 1066 lV.
281 1045 342 1066 Seni.
360 1044 382 1066 d.
401 1045 437 1067 20.
456 1050 478 1072 p.
497 1044 520 1067 ll.
539 1050 558 1066 a.
581 1045 598 1066 Ι.
616 1050 639 1073 q.
658 1045 677 1066 l.
696 1044 725 1067 ad
743 1045 809 1067 5.-
825 1045 888 1073 Quae
906 1045 943 1067 hic
960 1045 993 1067 di>

143 1087 226 1106 cuntur
242 1083 272 1106 de
289 1082 427 1106 excellentia
445 1084 544 1106 caritatis
560 1083 691 1112 approbant
708 1083 729 1106 S.
748 1084 839 1112 Thonm,
853 1084 874 1106 S.
887 1084 910 1106 ll.
929 1084 951 1106 ll.
970 1091 992 1113 q.

144 1123 181 1145 23.
198 1129 218 1145 a.
235 1122 261 1150 6,
279 1123 363 1151 aliique
380 1124 573 1146 commentatores
595 1123 652 1145 Petri
669 1123 792 1146 Lombardi
810 1124 867 1146 infra
880 1124 902 1146 d.
922 1124 958 1146 36.
971 1125 992 1146 in

144 1163 277 1191 quaestione
295 1161 324 1184 de
336 1162 472 1191 aequalitate
489 1163 608 1185 virtutum.
620 1162 765 1186 Concordant
783 1163 853 1186 verba
871 1164 992 1186 Alexandri

143 1201 192 1223 Hal.
211 1201 245 1229 (S.
264 1207 286 1229 p.
305 1201 340 1223 lV.
358 1207 380 1230 q.
397 1201 430 1223 10.
448 1207 480 1224 m.
497 1202 518 1224 2.
537 1208 556 1224 a.
574 1202 595 1224 l.
607 1202 621 1230 ⁸3,
639 1202 690 1231 3.):
704 1210 714 1222 α
727 1201 813 1225 Caritas
830 1203 852 1224 in
870 1202 993 1226 virtutibus

143 1244 176 1263 est
193 1240 400 1269 complementum,
418 1246 446 1262 eo
463 1240 526 1270 quod
539 1240 600 1263 idem
613 1244 659 1269 est,
677 1241 698 1263 in
714 1241 777 1270 quod
791 1242 869 1264 transit
886 1243 954 1265 actus
972 1245 993 1265 et

142 1278 213 1310 fini3;
230 1280 283 1308 quia
302 1279 363 1301 idem
381 1282 415 1302 est
432 1280 453 1301 in
472 1280 556 1302 unitate
569 1279 633 1309 quod
649 1280 750 1309 diligitur
767 1285 789 1303 et
806 1282 903 1310 propter
914 1281 990 1311 quod,

141 1319 195 1348 quia
208 1318 310 1347 diligitur
320 1324 439 1341 summum
452 1319 541 1341 Bonum
554 1322 575 1342 et
587 1322 683 1347 propter
697 1325 815 1342 summum
832 1321 929 1343 Bonum.
948 1321 992 1343 Nec

143 1359 176 1381 sic
191 1360 226 1381 est
243 1359 265 1380 in
287 1358 346 1386 aliis,
369 1361 393 1381 ut
410 1359 431 1381 in
455 1358 500 1382 fide
521 1361 543 1381 et
560 1360 655 1387 iustitia3
677 1359 717 1382 sed
740 1360 822 1382 caritas
839 1364 873 1383 est
890 1361 947 1383 ratio
971 1362 992 1383 in

143 1397 200 1420 aliis.
217 1397 312 1419 Diffusio
328 1398 389 1419 enirn
406 1398 456 1419 sive
473 1398 652 1420 communicatio
675 1397 728 1420 boni
745 1398 795 1421 sive
813 1398 864 1421 linis
885 1402 918 1421 est
936 1400 993 1422 ratio

144 1437 166 1458 in
183 1435 292 1459 omnibus
311 1436 434 1459 virtutibus
447 1445 468 1458 n.

206 1475 237 1497 De
255 1476 303 1503 ipsa
321 1475 455 1504 quaestione
473 1475 494 1496 in
508 1475 540 1497 ΙΙΙ.
553 1476 613 1498 Seni.
626 1475 648 1497 d.
667 1475 704 1498 30.
719 1479 802 1504 agunt:
817 1477 838 1498 S.
858 1476 948 1505 'l‘hom.,
962 1477 992 1499 ibi

143 1521 162 1537 a.
181 1514 202 1537 5.
219 1526 251 1531 —
267 1515 326 1537 Petr.
344 1520 355 1536 a
380 1514 440 1541 Tar..
460 1514 490 1536 ibi
513 1521 534 1543 q.
553 1515 574 1536 ⁶2.
593 1521 612 1536 a.
631 1515 651 1536 3.
671 1527 700 1530 —
719 1515 824 1537 Richard.
847 1522 858 1537 a
878 1516 943 1544 Most,
962 1516 992 1538 ibi

142 1560 165 1582 q.
184 1553 205 1575 4.
224 1566 254 1569 —
271 1553 363 1581 Dionys.
381 1552 465 1579 Carth..
484 1553 526 1576 loc.
544 1554 580 1576 cit.

206 1593 230 1615 ll.
248 1594 386 1621 sequentem
405 1593 446 1620 (2.)
465 1593 623 1621 quaestionem
641 1594 663 1615 S.
682 1593 765 1615 'l'hom.
784 1594 828 1617 (tlt.
841 1594 902 1616 Sent.
921 1595 942 1617 d.
956 1595 992 1617 29.

142 1639 165 1660 q.
187 1633 204 1654 l.
222 1638 242 1654 a.
266 1632 296 1660 st.)
314 1638 367 1654 cum
385 1632 433 1654 aliis
451 1632 568 1660 magistris
588 1633 616 1655 ita
636 1633 754 1660 proponit:
775 1641 785 1653 er
798 1633 879 1656 Utrum
897 1634 918 1656 iu
938 1634 993 1656 dile-

1050 420 1124 442 ctione
1142 420 1180 441 Dei
1199 421 1269 447 possit
1283 420 1360 443 haberi
1379 423 1497 449 respectus
1513 421 1543 443 ad
1560 421 1660 450 aliquam
1673 421 1805 444 mercedem
1816 429 1841 449 »5
1860 421 1900 444 sed

1051 458 1157 481 Richard.
1175 466 1186 481 a
1206 459 1263 481 Med.
1281 459 1333 488 (hic
1345 468 1364 482 a.
1376 460 1398 482 7.
1411 467 1433 489 q.
1447 460 1478 489 2.)
1497 461 1538 483 ita:
1554 469 1564 480 n
1577 461 1658 483 Utrum
1677 461 1824 489 principalior
1836 464 1900 483 actus

1051 497 1078 519 sit
1096 497 1190 525 diligere
1209 504 1289 520 amore
1305 499 1417 521 amicitiae
1434 505 1505 527 quam
1522 505 1601 522 amore.
1618 500 1817 527 concupiscentiae
1831 508 1852 522 ιι.

1051 536 1116 558 Plura
1135 536 1163 558 ad
1182 537 1240 559 hauc
1260 538 1417 565 quaestionem
1440 540 1564 565 spectantia
1583 538 1635 561 vide
1660 538 1683 561 ll.
1702 539 1762 561 Seut.
1784 538 1806 561 d.
1826 540 1862 561 38.
1880 545 1900 561 a.

1056 575 1073 597 l.
1092 582 1113 604 q.
1132 575 1157 603 33
1176 575 1190 598 l.
1209 576 1269 598 Seni.
1288 576 1309 598 d.
1333 577 1349 598 l.
1368 583 1387 598 a.
1410 577 1427 599 Ι.
1446 584 1467 606 q.
1486 577 1506 599 3.
1526 577 1555 599 ad
1582 578 1599 599 l.
1618 578 1663 599 lam
1685 584 1755 606 supra
1774 577 1806 607 (d.
1826 578 1861 601 26.
1880 585 1899 601 a.

1055 613 1073 636 1.
1092 620 1114 642 q.
1128 614 1159 641 l.)
1177 615 1197 636 in
1216 615 1302 636 scholio
1321 618 1423 637 notatum
1440 619 1484 643 est,
1503 616 1566 644 quod
1585 622 1650 639 amor
1665 617 1704 638 Dei
1721 617 1788 639 etiam
1806 618 1901 645 purissi-

1051 658 1104 674 mus
1121 659 1165 675 non
1183 653 1283 675 excludit
1300 656 1364 676 actus
1381 655 1442 682 spei,
1463 655 1534 677 immo
1555 663 1565 675 <1
1579 656 1677 678 maxima
1698 657 1779 678 caritas
1802 657 1900 679 maxime

1052 686 1166 715 desiderat
1184 693 1242 714 uniri
1260 693 1307 715 Deo
1325 696 1346 716 et
1368 693 1453 716 habere
1470 694 1544 716 Deum
1557 703 1583 722 n,
1608 697 1632 716 ut
1650 694 1703 717 dicit
1726 695 1811 717 Bouav.
1831 695 1900 723 (ibid.

1051 730 1080 753 ad
1098 731 1136 759 321).
1156 731 1225 754 Porro
1242 738 1295 754 cum
1313 732 1374 754 Deus
1396 734 1424 755 sit
1442 739 1486 755 non
1505 735 1591 755 tantum
1614 740 1704 756 summa
1727 734 1816 757 bonitas
1834 735 1856 756 in
1877 741 1901 757 se

1051 773 1138 798 sumta,
1157 771 1197 793 sed
1215 771 1282 793 etiam
1301 771 1390 794 bonitas
1409 773 1549 795 conveniens
1566 772 1647 800 nobis;
1666 773 1733 794 etiam
1746 772 1790 795 sub
1808 774 1851 795 hoc
1868 780 1901 796 sc·

1051 809 1127 832 cundo
1144 814 1249 838 respectu
1274 817 1318 833 uon
1341 813 1415 839 potest
1438 810 1535 834 eoeclmli
1557 818 1568 833 a
1594 812 1681 833 motivo
1704 811 1824 840 caritatis,
1851 813 1899 835 licet

1051 849 1132 871 caritas
1150 850 1243 877 proprie
1261 853 1281 872 ct
1299 850 1454 878 principaliter
1473 851 1586 873 motivum
1604 855 1680 873 sumat
1697 857 1709 872 a
1727 856 1817 873 summa
1836 850 1902 873 boni-

1051 890 1094 910 tate
1112 889 1133 910 in
1151 895 1175 911 se
1193 892 1268 912 sumta
1286 889 1336 917 (csr.
1355 890 1391 912 hic
1408 890 1436 912 ad
1455 891 1475 912 2.
1496 889 1534 918 3.).
1555 890 1611 912 Hinc
1633 891 1701 912 etiam
1719 890 1741 912 S.
1760 890 1843 913 Thom.
1862 890 1901 918 (lt.

1051 928 1074 950 ll.
1093 934 1114 956 q.
1133 928 1169 950 23.
1188 934 1207 950 a.
1228 928 1247 951 4.
1265 929 1287 951 in
1305 934 1368 957 corp.
1381 932 1402 951 et
1420 928 1448 951 ad
1467 929 1497 957 2.)
1512 928 1589 957 docet,
1607 929 1722 952 obiectum
1741 930 1839 952 caritatis
1851 936 1901 953 esse

1051 966 1124 988 Deum
1142 969 1165 990 ut
1179 966 1327 990 beatitudinis
1345 966 1466 991 obiectum.
1479 968 1540 991 Licet
1553 971 1630 991 autem
1642 974 1721 990 amore
1739 970 1901 998 concupiscen-

1051 1006 1094 1028 tiae
1111 1008 1201 1028 amctur
1217 1006 1304 1028 bonum
1323 1006 1352 1029 ad
1375 1007 1432 1035 hoc,
1451 1010 1475 1029 ut
1491 1008 1520 1029 sit
1542 1007 1630 1029 bonum
1649 1008 1722 1036 ipsius
1744 1009 1853 1037 amantis,
1872 1012 1902 1031 ta·

1050 1051 1102 1067 meu
1124 1053 1134 1065 ιι
1147 1048 1251 1073 respectu
1271 1045 1406 1068 nobilissimi
1425 1047 1505 1074 amati,
1524 1046 1587 1075 quod
1605 1049 1639 1069 est
1652 1046 1724 1075 Deus,
1743 1053 1808 1070 amor
1820 1054 1900 1070 concu-

1050 1085 1173 1112 piscentiae
1191 1084 1310 1107 ordinatur
1326 1086 1385 1108 sicut
1407 1085 1436 1108 ad
1454 1086 1523 1108 linem
1541 1085 1569 1108 ad
1593 1092 1697 1108 amorem
1715 1087 1834 1109 amicitiae.
1859 1088 1902 1116 Qui

1050 1125 1111 1146 enim
1129 1131 1155 1147 ex
1173 1125 1265 1147 caritate
1282 1125 1331 1147 vult
1348 1125 1391 1147 frui
1409 1125 1467 1153 Deo,
1491 1125 1554 1154 quod
1571 1127 1605 1148 est
1622 1127 1698 1153 ipsum
1722 1132 1800 1148 amare
1822 1133 1901 1150 amore

1050 1164 1259 1192 concupiscentiae,
1279 1165 1322 1187 hoc
1339 1164 1391 1187 ideo
1409 1165 1468 1193 vult,
1487 1167 1512 1188 ut
1530 1165 1591 1188 Deus
1609 1166 1735 1188 honoretur
1752 1168 1774 1188 et
1791 1166 1902 1194 glorifice-

1050 1205 1087 1225 tur
1103 1203 1125 1225 iu
1143 1209 1179 1230 se,
1197 1203 1260 1232 quod
1278 1206 1312 1226 est
1329 1205 1406 1232 ipsum
1424 1210 1502 1227 amare
1519 1210 1599 1227 amore
1621 1206 1734 1228 amicitiae
1746 1214 1755 1225 n
1778 1205 1901 1233 (Richard.

1050 1248 1061 1263 a
1081 1242 1146 1271 Med,
1165 1242 1206 1265 loc.
1225 1243 1278 1272 cit.).
1297 1243 1403 1265 Similiter
1422 1243 1488 1266 docet
1505 1244 1527 1266 S.
1541 1243 1624 1266 Thom.
1642 1243 1688 1272 (lll.
1707 1244 1767 1267 Sent.
1784 1244 1826 1267 loc.
1842 1245 1901 1274 cit.):

1052 1289 1062 1302 ιι
1076 1281 1167 1303 llabens
1190 1282 1306 1304 caritatem
1330 1288 1375 1305 non
1394 1285 1468 1310 potest
1485 1282 1571 1305 habere
1593 1283 1686 1305 oculum
1705 1283 1733 1306 ad
1757 1284 1901 1313 mercedem,

1050 1324 1073 1342 ιιι
1092 1323 1161 1349 ponat
1178 1321 1264 1350 aliquid
1288 1320 1453 1351 quodcumque
1470 1322 1539 1344 finem
1563 1322 1650 1351 notati,
1676 1323 1761 1345 scilicet
1777 1323 1842 1346 Dei...
1860 1330 1902 1347 nec

1050 1361 1132 1383 iterum
1141 1378 1146 1388 ,
1161 1363 1184 1383 ut
1195 1364 1265 1388 ponat
1277 1361 1369 1390 aliquod
1382 1361 1470 1384 bouum
1483 1361 1612 1391 teozporule
1624 1362 1692 1384 finem
1704 1363 1777 1390 ipsius
1788 1363 1901 1386 (tortori-5...

1050 1402 1123 1427 potest
1142 1402 1217 1422 tamen
1236 1399 1320 1422 habere
1338 1400 1430 1422 oculum
1449 1401 1478 1423 ad
1496 1401 1640 1429 mercedem,
1660 1404 1683 1423 ut
1696 1405 1766 1429 ponat
1783 1401 1901 1425 beatitudi-

1050 1445 1102 1461 uem
1121 1442 1220 1461 creatam
1239 1439 1307 1461 finem
1325 1439 1429 1468 (ultoris,
1450 1446 1494 1462 uon
1507 1443 1584 1463 autem
1602 1441 1670 1463 linem
1687 1441 1828 1464 um(1{i.llnc
1840 1443 1901 1464 euim

1050 1485 1125 1507 neque
1143 1483 1176 1501 est
1188 1482 1265 1501 contra
1283 1480 1394 1501 rationem
1415 1480 1528 1502 amicitiae
1551 1486 1625 1509 neque
1637 1484 1715 1503 contra
1733 1482 1844 1503 rationem
1859 1482 1901 1504 vir-

1050 1518 1114 1544 tutis,
1133 1523 1186 1539 cum
1205 1517 1321 1539 beatitudo
1340 1519 1450 1541 virtutum
1468 1519 1495 1540 sit
1514 1519 1564 1540 linis
1577 1527 1598 1541 n.

1114 1555 1146 1577 lll.
1165 1556 1196 1577 De
1209 1556 1251 1577 hac
1268 1556 1314 1584 (2.)
1333 1557 1465 1585 quaestione
1479 1560 1569 1584 praeter
1586 1557 1690 1579 laudatos
1706 1558 1742 1580 alii
1761 1561 1856 1581 tractant
1869 1558 1901 1581 lll.

1050 1595 1111 1617 Seni.
1129 1594 1151 1617 d.
1170 1596 1211 1617 ‘292
1229 1595 1252 1617 B.
1270 1595 1363 1623 Alhert.y
1381 1595 1411 1617 ibi
1429 1602 1448 1618 a.
1467 1595 1488 1618 4.
1507 1609 1537 1612 —
1555 1597 1611 1619 Petr.
1630 1603 1640 1619 a
1660 1597 1721 1624 Tar„
1746 1597 1776 1619 ibi
1793 1604 1814 1620 a.
1832 1598 1852 1620 ὅ.
1873 1611 1901 1614 -

1051 1634 1159 1658 Diu-and..
1178 1634 1208 1656 ibi
1227 1641 1249 1663 q.
1268 1635 1289 1656 3.
1306 1647 1337 1651 —
1354 1634 1447 1662 Dionys.
1465 1635 1548 1660 Carth..
1566 1635 1597 1658 ibi
1615 1642 1636 1665 q.
1659 1637 1676 1658 l.
1695 1637 1716 1658 in
1735 1636 1787 1659 tine.

913 1724 1077 1761 QUAESTIO
1100 1725 1128 1753 ll.

543 1811 646 1839 Utrum
667 1811 804 1848 possibile
823 1811 879 1845 sil,
901 1816 1012 1840 azotum
1034 1812 1172 1841 caritatis
1194 1821 1253 1841 csse
1275 1812 1502 1842 mercenarium.

220 1909 347 1938 Secundo
369 1909 530 1946 quaeritur,
553 1913 648 1938 utrum
672 1909 803 1947 possibile
818 1910 868 1944 sit,
885 1914 991 1939 motum

142 1956 266 1985 caritatis
287 1964 347 1985 esse
371 1956 585 1985 mercenarium.
609 1956 638 1985 Et
659 1956 733 1994 quod
756 1957 810 1992 sic,
833 1957 953 1986 videtur.

224 2004 247 2031 l.
270 2004 359 2032 Lucae
392 2003 500 2032 decimo
522 2003 639 2040 quinto¹
664 2011 750 2040 super
771 2003 858 2032 illud:
884 2004 995 2040 Qua-nti

142 2050 322 2081 mercenarii
336 2050 367 2078 in
381 2050 465 2079 domo
483 2050 583 2087 putris
604 2050 662 2078 mei
682 2050 836 2079 abundant
851 2051 992 2088 panibus,

143 2097 209 2127 dicit
230 2097 408 2131 Ambrosius,
437 2097 510 2134 quod
534 2097 614 2126 multi
636 2101 702 2126 sunt
724 2097 786 2126 boni
811 2098 992 2133 mercenarii,

140 2145 188 2182 qui
210 2152 259 2182 spe
282 2148 460 2174 aeternornm
484 2144 540 2173 Deo
565 2145 711 2179 serviunt;
743 2145 791 2174 sed
823 2153 905 2174 nemo
937 2146 993 2174 Deo

144 2192 213 2221 liene
235 2192 337 2226 servit,
360 2191 411 2221 nisi
434 2191 481 2229 qui
504 2192 590 2220 servit
611 2192 634 2220 ei
655 2199 691 2221 ex
707 2192 836 2221 caritate:
852 2200 919 2229 ergo
934 2200 994 2230 pos-

141 2237 221 2267 sibile
252 2242 308 2273 est,
343 2241 449 2267 motum
483 2239 647 2268 merce-narii
676 2247 712 2268 ex
744 2239 859 2268 caritate
888 2239 993 2268 habere

142 2288 246 2314 ortum.

222 2334 248 2360 2.
271 2332 352 2366 lteui,
368 2333 548 2369 Augustinus,
564 2340 650 2369 super
666 2332 735 2361 illud
754 2333 852 2361 Psalmi
866 2333 891 2361 '²2
908 2333 994 2361 Scru-

143 2384 209 2407 ums
230 2379 323 2407 corda
337 2383 362 2407 et
376 2387 459 2407 renes
483 2380 578 2407 Deus.-
600 2390 613 2404 α
628 2379 700 2408 Finis
714 2387 799 2408 curae
814 2383 841 2408 et
856 2379 994 2416 cogitatio-

143 2426 186 2455 nis
207 2429 247 2455 cst
271 2426 431 2460 delectatio,
454 2426 488 2454 ad
512 2434 596 2464 quam
628 2427 748 2464 quisque
778 2426 877 2455 nititur
898 2434 994 2463 perve-

144 2473 205 2502 nire
220 2483 245 2500 »t
269 2480 336 2510 crgo
359 2472 464 2502 hahens
485 2473 628 2502 raritatem
652 2473 772 2502 finaliter
793 2473 904 2510 quaerit
922 2472 995 2502 dele-

143 2520 232 2554 rtari3
255 2519 302 2548 sed
325 2519 372 2556 qui
395 2519 503 2556 quaerit
527 2527 606 2548 suam
640 2519 852 2548 delectationem
884 2519 994 2556 quaerit

145 2566 290 2603 proprium
320 2565 515 2595 commodum.
537 2570 565 2594 et
586 2566 676 2594 omnis
699 2566 761 2594 talis
792 2569 834 2595 est
857 2574 996 2594 mercena-

145 2613 220 2641 rius:
244 2620 310 2647 ereo
332 2612 459 2641 videtur.
482 2613 556 2649 quod
578 2612 695 2641 allectus
717 2613 840 2641 caritatis
856 2620 995 2641 mercena-

145 2660 202 2689 rius
224 2667 285 2687 esse
308 2659 401 2696 possit.

209 2762 213 2776 ¹
236 2762 299 2784 Vcrs.
321 2762 354 2784 ¹7.
373 2762 542 2789 Expositioueiu
555 2760 669 2784 Ambrosii
683 2762 795 2789 integram
809 2763 853 2784 iani
872 2763 994 2784 retulimus

146 2806 200 2824 tom.
215 2802 227 2823 l.
247 2808 300 2829 pag.
320 2801 359 2828 34,
379 2805 429 2823 nota
448 2803 469 2823 ti.
489 2812 518 2817 —-
535 2800 598 2822 {zu—ea
618 2800 686 2822 tim-m
705 2807 753 2829 urg.
773 2807 816 2829 pro
832 2802 922 2824 molum
934 2807 993 2824 'mer-

144 2840 233 2863 rennrii
250 2840 317 2862 codd.
335 2842 351 2862 A
364 2840 380 2862 Κ
394 2841 422 2861 W
442 2841 530 2862 molum
548 2839 732 2862 mernmmrinm.
751 2839 836 2861 lirintlt·
848 2844 899 2867 pust
914 2846 946 2862 m·
957 2846 993 2861 ru-

144 2878 214 2902 rilate
232 2879 281 2901 Yut.
300 2879 347 2901 sola
365 2880 445 2901 omittit
463 2878 556 2901 lmlwra’.

207 2917 216 2932 ²
235 2918 315 2940 l'salm.
334 2918 358 2945 7,
381 2919 419 2944 ΙΙ),
438 2919 459 2940 iu
479 2924 548 2946 qui-ni
566 2918 641 2939 lorum
659 2918 762 2945 migma,
782 2924 802 2939 n.
816 2919 836 2940 υ.
855 2918 919 2940 dirlt:
941 2926 950 2937 ι
962 2918 993 2940 Ι-’ἰ-

147 2956 181 2978 nis
197 2957 257 2978 cuim
275 2962 344 2979 curae
361 2956 480 2979 ‹lo-lectatio
497 2960 541 2983 cst,
560 2957 611 2984 quia
630 2962 658 2977 co
676 2957 774 2984 quisqu(-
792 2957 854 2978 curis
870 2959 890 2978 ct
910 2957 993 2984 rogita·

145 2993 245 3016 tionibus
266 2995 353 3021 nititur,
376 2998 399 3017 ut
421 2994 449 3017 :ul
472 3001 537 3017 suam
560 2995 732 3017 delectationi-ui
756 2996 872 3022 pern-nial
891 3004 911 3017 ι.
929 2996 992 3023 Qum·

1130 1912 1155 1939 3.
1178 1911 1261 1941 ltem.
1283 1912 1330 1949 qui
1354 1912 1414 1941 vult
1437 1913 1553 1949 implere
1576 1913 1706 1942 mandata
1723 1913 1770 1942 Dei
1788 1917 1903 1951 propter

1051 1957 1264 1987 retributionem
1295 1959 1486 1988 mercenarius
1507 1963 1567 1994 est;
1589 1959 1637 1989 sed
1664 1960 1697 1989 de
1726 1960 1786 1988 viro
1808 1964 1903 1990 sancto

1051 2004 1154 2033 dicitur
1178 2005 1203 2033 in
1226 2005 1335 2034 Psalmo
1347 2005 1375 2033 ³:
1398 2006 1548 2035 Juclincwz·
1562 2014 1612 2035 cor
1627 2015 1724 2035 meum
1739 2007 1780 2035 (td
1793 2006 1904 2044 facie-›t-

1051 2051 1106 2080 clas
1129 2051 1352 2089 iustificationes
1382 2057 1450 2082 luas
1468 2057 1590 2090 propter
1612 2053 1855 2088 ren-z'bucz'oozem;
1876 2058 1900 2084 el

1050 2098 1085 2126 ad
1107 2099 1245 2128 Hebraeos
1266 2099 1415 2128 undecimo
1437 2099 1539 2128 dicitur
1555 2100 1590 2128 de
1612 2100 1716 2137 Moyse:
1734 2100 1904 2137 Aspiciebat

1050 2146 1081 2174 in
1104 2146 1391 2175 remuiterationem:
1414 2147 1436 2175 si
1470 2155 1537 2184 ergo
1569 2151 1623 2175 tam
1658 2148 1708 2176 iste
1740 2156 1823 2185 quam
1855 2148 1901 2176 ille

1051 2193 1142 2222 iustus
1163 2197 1224 2221 erat
1245 2197 1271 2222 et
1293 2201 1328 2222 ex
1351 2194 1466 2222 caritate
1489 2194 1669 2229 movebatur,
1692 2194 1812 2229 videtur,
1827 2195 1899 2232 quod

1051 2244 1144 2269 motus
1165 2240 1289 2269 caritatis
1310 2241 1396 2277 possit
1418 2248 1479 2269 esse
1501 2241 1701 2270 mercenarius.

1129 2288 1156 2316 [ι.
1179 2287 1260 2321 ltem,
1295 2288 1378 2316 homo
1410 2291 1524 2316 sanctus
1555 2288 1696 2317 desiderat
1728 2288 1849 2316 dissolvi
1877 2293 1901 2316 el

1050 2342 1110 2362 esse
1132 2342 1198 2362 ctmz
1223 2333 1355 2368 Clu-isto,
1379 2338 1409 2363 ut
1431 2334 1543 2363 fruatur
1565 2342 1612 2369 e0‚
1646 2335 1801 2363 secundum
1824 2336 1900 2372 quod

1051 2380 1197 2417 Apostolus
1219 2381 1411 2415 desiderabat,
1434 2381 1467 2409 :ul
1492 2381 1681 2418 Philippenses
1702 2382 1829 2418 primo⁴3
1852 2382 1899 2411 sed

1051 2427 1224 2456 desiderium
1247 2427 1316 2456 illud
1339 2435 1393 2456 non
1416 2431 1505 2465 potest
1527 2436 1587 2457 esse
1610 2428 1659 2457 nisi
1683 2429 1819 2462 caritatis.
1836 2437 1899 2457 rum

1051 2473 1148 2502 nullus
1170 2473 1290 2501 naturali
1313 2474 1413 2502 affeetu
1436 2474 1576 2503 desideret
1598 2475 1680 2503 mori:
1714 2484 1780 2512 ergo
1802 2476 1823 2504 si
1847 2477 1900 2505 tal(-

1052 2519 1223 2548 desiderium
1248 2520 1372 2548 intuetur
1402 2521 1547 2558 proprium
1581 2522 1759 2550 commodum
1782 2527 1806 2552 el
1830 2523 1901 2552 dele-

1052 2566 1218 2597 ctationem,
1241 2566 1365 2601 videtur,
1388 2567 1462 2604 quod
1487 2567 1619 2604 possibile
1641 2568 1691 2601 sit,
1713 2569 1842 2597 allectum
1860 2578 1901 2597 ca-

1054 2613 1142 2641 ritatis
1163 2620 1223 2641 csse
1246 2614 1460 2642 mercenarium.

1132 2660 1184 2687 Suo
1205 2667 1329 2688 coxrnm:
1355 2661 1379 2688 1.
1402 2661 1509 2689 Primae
1540 2662 1573 2690 ad
1605 2662 1760 2691 Corinthios
1791 2663 1899 2692 decimo

1051 2763 1170 2790 Augustini
1188 2763 1296 2785 sententia
1315 2768 1332 2784 υ·
1345 2764 1367 2784 S.
1386 2763 1543 2785 tinum-cutura
1563 2764 1598 2786 ht<-
1611 2764 1690 2786 iisdrm
1710 2765 1787 2787 verbis
1799 2766 1898 2793 :illi-rtur.

1051 2801 1136 2830 quilius
1148 2808 1159 2823 a
1172 2801 1253 2824 sii-ahu
1271 2802 1364 2824 al‘lertur
1382 2803 1403 2824 iu
1421 2802 1499 2824 Glossu
1518 2802 1650 2825 ordinaria.

1113 2840 1123 2855 ³
1141 2841 1222 2862 l‘salm.
1245 2841 1296 2868 ll8,
1319 2841 1366 2863 112.
1381 2842 1473 2869 -Ξνιι,
1493 2842 1647 2864 testimouium
1665 2846 1696 2865 cst
1716 2842 1783 2865 llelnn
1807 2844 1839 2869 ΙΙ,
1861 2843 1897 2866 26.

1051 2879 1161 2901 —Paulo
1180 2880 1273 2901 iuferius
1292 2880 1341 2901 voi-i
1360 2879 1437 2902 iustus
1456 2880 1504 2902 Vat.
1523 2881 1626 2908 praenati
1646 2881 1687 2904 rir.

1113 2918 1122 2932 ⁴
1142 2919 1204 2940 Vei-s.
1223 2919 1259 2941 215,
1277 2931 1309 2935 —
1327 2919 1357 2941 οο
1378 2918 1477 2947 vuueri,
1499 2920 1519 2941 in
1538 2926 1582 2948 qua
1605 2927 1647 2948 pro
1665 2921 1772 2944 caritatis
1794 2921 1862 2944 codd.
1883 2923 1898 2944 Α

1052 2958 1065 2978 l?
1077 2957 1094 2979 'l'
1113 2957 1278 2980 substituerunt
1296 2957 1397 2983 svn-itas,
1417 2959 1456 2981 (Τι’.
1476 2959 1532 2981 inu-a
1551 2959 1606 2982 «tuh.
1625 2961 1646 2982 3.
1665 2961 1686 2982 iu
1705 2960 1755 2982 nno,

1913 2665 1941 2684 Ad
1955 2671 2030 2690 opposi-

1948 2691 1991 2708 tum.
