2166 3366
121 486 203 504 Dubium
218 485 235 503 3.

159 958 235 981 {layum-

121 1435 201 1453 {mnium
217 1434 234 1452 4„

119 1862 200 1880 Dubium
213 1862 231 1880 5.

253 184 309 212 554
929 182 1181 211 SENTENTIARUM
1204 184 1262 212 ΗΒ.
1285 184 1324 212 ΙΙΙ.

622 260 683 286 ew.
704 260 732 286 11.

528 347 567 373 De
586 346 684 381 qulbus
703 346 738 372 sit
756 355 823 381 spes.

322 433 354 459 Et
373 433 443 459 sieut
463 432 541 464 tides,
556 432 592 459 ita
605 435 631 458 et
645 440 706 466 spes
720 435 759 458 est
773 432 806 458 de
820 431 1010 459 invisibilibus.
1025 432 1101 459 Unde

251 476 414 509 Augustinus
425 475 451 501 ¹:
477 486 487 498 a
501 475 592 502 Fidem
614 475 782 510 appellamus
801 482 893 502 earum
912 482 1017 507 rerum,
1032 484 1101 510 quae

251 527 302 545 non
323 519 455 545 videntur.
485 519 522 545 De
542 526 590 553 spe
609 526 719 553 quoque
738 518 854 545 dicitur:
876 518 955 553 Spes,
975 527 1043 554 quae
1061 519 1102 545 υἰ-

251 561 347 593 delur,
366 569 423 588 mm
441 565 478 588 est
496 570 563 597 spes.
586 561 663 594 Quod
682 561 756 588 enim
775 561 847 588 videt
866 561 944 597 qzcz's,
964 561 1032 597 quid
1044 571 1102 597 spe-

251 605 335 631 ratu?
356 604 431 636 Quod
452 605 545 631 attinet
567 605 600 631 ad
615 613 671 631 non
684 604 775 631 videre
796 605 836 631 vel
857 612 927 639 quae
945 605 1101 633 creduntur.

251 649 291 675 vel
310 656 380 683 quae
399 652 557 682 sperantur,
577 648 638 675 fidei
659 649 772 682 spquue
792 656 935 675 commune
954 652 1001 675 est.

613 735 674 761 Car.
696 735 736 761 Ill.

467 823 522 854 Quo
543 821 673 856 differant
691 821 798 853 lisles'et
817 830 883 856 spes.

321 908 499 941 Distinguitur
529 910 615 934 tamen
647 907 711 934 tides
731 915 744 933 a
766 915 829 942 spe,
858 908 925 934 sieut
954 908 1101 939 vocabulo,

252 951 287 977 ita
315 950 467 977 rationabili
499 950 657 977 ditl'erentia.
681 951 750 976 «Est
779 951 848 976 enim
876 950 941 977 tides
961 950 1101 977 malarum

251 1002 339 1020 rerum
361 997 387 1020 et
407 993 558 1024 bonav-mn,
579 994 642 1028 quia
663 996 687 1019 et
708 993 777 1019 bona
798 993 945 1019 creduntur
965 997 988 1020 et
1017 993 1100 1025 mala,

251 1040 277 1063 et
297 1037 348 1063 hoc
368 1036 420 1063 tide
441 1036 525 1069 bona,
550 1044 602 1063 uon
633 1036 710 1062 mala.
730 1036 777 1062 Est
796 1036 875 1062 etiam
896 1036 962 1062 fides
982 1040 1008 1062 et
1024 1044 1101 1071 ymle-

251 1079 394 1106 [erz'tm-mn
414 1087 503 1106 rerum
524 1082 550 1105 et
565 1078 752 1114 prccesezzlz'mn
773 1082 799 1105 et
824 1079 992 1113 flamarum.
1014 1079 1101 1105 Credi-

250 1130 310 1149 mus
330 1123 399 1149 enini
424 1125 537 1148 mortem
567 1121 679 1153 Christi,
700 1129 770 1155 quae
790 1122 842 1147 iam
863 1121 1018 1155 praeteriit3
1044 1129 1101 1147 cre-

250 1165 339 1192 dimus
358 1165 520 1196 sessionem,
546 1171 616 1198 quae
636 1171 706 1190 nunc
725 1167 781 1194 est;
803 1164 938 1190 credimus
958 1167 1099 1190 venturum

250 1209 283 1235 ad
306 1208 493 1240 iudicandum,
520 1207 593 1242 quod
620 1207 736 1234 futurum
759 1210 806 1233 est.
827 1207 890 1233 item
911 1207 977 1233 fides
997 1211 1023 1233 et
1041 1215 1101 1234 succ-

249 1259 311 1278 rtcm
333 1258 422 1277 rerum
443 1254 482 1277 est
501 1254 526 1277 ct
545 1249 710 1287 alzsemcrzmz.
731 1250 797 1276 Nam
819 1253 844 1276 et
862 1258 890 1276 se
910 1250 1025 1284 quisque
1045 1258 1100 1277 ere-

250 1295 288 1320 dit
308 1302 383 1325 esse,
404 1294 526 1328 coepisse
546 1301 595 1320 nec
621 1293 701 1319 fuisse
728 1294 820 1327 utique
840 1293 1048 1327 sempiternum,
1075 1297 1100 1320 et

249 1338 299 1364 alia
321 1341 401 1371 atquc
422 1337 474 1363 alia
505 1344 555 1363 nou
585 1336 665 1363 modo
686 1336 718 1363 de
739 1337 797 1363 aliis
821 1335 979 1363 homiuibus
1000 1336 1098 1369 multa,

249 1388 318 1415 quae
338 1380 371 1406 ad
390 1379 547 1413 religionem
575 1379 722 1413 pertinent,
747 1386 839 1405 verum
860 1379 939 1405 etiam
960 1378 993 1405 de
1013 1380 1100 1413 Auffe-

250 1423 283 1450 lz‘s
303 1423 447 1450 credimus.
468 1423 535 1457 Spes
554 1426 642 1449 autem
659 1430 709 1449 non
725 1423 772 1449 nisi
793 1422 928 1449 bonarum
945 1430 987 1449 rer
999 1430 1043 1449 um
1058 1426 1098 1449 est

243 1475 296 1493 1nec
317 1467 365 1493 nisi
386 1467 544 1501 futlcrmwn
571 1470 596 1493 et
615 1466 648 1493 ad
675 1474 736 1492 enm
760 1466 966 1500 pertinentium,
986 1466 1031 1501 qui
1056 1473 1099 1492 ea-

250 1517 307 1536 rum
327 1517 402 1543 spem
423 1516 515 1542 gerere
536 1508 713 1543 11011111101111·2
729 1520 751 1534 u.

609 1596 670 1622 Car.
691 1596 731 1622 tv.

426 1682 455 1709 Si
473 1690 500 1708 212
524 1681 629 1709 Clerislo
649 1681 702 1716 fm'l
719 1681 784 1716 fides
804 1687 826 1707 et
845 1690 912 1717 spes

318 1770 379 1796 Post
398 1770 466 1796 haec
486 1772 609 1803 superest
624 1769 798 1803 investigare,
812 1772 900 1795 utrum
918 1769 982 1795 tides
996 1773 1022 1795 et
1035 1777 1098 1803 spes

249 1814 273 1839 in
294 1813 398 1839 Christo
419 1813 532 1844 suerint;
548 1812 618 1838 unde
634 1815 762 1838 tractatus
777 1812 825 1838 iste
839 1812 934 1838 sumsit
947 1812 1097 1838 exordium.

247 1855 411 1888 Quibusdam
445 1863 495 1881 non
529 1855 634 1881 indocte
667 1854 786 1886 videtur,
821 1854 1039 1880 sidem-virtutem
1073 1858 1096 1881 et

247 1905 322 1932 spem
345 1898 369 1923 iu
390 1905 421 1924 eo
443 1905 493 1923 non
515 1898 609 1928 fuisse,
629 1897 699 1923 sicut
719 1897 743 1922 in
764 1897 869 1923 Sanctis
888 1897 939 1922 iam
962 1896 1098 1924 beatifica—

1159 261 1191 287 tis
1219 261 1258 288 vel
1280 261 1304 288 in
1325 261 1431 296 Angelis
1452 269 1502 288 non
1533 265 1610 294 sunt;
1631 266 1656 289 et
1677 265 1763 289 tamen
1784 263 1873 290 Sancti
1894 265 2008 292 credunt

1160 307 1185 330 et
1204 308 1312 338 sperant
1341 305 1566 331 resurrectionem
1587 305 1717 337 suturam,
1738 309 1763 332 et
1782 306 1873 339 Angeli
1895 307 2006 334 eandem

1159 347 1290 378 credunt;
1320 354 1369 373 nec
1398 351 1485 373 tamen
1510 347 1535 373 in
1557 348 1595 374 eis
1614 348 1680 374 fides
1700 348 1740 375 vel
1760 356 1821 383 spes
1841 349 1925 376 virtus
1951 353 2008 381 est,

1160 390 1224 423 quia
1244 393 1269 416 et
1288 390 1342 416 Deo
1363 397 1411 424 per
1430 390 1547 424 speeiem
1569 391 1776 425 contemplando
1790 392 1914 418 fruumur
1933 396 1958 419 et
1982 393 2007 419 in

1159 433 1206 459 Dei
1226 433 1315 459 Verbo
1336 433 1562 459 resurrectionem
1593 434 1708 460 suturam
1729 435 1785 460 sive
1806 434 1935 461 indicium
1956 443 2007 462 nou

1157 484 1207 510 per
1225 475 1364 510 speculum
1384 475 1414 502 z'n
1433 475 1582 511 ccenzquace
1594 476 1619 507 ³,
1634 477 1679 503 sed
1695 477 1910 510 praeclarissime
1929 478 2008 512 inspi-

1159 519 1240 545 ciunt.
1262 519 1287 545 Si
1309 519 1394 549 enim,
1414 519 1477 553 quia
1497 519 1610 545 eredunt
1630 520 1853 546 resurrectionem
1873 520 2008 553 siccum-(nn,

1159 561 1220 588 ideo
1242 569 1334 588 verum
1356 564 1408 589 est.
1438 569 1483 588 eos
1510 561 1588 588 tidem
1617 562 1733 588 habere:
1754 569 1816 595 ergo
1836 570 1866 589 ea
1887 570 2009 589 consum-

1159 609 1245 637 mata,
1275 608 1334 638 post
1364 605 1494 631 iudicium
1514 605 1639 631 similiter
1658 608 1683 632 et
1703 605 1782 632 fidem
1803 606 1903 632 habere
1923 606 2010 633 dicen-

1160 652 1216 679 tur,
1236 648 1299 682 qnia
1320 648 1430 674 credent
1449 655 1506 675 eam
1526 647 1708 683 praeteritam.
1730 648 1780 675 Sed
1796 649 1865 675 sieut
1879 653 1941 675 cunc
1955 657 2009 676 ere-

1159 690 1236 723 dent,
1257 698 1305 717 nec
1326 694 1413 717 tamen
1434 690 1528 723 fidem,
1548 698 1617 725 quae
1632 691 1724 718 fideles
1736 692 1810 723 l'aeit,
1825 691 1961 718 habebunt
1974 706 2009 712 -

1159 734 1221 767 quia
1243 741 1293 760 non
1314 734 1425 760 credent
1443 733 1546 768 absque
1565 734 1691 765 scientia,
1706 742 1775 768 quae
1796 742 1847 761 nou
1868 736 1916 761 erit
1937 735 2009 761 aeni-

1159 776 1289 809 gmatica,
1317 776 1364 802 sed
1393 784 1441 810 per
1461 777 1579 810 speciem
1596 777 1681 803 —ita
1702 781 1727 803 et
1746 777 1825 803 modo
1845 777 1956 804 credunt
1983 781 2008 804 et

1159 823 1268 853 sperant
1288 820 1529 851 resurrectionem,
1551 827 1599 846 nee
1620 823 1707 846 tamen
1723 820 1801 846 tidem
1817 820 1930 851 habent,
1945 821 2008 855 quia

1159 862 1294 889 credendo
1314 866 1485 896 cognoscunt.
1506 863 1585 889 Venit
1604 863 1674 889 enim
1701 863 1739 889 eis
1765 864 1836 897 quod
1862 864 2008 898 perfectmn

1159 909 1211 935 est,
1231 909 1254 930 el
1273 909 1428 931 evacualum
1459 908 1496 931 est
1524 904 1596 939 quod
1614 914 1647 931 em
1663 909 1742 940 parte
1762 910 1820 937 est,·
1841 906 1912 932 venit
1938 907 2007 933 enim

1158 947 1290 983 eogyne'm'o,
1320 951 1344 974 et
1375 951 1504 974 evacuata
1524 951 1563 974 est
1580 947 1669 983 ficles;
1690 949 1761 975 venit
1780 949 1894 984 speeies,
1915 953 1941 976 et
1966 950 2009 976 de-

1158 991 1202 1016 siit
1222 999 1287 1025 spes.
1309 991 1345 1017 Ita
1366 994 1391 1017 et
1411 991 1545 1022 Christus,
1568 992 1592 1017 in
1613 999 1666 1025 quo
1686 991 1791 1018 suerunt
1813 992 1882 1019 bona
1896 993 2007 1026 patriae,

1158 1034 1274 1060 credidit
1302 1034 1411 1068 quidem
1432 1037 1458 1061 et.
1477 1035 1596 1068 speravit
1616 1035 1840 1061 resurrectionem
1862 1036 1938 1062 tertia
1965 1036 2007 1063 die

1159 1078 1290 1109 suturam,
1309 1085 1359 1111 pro
1379 1084 1432 1111 qua
1453 1081 1476 1104 et
1497 1078 1602 1104 Patrem
1623 1078 1725 1109 oravit3
1747 1086 1796 1105 nee
1817 1082 1903 1105 tamen
1920 1079 2008 1106 tidem-

1160 1120 1284 1146 virtutem
1306 1120 1346 1146 vel
1371 1128 1446 1154 spem
1467 1121 1575 1152 habuit,
1595 1122 1659 1155 quia
1680 1129 1732 1148 non
1752 1122 1955 1155 aenigmaticam
1982 1126 2007 1149 et

1158 1163 1342 1196 specularem,
1362 1163 1408 1189 sed
1423 1163 1599 1190 clarissimam
1614 1164 1647 1191 de
1661 1172 1692 1191 ea
1707 1165 1886 1197 cognitionem
1902 1165 2006 1197 habuit,

1159 1205 1220 1239 qnia
1242 1213 1293 1232 non
1315 1206 1459 1259 perfectius
1488 1213 1546 1232 eam
1567 1207 1691 1240 cognovit
1713 1208 1900 1241 praeteritam,
1926 1215 2006 1242 quam

1159 1248 1287 1274 intellexit
1317 1249 1441 1275 futuram.
1473 1249 1596 1283 Speravit
1624 1253 1710 1276 tamen
1731 1250 1865 1282 Clu-istus,
1886 1251 1955 1277 sicut
1982 1251 2006 1277 iu

1159 1291 1262 1317 Psalmo
1274 1291 1282 1303 ⁴
1303 1292 1355 1318 ait:
1369 1292 1401 1317 Iu
1415 1296 1448 1322 ee,
1463 1291 1588 1322 Domine,
1608 1292 1738 1327 spercwi;
1752 1300 1800 1319 nee
1816 1296 1902 1320 tamen
1926 1294 2006 1320 tidem

1159 1334 1199 1360 vel
1228 1336 1440 1368 spem-virtutem
1471 1335 1578 1367 habuit,
1609 1336 1671 1369 quia
1692 1343 1740 1369 per
1760 1337 1877 1370 speciem
1899 1337 2008 1363 videbat

1158 1384 1189 1403 ea
1209 1384 1278 1411 quae
1298 1377 1433 1403 credebat.

1524 1463 1585 1490 (3³1³.
1608 1464 1634 1490 V.

1229 1550 1259 1577 δῖ’
1276 1549 1342 1577 ius-[f
1360 1549 1388 1576 ‘in
1410 1549 1518 1584 insta-120
1536 1550 1615 1585 fidem
1637 1555 1660 1576 el
1679 1558 1752 1585 spem
1773 1550 1933 1578 habueram.

1229 1638 1265 1664 De
1286 1637 1402 1671 antiquis
1424 1644 1487 1663 vero
1507 1637 1642 1669 Patribus,
1656 1638 1701 1672 qni
1716 1637 1787 1672 apud
1808 1638 1905 1664 inferos
1920 1646 2004 1672 usque
2018 1647 2101 1665 numum
2116 1648 2134 1665 ῡ.
2164 1657 2165 1660 1

1158 1681 1190 1707 ad
1212 1681 1363 1714 passionem
1392 1680 1564 1711 tenebantur,
1585 1688 1636 1707 non
1661 1681 1807 1714 incongrue
1826 1681 1879 1707 dici
1906 1685 2004 1715 potest,

1157 1724 1229 1758 quod
1250 1724 1328 1750 [idem
1349 1727 1374 1750 et
1393 1724 1605 1757 spem-virtutem
1636 1723 1792 1756 habuerint,
1821 1725 1884 1758 quia
1913 1725 2006 1751 crede-

1157 1768 1221 1794 bant
1240 1771 1265 1793 et
1284 1766 1443 1801 sperabant,
1463 1774 1491 1793 se
1513 1767 1617 1793 visuros
1632 1767 1714 1793 Deum
1729 1774 1778 1801 per
1791 1768 1924 1801 speciem,
1939 1775 2004 1802 qua-

1157 1810 1217 1836 liter
1237 1817 1297 1836 eum
1317 1813 1379 1836 tunc
1400 1817 1450 1836 non
1478 1809 1620 1841 ridebant,
1641 1810 1704 1843 quia
1725 1815 1776 1836 non
1797 1811 1882 1844 patuit
1902 1810 1940 1836 eis
1960 1818 2004 1836 co-

1157 1853 1239 1886 gnitio
1269 1853 1314 1879 Dei
1345 1860 1393 1886 per
1420 1852 1537 1886 speciem
1559 1855 1618 1878 ante
1640 1853 1790 1886 passionem
1811 1853 1925 1885 Christi,
1952 1861 2004 1887 qua

1157 1899 1355 1928 consummata,
1377 1903 1389 1922 a
1411 1895 1462 1922 tide
1484 1895 1643 1922 transierunt
1665 1896 1697 1922 ad
1718 1896 1844 1930 speeiem.

527 1998 967 2046 COMMENTARIUS
1002 1999 1063 2045 IN
1096 1998 1535 2046 DISTINCTIONEM
1570 1998 1725 2045 XXVI.

1058 2103 1103 2136 oe
1129 2114 1193 2147 spe.

900 2198 950 2225 Est
972 2201 1068 2225 (tutem
1091 2205 1155 2234 spes
1178 2197 1273 2225 tvm-eas
1294 2200 1346 2225 etc.

982 2283 1105 2312 DtvtstO
1127 2284 1264 2312 TEXTUS.

326 2385 353 2412 ln
376 2383 609 2421 praecedentibus
631 2383 827 2411 determinavit
849 2382 977 2419 Magister
993 2382 1026 2410 de
1042 2382 1095 2418 pri-

248 2439 292 2459 ma
315 2431 451 2459 virtutum
476 2430 711 2466 theologicarum,
727 2429 855 2458 videlieet
871 2429 905 2457 de
920 2428 983 2457 fide.
1000 2429 1027 2457 ln
1044 2429 1095 2457 hac

248 2482 326 2515 parte
356 2477 472 2506 intendit
504 2485 586 2513 agere
608 2477 642 2505 de
665 2476 803 2509 secunda,
825 2472 954 2504 videlicet
975 2476 1009 2504 de
1038 2484 1095 2512 spe.

247 2525 387 2553 Dividitur
420 2528 512 2553 autem
547 2532 612 2561 pars
639 2524 689 2552 ista
711 2523 737 2551 in
760 2523 830 2552 duas
853 2526 954 2560 partes.
981 2523 1008 2551 lu
1031 2531 1097 2560 qua-

249 2581 310 2600 rum
334 2571 424 2608 prima
453 2571 620 2599 determinat
642 2570 770 2607 Magister
793 2570 827 2598 de
849 2570 909 2607 ipsa
930 2577 979 2606 spe
1001 2577 1097 2598 seeun-

248 2619 315 2647 dum
348 2618 598 2647 considerationem
630 2617 812 2650 absolutam,
835 2616 998 2650 ostendeus,
1028 2616 1095 2653 quid

250 2665 307 2702 ipsa
329 2665 363 2693 sit
385 2664 544 2693 definitione
559 2664 575 2691 ¹.
598 2664 626 2691 ln
648 2663 772 2692 secunda
790 2671 857 2691 vero
879 2663 1046 2691 determinat
1061 2662 1095 2691 de

1153 2382 1212 2418 ipsa
1234 2381 1388 2410 secundum
1411 2381 1662 2410 considerationem
1685 2381 1827 2415 relatum,
1849 2382 1899 2410 ibi:
1919 2383 1953 2410 El
1967 2382 2003 2410 si-

1153 2433 1200 2457 ent
1221 2428 1309 2465 fides,
1334 2428 1374 2456 ita
1396 2433 1420 2456 et
1441 2437 1505 2465 spes
1526 2432 1577 2457 etc.

1232 2476 1321 2504 Prima
1351 2484 1416 2512 pars
1446 2479 1537 2512 posset
1567 2476 1652 2504 dix-idi
1687 2476 1714 2503 in
1743 2476 1814 2504 duas
1846 2476 2001 2504 secundum

1154 2523 1224 2551 duas
1247 2522 1462 2556 notificationes,
1492 2530 1561 2559 quas
1584 2523 1669 2559 ponit.
1692 2522 1782 2550 Prima
1804 2523 1917 2559 ponitur
1945 2522 2000 2550 ibi:

1155 2570 1205 2597 Est
1225 2573 1320 2597 autem
1336 2577 1400 2605 spes
1417 2569 1531 2602 virtu-u
1553 2569 1676 2597 secunda
1698 2569 1753 2597 ibi:
1778 2570 1827 2597 Est
1847 2569 1923 2597 enim
1937 2578 2001 2606 spes

1154 2620 1233 2644 certa
1254 2616 1427 2652 exspectatio
1450 2619 1500 2645 etc.

1233 2662 1357 2691 Secunda
1381 2671 1447 2691 vero
1469 2671 1534 2700 pars
1558 2663 1718 2700 principalis
1740 2663 1875 2691 dividitur
1898 2663 1923 2691 in
1939 2671 2000 2700 par-

313 2787 317 2800 ¹
337 2786 450 2808 Enehirid.
468 2793 488 2808 c.
506 2787 527 2807 8.
554 2792 575 2807 n.
594 2786 613 2813 (Ζ,
642 2785 680 2807 ubi
707 2786 788 2807 citatur
814 2785 878 2807 110111.
898 2785 924 2811 3,
944 2784 980 2807 24.
1003 2797 1034 2801 —
1052 2785 1095 2807 Pro

248 2825 305 2854 quic!
321 2826 400 2854 sperat
417 2825 468 2847 cod.
487 2825 504 2847 l)
521 2825 551 2853 (et
570 2826 637 2846 etiam
656 2825 708 2852 Ert‘.)
728 2823 844 2853 quomodo
862 2825 948 2853 sperat.

310 2864 320 2878 ‘³
338 2865 397 2886 llaec
414 2864 555 2886 verbotenus
573 2863 635 2891 apud
654 2863 807 2891 haymonem,
822 2863 844 2884 ll.
858 2862 886 2885 de
904 2863 1018 2885 Varietate
1030 2863 1097 2885 libro>

250 2909 314 2930 rum,
333 2909 351 2924 c.
374 2903 407 2929 lss,
426 2903 464 2930 qui
483 2903 525 2924 hoe
551 2902 631 2924 sumsit
657 2908 683 2924 ex
701 2902 805 2929 August.‚
824 2902 936 2923 tinebit-id.
961 2908 980 2924 c.
999 2902 1019 2923 Β.
1039 2902 1097 2926 (sen-

251 2941 386 2968 tentialitcr).

313 2979 321 2993 ⁵
340 2980 467 3006 ltespieitur
484 2980 498 3000 1.
516 2979 566 3001 Cor.
590 2980 622 3007 13,
644 2980 676 3001 ¹2.
696 2993 724 2995 ἡ
744 2980 784 3002 Pro
802 2979 887 3002 habere
904 2979 1011 3002 dicentur
1029 2980 1097 3002 codd.

1153 2784 1197 2807 CD
1214 2783 1299 2807 habere
1316 2784 1442 2813 dicuntur,
1466 2791 1535 2814 quam
1555 2786 1674 2808 lectionem
1693 2788 1753 2807 notat
1771 2785 1838 2806 etiam
1857 2784 1902 2806 Ert'.
1920 2797 1949 2800 —
1969 2785 2000 2806 tn-

1153 2824 1223 2846 ferius
1241 2825 1361 2851 respicitur
1380 2825 1392 2846 1.
1412 2824 1462 2846 Cor.
1486 2824 1517 2851 13τ
1541 2825 1573 2846 10.

1215 2862 1224 2876 ⁴
1243 2863 1324 2885 Psahn.
1343 2863 1379 2890 30,
1401 2864 1418 2885 1,

1369 2901 1464 2924 NOTAE
1481 2901 1518 2924 AD
1536 2899 1782 2924 COMMENTARIUM.

1218 2940 1222 2954 ¹
1244 2941 1285 2963 l‘ro
1306 2940 1449 2970 clefim‘tione,
1474 2940 1536 2969 quod
1554 2940 1606 2962 edd.
1624 2940 1741 2963 omittunt.
1764 2939 1830 2961 codd,
1850 2940 1894 2961 At<
1918 2940 1998 2970 defini-

1154 2978 1204 3001 [Ire.
1223 2979 1271 3001 Mox
1289 2985 1331 3007 pro
1349 2979 1447 3001 relatum
1467 2979 1517 3001 cod.
1535 2979 1550 2999 Z
1568 2977 1700 3001 relativam.
