2166 3366
116 1246 171 1269 Argg⁴
182 1247 246 1263 contra

128 1269 145 1287 1.
158 1269 242 1292 gradum*

251 176 307 203 85⁶2

252 253 278 280 in
300 251 435 280 doctrina
456 249 614 286 reliyz'om's.
637 249 667 277 Et
688 248 715 276 si
735 251 766 276 tu
787 247 923 281 obiicias,
943 247 1016 284 quod
1040 247 1091 275 ista

251 307 338 336 prava
360 298 487 326 voluntas
508 299 597 333 potest
625 303 685 324 esse
707 295 734 323 in
756 295 829 323 omni
852 302 953 331 genere
981 293 1092 322 menda-

252 346 304 379 cii;
327 345 381 373 iam
402 346 476 381 patet
498 343 656 380 responsio,
678 342 743 379 quia
771 342 823 370 hoc
851 344 893 370 est
914 340 1031 374 falsum,
1053 348 1092 368 se-

920 170 1170 198 SENTENTIARUM
1192 170 1252 198 LIB.
1275 170 1313 198 111,

1149 247 1272 275 cundum
1294 247 1368 284 quod
1383 248 1563 285 explanatum
1580 251 1634 276 est:
1651 247 1728 284 quia,
1745 246 1898 275 secundum
1914 246 1989 283 quod

1149 294 1235 322 verba
1256 294 1416 323 deserviunt
1438 294 1605 327 intentioni,
1624 294 1655 322 fit
1671 293 1867 322 diversificatio
1888 292 1991 330 specie-

1149 348 1212 368 rum
1234 340 1368 369 mendacii
1382 341 1398 368 ¹.

1010 461 1172 498 QUAESTIO
1193 461 1235 490 Vl.

842 563 880 590 De
898 560 1044 599 yraclz'bzts
1065 560 1227 597 specierum
1249 560 1402 588 mendacii.

331 684 414 712 Sexto
435 685 462 711 et
484 682 582 710 ultimo
602 680 748 718 quaeritur
776 680 810 709 de
838 679 972 716 gradibus
994 678 1095 716 specie-

254 738 319 759 rum
341 729 486 758 mendacii.
508 728 578 757 Dicit
600 727 673 756 enim
695 727 865 764 Augustinus
875 726 893 761 ²,
916 726 990 763 quod
1018 725 1095 762 «pri-

257 784 335 805 mum
357 784 445 813 genus
466 774 602 803 mendacii
625 777 666 802 est
681 773 894 811 gravissimum,
916 776 942 801 et
963 772 1094 801 ultimum

254 827 296 852 est
326 823 508 851 levissimum.
532 822 562 850 Et
593 823 696 858 quanto
730 821 801 848 inter
832 827 934 857 genera
959 818 1094 847 mendacii

253 870 366 907 aliquod
394 868 572 897 mendacium
602 867 708 896 accedit
739 867 774 895 ad
795 867 935 903 primum,
957 869 1033 894 tanto
1054 868 1095 893 est

254 917 383 955 graviusg
411 919 438 944 et
463 918 567 952 quanto
597 915 683 951 magis
705 914 851 950 elongatur
879 916 906 941 et
934 912 1040 941 accedit
1060 911 1095 940 ad

254 963 401 997 ultimum,
424 966 499 990 tanto
520 964 561 990 est
582 961 709 990 levius».
736 960 884 988 «Primum
906 963 1000 988 autem
1024 966 1096 987 men-

255 1010 324 1040 dacii
348 1017 453 1047 genus,
474 1012 506 1037 ut
527 1008 607 1043 dicit,
630 1011 671 1037 est
695 1008 725 1035 in
748 1007 883 1035 doctrina
904 1005 1097 1043 relz'yz'om‘sm

260 1057 415 1085 «ultimum
437 1059 531 1085 autem
551 1059 607 1089 est,
631 1059 661 1083 ut
683 1055 762 1089 dicit,
792 1063 847 1091 pro
882 1052 1098 1081 conservatione

257 1103 369 1132 alienae
397 1102 580 1131 castitatis».
604 1102 704 1129 Contra
735 1102 788 1129 hoc
816 1100 890 1137 quod
920 1099 1001 1133 dicit,
1024 1098 1097 1135 qnod

254 1150 388 1187 primum
410 1153 451 1178 est
472 1149 678 1185 gravissimum,
700 1147 830 1176 obiicitur
851 1147 897 1175 sic.

338 1197 361 1224 l.
385 1196 446 1224 Esto
468 1195 543 1231 quod
564 1194 664 1231 aliquis
686 1194 766 1227 dicat,
782 1193 923 1221 Christum
940 1200 992 1220 non
1008 1199 1100 1220 ascen-

256 1243 329 1271 disse
344 1249 429 1278 super
443 1241 560 1269 asellum
575 1240 597 1274 ³,
619 1248 654 1268 ex
670 1240 790 1277 quadam
807 1238 973 1273 urbanitate,
987 1241 1014 1266 et
1029 1238 1101 1267 alius

257 1290 380 1326 imponat
400 1289 502 1316 falsum
524 1288 630 1316 crimen
655 1287 796 1323 proximo,
818 1293 854 1314 ex
877 1294 932 1322 quo
953 1285 1100 1322 proximus

257 1339 346 1365 morte
367 1336 533 1369 damnatum
555 1337 682 1363 constans
706 1336 758 1367 est,
781 1333 855 1370 quod
877 1332 991 1369 gravius
1006 1335 1101 1369 peccat

260 1383 399 1412 secundus
421 1389 505 1418 quam
536 1381 661 1418 primus3
690 1380 739 1409 sed
766 1380 874 1416 primus
895 1382 990 1416 peccat
1011 1379 1101 1415 primo

259 1437 359 1466 genere
391 1428 542 1461 mendacii,
577 1427 717 1456 secundus
738 1430 834 1463 peccat
856 1426 979 1455 secundo
1000 1433 1102 1462 genere

261 1476 414 1505 mendacii:
436 1483 502 1512 ergo
525 1474 679 1503 secundum
703 1481 790 1510 genus
820 1473 953 1501 mendacii
978 1475 1018 1501 est
1044 1479 1103 1508 gra-

262 1523 324 1552 vius
338 1531 421 1560 quam
445 1522 576 1559 primum.

339 1572 364 1599 9..
388 1571 469 1604 ltem,
490 1568 591 1605 aliquis
607 1567 672 1596 dicit
693 1567 803 1604 aliquod
822 1566 998 1595 mendacium
1014 1566 1041 1593 in
1057 1565 1103 1593 do-

260 1618 348 1647 ctrina
369 1616 525 1653 religionis,
547 1615 622 1653 quod
639 1614 793 1651 corrumpit
816 1614 897 1641 sidem
922 1613 947 1641 in
970 1621 1026 1641 uno
1041 1613 1103 1641 sim-

260 1665 339 1701 plici,
360 1664 433 1692 alius
456 1671 521 1692 vero
543 1662 608 1691 dicit
630 1660 820 1695 mendacium,
843 1668 892 1697 per
908 1660 982 1696 quod
1005 1659 1103 1688 scindi-

259 1715 306 1740 tur
327 1711 418 1739 unitas
438 1709 640 1739 ecclesiasticae
662 1708 752 1745 pacis3
768 1711 882 1741 constat,
898 1707 973 1744 quod
988 1706 1102 1743 gravius

260 1761 354 1795 peccat
375 1757 516 1786 secundus
537 1764 621 1793 quam
645 1756 767 1793 primus,
789 1755 854 1791 quia
875 1754 1000 1783 seminat
1028 1754 1102 1781 incer

260 1805 372 1842 fratres
401 1803 567 1831 discordias
583 1803 607 1835 ⁴,
630 1802 704 1839 quod
727 1802 850 1830 maxime
875 1800 1010 1829 Dominus
1031 1800 1103 1828 dete-

261 1853 365 1884 statur;
387 1853 414 1878 et
436 1853 525 1878 tamen
548 1850 657 1886 primus
679 1851 774 1885 peccat
795 1848 885 1884 primo
907 1855 1007 1884 genere
1031 1854 1103 1875 men-

261 1898 347 1931 dacii,
369 1897 509 1925 secundus
524 1904 590 1925 vero
612 1895 747 1924 secundo:
771 1903 837 1931 ergo
853 1894 924 1923 redit
939 1894 1011 1922 idem
1027 1893 1101 1930 quod

261 1944 348 1980 prius.

341 1990 366 2018 3.
390 1990 473 2019 ltem.
495 1988 625 2026 possibile
647 1992 700 2023 est,
723 1988 844 2024 aliquem
875 1987 982 2016 mentiri
1013 1987 1103 2024 primo

263 2045 363 2073 genere
386 2036 520 2064 mendacii
536 2043 569 2063 ex
588 2035 762 2069 infirmitate,
778 2034 900 2063 secundo
923 2042 988 2062 vero
1003 2041 1103 2070 genere

264 2083 398 2112 mendacii
421 2091 456 2111 ex
473 2086 547 2111 certa
563 2082 682 2110 malitia:
699 2083 721 2110 si
737 2089 802 2117 ergo
818 2084 961 2117 peccatum
977 2088 1012 2109 ex
1029 2084 1104 2108 certa

264 2131 368 2159 malitia
389 2133 430 2159 est
453 2133 594 2166 peccatum
618 2129 644 2157 in
661 2129 792 2165 Spiritum
810 2131 951 2161 sanctum,
973 2127 1045 2164 quod
1064 2132 1104 2155 est

264 2178 376 2215 gravius
398 2177 494 2209 aliis⁵3
518 2176 644 2210 videtur,
660 2175 734 2212 quod
756 2175 910 2203 secundum
933 2182 1020 2210 genus
1047 2182 1105 2211 pos-

264 2226 298 2254 sit
319 2233 378 2254 esse
400 2224 514 2261 gravius
535 2232 619 2260 quam
641 2223 772 2260 primum.

342 2272 367 2299 [1.
391 2272 473 2300 ltem.
495 2271 617 2307 primum
651 2277 737 2306 genus
771 2268 905 2297 mendacii
939 2271 981 2297 est
1009 2271 1105 2296 contra

264 2319 363 2352 fidem,
386 2318 538 2346 secundum
568 2320 609 2345 est
641 2319 736 2344 contra
758 2315 916 2349 caritatem5
939 2314 1105 2351 generaliter

264 2364 418 2402 loquendog
434 2364 481 2392 sed
504 2364 593 2391 maius
609 2363 713 2391 bonum
728 2365 770 2391 est
785 2362 885 2390 caritas
900 2370 983 2399 quam
1003 2361 1073 2390 fides
1084 2361 1104 2389 ⁶:

264 2412 285 2440 si
309 2419 374 2448 ergo
397 2411 565 2447 privationes
587 2418 636 2447 per
668 2409 780 2437 habitus
802 2409 1022 2445 dignoscuntur,
1045 2416 1104 2445 gra-

247 2459 326 2486 -vius
348 2461 490 2495 peccatum
521 2461 562 2486 est
594 2457 748 2485 secundum
780 2464 868 2492 genus
900 2455 1048 2489 mendacii,
1070 2455 1105 2482 1ο-

265 2505 375 2541 quendo
397 2504 578 2541 generaliter,
601 2511 683 2540 quam
707 2503 838 2540 primum.

1231 678 1275 706 Est
1300 677 1384 714 igitur
1405 677 1544 714 quaestio:
1568 686 1660 715 quare
1681 678 1802 714 primum
1826 685 1913 714 genus
1933 685 1994 714 pec·
2006 679 2094 704 Quaestio
2104 680 2121 699 ¹-

1151 725 1203 753 cati
1225 724 1395 761 Augustinus
1416 724 1482 752 dicit
1502 732 1562 753 esse
1584 724 1800 761 gravissimum?

1231 772 1256 799 5.
1278 771 1343 799 [tem
1357 788 1371 805 ,-
1385 771 1514 799 obiicitur
1535 774 1630 799 contra
1651 771 1787 799 ultimum
1808 771 1936 807 gradum.
1952 771 1994 799 Di·
2006 773 2075 815 Cgffia
2093 774 2135 815 {ssat-i-

1152 819 1189 847 cit
1209 818 1295 852 enim,
1317 818 1507 851 mendacium,
1523 818 1597 854 quod
1613 817 1644 845 fit
1658 825 1708 854 pro
1723 817 1847 846 castitate
1869 817 1993 854 corporis
2018 820 2068 839 dum.
2083 802 2094 821 g

1153 864 1269 893 alterius
1292 864 1444 898 servanda⁷
1466 872 1527 892 esse
1558 863 1730 892 levissimum
1762 864 1886 893 omnium
1912 868 1940 893 et
1960 864 1996 893 le-

1154 912 1217 940 vius
1239 920 1271 940 eo
1303 911 1377 948 quod
1399 911 1439 939 fit'
1460 919 1511 948 pro
1542 910 1680 939 servanda
1710 911 1774 939 vita.
1802 911 1852 939 Sed
1876 914 1996 939 contra.-

1156 958 1224 987 illud
1249 958 1424 987 mendacium
1456 959 1570 995 gravius
1590 961 1644 992 est,
1676 958 1703 986 in
1725 966 1780 995 quo
1802 958 1890 994 magis
1911 958 1998 986 salva.-

1154 1008 1201 1033 tur
1212 1006 1220 1019 7
1242 1005 1312 1033 ratio
1335 1004 1500 1038 mentiendi3
1517 1004 1563 1033 sed
1580 1004 1766 1039 mendacium,
1781 1005 1856 1042 quod
1871 1004 1901 1033 fit
1916 1004 1997 1039 serio,

1155 1052 1219 1089 plus
1242 1052 1324 1080 habet
1346 1051 1381 1080 de
1402 1051 1507 1080 ratione
1529 1051 1678 1080 mentiendi
1702 1059 1785 1088 quam
1808 1051 1997 1086 mendacium,

1155 1098 1229 1135 quod
1251 1098 1282 1126 fit
1303 1098 1376 1127 ioco:
1398 1098 1421 1126 si
1443 1106 1512 1134 ergo
1534 1097 1678 1135 quodlibet
1700 1097 1876 1126 mendacium
1898 1097 1998 1126 officio-

1156 1153 1217 1173 sum
1242 1145 1271 1172 sit
1293 1145 1379 1179 serio,
1405 1145 1548 1181 quodlibet
1577 1144 1752 1173 mendacium
1782 1144 1935 1173 officiosum
1957 1147 1999 1173 est

1157 1191 1271 1228 gravius
1292 1200 1375 1228 quam
1399 1191 1531 1220 iocosum.

1237 1239 1261 1266 6.
1283 1238 1366 1271 ltem,
1388 1238 1540 1266 castitatem
1562 1246 1615 1266 non
1637 1242 1727 1275 potest
1741 1238 1804 1275 quis
1818 1238 1946 1267 amittere
1960 1237 1998 1266 in-

1158 1285 1246 1317 vitus,
1268 1285 1354 1313 vitam
1377 1285 1501 1321 corporis
1524 1288 1612 1321 potest
1633 1284 1760 1313 amittere
1793 1284 1910 1312 invitus:
1933 1292 1999 1320 ergo

1159 1332 1246 1368 magis
1278 1331 1381 1367 indiget
1412 1331 1551 1359 adiutorio
1582 1335 1609 1360 et
1630 1339 1767 1360 succursu
1790 1339 1840 1368 pro
1862 1331 2000 1360 servanda

1158 1378 1214 1406 vita
1242 1386 1324 1414 quam
1348 1386 1399 1414 pro
1420 1378 1555 1406 servanda
1578 1378 1760 1406 continentia:
1783 1378 1895 1406 videtur
1920 1386 2000 1415 ergo,

1158 1426 1231 1462 quod
1256 1425 1342 1462 magis
1363 1428 1468 1462 spectet
1482 1425 1517 1453 ad
1533 1424 1654 1453 officinm
1678 1425 1798 1461 pietatis,
1820 1429 1848 1453 et
1864 1426 1950 1462 magis
1965 1425 2000 1454 le-

1160 1480 1192 1501 ve
1214 1476 1357 1509 peccatum
1375 1472 1409 1501 sit
1424 1471 1532 1500 mentiri
1557 1480 1607 1508 pro
1628 1472 1766 1500 servanda
1784 1471 1846 1500 υἱιιι
1868 1472 2001 1508 corporis

1159 1526 1243 1555 quani
1266 1527 1317 1555 pro
1338 1518 1476 1547 servanda
1497 1518 1674 1546 continentia
1695 1518 1805 1546 carnis.

1239 1567 1264 1593 7.
1288 1566 1368 1600 ltem,
1391 1565 1437 1602 qui
1461 1565 1552 1602 perdit
1574 1565 1657 1593 vitam
1691 1565 1782 1602 perdit
1804 1566 1923 1602 spatium
1948 1573 2002 1594 me-

1159 1612 1237 1641 rendi
1260 1615 1286 1640 et
1308 1612 1480 1649 poenitendi,
1503 1620 1554 1640 non
1578 1612 1616 1641 sic
1648 1615 1741 1640 autem
1764 1612 1811 1649 qui
1833 1612 1925 1649 perdit
1945 1620 2003 1641 car-

1160 1660 1202 1688 nis
1224 1659 1432 1687 continentiam:
1455 1667 1521 1695 crgo
1537 1658 1721 1696 periculosius
1742 1662 1769 1687 et
1784 1659 1946 1688 damnosius
1960 1662 2002 1687 est

1160 1706 1241 1740 alicui
1265 1706 1381 1735 interfici
1403 1714 1486 1743 qnam
1510 1706 1656 1735 carnaliter
1678 1706 1791 1734 violari:
1815 1714 1880 1743 ergo
1914 1706 2001 1742 magis

1161 1753 1237 1789 pium
1259 1756 1299 1781 est
1321 1753 1347 1780 in
1370 1752 1415 1780 tali
1439 1760 1505 1781 casu
1527 1753 1646 1781 mentiri.

1238 1800 1319 1827 quta
1349 1800 1401 1827 hoc
1432 1800 1592 1836 quaeritur:
1615 1800 1637 1828 si
1666 1799 1729 1836 quis
1754 1802 1795 1828 est
1827 1799 1853 1827 in
1876 1799 2000 1836 periculo
2013 1799 2130 1823 91131181ῑο2-

1160 1847 1328 1875 constitutus
1349 1846 1383 1874 de
1415 1845 1539 1874 castitate
1570 1846 1721 1874 amittenda
1750 1854 1800 1874 sua
1832 1846 1875 1874 vel
1896 1845 1997 1878 aliena,

1160 1893 1234 1929 quod
1257 1892 1291 1921 sit
1313 1892 1364 1920 sibi
1388 1892 1475 1929 magis
1496 1892 1671 1929 eligendum,
1694 1896 1789 1920 utrum
1813 1891 1936 1925 mentiri,
1959 1890 2002 1919 vel

1160 1940 1297 1968 sustinere
1312 1948 1341 1968 se
1362 1940 1406 1967 vel
1427 1939 1512 1967 alium
1536 1939 1717 1974 corporaliter
1730 1939 1739 1952 ⁵
1761 1938 1868 1967 violari.

1238 1986 1388 2022 Quaeritur
1409 1986 1507 2019 etiam,
1529 1989 1625 2013 utrum
1649 1985 1749 2014 melius
1769 1985 1850 2014 faciat
1881 1985 1927 2013 ille
1955 1985 2003 2022 qui
2016 1986 2104 2010 Quaestio
2114 1986 2132 2004 3-

1164 2033 1309 2066 mentitur,
1332 2035 1362 2060 ut
1383 2032 1469 2060 alium
1503 2032 1595 2060 trahat
1617 2032 1651 2060 de
1682 2035 1756 2060 statu
1778 2032 1950 2068 periculoso,
1973 2035 2004 2060 ut

1162 2079 1245 2107 intret
1267 2079 1442 2115 religionem,
1468 2079 1501 2107 de
1523 2087 1578 2116 quo
1600 2079 1779 2107 veliementer
1795 2079 1958 2115 praesumit,
1973 2082 2004 2106 ut

1162 2126 1247 2162 possit
1270 2126 1359 2162 ipsum
1381 2134 1431 2162 per
1453 2125 1628 2154 mendacium
1651 2125 1808 2159 attraliere3
1830 2133 1864 2153 an
1886 2125 1931 2153 ille
1956 2125 2004 2161 qui

1162 2173 1324 2209 simpliciter
1347 2172 1460 2209 negligit
1483 2176 1509 2200 et
1530 2180 1583 2200 non
1606 2171 1667 2200 vult
1688 2171 1798 2200 mentiri
1813 2180 1864 2208 pro
1886 2171 2004 2200 alicuius

1163 2220 1260 2248 salute.
1284 2220 1313 2247 Et
1335 2219 1462 2253 videtur,
1484 2219 1558 2256 quod
1577 2218 1697 2255 primus
1712 2218 1812 2247 melius
1833 2218 1922 2252 faciat,
1938 2218 2003 2255 quia

1162 2275 1215 2294 non
1239 2274 1370 2303 magnum
1393 2270 1434 2294 est
1455 2266 1545 2294 facere
1566 2273 1653 2294 unum
1671 2269 1813 2301 peccatum
1836 2265 1958 2298 veniale,
1975 2267 2005 2293 ut

1162 2314 1234 2342 alius
1255 2317 1395 2342 aeternam
1429 2317 1615 2350 consequatur
1646 2312 1775 2341 salutem.
1808 2312 1886 2348 Quod
1908 2316 2001 2340 autem

1162 2360 1308 2388 secundm·
1324 2359 1424 2388 melius
1445 2359 1534 2393 faeiat,
1557 2359 1682 2393 videtur,
1705 2359 1770 2396 quia
1784 2358 1897 2386 maioris
1920 2358 2005 2394 perfe-

1163 2407 1260 2436 ctionis
1282 2410 1323 2435 est
1344 2407 1370 2434 in
1394 2406 1470 2434 nullo
1492 2414 1557 2434 casu
1590 2406 1700 2434 mentiri
1729 2406 1822 2442 aliqua
1844 2405 1878 2433 de
1900 2413 2002 2439 causa,

1163 2454 1315 2482 secundum
1339 2454 1411 2491 quod
1445 2453 1635 2489 multipliciter
1657 2453 1776 2481 ostendit
1798 2453 1895 2481 heatus
1917 2453 2006 2489 Augu-

1163 2501 1251 2529 stinus
1263 2501 1282 2528 ⁹.

330 2685 335 2698 ¹
356 2685 411 2707 Vide
430 2685 531 2707 srliolion
551 2684 579 2706 ud
598 2684 617 2706 t.
636 2688 723 2712 (ineest,

328 2725 336 2738 ‘²
354 2724 384 2745 Do
404 2724 529 2749 Mendacio,
548 2730 566 2745 c.
581 2724 616 2745 21.
637 2729 657 2744 n.
671 2723 710 2749 423
725 2723 764 2745 cfr.
777 2723 844 2744 otium
857 2730 876 2744 r.
899 2721 930 2743 tt.
945 2728 965 2744 n.
984 2722 1025 2749 ⁶25,
1038 2725 1058 2743 ct
1072 2722 1107 2743 nic

267 2763 296 2785 lit.
314 2763 424 2790 Magistri,
443 2769 461 2784 c.
480 2764 500 2784 2.

330 2801 339 2815 ³
355 2800 398 2823 Ct‘r.
418 2802 491 2823 Mattli.
510 2802 545 2827 21,
563 2801 585 2822 7.
604 2814 633 2816 —
651 2800 704 2823 Cod.
724 2801 742 2822 R
760 2800 866 2822 asellam.

330 2839 337 2853 ⁴
356 2840 420 2861 l'rm‘.
439 2841 462 2866 13,
485 2841 518 2861 lt).
531 2853 557 2855 —
572 2839 642 2862 Codd.
661 2840 755 2861 61111111
774 2838 922 2861 tle'scorrliam.

329 2878 338 2891 ⁵
357 2878 412 2899 Vide
432 2879 453 2899 11.
472 2879 531 2900 Seni.
549 2879 571 2900 d.
592 2879 625 2900 43¹.
644 2885 663 2900 a.
683 2879 702 2900 2.
722 2885 742 2906 q.
766 2879 782 2900 l.

331 2916 340 2930 ‘⁵
357 2917 424 2944 lipist.
445 2917 456 2938 1.
475 2917 525 2939 Cor.
548 2918 587 2944 ¹3,
611 2917 648 2939 1:32
666 2918 729 2939 Nunc
751 2921 826 2939 nutem
842 2920 933 2939 manent
950 2916 1018 2943 nuos,
1042 2922 1106 2943 spos,

270 2956 361 2979 caritas,
380 2957 419 2977 tri-‘1
439 2956 502 2983 naec,
522 2957 594 2978 maior
611 2958 686 2977 nuh-m
706 2957 787 2978 horum
805 2959 838 2977 ost
856 2956 943 2977 raritas.
964 2968 994 2970 ἠ
1010 2954 1041 2976 Dc
1059 2960 1105 2982 seq.

1165 2683 1273 2710 proposit.
1292 2682 1331 2704 cfr.
1349 2687 1418 2708 supra
1437 2687 1488 2708 pag.
1508 2681 1562 2708 802,
1583 2684 1632 2702 nota
1647 2680 1666 2702 S.
1681 2680 1838 2708 —Aliquzmto
1856 2679 1950 2701 inferius
1963 2685 2004 2706 pro

1162 2720 1252 2750 peccati
1268 2721 1319 2742 cdd.
1343 2722 1358 2742 1.
1378 2721 1391 2742 -2
1408 2719 1539 2747 mendacii,
1560 2720 1608 2741 Vnt.
1624 2718 1714 2748 peccati
1731 2717 1852 2741 mendacii.

1226 2760 1234 2774 ⁷
1254 2760 1302 2782 Vnt.
1320 2761 1437 2782 servatur.
1457 2760 1525 2781 Paulo
1543 2762 1593 2781 ante
1612 2762 1662 2787 post
1684 2757 1783 2787 yrurz'us
1804 2757 1854 2779 cod.
1877 2757 1892 2778 F
1914 2758 2005 2785 supplet

1162 2800 1291 2828 peccatam.
1694 2806 1698 2809 ·

1226 2837 1235 2851 s
1254 2837 1309 2859 Edd.
1328 2836 1464 2860 carnaliter.
1483 2837 1593 2864 Superius
1611 2836 1640 2858 ob
1658 2836 1814 2857 auctoritatem
1834 2834 1900 2856 codd.
1919 2838 1940 2856 ct
1952 2834 2003 2856 edd.

1164 2877 1301 2898 retinuimus
1318 2875 1381 2905 quod
1396 2875 1437 2903 sil,
1459 2882 1500 2903 pro
1517 2874 1574 2904 quid
1589 2874 1625 2897 sit.

1226 2914 1235 2929 9
1253 2915 1273 2936 ln
1287 2914 1324 2936 lib.
1338 2914 1366 2936 dc
1378 2914 1501 2941 Mendacio,
1515 2917 1535 2935 ut
1547 2916 1624 2936 contra
1636 2912 1785 2935 Mendacium.
1798 2924 1828 2928 —
1841 2912 1950 2939 Superius
1963 2917 2004 2939 pro

1163 2953 1261 2976 salutem
1280 2953 1347 2975 codd.
1366 2953 1408 2975 UZ
1428 2953 1505 2975 ritum.
1927 2950 1935 2958 ⁴
