2166 3366
262 194 319 222 480

263 270 359 300 credit.
376 270 406 298 Et
427 269 489 297 ideo
510 271 624 305 propter
644 267 835 296 diversitatem
856 268 1033 296 credibilium
1055 276 1109 296 non

262 317 347 345 habet
368 314 560 344 diversificari.

344 362 369 390 3.
391 361 427 390 Ad
452 361 519 389 illud
543 361 616 397 quod
633 360 777 394 obiicitur,
793 360 868 397 quod
884 361 989 389 donum
1005 361 1111 398 sapien<

263 410 316 438 tiae
337 412 364 437 et
385 408 514 437 scientiae
529 407 750 441 diversificatum
766 407 926 441 dicendum,
954 407 1030 444 quod
1056 416 1107 436 non

133 464 248 482 Notandum.
263 458 304 484 est
325 455 429 483 simile:
452 454 518 491 quia
538 454 686 490 sapientia
708 454 866 490 negotiatur
895 455 968 483 circa
997 457 1110 483 aeterna

263 502 419 531 secundum
441 502 562 529 rationes
592 505 733 535 aeternas,
755 505 781 530 et
802 501 925 529 scientia
946 501 1020 530 circa
1045 504 1108 530 tem-

262 548 369 586 poralia
391 548 545 577 secundum
577 548 698 576 rationes
729 548 916 585 temporales3
937 551 964 577 et
987 548 1049 577 ideo
1072 548 1110 576 di-

261 595 470 629 versificantur,
499 595 564 632 quia
596 595 772 631 negotiantur
805 595 963 624 secundum
987 595 1111 624 rationes

263 642 332 671 alias
353 645 380 670 et
400 642 477 670 alias.
499 642 577 670 Fides
599 645 693 670 autem
715 650 769 670 non
785 642 842 676 sic,
858 642 944 670 immo
966 645 1022 670 tam
1038 642 1111 671 circa

265 692 357 718 creata
379 697 463 726 quam
493 689 566 718 circa
592 689 715 717 increata
743 692 873 718 versatur
895 689 1050 718 secundum
1074 689 1112 718 di-

263 739 371 765 ctamen
387 736 518 765 Veritatis
539 739 684 769 aeternae;
706 738 733 764 et
754 735 817 764 ideo
838 744 892 764 non
912 736 951 764 sic
974 736 1058 764 habet
1074 736 1113 764 di-

264 783 426 813 versificari.

344 831 370 859 4.
393 830 430 859 Ad
453 830 521 858 illud
545 830 617 866 quod
635 829 968 866 01311611111,(ΙηοᾶῑῑῑῃοιἸ
997 833 1024 859 et
1049 838 1112 867 spes

265 876 505 911 diversificantur,
526 877 592 913 quia
614 879 679 904 sunt
700 876 735 905 de
756 876 835 905 bonis
857 879 884 905 et
906 877 1000 911 malis3
1022 877 1112 906 dicen-

265 924 349 958 dum,
371 924 445 961 quod
468 931 522 952 non
544 926 585 952 est
606 923 708 952 simile:
732 923 797 960 quia.
820 923 907 951 timor
928 923 1042 960 respicit
1057 932 1113 952 ma-

265 971 337 1005 lum,
359 970 514 999 secundum
530 970 604 1006 quod
621 970 739 1003 malum,
755 973 781 998 et
795 978 859 1006 spes
875 970 995 1004 honum.
1018 978 1113 999 secun-

265 1017 332 1045 dum
349 1017 424 1053 quod
439 1016 560 1051 bonum,
575 1019 602 1045 et
617 1016 654 1044 ita
668 1017 823 1045 secundum
840 1017 961 1045 rationes
977 1017 1111 1045 diversas.

264 1063 352 1091 Fides
373 1066 466 1091 autem
488 1063 561 1091 bona
581 1066 608 1092 et
640 1063 713 1091 mala
734 1071 788 1091 non
811 1063 982 1098 considerat,
1009 1064 1060 1092 nisi
1084 1064 1111 1091 in

265 1112 400 1147 qnantum
433 1109 537 1138 cadunt
568 1109 620 1138 sub
648 1109 817 1138 dictamine¹
841 1110 986 1144 Veritatis,
1019 1113 1046 1138 et
1075 1110 1111 1137 ita

266 1157 318 1185 sul]
340 1157 446 1185 ratione
468 1164 531 1185 nna.
554 1157 592 1184 Ita
606 1156 680 1185 enim
696 1156 799 1190 credit,
816 1156 903 1185 malos
919 1156 1021 1193 puniri,
1037 1157 1110 1185 sicut

1137 383 1148 411 l'

939 190 1190 219 SENTENTIARUM
1212 190 1272 218 LlB.
1292 190 1332 218 111.

1168 268 1254 296 honos
1275 267 1441 305 p1=ae1nia1·i;
1464 268 1501 295 ita
1517 267 1590 296 enim
1609 270 1651 296 est
1667 275 1764 296 verum
1781 275 1886 301 unum,
1902 267 1973 296 sicut
1987 271 2014 296 et

1168 314 1324 351 reliquum,
1347 317 1373 343 et
1388 314 1425 342 ita
1447 314 1533 342 dictat
1548 314 1655 343 Veritas
1677 322 1780 348 unum,
1797 314 1869 343 sicut
1883 314 2011 342 alterum.

1248 362 1272 389 ·3.
1296 361 1334 389 Ad
1356 361 1426 389 illud
1449 361 1523 398 quod
1545 360 1690 395 obiicitur,
1713 361 1787 398 quod
1820 361 1889 389 fides
1921 361 2015 397 dirigit

1168 416 1264 436 omnes
1285 408 1419 441 virtutes3
1441 408 1605 441 dicendum,
1627 407 1701 444 quod
1723 415 1760 436 ex
1782 408 1834 435 hoc
1849 415 1903 435 non
1926 407 2016 445 sequi-

1168 457 1223 488 tur,
1238 454 1313 490 quod
1328 454 1398 483 fides
1414 455 1448 483 sit
1460 455 1550 483 virtus
1563 453 1727 491 qeneralz's,
1743 462 1794 490 pro
1809 462 1841 482 eo
1862 455 1937 491 quod
1953 462 2014 483 con·
2034 458 2139 477 Notandum

1171 501 1264 537 tingit,
1287 501 1404 530 virtutes
1419 509 1448 529 se
1469 501 1543 538 ipsas
1559 501 1809 535 circumincedere,
1824 504 1851 529 et
1871 501 2009 530 obiectum
2025 481 2059 523 33³
2070 483 2140 528 {3²¹}ss

1168 548 1252 576 unius
1274 548 1385 576 virtutis
1416 547 1486 576 bene
1518 551 1608 584 potest
1639 555 1699 576 esse
1725 548 1878 576 materiale
1899 548 2014 576 alterius
2026 533 2079 547 um*

1169 594 1296 628 virtutis,
1317 598 1344 622 et
1368 597 1456 622 tamen
1479 595 1514 623 ab
1538 595 1656 623 invicem
1679 595 1825 623 distinctae
1847 598 1928 629 sunt,
1949 595 2015 632 quia

1169 641 1380 677 distinguuntur
1403 648 1487 677 penes
1508 641 1616 669 obiecta
1635 641 1778 678 propria,
1801 649 1874 678 quae
1888 649 1942 670 non
1959 645 2016 670 tan-

1169 691 1228 716 tum
1252 688 1355 716 liabent
1376 688 1520 716 rationem
1542 688 1724 722 materialis,
1749 696 1847 717 verum
1869 689 1952 717 etiam
1974 696 2016 717 ra·

1169 735 1270 763 tionem
1293 735 1402 763 motitri.
1425 734 1570 763 Obiectum
1593 735 1667 763 enim
1699 735 1852 763 uniter-idle
1880 743 1930 764 nec
1951 735 2016 764 facit

1170 781 1387 810 convenientiam
1410 782 1437 810 in
1460 782 1551 818 spec-ie
1572 789 1623 810 nec
1644 782 1837 811 differentiam.
1852 799 1890 803 ——
1906 782 1936 811 Et
1951 790 2010 819 pro·
2022 788 2106 808 nesae.

1169 831 1231 866 pter
1265 829 1316 857 hoc
1347 837 1401 857 nou
1434 829 1576 866 sequitur,
1609 829 1684 866 quod
1713 828 1783 858 fides
1804 829 1839 857 sit
1860 829 2016 858 communis

1170 876 1230 904 aliis
1252 876 1420 910 virtutihus,
1442 876 1507 912 quia
1535 875 1648 912 respicit
1669 884 1766 904 earum
1781 875 1789 888 ²
1813 876 1920 905 obiecta
1941 879 1968 905 et
1988 875 2018 904 fi-

1170 930 1226 950 nes.
1250 922 1369 958 Respicit
1390 922 1463 950 enim
1487 922 1533 950 illa
1555 922 1732 951 solummodo
1748 930 1797 959 per
1819 923 1935 951 modum
1957 930 2018 951 ma-

1170 968 1279 1002 teriae,
1302 969 1372 997 circa
1397 976 1480 1005 quam
1509 972 1655 1003 versatui·;
1677 969 1817 998 obiectum
1841 972 1934 998 tamen
1952 977 2019 1006 pro-

1167 1015 1270 1052 prium
1294 1018 1320 1044 et
1337 1015 1472 1052 privatim
1494 1016 1577 1044 habet
1599 1016 1760 1044 distinctum
1793 1016 1828 1044 ab
1850 1016 1911 1045 aliis
1932 1017 2018 1045 virtu-

1172 1063 1261 1097 tibus,
1283 1063 1439 1091 secundum
1461 1063 1542 1092 cuius
1563 1063 1662 1092 obiecti
1684 1064 1819 1093 unitatem
1839 1068 1880 1093 est
1901 1072 2018 1101 ponere,

1173 1110 1257 1139 fidem
1282 1118 1342 1139 esse
1364 1118 1449 1138 unam
1471 1110 1626 1139 secundum
1649 1111 1785 1148 speciem,
1808 1111 1879 1140 sicut
1900 1112 1927 1140 in
1942 1119 2019 1149 prae-

1170 1157 1335 1185 cedentibus
1356 1161 1499 1185 ostensum
1522 1160 1571 1185 est.
1878 1167 1901 1189 χ

1012 1259 1273 1295 SGHOLION.

329 1362 342 1383 1.
362 1362 468 1389 Quaestio
487 1362 542 1383 hacc
559 1361 588 1383 ab
606 1361 655 1383 aliis
672 1362 740 1383 etiam
758 1362 790 1383 sic
802 1362 956 1389 proponitur:
969 1364 1045 1384 utrum
1058 1361 1115 1384 fides

266 1402 293 1423 sit
310 1407 359 1423 tina
376 1401 462 1428 virtus,
480 1400 600 1429 specialis.
627 1401 663 1422 vel
685 1399 810 1430 [Jeueralis.
829 1400 979 1428 Distinguitur
996 1401 1057 1422 enim
1080 1401 1116 1423 tri-

265 1440 317 1468 plex
335 1441 420 1462 unitas:
438 1439 575 1467 numerica,
595 1438 715 1469 specifica,
734 1439 843 1469 ι(μηιθνιῖαι
862 1439 912 1467 (cfr.
931 1439 952 1461 5.
970 1446 1019 1467 arg.
1036 1439 1064 1461 ad
1077 1445 1115 1467 op-

265 1478 332 1507 pos).
347 1478 428 1507 Quoad
440 1477 589 1501 numericam
600 1479 709 1500 unitatem
727 1481 799 1506 patet,
818 1478 882 1507 quod
894 1478 947 1500 fidei
960 1478 1051 1501 habitus
1068 1479 1116 1506 plu-

265 1518 366 1540 rificetur
387 1517 515 1539 secundun]
538 1523 661 1539 numerum
683 1517 839 1540 subiectorum
866 1517 1015 1540 credentium.
1041 1518 1117 1540 Restat

266 1558 336 1585 igitur
353 1556 451 1579 dubium
463 1575 468 1585 ‚
486 1559 563 1579 utrum
581 1556 638 1578 fides
651 1557 718 1585 (sicut
730 1556 835 1578 diversae
847 1557 964 1585 scientiae>
977 1556 1059 1579 habeat
1070 1559 1116 1579 tan-

266 1599 314 1619 tum
341 1596 450 1618 unitatem
475 1595 623 1625 cenericum,
648 1601 676 1617 an
695 1596 771 1623 potius
788 1594 928 1625 specificam.
947 1596 1007 1618 Haec
1025 1598 1115 1624 autem,

266 1637 291 1657 ut
307 1640 388 1656 omnes
406 1634 500 1662 docent⁷
519 1633 634 1662 dependet
651 1640 695 1656 non
713 1630 742 1656 ab
760 1635 809 1656 eius
822 1633 911 1656 obiecto
924 1633 1055 1662 materiali,
1075 1634 1116 1656 sed

266 1680 278 1696 a
295 1672 400 1703 formali.
414 1673 479 1695 -lu
497 1673 580 1695 scholis
593 1679 653 1695 nunc
665 1674 751 1701 passim
770 1673 916 1701 distinguitur
934 1673 1049 1695 obiectum
1066 1672 1116 1702 for-

265 1712 328 1735 ‘male
345 1711 409 1742 quod
428 1714 450 1734 et
467 1711 583 1735 obiectum
599 1711 702 1741 formale
719 1717 772 1741 quo.
791 1711 911 1734 Obiecturn
928 1711 1030 1741 formale
1053 1711 1118 1741 quod

266 1754 301 1774 est
317 1751 386 1780 illud,
405 1751 434 1774 de
451 1758 497 1780 quo
522 1752 598 1779 agitur
614 1751 692 1780 primo
710 1753 731 1773 et
747 1757 790 1780 per
806 1757 830 1774 se
847 1754 869 1773 et
886 1751 915 1773 de
933 1751 994 1779 alii5‚
1013 1753 1037 1772 ut
1053 1750 1117 1773 ordi-

266 1791 358 1813 nantur
375 1791 403 1813 ad
421 1790 487 1818 illud3
506 1790 569 1819 quod
586 1792 682 1812 vocatur
699 1790 735 1812 hic
752 1791 773 1811 in
793 1796 855 1817 corp.
874 1788 990 1812 obiectum
1000 1789 1114 1818 primam.

267 1829 388 1852 obtectum
404 1828 506 1858 formale
523 1834 568 1858 quo
586 1832 620 1851 est
637 1830 693 1851 ratio
710 1829 812 1850 formalis
830 1829 928 1856 motiva,
947 1827 990 1851 sub
1007 1834 1055 1858 qua
1067 1829 1116 1850 sive

267 1874 315 1898 qua
326 1867 443 1891 mediante
455 1869 596 1896 attinguntur
608 1867 724 1890 obiectum
740 1867 842 1896 formale
854 1867 918 1897 quod
928 1871 950 1890 et
962 1868 1038 1890 omnia
1056 1867 1116 1890 obie-

268 1910 303 1930 cta
320 1906 468 1935 materialia,
488 1908 549 1935 sive,
567 1909 592 1929 ut
609 1909 688 1929 auctor
706 1906 759 1929 dicit
777 1906 815 1934 (ad
835 1907 877 1935 i.),
897 1906 961 1935 quod
980 1915 991 1927 α
1003 1906 1072 1929 habet
1083 1913 1116 1929 ra-

268 1947 354 1969 tionem
371 1947 440 1969 activi
457 1948 479 1968 et
495 1946 575 1968 motivi
588 1954 609 1968 ».
627 1958 657 1962 —
674 1945 761 1967 Tamen
787 1948 821 1968 est
846 1945 984 1974 notandum,
1007 1945 1070 1974 quod
1093 1946 1115 1967 in

268 1985 314 2007 fide
331 1985 407 2007 divina
419 1985 488 2007 'idem
505 1990 531 2007 re
548 1988 582 2007 est
599 1984 714 2007 obiectum
730 1983 832 2013 formale
843 1984 919 2014 quod,
938 1985 1022 2007 scilicet
1041 1986 1115 2013 prima

1173 1362 1262 1384 Veritas
1274 1360 1393 1389 obiectum„
1409 1368 1467 1390 quae
1480 1363 1554 1390 primo
1574 1364 1595 1384 et
1608 1368 1649 1390 per
1660 1369 1685 1385 se
1702 1364 1849 1391 cognoscitur
1866 1362 1937 1391 (unde
1949 1364 2017 1385 etiam

1173 1400 1216 1422 dici
1234 1404 1308 1428 potest
1324 1400 1430 1430 primam
1448 1402 1468 1423 et
1484 1401 1615 1430 principale
1628 1401 1744 1424 obiectum
1756 1401 1909 1430 materiale),;
1922 1404 1943 1424 et
1955 1402 2022 1424 obie-

1173 1443 1235 1462 ctum
1251 1439 1354 1468 formale
1371 1446 1430 1469 quo,
1451 1440 1535 1462 scilicet
1552 1441 1626 1468 prima
1644 1440 1733 1463 Veritas
1750 1440 1873 1469 formalis,
1897 1442 1945 1463 sive
1963 1442 2020 1463 ratio

1173 1480 1271 1507 motiva,
1290 1482 1384 1507 propter
1402 1486 1471 1508 quam
1489 1480 1615 1502 intellectus
1627 1480 1698 1503 tendit
1709 1481 1731 1502 in
1744 1480 1859 1502 obiectum
1874 1479 1922 1507 (ct'r.
1936 1480 1965 1502 de
1977 1481 2021 1503 hoc

1173 1518 1230 1540 intra
1250 1518 1271 1541 d.
1291 1518 1327 1541 24.
1346 1525 1365 1541 a.
1387 1519 1404 1541 1.
1422 1525 1443 1548 q.
1463 1520 1501 1547 2.).
1527 1519 1584 1541 Hinc
1609 1519 1681 1547 vulgo
1707 1519 1823 1542 obiectum
1847 1519 1949 1549 formale
1974 1525 2020 1549 quo

1173 1558 1240 1579 etiam
1259 1560 1356 1580 vocatur
1381 1557 1497 1580 obiectum
1521 1558 1624 1588 formale
1640 1557 1715 1588 quod,
1735 1559 1785 1581 sive
1802 1559 1879 1586 potius
1896 1561 2020 1588 utrumque

1174 1596 1217 1618 hoc
1238 1602 1284 1618 uno
1309 1596 1423 1619 vocabulo
1441 1596 1589 1624 significatur.
1607 1609 1638 1612 ——
1655 1596 1831 1619 Observandum
1849 1598 1933 1626 etiam,
1958 1597 2021 1626 quod

1173 1641 1229 1657 usus
1247 1635 1354 1664 loquendi
1373 1639 1395 1658 et
1412 1635 1496 1658 modus
1521 1636 1639 1658 dividendi
1664 1635 1717 1658 fidei
1744 1635 1860 1658 obiectum
1878 1637 1899 1658 in
1924 1636 2021 1659 diversis

1173 1673 1306 1696 auctoribus
1323 1675 1418 1696 minime
1435 1676 1469 1696 est
1485 1675 1625 1697 conveniens
1642 1677 1665 1697 et
1681 1678 1803 1703 constans;
1819 1675 1881 1697 unde
1899 1681 1968 1703 saepe
1985 1681 2021 1697 eo-

1173 1719 1225 1735 rum
1243 1714 1367 1741 positiones
1385 1715 1459 1742 magis
1484 1717 1622 1742 apparenter
1639 1720 1709 1742 quam
1731 1715 1820 1736 realiter
1838 1716 1891 1736 sunt
1908 1714 2021 1737 diversae.

1173 1751 1236 1775 Circa
1254 1753 1328 1780 ipsam
1346 1753 1516 1775 conclusionem
1533 1753 1593 1775 nulla
1612 1755 1646 1775 est
1663 1754 1798 1780 opinionum
1817 1753 1944 1775 diversitas.

1237 1791 1259 1813 ll.
1278 1791 1338 1813 Alex.
1356 1791 1416 1819 Hah,
1441 1792 1462 1813 S.
1488 1797 1511 1819 p.
1538 1792 1569 1813 ΙΙΙ.
1588 1797 1609 1819 q.
1629 1791 1666 1813 68.
1684 1797 1714 1813 in.
1734 1791 1754 1813 4.
1772 1803 1803 1806 —
1820 1791 1891 1819 Scot.⁷
1909 1789 2023 1814 lll.'Sent.

1173 1829 1195 1852 d.
1214 1830 1250 1852 25.
1269 1837 1290 1859 q.
1310 1831 1330 1852 2.
1349 1843 1379 1846 -
1396 1831 1417 1853 S.
1436 1830 1532 1859 Tuom,
1551 1831 1587 1852 liic
1604 1837 1625 1859 q.
1645 1830 1665 1852 3.
1684 1837 1703 1852 a.
1722 1830 1742 1852 4.
1756 1832 1897 1859 quaestiunc.
1912 1831 1975 1859 2;S.
1989 1831 2020 1853 ΙΙΙ.

1173 1875 1194 1897 q.
1214 1868 1234 1890 4.
1253 1875 1271 1891 a.
1290 1869 1311 1891 6.
1330 1882 1360 1885 —
1377 1870 1400 1891 B.
1418 1869 1514 1897 Athen„
1533 1871 1570 1892 hic
1587 1876 1608 1892 a.
1627 1870 1663 1892 t2.
1682 1883 1712 1885 —
1731 1870 1787 1892 Petr.
1805 1876 1818 1892 a
1836 1870 1902 1898 Tala,
1915 1870 1952 1892 hic
1964 1876 1985 1898 q.
1999 1870 2020 1891 3.

1173 1914 1193 1930 a.
1220 1907 1240 1929 4.
1266 1909 1408 1936 quaestiunc.
1434 1909 1455 1930 2.
1472 1920 1504 1925 —
1520 1908 1627 1931 Richard.
1651 1915 1663 1931 a
1686 1908 1758 1937 Med,
1781 1909 1818 1931 hic
1835 1915 1854 1931 a.
1874 1908 1894 1931 4.
1912 1915 1934 1938 q.
1953 1909 1974 1931 3.
1992 1921 2022 1924 —

1173 1946 1266 1974 Dionys.
1284 1946 1373 1975 Carth.‚
1391 1947 1427 1969 hic
1444 1953 1466 1976 q.
1485 1948 1505 1969 2.

1036 2087 1198 2124 QUAESTIO
1220 2088 1263 2117 IV.

827 2186 930 2214 Utrum
951 2185 1022 2223 sides
1042 2186 1082 2214 sit
1102 2186 1209 2215 certior
1230 2195 1320 2224 quam
1342 2187 1473 2215 scientia.

350 2298 455 2334 Quarto
475 2297 634 2334 quaeritur,
655 2300 752 2325 utrum
774 2296 844 2326 fides
859 2296 894 2325 sit
908 2297 1009 2325 certior
1031 2305 1115 2334 quan]

272 2344 393 2374 scientia.
415 2345 447 2373 Et
467 2344 543 2381 quod
565 2344 622 2379 sic,
643 2344 764 2372 videtur.

353 2393 378 2420 l.
399 2391 570 2428 Augustinus
584 2391 605 2419 ³:
632 2391 729 2419 «Nihil
751 2394 793 2420 est
814 2391 918 2420 certius
939 2391 1044 2419 homini
1068 2399 1118 2420 sua

155 2450 211 2473 Argg.
239 2455 259 2468 10
272 2438 328 2467 fide
339 2448 365 2466 »t
387 2446 453 2475 ergo
475 2438 602 2473 videtur,
618 2438 692 2475 quod
714 2437 784 2466 fides
799 2438 943 2472 maiorem,
959 2438 1004 2466 vel
1019 2437 1117 2466 saltem

143 2476 222 2516 taillia?
243 2479 260 2492 Ρ
272 2485 416 2522 aequalem
439 2485 635 2514 certitudinem
657 2484 758 2513 habeat
779 2492 863 2522 qnam
886 2484 1009 2513 scientia.

352 2534 377 2561 ⁶2.
392 2533 475 2567 Item,
491 2532 676 2569 Philosophus
688 2532 712 2559 ⁴:
734 2532 854 2561 «Virtus
869 2534 910 2561 est
926 2532 1028 2560 certior
1043 2531 1118 2560 omni

272 2582 332 2608 arte
343 2590 370 2612 »ς
392 2579 440 2608 sed
462 2579 532 2608 fides
553 2579 666 2616 ponitur
688 2579 716 2606 in
738 2586 838 2615 genere
860 2579 989 2613 virtutis,
1004 2578 1118 2607 scientia

1176 2300 1269 2326 autem
1292 2300 1319 2326 et
1339 2306 1386 2326 ars
1407 2300 1471 2326 sunt
1492 2298 1616 2326 eiusdem
1639 2298 1760 2335 generis:
1783 2306 1849 2335 ergo
1871 2298 1959 2327 maior
1980 2302 2022 2328 est

1176 2344 1313 2373 certitudo
1334 2344 1361 2372 in
1383 2344 1451 2378 fide,
1471 2352 1555 2381 quarn
1578 2344 1613 2373 sit
1633 2344 1662 2372 in
1683 2344 1781 2373 habitu
1804 2345 1942 2374 scientiae.

1256 2391 1281 2419 3.
1304 2391 1386 2426 item,
1409 2391 1512 2420 certius
1534 2391 1709 2428 cognoscitur
1738 2391 1814 2429 quod
1846 2392 2022 2429 cognoscitur

1176 2438 1204 2466 in
1226 2438 1331 2467 lumine
1351 2438 1480 2467 Veritatis
1501 2438 1618 2474 primae,
1640 2446 1725 2475 quam
1748 2438 1822 2475 quod
1845 2438 2021 2475 cognoscitur

1176 2485 1203 2513 in
1226 2484 1330 2513 lumine
1352 2484 1476 2513 veritatis
1498 2484 1642 2519 creatae⁵;
1671 2484 1720 2513 sed
1747 2485 1821 2522 quod
1843 2485 2020 2522 cognoscitur

1176 2531 1232 2560 fide
1254 2532 1428 2568 cognoscitur
1451 2531 1477 2559 in
1499 2531 1604 2560 lumine
1633 2531 1764 2561 Veritatis
1792 2532 1915 2568 primae,
1946 2531 2021 2568 quod

1177 2581 1271 2607 autem
1294 2578 1419 2612 scientia,
1441 2578 1617 2615 cognoscitur
1633 2578 1661 2606 in
1676 2578 1781 2607 lumine
1803 2578 1928 2607 veritatis
1950 2586 2024 2607 crea-

340 2760 347 2774 1
366 2760 408 2782 Pro
425 2759 550 2783 dictamine
573 2760 640 2782 codd.
658 2760 692 2782 Gl
711 2760 735 2786 (L
753 2766 765 2782 a
788 2761 861 2788 prima
879 2760 963 2789 manu>
980 2760 1000 2782 V
1021 2760 1120 2783 ratione.

274 2799 326 2822 Post
351 2806 423 2826 pauca
448 2805 489 2826 pro
507 2798 578 2821 bonos
596 2799 648 2821 edd.
667 2805 719 2821 cum
737 2799 823 2827 aliquot
846 2799 913 2821 codd.
932 2798 1010 2822 beatos
1027 2802 1049 2821 et
1066 2798 1121 2821 sub-

276 2837 329 2859 inde
355 2837 388 2860 ita
413 2837 483 2860 etiam
508 2844 550 2865 pro
575 2837 608 2860 ita
638 2837 719 2866 enim;
745 2838 843 2866 denique
870 2844 912 2866 pro
936 2837 1007 2861 dictat
1031 2838 1081 2860 cod.
1105 2838 1121 2859 Z

276 2874 372 2898 iudicat.

342 2913 350 2927 '²
368 2914 410 2935 Pro
428 2919 513 2936 aarum
530 2914 579 2936 cod.
598 2915 616 2942 Q
633 2914 722 2937 eadem.

342 2951 351 2966 ³
367 2952 499 2974 Lil]1·.Xlll.
522 2953 550 2975 de
572 2953 633 2975 Trin.
656 2959 675 2975 c.
697 2954 713 2975 1.
738 2960 759 2975 n.
782 2954 807 2982 3,
831 2954 1002 2983 sententialiter;
1025 2954 1064 2976 cfr.
1086 2954 1123 2976 hic

494 2990 507 2998 ,-

279 2989 309 3011 lit.
328 2989 439 3017 Magistri,
458 2996 475 3011 c.
499 2996 515 3011 i.

1242 2758 1251 2773 ⁴
1268 2758 1328 2781 Libr.
1347 2759 1369 2781 ll.
1387 2759 1456 2781 Educ.
1476 2765 1493 2781 c.
1518 2759 1538 2781 6.
1557 2759 1589 2781 De
1611 2758 1707 2782 scientia
1730 2762 1752 2781 et
1773 2759 1824 2781 arte
1845 2758 1885 2781 cfr.
1909 2758 1963 2780 ibid.
1986 2758 2022 2779 Vl.

1179 2804 1197 2820 c.
1217 2797 1237 2820 4Α
1255 2801 1278 2820 et
1295 2798 1315 2820 6.
1431 2817 1433 2820 .

1242 2836 1251 2851 ⁵
1268 2838 1366 2865 Ariston,
1385 2837 1398 2859 1.
1417 2837 1501 2859 Foster.
1519 2842 1537 2859 c.
1557 2837 1593 2858 20.
1612 2836 1640 2864 (c.
1654 2836 1712 2865 24.):
1730 2836 1837 2863 Scientia‚
1855 2844 1865 2855 <t
1877 2841 1935 2863 quae
1948 2836 2023 2863 magis

1179 2883 1205 2898 ex
1223 2877 1349 2904 principio,
1368 2882 1393 2898 ea
1415 2882 1475 2904 quae
1496 2876 1571 2898 minus
1597 2879 1642 2902 est,
1661 2875 1743 2897 certior
1760 2877 1794 2896 est
1806 2882 1826 2895 n.
1845 2874 1870 2896 Et
1888 2874 1901 2896 l.
1924 2874 2022 2902 Metaph.

1180 2922 1199 2937 c.
1226 2916 1253 2937 2:
1280 2916 1429 2937 scientiarum
1450 2916 1526 2936 autem
1548 2914 1598 2936 illae
1621 2914 1728 2935 certiores
1753 2914 1816 2941 sunt,
1843 2919 1902 2941 quae
1924 2914 2023 2935 maxime

1177 2953 1312 2983 primorum
1331 2956 1389 2976 sunt.

1340 3027 1357 3037 ‚a
