2166 3366
143 402 251 421 Corollaria.

135 1153 206 1180 Soloi-io
220 1159 253 1177 op-

135 1179 244 1200 posueram.

124 1766 215 1785 Adai-atio
225 1766 253 1784 in-

125 1792 178 1808 terna
192 1791 210 1808 et
224 1794 254 1808 ex-

125 1815 184 1832 terna.

139 2236 251 2255 Notandum.

266 178 323 206 218
941 178 1192 207 SENTENTlARUM
1216 179 1276 207 ΗΒ.
1297 179 1337 206 lll.

265 256 313 285 Dei
336 256 436 285 decimi
468 256 590 293 capitulo
611 256 703 292 primo
717 256 739 289 ¹,
762 255 809 284 ubi
839 255 920 290 dicit,
942 256 1016 292 quod
1039 256 1113 284 idem

265 303 403 340 estrapud
426 303 544 331 Graecos
577 302 686 335 latria,
719 302 793 339 quod
825 302 900 339 apud
923 310 974 331 nos
995 302 1114 340 religio,

265 353 383 387 excepto
405 350 479 386 quod
507 357 607 377 nomen
640 348 793 386 ‘religyionis
818 353 860 378 est
888 349 915 377 in
941 349 1014 386 plus.
1038 349 1115 378 Unde

266 396 369 425 ibidem
392 396 474 429 dicit,
495 395 570 432 quod
593 395 687 424 cultus
716 395 772 424 Deo
794 395 906 424 debitus
927 400 1049 433 quatuor
1070 404 1116 424 no-

268 442 389 471 minibus
409 445 604 479 nuncupatur:
627 443 739 471 duobus
760 442 835 479 apud
852 442 986 477 Graecos,
1008 445 1035 471 et
1049 442 1116 471 duo-

266 490 319 518 bus
340 489 416 526 apud
438 497 497 518 nos.
519 490 596 526 Apud
621 490 740 518 Graecos
761 497 883 527 namque
898 490 1001 519 dicitur
1023 489 1115 518 latria

266 540 293 565 et
315 535 457 565 theosebia
480 536 561 565 εἰνθ2
583 537 706 565 eusebia.
739 537 820 574 Apud
854 545 903 565 nos
924 545 991 566 vero
1013 536 1116 565 dicitur

265 583 359 620 pietas
380 586 408 612 et
428 583 545 621 reliyz'o,
569 584 606 612 ita
628 584 703 621 quod
725 584 777 612 ista
799 584 855 613 duo
877 584 990 612 nomina
1005 591 1117 620 respon-

266 631 331 659 dent
353 630 407 659 illis
429 631 556 665 duobus,
579 631 642 659 licet
662 631 784 668 quodam
817 631 899 659 modo
921 631 976 659 sint
997 630 1028 658 z‘n
1047 630 1115 667 plus

266 681 402 715 quantum
429 678 465 707 ad
488 679 603 707 modum
625 678 1000 707 consuetum—Disserunt
1020 681 1114 706 autem

267 724 359 753 latria
380 728 407 754 et
423 724 565 753 theosebia
581 726 737 754 secundum
753 726 896 762 propriam
912 724 1114 762 acceptionem,

267 772 330 801 licet
351 772 504 810 aliquando
532 773 705 810 accipiantur
737 781 788 810 pro
820 773 935 807 eodem,
956 772 1022 809 quia
1045 771 1116 800 alteo-

265 819 345 848 sebia
367 820 433 848 dicit
456 819 564 848 cultum
594 820 778 854 interiorem,
800 820 847 857 qui
871 820 984 857 proprie
1010 822 1115 856 spectat

266 866 301 895 ad
324 867 442 895 virtutes
464 867 649 903 theologicas,
671 867 719 895 sed
743 867 836 895 latria
858 867 1022 895 servitutem
1044 870 1116 894 exte-

265 914 390 948 riorem,
412 922 484 951 quae
506 917 612 951 spectat
633 914 668 942 ad
691 914 834 947 iustitiam,
856 914 961 943 scilicet
982 915 1112 942 virtutem

265 961 445 990 cardinalem.
468 978 507 981 ——
527 961 741 990 Concedenduin
765 966 805 990 est
826 970 905 999 ergo,
923 962 1031 990 latriam
1054 969 1114 990 esse

266 1008 399 1036 virtutem
431 1008 611 1037 cardinalem.
638 1008 820 1037 Concedenda
842 1012 907 1037 sunt
929 1009 1011 1037 etiam
1034 1017 1115 1045 argu·

266 1058 359 1084 menta.
381 1055 433 1084 hoc
456 1055 608 1092 probantia.

348 1103 372 1130 1.
403 1103 429 1130 ΕΖ.
458 1102 495 1131 Ad
529 1102 600 1131 duas
631 1105 723 1131 autem
758 1103 938 1131 auctoritates
969 1102 1115 1139 Augustini

267 1152 342 1186 patet
362 1149 506 1186 responsio
528 1158 578 1186 pei·
601 1150 655 1177 iam
678 1150 760 1178 dicta.
790 1149 858 1178 Cum
881 1149 955 1178 enim
977 1150 1044 1178 dicit
1065 1150 1115 1178 Au-

266 1197 411 1234 gustinus,
435 1196 508 1233 quod
532 1196 625 1225 cultus
648 1196 704 1225 Deo
726 1196 837 1225 debitus
853 1200 894 1225 est
917 1197 975 1233 ipsa
991 1196 1114 1232 dileetio,

266 1244 309 1273 vel
330 1243 494 1280 sapientia,
518 1243 641 1280 loquitur
663 1244 697 1272 de
720 1243 796 1271 cultu
813 1243 951 1271 interiori
958 1254 968 1277 ;
989 1252 1052 1272 cum
1069 1252 1115 1273 au-

266 1295 320 1320 tem
344 1291 479 1325 dicimus,
503 1290 613 1318 latriam
636 1298 696 1318 esse
718 1290 847 1324 ealcum,
878 1290 1059 1327 intelligimus
1081 1291 1115 1319 de

266 1338 344 1366 cultu
366 1337 523 1371 exteriori,
540 1337 591 1366 nisi
606 1337 615 1349 ³
631 1337 769 1365 vocabulo
784 1337 937 1365 abutimur.
959 1337 989 1365 Et
1005 1337 1055 1366 hoc
1072 1345 1116 1374 pa-

266 1388 304 1414 tet
326 1393 375 1421 per
395 1384 568 1421 oppositum,
590 1384 656 1421 quia
678 1392 730 1412 non
754 1384 857 1412 dicitur
873 1384 1045 1417 idololatra,
1067 1384 1114 1421 qui

266 1433 374 1466 credit,
396 1432 503 1461 idolum
526 1440 587 1461 esse
619 1432 724 1465 Deum,
758 1431 800 1459 vel
823 1435 897 1459 amat
929 1431 1021 1468 ipsum
1044 1432 1116 1460 sicut

266 1480 371 1514 Deum,
401 1480 449 1508 sed
483 1479 611 1507 infidelis.
643 1479 720 1507 Tunc
752 1481 846 1506 autem
878 1478 982 1507 dicitur
1004 1478 1116 1507 idolola-

266 1531 357 1561 trare,
379 1535 443 1555 cum
466 1527 595 1555 exterius
614 1525 694 1560 colit;
716 1528 743 1554 et
765 1526 804 1554 sic
825 1533 876 1562 per
897 1526 1056 1562 oppositum
1079 1525 1116 1553 in-

267 1574 418 1611 telligimus
439 1574 466 1602 in
488 1574 639 1611 proposito.

345 1621 371 1650 3.
383 1621 421 1650 Ad
433 1621 503 1649 illud
520 1621 594 1658 quod
611 1620 749 1655 obiicitur,
762 1620 837 1657 quod
851 1620 949 1655 virtus,
967 1628 1015 1657 per
1030 1628 1114 1657 quam

265 1668 400 1697 adoratur
422 1668 512 1703 Deus,
534 1671 576 1696 est
590 1667 660 1696 fides
681 1671 708 1696 et
733 1667 847 1700 caritasg
864 1667 1024 1701 dicendum,
1040 1667 1115 1704 quod

267 1716 339 1744 sicut
361 1719 403 1745 est
424 1715 521 1744 cultus
543 1715 659 1744 interior
679 1719 706 1743 et
728 1715 865 1749 exterior.
882 1715 921 1743 sic
936 1718 963 1743 et
978 1714 1116 1743 adoratio

268 1763 382 1792 interior
414 1766 441 1792 et
472 1763 604 1792 exterior.
639 1762 802 1790 «Adorcw'e
834 1762 959 1790 interius
987 1766 1028 1791 est
1061 1765 1116 1790 tota

269 1814 360 1839 mente
387 1810 413 1838 in
447 1810 535 1839 Deum
570 1809 725 1841 tendere».
748 1809 820 1837 sicut
851 1809 917 1837 (licit
950 1808 1115 1843 Rabanus⁴3

267 1858 397 1887 adorare
418 1857 548 1886 exterius
569 1860 611 1886 est
625 1857 748 1894 aliquam
766 1857 952 1885 reverentiam
968 1856 1117 1893 corporali-

267 1909 309 1934 ter
330 1905 474 1934 exhibere.
497 1905 566 1933 Cum
588 1912 655 1940 ergo
677 1903 795 1935 dicitur,
817 1903 891 1940 quod
914 1911 964 1940 per
989 1903 1074 1931 fidem
1090 1906 1117 1931 et

267 1952 410 1981 caritatem
440 1952 575 1980 adoratur
608 1951 698 1985 Deus;
730 1951 897 1984 dicendum,
919 1950 994 1987 quod
1016 1958 1116 1979 verum

267 2002 309 2028 est
330 2000 364 2028 de
386 1999 548 2028 adoratione
580 1998 730 2030 interiori,
753 2005 825 2034 quae
847 1998 943 2035 incipit
965 1997 990 2026 in
1013 1997 1068 2026 fide
1090 2001 1117 2025 et

268 2047 435 2075 terminatur
457 2046 483 2073 in
507 2045 648 2078 caritate,
671 2045 718 2074 sed
743 2053 796 2073 non
814 2045 897 2073 habet
919 2045 1064 2073 veritatem
1082 2044 1116 2073 de

267 2094 429 2122 adoratione
451 2092 607 2125 celeriori,
639 2100 711 2129 quae
743 2094 837 2119 ortum
871 2091 954 2119 habet
975 2099 991 2119 a
1013 2091 1116 2120 virtute

267 2141 410 2169 cardinali.
434 2140 465 2168 Et
485 2140 513 2167 gi
534 2143 564 2167 tzi
587 2139 726 2167 obiicias:
742 2142 798 2166 tam
816 2138 887 2166 fides
908 2146 992 2175 quam
1016 2138 1117 2167 caritas

268 2188 353 2217 dictat
374 2191 429 2216 tam
453 2187 579 2215 interius
607 2195 692 2223 quam
715 2186 843 2214 exterius
864 2186 1057 2219 adoi·andum;
1079 2186 1117 2214 di-

269 2235 388 2264 cendum
423 2235 561 2268 breviter,
593 2234 666 2270 quod
701 2233 802 2270 aliquis
834 2237 914 2262 actus
945 2235 1036 2270 potest
1057 2240 1117 2261 esse

267 2283 387 2311 alicuius
409 2282 521 2310 virtutis
544 2281 750 2318 multipliciter:
774 2284 823 2308 aut
845 2280 917 2309 sicut
932 2279 1116 2316 imperantis,

268 2334 316 2358 aut
331 2329 403 2358 sicut
418 2328 565 2357 elimentis.
588 2328 661 2357 Licet
682 2336 716 2356 au
723 2331 776 2356 tem
799 2327 926 2355 exterior
941 2326 1067 2355 adoratio
1083 2326 1118 2354 sit

1173 256 1260 293 ipsius
1281 257 1346 286 fidei
1368 260 1395 286 et
1417 258 1539 286 caritatis
1561 258 1633 286 sicut
1648 258 1838 294 imperantis,
1854 262 1881 287 et
1897 259 2019 288 maxime

1172 303 1256 338 fidei,
1278 312 1349 341 quae
1371 305 1456 333 dictat
1477 305 1566 333 Deum
1581 305 1774 339 adorandum
1789 305 1906 334 alterius
1927 309 2020 335 tamen

1172 353 1214 378 est
1236 353 1267 378 ut
1288 350 1444 385 elieientis,
1467 351 1572 380 scilicet
1593 351 1706 386 latriae,
1722 359 1806 388 quae,
1821 352 1953 389 quoniam
1975 353 2021 381 eli-

1172 397 1209 424 cit
1231 400 1324 425 actum
1347 398 1401 426 sub
1432 398 1539 426 ratione
1571 398 1672 433 debiti,
1705 398 1767 427 ideo
1788 399 1945 427 continetur
1967 400 2020 428 sub

1172 443 1294 477 iustitia,
1317 452 1388 480 quae
1409 447 1451 472 est
1473 444 1563 473 virtus
1585 444 1735 473 cardinalis
1746 445 1763 472 ⁵.

1251 491 1278 518 li.
1301 490 1340 519 Ad
1361 490 1430 519 illud
1454 491 1529 528 quod
1548 491 1691 525 obiicitur,
1707 492 1781 528 quod
1798 492 1921 529 impletio
1936 492 2020 529 primi

1173 537 1312 574 praecepti
1347 541 1453 574 spectat
1483 538 1519 566 ad
1551 538 1684 567 virtutem
1718 538 1917 576 theologicam,
1949 540 2021 568 sicut

1174 584 1297 620 impletio
1318 584 1450 619 secundi3
1472 584 1635 619 dicendum,
1651 585 1726 622 quod
1743 585 1867 622 impletio
1888 587 2020 621 secundi,
2034 595 2149 614 Notandum.

1175 631 1314 659 videlicet:
1338 630 1403 659 Non
1423 640 1563 660 assumo-s
1586 632 1638 660 cibi·
1657 641 1761 660 nomeu
1783 633 1836 661 Dei
1857 634 1901 661 tui
1921 634 1952 662 in
1973 642 2022 662 va-

1173 678 1274 712 uumfi,
1297 682 1433 715 quantum
1460 679 1495 707 ad
1517 682 1611 707 actum
1640 679 1813 708 exteriorem
1843 684 1885 709 est
1910 681 2022 710 virtutis

1174 725 1356 759 cardinalis,
1379 729 1515 762 quantum
1538 726 1573 754 ad
1596 730 1689 755 actum
1705 726 1872 755 anteriorem
1889 728 2022 764 impletur

1174 773 1277 801 virtute
1300 772 1478 810 tlieoloyica,
1501 780 1573 809 quae
1594 773 1707 810 quidem
1731 777 1773 802 est
1787 773 1866 803 fides.
1881 774 1932 803 Per
1948 775 2022 804 bunc

1174 820 1288 848 modum
1322 819 1534 856 intelligendun‘i
1566 824 1608 848 est
1640 820 1665 848 in
1697 820 1788 857 primo
1809 825 1974 858 praecepto;
1995 825 2022 851 et

1173 867 1239 903 quia
1262 875 1311 903 per
1334 866 1456 895 latriam
1479 867 1613 903 impletur
1643 875 1693 904 per
1714 871 1808 895 actum
1832 868 2021 902 exteriorem,

1173 913 1235 942 ideo
1258 922 1312 942 non
1344 921 1456 942 necesse
1487 917 1543 948 est,
1577 922 1637 942 eam
1670 922 1731 943 esse
1764 914 1896 943 virtutem
1920 915 2023 944 theolo-

1173 961 1271 997 gicam.

1254 1009 1278 1036 ὃ.
1301 1008 1339 1036 Ad
1362 1008 1431 1036 illud
1453 1008 1528 1045 quod
1555 1008 1701 1042 obiicitur,
1736 1009 1809 1045 quod
1833 1008 1906 1037 circa
1927 1012 2020 1038 actum

1174 1055 1270 1084 latriae
1293 1064 1346 1083 non
1379 1055 1503 1084 consistit
1536 1055 1727 1092 superfluum,
1758 1056 1801 1084 vel
1834 1056 2021 1091 diminutum3

1173 1102 1335 1139 responderi
1359 1106 1466 1139 potest,
1488 1102 1563 1139 quod
1579 1102 1679 1131 salsum
1697 1106 1750 1137 est,
1765 1103 1844 1140 quia,
1860 1103 1923 1131 licet
1938 1111 2023 1140 quan-

1173 1152 1232 1178 tum
1254 1149 1290 1178 ad
1312 1152 1405 1178 actum
1435 1149 1603 1178 interiorem
1636 1158 1690 1178 non
1722 1150 1863 1186 contingat
1884 1150 2022 1179 excedere

1174 1196 1199 1224 in
1223 1196 1338 1225 colendo
1360 1196 1462 1231 Deum;
1484 1200 1578 1225 tamen
1610 1200 1746 1234 quantum
1779 1197 1813 1225 ad
1836 1200 1930 1226 actum
1952 1201 2023 1226 exce-

1173 1243 1282 1271 riorem
1304 1248 1331 1272 et
1354 1244 1468 1272 modum
1491 1244 1624 1281 contingit
1645 1244 1771 1281 reperire
1792 1252 1959 1278 excessum.
1983 1248 2023 1273 ut-

1174 1294 1237 1327 pote
1258 1291 1330 1319 sicut
1361 1291 1382 1319 si
1414 1291 1515 1328 aliquis
1549 1292 1680 1320 sacerdos
1702 1292 1785 1320 vellet
1806 1292 1902 1320 decem
1926 1292 2022 1321 Missas

1174 1338 1200 1366 in
1222 1346 1278 1366 uno
1300 1338 1344 1366 die
1373 1342 1486 1367 cantare
1517 1339 1552 1367 ad
1585 1339 1697 1367 laudem
1730 1339 1797 1373 Dei,
1820 1348 1873 1367 non
1896 1343 2023 1368 servaret

1174 1386 1288 1414 niodum
1300 1386 1317 1413 ⁷.

1253 1433 1279 1460 6.
1301 1432 1339 1460 Λᾶ
1362 1432 1432 1460 illud
1465 1432 1539 1469 quod
1573 1432 1716 1467 obiicitur,
1738 1433 1812 1470 quod
1836 1433 1917 1462 latria
1941 1434 2024 1463 habet

1174 1479 1314 1507 obiectum
1337 1479 1425 1507 Deum
1433 1490 1440 1513 3
1462 1479 1627 1513 dicendum,
1658 1479 1731 1516 quod
1755 1480 1799 1508 εἰ8
1821 1480 1901 1508 latria
1923 1481 2160 1509 habeatuotandum„

1174 1526 1312 1555 obiectum
1347 1526 1449 1561 Deum,
1478 1527 1573 1563 aliquo
1604 1527 1688 1555 modo
1711 1530 1801 1556 tamen
1823 1535 1887 1556 cum
1910 1528 1962 1556 hoc
1983 1535 2025 1557 re-

1175 1573 1255 1609 spicit
1276 1573 1390 1610 aliquod
1411 1576 1546 1601 creatum.
1579 1574 1656 1602 Unde
1678 1574 1750 1603 sicut
1771 1574 1946 1608 obedientia,
1968 1583 2024 1612 qua

1174 1621 1237 1657 quis
1258 1620 1353 1649 obedit
1374 1620 1442 1654 Deo,
1465 1620 1578 1657 respicit
1600 1620 1690 1658 ipsum
1714 1621 1817 1656 Deum,
1839 1625 1870 1650 ut
1891 1621 1941 1650 eui
1961 1621 2023 1650 obe-

1175 1667 1310 1695 diendum
1332 1671 1386 1702 θεῖ,
1409 1667 1499 1704 ipsum
1522 1670 1616 1695 autem
1640 1668 1804 1696 mandatum
1827 1672 1854 1697 et
1875 1669 1936 1697 eius
1957 1668 2024 1697 obli-

1175 1714 1313 1751 gationem
1346 1714 1459 1751 respicit
1481 1714 1553 1743 sicut
1578 1714 1648 1743 illud
1672 1715 1749 1752 quod
1770 1715 1944 1752 implendum
1966 1718 2022 1749 est;

1175 1762 1213 1790 sic
1235 1764 1262 1790 et
1283 1762 1344 1799 ipsa
1364 1761 1457 1790 latria
1479 1762 1591 1798 respicit
1612 1762 1714 1796 Deum,
1736 1762 1787 1790 ῖιῖιη
1802 1762 1852 1790 eui
1874 1763 1962 1791 honor
1977 1771 2024 1792 ex-

1174 1808 1314 1837 hibendus
1336 1812 1389 1842 est;
1412 1809 1525 1846 respicit
1546 1808 1628 1837 etiam
1651 1809 1760 1837 cultum
1783 1809 1954 1838 exteriorem
1977 1818 2023 1838 ex-

1175 1856 1343 1890 hibendum;
1365 1856 1478 1893 respicit
1499 1856 1582 1885 etiam
1599 1856 1744 1884 rationem
1759 1855 1926 1890 exhibendi,
1951 1857 2024 1886 vide-

1175 1903 1238 1932 licet
1260 1904 1396 1932 rationem
1419 1904 1518 1937 debiti;
1540 1907 1568 1932 et
1589 1903 1658 1932 haec
1680 1907 1722 1932 est
1752 1904 1832 1941 quasi
1863 1904 1942 1932 ratio
1964 1902 2024 1941 for-

1175 1950 1263 1978 malis
1286 1950 1374 1987 ipsius
1395 1953 1421 1978 et
1452 1954 1494 1978 est
1525 1950 1594 1987 quid
1627 1954 1761 1979 creatum.
1784 1951 1850 1979 Hinc
1871 1953 1924 1985 est,
1946 1951 2023 1987 quod

1175 2005 1239 2026 cum
1263 1997 1353 2025 virtus
1375 2001 1495 2034 ponatur
1516 1997 1543 2025 in
1568 1997 1672 2034 specie,
1688 1997 1732 2026 vel
1748 1997 1774 2025 in
1790 2005 1891 2034 genere
1913 1997 2023 2025 formali

1175 2052 1212 2072 ex
1233 2047 1312 2081 parte
1334 2044 1449 2077 obiecti,
1472 2044 1546 2081 quod
1572 2044 1656 2073 habet
1679 2044 1813 2073 rationem
1836 2043 1975 2082 formalis
1996 2047 2023 2073 et

1176 2091 1291 2123 molini:
1313 2091 1387 2128 quod
1401 2091 1419 2105 ¹⁰
1441 2091 1522 2119 latria
1543 2095 1585 2120 est
1616 2091 1643 2119 in
1666 2099 1768 2128 genere
1794 2091 1906 2120 virtutis
1927 2091 2024 2119 cardi-

1176 2137 1268 2171 nalis,
1291 2138 1362 2166 sicut
1384 2138 1549 2166 obedientia.
1565 2155 1604 2158 —-
1618 2138 1696 2174 Quod
1713 2146 1779 2175 ergo
1794 2138 1932 2173 obiicitur,
1948 2138 2023 2175 quod

1176 2185 1266 2213 virtus
1288 2184 1443 2221 theologica
1463 2187 1505 2213 est
1526 2185 1573 2213 illa
1595 2193 1667 2222 quae
1692 2185 1805 2222 respicit
1826 2185 1965 2214 obiectum
1985 2185 2024 2213 in-

1176 2235 1316 2266 creatum3
1338 2232 1502 2265 dicendum,
1524 2232 1599 2268 quod
1622 2232 1762 2261 obiectum
1795 2232 1949 2269 principale
1971 2232 2024 2260 vii·-

1176 2279 1243 2307 tutis
1266 2279 1435 2316 theologicae
1467 2287 1521 2307 non
1554 2282 1596 2307 est
1617 2279 1723 2316 aliquid
1750 2283 1889 2313 creatum„
1911 2280 1959 2308 sed
1982 2272 2033 2308 est¹

1175 2326 1280 2355 bonum
1303 2326 1456 2354 increatum
1480 2326 1533 2354 sub
1554 2326 1759 2355 conditionibus
1781 2327 1929 2360 increatis,
1951 2334 2023 2364 quae

331 2511 337 2525 ¹
356 2512 422 2533 Num.
446 2512 474 2533 3:
498 2511 553 2533 Nam
577 2513 598 2533 et
620 2511 669 2538 ipsa
693 2510 772 2538 rcligio
797 2511 904 2538 quamvis
927 2509 1054 2532 distinctius
1071 2516 1116 2531 non

268 2552 404 2580 quemlibet,
422 2551 463 2573 scd
482 2551 520 2573 Dei
544 2551 629 2573 cultum
653 2550 782 2577 significare
803 2550 933 2571 videatur...
955 2553 1044 2576 tamen,
1064 2549 1116 2577 quia

268 2592 343 2613 Latina
362 2590 470 2619 loquendi
492 2590 657 2612 consuetudine
681 2595 725 2611 non
749 2590 921 2616 imperitorum,
943 2594 1026 2610 verum
1049 2589 1116 2610 etiam

268 2631 453 2653 doctissimorum
477 2632 498 2651 ct
521 2628 696 2656 cognationibus
720 2629 827 2650 humanis
844 2632 911 2656 atque
930 2626 1077 2649 affinitatibus
1097 2629 1118 2648 et

268 2668 399 2697 quibusque
422 2667 630 2690 necessitudinibus
653 2667 735 2689 dicitur
757 2666 885 2688 exhibenda
908 2666 1003 2694 religio,
1022 2672 1066 2687 non
1089 2671 1117 2687 eo

268 2707 382 2729 vocabulo
394 2708 478 2729 vitatur
495 2706 643 2735 ambiguum,
656 2712 709 2728 cum
722 2705 750 2728 de
763 2706 823 2728 cultu
836 2706 925 2728 deitatis
936 2706 1033 2727 vertitur
1050 2711 1117 2733 quac-

268 2748 310 2769 stio
327 2750 369 2769 etc.

330 2786 339 2800 ‘·'
358 2787 401 2808 Pro
418 2785 466 2808 sive
483 2785 550 2808 codd.
569 2785 638 2807 GLN
649 2785 667 2807 T
679 2785 696 2806 V
709 2785 729 2806 X
746 2784 813 2807 sicut.

333 2825 342 2839 ³
358 2825 400 2847 Pro
417 2824 464 2847 nisi
475 2825 542 2847 codd.
561 2824 576 2846 Α
588 2824 595 2846 Ι
605 2825 623 2846 K
635 2825 650 2846 Ι,
660 2824 676 2846 N
688 2824 706 2846 'l'
717 2830 742 2846 aa
761 2828 783 2846 et
794 2824 847 2846 edd.
867 2825 884 2851 l,
898 2824 911 2845 Ξ
928 2822 981 2851 ubi,
997 2824 1047 2845 Vat.
1060 2829 1117 2851 nec,-

269 2868 369 2886 nostrnm
387 2864 505 2886 lectlonem
525 2863 609 2885 liabent
620 2863 688 2885 codd.
707 2864 722 2885 E
731 2864 749 2885 G
760 2863 776 2885 Il
787 2863 805 2885 U
817 2863 835 2885 V
846 2863 866 2884 X
877 2863 892 2884 Z
903 2862 942 2885 bb.
960 2863 1009 2884 lllox
1022 2868 1064 2890 pro
1077 2861 1119 2891 qui

269 2903 342 2927 eredit
359 2904 411 2925 edd.
429 2907 450 2925 ct
467 2904 568 2925 nonnulli
587 2902 653 2925 codd.
672 2902 727 2932 quia
746 2902 825 2926 credit.
1056 2897 1061 2900 ”

331 2942 340 2957 ⁴
358 2943 416 2965 Vide
433 2949 502 2969 supra
522 2949 574 2970 pag.
593 2943 650 2970 216,
671 2945 722 2963 nota
744 2942 764 2964 5.
786 2942 852 2970 Hugo
870 2948 881 2963 a
897 2942 919 2963 S.
938 2942 995 2963 Vict.
1010 2942 1076 2964 lustit.
1095 2942 1115 2962 in

270 2982 344 3004 Decal.
363 2982 429 3009 Legis
447 2982 586 3009 dominicae,
605 2988 624 3003 c.
644 2982 662 3003 l.
681 2983 725 3004 ait:
743 2982 816 3003 Deum
834 2984 911 3003 aulem
929 2981 1025 3003 adorare
1046 2983 1080 3003 est
1096 2982 1116 3003 ei

1172 2512 1244 2531 totam
1263 2512 1364 2531 mentem
1384 2515 1425 2537 per
1442 2509 1591 2531 humilitatem
1614 2515 1641 2531 ac
1662 2509 1808 2531 devotionem
1832 2508 1979 2531 substernere
2001 2511 2023 2531 et

1173 2549 1250 2577 ipsum
1270 2549 1409 2576 principium
1431 2554 1457 2570 ac
1480 2548 1548 2570 finem
1572 2549 1647 2570 omnis
1670 2547 1724 2570 boni
1747 2548 1849 2570 credere.
1867 2560 1897 2563 —
1915 2548 1957 2570 Pro
1974 2548 2023 2571 cota

1173 2589 1249 2611 mente
1261 2588 1312 2611 cod.
1326 2588 1344 2610 K
1358 2589 1406 2611 tota
1422 2587 1555 2611 intentione.
1574 2588 1616 2610 Pro
1633 2586 1746 2611 Rabanus
1763 2587 1813 2610 eod.
1831 2588 1849 2609 G
1866 2587 2022 2617 Augustinus.

1237 2627 1247 2641 ⁵
1264 2627 1308 2649 Csr.
1322 2628 1377 2649 intra
1391 2627 1413 2649 (l.
1426 2627 1462 2648 33.
1476 2633 1497 2655 q.
1511 2627 1536 2654 ⁶2,
1550 2626 1588 2649 nbi
1602 2627 1712 2654 principia
1725 2627 1793 2648 huius
1810 2626 1959 2648 distinctionis
1972 2632 2022 2654 pro-

1174 2670 1298 2695 ponuntur.

1236 2706 1246 2720 ⁶
1264 2706 1333 2728 lixod.
1352 2707 1394 2734 20,
1412 2706 1474 2727 7.—
1486 2706 1554 2727 Paulo
1571 2706 1665 2727 inferius
1677 2711 1719 2733 pro
1734 2710 1778 2734 per
1790 2703 1885 2726 latriam
1902 2704 1955 2726 edd.
1968 2710 2022 2726 cum

1174 2745 1225 2767 cod.
1244 2751 1269 2767 cc
1287 2744 1365 2767 latria.

1237 2784 1246 2798 ⁷
1265 2784 1322 2805 Vide
1339 2784 1395 2805 inti-a
1414 2783 1435 2805 d.
1454 2784 1490 2805 27.
1509 2790 1528 2805 a.
1551 2784 1572 2805 2.
1590 2790 1612 2812 q.
1635 2783 1656 2805 5.
1673 2794 1705 2799 —
1721 2782 1790 2804 Paulo
1807 2782 1915 2809 superius
1931 2788 1974 2809 pro
1997 2781 2022 2804 in

1174 2822 1270 2846 colendo
1290 2823 1363 2845 Deum
1380 2829 1425 2844 non
1443 2823 1510 2850 pauci
1528 2822 1595 2845 codd.
1613 2821 1638 2844 in
1655 2820 1749 2844 colendo
1767 2821 1821 2843 Deo.

1237 2861 1247 2875 ⁸
1264 2861 1320 2883 Edu.
1338 2868 1390 2883 cum
1410 2862 1489 2889 paucis
1505 2861 1573 2884 codd.
1591 2860 1639 2883 elsi.

1237 2900 1247 2915 9
1264 2900 1319 2923 Cod.
1337 2901 1353 2922 Α
1371 2901 1450 2930 prout.

1238 2940 1256 2954 ¹⁰
1274 2942 1291 2962 Α
1309 2940 1358 2962 Vnt.
1377 2940 1441 2963 abest
1457 2939 1538 2970 quod,·
1555 2940 1647 2967 plurimi
1665 2939 1732 2961 codd.
1750 2938 1835 2961 habent
1846 2940 1867 2961 et
1883 2938 1952 2969 qnod.
1971 2939 2021 2961 Pro-

1174 2981 1234 3002 xime
1252 2983 1303 3002 ante.
1321 2980 1371 3002 eod.
1390 2979 1407 3001 Κ
1428 2979 1509 3000 omittit
1525 2979 1546 3001 er
1562 2982 1613 3000 ante
1630 2977 1717 3001 motioi.
