2166 3366
110 998 138 1017 De
152 1002 228 1021 praece-

98 1021 136 1045 ptis
145 1021 163 1040 1.
175 1021 227 1039 tabu-

102 1050 133 1064 ae.

129 1209 226 1233 Origenes.

114 1257 197 1276 Dubium
210 1257 228 1275 1.

112 2114 234 2137 Augustinus.

240 201 296 229 810

915 199 1168 229 SENTENTIARUM
1189 200 1249 229 LIB.
1271 201 1312 229 111.

856 322 1146 359 DISTINCTIO
1174 324 1376 361 XXXVII.

616 430 676 457 CAP.
698 431 714 457 l.

323 519 361 545 De
380 517 468 544 decem
486 516 643 548 mandatis,
663 516 796 552 quomodo
816 516 1007 544 contineantur

584 560 614 587 t'n
633 559 745 588 duobus.

310 649 361 675 Sed
382 649 433 675 iam
455 648 608 674 distributio
625 647 762 682 Decalogi,
776 648 822 682 qui
835 647 842 660 ¹
858 648 883 674 in
898 647 1005 674 duobus
1018 654 1089 673 man-

240 693 309 723 datis
328 691 494 726 completur,
523 691 718 718 consideranda
747 694 793 717 est.
820 691 929 717 «Habet
948 691 1018 717 enim
1039 691 1089 716 De-

240 735 350 769 calogus
377 735 470 762 decem
501 737 666 769 praecepta,
695 741 765 768 quae
795 737 856 760 sunt
886 733 1088 760 decachordum

239 779 409 811 Psalterium;
430 785 499 813 quae
513 778 552 804 sic
571 781 633 804 sunt
647 777 803 808 distributa,
819 780 847 803 ut
861 777 909 803 tria
919 798 925 808 ,
945 784 1014 811 quae
1028 780 1090 802 sunt

240 823 266 849 in
287 822 373 856 prima
394 821 496 852 tabula,
517 821 667 855 pertineant
687 820 719 846 ad
751 821 848 851 Deum,
868 820 972 846 scilieet
992 819 1023 845 ad
1045 827 1090 845 eo-

240 866 384 900 gnitionem
405 868 430 891 et
450 865 618 891 dileetiOnem
639 864 787 896 Trinitati53
807 867 924 898 septem,
946 870 1015 897 quae
1028 866 1090 889 sunt

240 909 265 935 in
285 908 402 935 secunda
424 908 527 939 tabula⁷
547 907 579 934 ad
601 907 771 934 dilectionem
792 906 964 941 proximi2n.

314 952 428 978 Primum
458 952 483 977 in
512 951 598 985 prima
629 950 718 977 tabula
739 953 792 976 est:
813 950 876 976 Non
895 948 1003 975 hebebis
1028 949 1090 975 cteos

241 995 344 1022 alienos
352 1005 363 1026 ,·
382 1002 440 1021 non
458 993 538 1028 facies
567 992 618 1019 lt'bt'
643 992 767 1027 sculptile
787 1000 871 1028 neque
891 1000 997 1018 omnem
1017 991 1091 1018 sz'mz'-

242 1038 386 1065 titudinem
406 1040 455 1064 etc.
476 1037 548 1063 Haec
562 1036 689 1069 Origenes
701 1036 709 1048 ³
730 1036 795 1062 dicit
815 1036 868 1062 duo
883 1043 941 1061 esse
955 1035 1090 1066 mandata.

240 1082 287 1108 sed
307 1082 471 1115 Augustinus
492 1088 582 1107 unum.
596 1080 652 1106 Hoc
667 1080 754 1113 ipsum
775 1079 860 1111 enim,
881 1079 953 1113 quod
974 1079 1090 1105 dixerat:

243 1132 294 1152 non
323 1124 436 1151 habebis
464 1124 529 1150 deos
554 1123 670 1154 alienos,
699 1123 843 1156 perfectius
872 1122 1001 1156 explieat,
1029 1128 1090 1147 eum

240 1168 366 1202 probibet
385 1167 436 1194 eoli
458 1167 595 1201 figmenta,
624 1166 727 1192 scilicet
755 1164 875 1195 idolum)
902 1166 942 1191 vel
962 1163 1092 1190 similitu-

241 1210 333 1237 dinem
354 1209 471 1237 cttt'czcizts
491 1209 549 1241 ret,¹
577 1216 646 1243 quae
666 1208 720 1235 duo
740 1208 887 1242 Origenes⁴
910 1208 944 1234 ita
965 1208 1031 1234 dicit
1051 1207 1092 1233 di-

240 1258 327 1287 stere,
352 1257 401 1280 «ut
428 1252 533 1279 idolum
558 1253 591 1278 sit
618 1252 689 1286 quod
719 1251 784 1277 nihil
814 1251 895 1277 habet
923 1251 1011 1277 simile
1035 1251 1091 1283 sui;

241 1297 393 1324 similitudo
414 1304 491 1327 vero,
506 1296 577 1329 quod
593 1295 673 1321 babet
687 1294 805 1328 speciem
820 1294 935 1321 alicuius
949 1293 1002 1325 1‘ei3
1017 1294 1091 1320 verbi

242 1341 341 1375 gratia,
361 1340 382 1366 si
412 1340 472 1374 quis
492 1339 517 1365 in
547 1345 612 1364 auro
639 1337 680 1363 vel
707 1337 778 1370 ligno
812 1337 852 1363 vel
879 1337 930 1363 alia
957 1344 986 1363 re
1013 1337 1092 1363 saciftt

242 1383 360 1417 speciem
380 1381 511 1416 serpentis
538 1381 579 1407 vel
600 1380 657 1407 avis
687 1380 726 1406 vel
748 1380 862 1406 alieuius
889 1380 927 1406 rei
947 1383 972 1406 et
994 1382 1093 1405 statuat

243 1426 276 1452 ad
297 1425 475 1455 adorandum⁷
506 1432 556 1450 non
577 1423 699 1453 idolum,
720 1423 766 1449 sed
790 1421 1001 1449 similitudinem
1022 1422 1092 1448 fecit.

242 1468 291 1500 Qui
313 1476 375 1494 vero
405 1468 467 1494 sacit
494 1466 628 1500 speciem,
655 1473 735 1499 quam
756 1473 808 1491 non
830 1465 895 1491 vidit
915 1465 1025 1497 oculus,
1045 1465 1092 1491 sed

243 1512 348 1538 animus
367 1511 419 1537 sibi
439 1510 527 1543 fingit,
547 1513 576 1535 ut
595 1510 615 1535 si
637 1509 697 1543 quis
717 1509 842 1534 humanis
863 1508 991 1534 membris
1010 1512 1093 1542 caput

243 1555 318 1581 canis
346 1554 386 1581 vel
416 1554 507 1580 arietis
528 1553 636 1584 formet,
660 1552 699 1579 vel
730 1552 755 1578 in
785 1560 837 1578 uno
859 1552 953 1578 babitu
974 1552 1092 1578 hominis

243 1598 310 1625 duas
329 1598 423 1630 facies;
446 1604 496 1623 non
510 1595 736 1626 stmttttmtmem,
755 1595 802 1622 sed
824 1594 930 1621 t'dolttm
944 1595 1015 1625 facit,
1029 1595 1093 1629 quia

243 1642 306 1668 facit
325 1641 396 1676 quod
418 1648 470 1666 non
491 1639 572 1666 habet
592 1639 692 1673 aliquid
714 1638 800 1665 simile
821 1638 861 1664 sui
875 1649 897 1663 n.

614 1725 674 1752 cip.
699 1725 726 1751 ΙΙ.

328 1814 415 1846 Quare
436 1812 541 1839 {stotzam
561 1811 635 1838 nttztt
653 1820 706 1837 esse
725 1811 754 1837 ίη
773 1810 877 1837 mundo
897 1809 1006 1837 clt'et'tztr.

321 1899 404 1926 «Ideo
424 1899 489 1925 dicit
509 1898 653 1932 Apostolus
663 1898 681 1928 ⁵,
701 1897 763 1931 quia
785 1896 890 1923 idolum
911 1896 986 1923 tzz'ltt'l
1004 1900 1041 1922 est
1066 1896 1095 1922 itt

242 1942 353 1969 mmzcto.
374 1942 431 1968 Non
452 1942 522 1968 enim
543 1942 632 1975 aliqua
654 1948 686 1966 ex
707 1940 788 1966 rebus
816 1940 1001 1966 constantibus
1022 1947 1094 1966 assu-

244 1986 325 2012 mitur
344 1985 460 2019 speeies,
480 1984 526 2011 sed
548 1984 619 2018 quod
641 1991 715 2009 meus
735 1983 818 2009 otiosa
840 1986 865 2009 et
892 1983 998 2009 curiosa
1020 1989 1094 2016 repe-

245 2029 286 2055 rit.
308 2027 464 2055 Similitudo
486 2035 549 2053 vero
569 2030 622 2057 est,
643 2034 704 2052 cum
724 2025 826 2060 aliquid
841 2033 873 2052 cx
889 2026 929 2052 liis
949 2033 1019 2059 quae
1032 2029 1094 2051 sunt

246 2071 287 2098 vel
308 2072 333 2097 in
353 2071 428 2097 caelo
453 2070 494 2096 vel
519 2070 543 2095 in
565 2073 635 2095 terra
662 2069 702 2095 vel
723 2069 748 2094 In
769 2069 858 2102 aquis,
879 2068 1038 2094 formatur».
1059 2083 1095 2087 —

244 2113 430 2147 Augttsti111150
451 2120 513 2139 vero
543 2113 579 2139 ita
607 2112 717 2146 exponit
746 2111 823 2137 illud:
849 2111 949 2137 idolum
970 2111 1034 2137 nihil
1055 2115 1094 2137 est

245 2158 270 2183 in
291 2157 404 2186 mundo,
426 2156 452 2182 id
467 2159 520 2187 est,
535 2156 602 2181 inter
623 2158 761 2181 creaturas
775 2154 866 2180 mundi
882 2161 933 2180 non
955 2157 994 2179 est
1009 2154 1094 2179 forma

244 2200 316 2227 idoli.
337 2200 474 2226 Materiali]
504 2199 574 2225 enim
603 2198 727 2224 formavit
747 2197 831 2228 Deus,
852 2196 898 2223 sed
918 2196 1029 2223 stultitia
1050 2196 1095 2222 ho-

246 2244 346 2270 minum
368 2243 479 2269 sormam
500 2241 580 2268 dedit.
610 2240 801 2274 Quaecumque
821 2240 888 2267 taeta
909 2243 970 2266 sunt
991 2243 1094 2266 natura-

245 2286 320 2318 liter,
340 2286 409 2311 facta
434 2288 495 2311 sunt
524 2292 571 2318 per
596 2283 729 2315 Verbum;
759 2282 804 2309 sed
826 2282 909 2309 forma
931 2282 1047 2308 hominis
1068 2282 1093 2308 in

244 2329 315 2355 idolo
336 2337 387 2355 non
408 2331 447 2354 est
468 2328 535 2354 saeta
556 2335 605 2362 per
633 2327 765 2357 Verbum,
789 2327 859 2352 sicut
880 2329 1020 2360 peecatum
1042 2333 1093 2351 nou

244 2376 284 2399 est
304 2372 402 2398 tactum
431 2379 480 2405 per
509 2371 643 2401 Verbum,
669 2370 715 2396 sed
736 2373 775 2396 est
794 2370 873 2401 nihil;
894 2372 920 2395 et
941 2369 1005 2395 nihil
1028 2369 1093 2395 fiunt

243 2415 379 2446 homines,
399 2422 460 2441 cum
481 2417 603 2448 peccant.

1217 431 1269 458 Sed
1289 433 1442 467 quaeritur,
1462 433 1598 467 quomodo
1625 433 1669 460 hic
1694 433 1800 461 dicatur
1825 434 1910 461 forma
1930 434 1995 462 idoli
2008 442 2096 469 Quaestio
2109 443 2136 462 in-

1146 482 1197 500 non
1212 482 1269 501 esse
1284 475 1352 502 saeta
1367 483 1415 510 per
1429 476 1562 509 Verbum,
1576 484 1637 503 eum
1652 477 1715 503 alibi
1725 477 1734 490 ⁷
1748 477 1863 511 legatur:
1883 489 1894 501 «
1904 478 1995 505 Omnis
2020 466 2092 485 ⁰¹⁰¹⁶⁰⁸¹

1147 517 1244 550 forma,
1264 518 1350 545 omnis
1370 526 1515 553 compago,
1541 520 1628 546 omnis
1657 520 1803 546 eoncordia
1822 521 1939 554 partium
1960 521 1995 547 fa-

1145 563 1188 587 cta
1208 564 1247 587 est
1266 568 1314 594 per
1333 561 1451 588 Verbum
1464 573 1486 588 u.
1505 577 1541 582 —
1559 563 1616 589 Hoc
1635 566 1724 589 autem
1752 570 1768 590 a
1787 563 1902 590 diversis
1922 564 1995 590 varie
2007 571 2066 595 Resp.
2080 572 2097 590 1.

1145 603 1264 630 solvitur.
1279 604 1392 635 Quidam
1406 605 1477 631 enim
1490 605 1595 637 dicunt,
1610 613 1715 632 omnem
1730 606 1858 639 formam,
1878 609 1903 633 et
1917 607 1996 641 quid-

1145 646 1210 680 quid
1225 650 1275 678 est,
1290 654 1303 672 a
1319 647 1372 673 Deo
1386 654 1458 679 esse,
1478 647 1504 673 in
1525 651 1654 681 quantum
1669 652 1722 679 est,
1742 651 1768 675 et
1788 649 1900 675 sormam
1915 649 1996 679 idoli,

1146 689 1173 715 in
1193 692 1323 723 quantum
1343 694 1396 720 est,
1416 690 1457 716 vel
1478 690 1503 716 in
1519 694 1646 724 quantum
1660 691 1751 726 forma
1763 695 1816 722 est,
1830 698 1845 717 a
1860 692 1913 717 Deo
1928 698 1995 724 esse,

1146 732 1193 758 sed
1214 740 1266 758 non
1286 732 1312 758 in
1332 736 1461 767 quantum
1483 735 1522 759 est
1550 732 1633 764 tototz',
1654 733 1679 759 id
1699 737 1753 765 est,
1774 734 1861 768 posita
1881 734 1915 761 ad
1935 734 1997 761 ado-

1147 775 1269 802 randum.
1289 775 1316 801 Ιιι
1337 776 1388 801 hoc
1408 776 1477 801 enim
1500 783 1549 802 non
1571 779 1610 802 est
1629 780 1768 808 creatura,
1788 777 1834 804 sed
1856 778 1995 811 perversio

1147 822 1295 845 creaturae.
1316 818 1391 845 Sicut
1410 819 1473 845 illud
1495 819 1567 853 quod
1589 823 1729 852 peccatum
1750 824 1797 852 est,
1819 821 1844 846 in
1865 824 1996 855 quantum

1148 864 1289 895 peccatum
1306 865 1356 892 est,
1372 862 1437 888 nihil
1452 865 1492 887 est
1503 861 1527 893 Β;
1541 865 1567 888 et
1582 863 1715 894 homines,
1736 870 1796 889 eum
1818 867 1944 897 peceant,
1960 863 1996 889 ni-

1148 904 1184 930 hil
1206 905 1279 936 liunt,
1300 905 1362 939 quia
1384 904 1417 930 ab
1438 904 1482 931 illo
1509 905 1554 939 qui
1577 912 1640 931 vere
1664 908 1717 936 est,
1737 910 1906 940 separantur.
1920 906 1997 932 Unde

1148 947 1361 982 Hieronynms⁰:
1386 948 1482 979 «Quod
1503 955 1535 974 ex
1556 948 1609 974 Deo
1631 956 1681 975 non
1702 951 1755 980 est,
1776 949 1821 982 qui
1842 949 1915 975 solus
1934 954 2136 979 vei‘enieronymus.
2160 962 2166 977 ι.

1147 994 1194 1023 est,
1215 999 1266 1017 non
1287 998 1344 1017 esse
1365 991 1499 1017 dieitur».
1521 991 1637 1025 Ideoque
1658 995 1808 1025 peecatum,
1828 991 1900 1026 quod
1921 1000 1969 1018 nos
1983 999 1998 1019 a
2160 991 2161 1004 ³

1147 1042 1210 1060 vero
1237 1042 1290 1060 esse
1315 1034 1440 1066 abducit,
1467 1034 1532 1060 nibil
1553 1042 1611 1061 esse
1638 1034 1679 1061 vel
1700 1042 1751 1061 non
1766 1042 1824 1061 esse
1838 1035 1944 1061 dieitur.
1963 1050 1999 1054 —

1149 1077 1199 1103 Alii
1215 1084 1277 1103 vero
1292 1077 1392 1110 dicunt,
1406 1084 1511 1104 omnem
1533 1077 1653 1109 formam,
1668 1085 1737 1112 quae
1751 1078 1855 1104 scilieet
1874 1077 1998 1104 naturali-
2010 1084 2068 1108 Resp.
2082 1084 2099 1102 e.

1149 1123 1188 1145 ter
1201 1123 1248 1149 est,
1263 1123 1287 1146 et
1307 1127 1385 1146 omne
1405 1120 1477 1154 quod
1498 1120 1656 1147 naturaliter
1676 1124 1727 1152 est,
1747 1128 1806 1147 esse
1826 1128 1839 1147 a
1861 1121 1929 1154 De0;
1951 1121 1998 1147 sed

1149 1162 1233 1189 forma
1254 1163 1316 1189 idoli
1338 1170 1388 1189 non
1410 1166 1449 1189 est
1468 1163 1640 1194 naturaliter,
1661 1164 1723 1197 quia
1748 1167 1860 1190 naturae
1879 1164 1996 1190 iustitiae

1150 1213 1201 1231 non
1221 1206 1311 1231 servit.
1332 1206 1359 1231 ld
1380 1206 1449 1232 enim
1470 1206 1628 1232 naturaliter
1648 1213 1706 1232 esse
1720 1206 1832 1238 dicitur,
1853 1206 1925 1240 qnod
1939 1206 1999 1232 sim-

1150 1249 1212 1283 plici
1234 1252 1344 1275 naturae
1364 1249 1495 1281 iustitiae,
1516 1257 1585 1283 quae
1605 1250 1677 1275 Deus
1697 1252 1748 1280 est,
1765 1249 1875 1281 militat,
1896 1257 1947 1275 non
1961 1256 2000 1276 re-

1149 1292 1230 1318 sultat
1248 1295 1274 1317 et
1295 1295 1416 1318 naturam
1437 1295 1554 1319 creatam
1576 1300 1628 1318 non
1649 1292 1732 1318 vitiat.

1220 1335 1373 1362 Secundum
1400 1339 1575 1369 praeceptum
1597 1338 1653 1361 est:
1674 1336 1737 1362 Non
1756 1343 1873 1362 assumes
1899 1343 1999 1362 nomen
2012 1342 2095 1361 nubium
2107 1342 2125 1361 2.
2160 1344 2166 1361 ι

1151 1378 1201 1404 Det
1213 1378 1255 1405 [αἱ
1267 1378 1296 1404 ίη
1315 1387 1416 1405 vanum
1427 1389 1438 1409 ,·
1453 1379 1524 1412 quod
1540 1382 1579 1404 est
1597 1379 1688 1405 dicere
1701 1378 1849 1405 seeundum
1865 1378 1998 1405 litteram:

1152 1429 1202 1448 non
1232 1421 1334 1448 iurabis
1361 1429 1410 1455 pro
1437 1421 1519 1447 nihilo
1541 1429 1635 1447 nomen
1663 1421 1723 1453 Dei3
1750 1420 1916 1456 «stlteqort'ee
1935 1429 1999 1448 vero
2012 1428 2100 1448 Isidorus.

1152 1466 1330 1499 praecipitur,
1357 1468 1385 1491 ut
1408 1473 1459 1491 non
1481 1468 1573 1499 putes,
1593 1468 1744 1491 creaturam
1773 1472 1831 1491 esse
1850 1464 1999 1496 Christum,

1151 1509 1196 1534 Dei
1220 1508 1332 1539 Filium,
1347 1509 1408 1542 quia
1425 1507 1514 1534 omnis
1533 1512 1658 1534 ereatura
1676 1506 1794 1534 vaozz‘tatt
1811 1505 1928 1533 subiecta
1947 1511 1999 1538 est,

1151 1552 1197 1578 sed
1218 1551 1356 1586 aequalem
1378 1552 1448 1577 Patri
1462 1551 1482 1564 ¹⁰
1496 1563 1519 1577 ι».

1222 1595 1339 1621 Tertium
1360 1602 1423 1621 vero
1443 1598 1495 1621 est:
1511 1595 1660 1625 Memento,
1680 1598 1709 1621 ut
1726 1593 1797 1620 diem
1817 1592 1928 1620 Sabbatt
1938 1601 1999 1620 scm-
2014 1601 2096 1620 nubium
2110 1601 2128 1620 3.

1151 1637 1262 1672 ett'fises,·
1282 1637 1328 1664 ubi
1348 1637 1496 1664 seeundum
1514 1637 1631 1664 litteram
1648 1637 1815 1672 praecipitur
1829 1637 1938 1663 Sabbati
1956 1636 2001 1663 ob-

1151 1681 1299 1713 servantIa;
1320 1680 1492 1714 atteqortcess
1515 1688 1592 1712 vem,
1608 1684 1635 1707 ut
1649 1681 1769 1714 requiem
1791 1681 1834 1706 hic
1854 1688 1869 1706 a
1889 1680 1960 1706 vitiis
1974 1683 2000 1706 et
2012 1688 2100 1707 Isidorus.

1152 1723 1177 1749 in
1198 1724 1286 1749 tuturo
1314 1724 1338 1749 in
1366 1724 1411 1749 Dei
1433 1724 1658 1758 contemplatione
1679 1726 1819 1757 exspectes
1839 1730 1872 1749 ex
1897 1722 1999 1756 Spiritu

1152 1769 1258 1797 saneto,
1278 1766 1303 1792 id
1325 1770 1364 1792 est
1384 1774 1416 1792 ex
1437 1767 1548 1792 caritate
1568 1771 1594 1793 et
1613 1766 1683 1792 dono
1705 1766 1762 1796 Dei,
1784 1773 1835 1792 non
1851 1765 1923 1800 quod
1944 1765 2000 1799 Spi-

1151 1810 1218 1836 ritus
1236 1812 1345 1835 sanctus
1365 1809 1421 1835 sine
1441 1810 1517 1835 Patre
1538 1812 1563 1835 et
1582 1809 1649 1835 Filio
1670 1809 1720 1835 ltoc
1741 1812 1876 1842 operetur.

1515 1894 1574 1920 CM).
1596 1894 1637 1920 111.

1224 1980 1312 2012 Quare
1330 1979 1360 2006 t‘tt
1380 1979 1484 2014 Spiritu
1503 1983 1594 2006 saneto
1617 1980 1729 2014 proprie
1748 1978 1850 2006 dieitur
1867 1979 1930 2014 fiet-t

1415 2022 1538 2049 remissio
1554 2027 1735 2058 peecatorum.

1229 2122 1238 2133 u
1260 2111 1371 2144 Accepit
1392 2110 1484 2144 utique
1504 2109 1625 2136 Ecclesia
1645 2110 1696 2135 hoc
1717 2109 1831 2139 donum⁷
1853 2113 1881 2136 ut
1899 2110 1925 2135 in
1945 2109 2001 2143 Spi-
2010 2113 2130 2137 Augustinus.

1152 2154 1203 2179 ritu
1224 2157 1316 2179 saneto
1337 2153 1381 2179 [iat
1402 2154 1523 2179 remissio
1544 2156 1732 2187 peccatorum3
1759 2159 1839 2186 quam
1868 2152 2000 2179 remissio-
2158 2148 2159 2152 ’

1153 2204 1210 2222 nem
1232 2203 1293 2222 eum
1313 2196 1428 2222 Trinitas
1448 2196 1541 2228 faciat,
1562 2196 1672 2229 proprie
1697 2199 1783 2222 tamen
1811 2195 1843 2221 ad
1870 2195 2000 2229 Spiritum

1152 2244 1273 2266 sanetum
1294 2239 1393 2265 dieitur
1414 2240 1565 2273 pertinere,
1587 2239 1650 2273 quia
1671 2239 1727 2273 ipse
1748 2242 1787 2265 est
1800 2238 1919 2273 Spt'rt‘ttts
1939 2237 2000 2264 edo-

1151 2282 1252 2318 ptt'ont's
1269 2282 1409 2317 fitiorum,
1432 2282 1488 2316 ipse
1507 2286 1547 2308 est
1570 2283 1654 2308 Patris
1675 2286 1699 2308 et
1713 2282 1771 2308 Filii
1792 2282 1873 2307 Amor
1887 2285 1912 2307 et
1937 2280 2001 2307 Con-

1153 2326 1231 2352 nexio
1253 2326 1293 2352 vel
1309 2325 1491 2352 Communitas
1502 2325 1522 2338 ¹²
1533 2334 1556 2356 »;
1573 2325 1687 2359 ideoque
1703 2324 1855 2351 iustilieatio
1871 2327 1959 2351 nostra
1974 2328 1999 2350 et

1154 2369 1260 2403 requies
1281 2368 1302 2394 ei
1324 2368 1479 2394 attribuitur
1499 2368 1663 2401 saepius.—
1681 2367 1752 2393 Haec
1775 2370 1836 2393 sunt
1860 2367 1910 2393 tria
1930 2374 2001 2393 man-

1155 2412 1216 2437 data
1237 2411 1340 2445 primae
1361 2411 1466 2437 tabulae
1487 2410 1519 2436 ad
1540 2411 1623 2436 Deum
1644 2410 1818 2444 pertinentia;
1839 2413 1864 2436 et
1884 2410 2001 2444 primum

307 2537 313 2551 ¹
334 2538 363 2559 lta
381 2537 448 2559 codd.
468 2536 576 2563 BCDE3
595 2536 616 2557 in
639 2536 689 2557 cod.
712 2537 728 2557 A
746 2540 768 2557 et
794 2536 815 2556 in
841 2535 893 2557 odd.
911 2541 990 2564 (June,-
1014 2534 1097 2557 deinde

246 2582 288 2604 pro
306 2575 436 2605 completur
454 2575 504 2597 cod.
523 2575 538 2596 Ε
556 2578 577 2597 et
595 2574 647 2596 edd.
670 2575 686 2601 1,
705 2575 717 2594 8
738 2574 879 2597 continetur.

307 2615 316 2630 ‘²
333 2617 436 2642 August.⁷
454 2615 526 2636 Set-m.
545 2615 565 2635 Ε).
584 2614 648 2641 (alias
667 2614 702 2635 96.
721 2614 749 2635 de
767 2613 892 2641 Tempore)
911 2619 930 2635 c,
948 2613 969 2635 5.
988 2619 1009 2634 n.
1027 2613 1048 2634 6.
1067 2625 1096 2628 —

244 2654 372 2681 Decalogus
390 2657 423 2675 est
441 2653 509 2675 Exod.
528 2654 569 2679 20,
588 2653 608 2674 3.
627 2659 691 2681 seqq.
709 2655 731 2674 et
749 2652 812 2674 Dent.
831 2652 856 2679 ὅ,
875 2652 896 2673 7.
915 2658 978 2680 seqq.

307 2693 316 2707 ³
335 2694 356 2715 ln
376 2693 444 2715 Exod.
464 2694 524 2714 hom.
538 2693 558 2713 8.
573 2698 594 2713 n.
614 2693 642 2716 ᾖς
661 2692 782 2719 Augustini
795 2691 858 2713 locus
876 2694 947 2713 estex
964 2690 1094 2718 Quaestion.

245 2739 314 2760 super
332 2732 400 2754 lixod.
419 2734 506 2760 quaest.
525 2731 561 2753 Ti.
580 2737 601 2752 n.
620 2732 641 2752 ⁴2.

309 2772 317 2785 ‘¹
334 2772 386 2793 [ον.
406 2772 441 2793 Ωιι
462 2777 481 2792 n⁴
501 2771 528 2798 33
546 2770 688 2792 verbotenus
705 2769 768 2797 apud
786 2770 902 2797 Lyranum
920 2770 941 2790 in
960 2769 1039 2791 Glossa
1057 2775 1095 2792 or-

246 2810 341 2833 (linaria
360 2812 382 2832 In
400 2811 476 2832 locum
495 2810 531 2831 cit.
550 2822 579 2824 —
597 2810 639 2831 Pro
657 2808 761 2832 alieuius
773 2808 808 2830 rei
819 2808 869 2830 cod.
889 2809 915 2835 Β,
934 2808 984 2830 Yat.
1004 2810 1023 2829 et
1042 2808 1094 2830 (mid.

246 2850 271 2876 -1,
291 2851 303 2871 ss
321 2849 428 2872 tutemus.
441 2849 527 2871 Deinde
546 2855 588 2876 pro
606 2848 637 2870 ιιι]
649 2847 799 2870 adorandum
814 2848 866 2869 edd.
889 2848 905 2875 t,
925 2848 937 2869 S
951 2847 1035 2869 hahent
1049 2851 1095 2869 tan-

246 2892 294 2910 tum
313 2889 473 2916 odoramlttm,
492 2892 513 2910 ot
532 2894 573 2916 pro
592 2887 715 2917 sibisinyit
726 2887 793 2909 codd.
813 2887 855 2908 BD
874 2893 927 2909 eum
946 2888 994 2909 Vat.
1009 2890 1029 2909 et
1045 2887 1095 2914 plu-

246 2927 311 2949 ribus
329 2928 381 2950 edd.
399 2927 443 2950 sibl
459 2927 537 2957 [sumit.

310 2966 320 2980 ⁵
336 2967 405 2993 Epist.
424 2967 436 2988 1.
456 2966 506 2988 (lor⁴
529 2968 553 2994 8,
580 2966 599 2988 1..
619 2967 659 2988 llic
682 2967 827 2988 continuatur
850 2966 913 2987 locus
935 2965 1046 2993 Origenis.
1064 2977 1095 2980 —

248 3004 305 3025 Infra
325 3011 366 3031 pro
384 3011 435 3027 cum
456 3005 546 3034 aliquis]
564 3005 615 3027 odd.
636 3006 660 3033 ’1,
679 3006 691 3026 S
710 3004 767 3027 (lum
784 3004 880 3034 ahquid.

1217 2534 1226 2548 5
1244 2535 1318 2562 Super
1334 2535 1420 2561 Evnng.
1440 2534 1498 2555 leant
1518 2536 1544 2555 tr.
1567 2534 1583 2555 l.
1602 2539 1623 2554 n.
1646 2533 1686 2557 13:
1704 2533 1865 2554 sententialiter
1883 2538 1956 2561 usque
1974 2532 2003 2554 ad

1155 2574 1241 2595 verba:
1260 2572 1306 2596 δεῖ]
1317 2572 1443 2602 quaeritur
1460 2576 1501 2594 etv.

1217 2612 1226 2626 ⁷
1244 2612 1306 2638 ibid.¹
1326 2617 1408 2639 parum
1427 2611 1527 2632 interius.
2162 2631 2163 2637 ¹

1216 2651 1226 2665 S
1243 2650 1289 2673 Cir.
1307 2651 1330 2672 ll.
1349 2651 1409 2672 Sem.
1436 2650 1457 2671 d.
1485 2650 1598 2671 XXXth.
1617 2655 1636 2671 c.
1655 2650 1675 2671 ⁶2.
1694 2662 1723 2664 —
1741 2649 1810 2671 Paulo
1831 2649 1938 2676 superius
1960 2654 2002 2675 pro
2162 2650 2164 2690 ι

1151 2690 1273 2719 perversio
1294 2691 1419 2713 creaturae
1436 2689 1488 2711 edd.
1512 2690 1533 2716 l.
1552 2690 1564 2709 8
1583 2688 1702 2717 perrel-sio
1720 2689 1829 2710 ruiturae.
2162 2694 2164 2719 ι

1217 2729 1226 2743 9
1244 2729 1313 2756 Epist.
1337 2728 1368 2749 15.
1388 2728 1453 2751 (alias
1471 2728 1517 2755 57.)
1537 2734 1557 2749 n.
1572 2728 1594 2749 i:
1608 2730 1629 2749 et
1642 2727 1695 2749 Vllt.
1708 2733 1779 2754 super
1791 2726 1869 2748 Ezecli.
1883 2733 1902 2747 c.
1916 2726 1951 2753 26,
1969 2726 2002 2747 19.
2162 2721 2164 2755 1

1217 2767 1235 2781 ¹⁰
1253 2767 1345 2795 isidor„
1364 2757 1514 2795 Quat-stiones
1531 2767 1552 2788 in
1566 2766 1634 2788 Exod.
1653 2772 1671 2788 c.
1685 2766 1721 2787 29.
1735 2772 1755 2786 n.
1775 2765 1794 2787 3.
1812 2765 1886 2786 Locus
1904 2764 2003 2792 scriptu
2162 2757 2163 2762 ¹

1153 2813 1192 2829 rae
1209 2810 1242 2829 cst
1260 2807 1325 2828 Rom.
1345 2807 1368 2833 Β,
1389 2807 1425 2827 20.

1216 2845 1233 2859 ¹¹
1254 2845 1330 2867 isidor.
1350 2846 1390 2867 loo
1410 2846 1445 2867 eit.
1465 2851 1485 2866 ιι.
1507 2845 1523 2866 i.

1217 2885 1235 2898 ¹2
1253 2886 1360 2912 August,
1380 2885 1452 2906 Serui.
1471 2884 1508 2905 71.
1526 2884 1591 2911 (alias
1608 2883 1640 2904 11.
1653 2882 1681 2904 de
1695 2881 1776 2903 Verbis
1793 2881 1868 2909 Dom)
1887 2888 1905 2903 c.
1929 2882 1960 2903 17.
1980 2887 2001 2903 n.

1154 2925 1190 2946 254,
1209 2924 1244 2945 25).
1264 2923 1308 2945 Ct'r.
1328 2924 1351 2945 11.
1370 2924 1500 2951 Quaestion.
1524 2924 1545 2944 in
1564 2918 1632 2943 Exod.
1651 2928 1672 2949 q.
1691 2921 1727 2941 71.
1747 2927 1767 2941 n.
1790 2921 1807 2941 ι.
1824 2933 1854 2936 -
1873 2921 2001 2948 Respicitur

1153 2964 1218 2985 Rom.
1238 2963 1262 2991 8,
1285 2962 1317 2984 15.
1336 2975 1365 2977 —
1383 2963 1414 2983 De
1432 2968 1496 2990 seqq.
1515 2962 1554 2983 cfr.
1573 2962 1586 2982 i.
1606 2961 1665 2982 Sent.
1685 2960 1705 2981 d.
1726 2960 1808 2981 XXXl.
