2166 3366
11 337 90 358 nubium
105 337 122 355 ⁹2.

6 469 126 493 Augustinus.

10 807 91 827 Dubium
106 806 123 825 3.

6 978 127 1002 Augustinus.

13 1106 129 1126 Ambrosius.

758 208 840 236 DlST.
863 207 950 237 xxiv.
974 206 1094 235 Dtvtsto
1116 206 1252 235 thx'rus.

137 298 201 323 non,
222 293 248 316 ut
276 290 301 316 in
331 289 433 320 sntnro;
461 288 595 322 quaedam
623 290 711 314 autem
734 294 798 317 nen,
817 285 895 320 quia,
915 292 975 311 cum

137 334 202 360 tides
221 333 254 359 sit
272 341 305 358 eu:
324 331 421 359 (utdt‘ta
441 339 491 357 non
512 330 590 357 modo
610 328 748 360 exteriori,
767 328 814 355 sed
834 326 977 357 interiori,

137 384 188 403 non
209 379 296 410 potest
315 383 373 402 esse
391 375 425 401 de
453 382 484 401 eo
512 374 583 408 quod
604 373 710 399 omniuo
738 372 888 405 ignoratum
909 377 979 404 quae

138 420 194 453 ipsa
221 419 254 445 ad
283 426 390 445 sensum
419 418 540 451 corporis
569 424 619 442 non
646 416 774 450 pertinet,
803 418 831 441 ιιι
856 413 980 447 ‘Augusti-

137 470 186 489 nus
210 462 235 488 in
263 462 341 488 tertio
366 461 472 487 decimo
498 460 566 486 libro
595 459 628 486 dc
657 458 802 485 Trinitate¹
833 457 913 484 tradit
941 457 979 483 (li-

137 512 214 532 cens:
241 503 387 535 «Quamvis
405 512 438 529 ea:
455 501 553 529 ιιιιιίίιιι
579 501 643 528 tides
664 501 688 527 in
710 501 786 527 nobis
804 500 852 531 sit,
872 508 923 526 non
944 503 979 526 ta-

139 555 197 575 men
218 547 250 574 ad
274 554 334 574 eum
363 553 470 573 sensum
500 544 621 580 corporis
650 544 778 578 pertinet,
806 544 851 578 qui
880 543 979 569 dicitnr

137 590 262 620 auditus,
282 589 345 624 qnia
366 596 416 615 non
445 591 484 615 est
512 595 607 617 sonus:
637 595 685 613 nec
705 587 737 613 ad
762 586 852 613 ullum
871 593 977 613 sensum

137 632 274 668 eorporis,
293 632 419 666 quoniam
440 630 528 657 cordis
548 634 587 656 est
607 637 648 657 res
668 631 730 662 ista,
753 638 803 656 non
824 628 979 664 corporis».

137 675 271 707 Quaedam
290 682 354 707 ergo
375 674 426 700 [ide
445 673 606 705 creduntur,
626 680 695 707 quae
710 673 892 705 intelliguntur
905 675 982 698 natu·-

138 717 185 744 rali
213 717 327 748 ratione;
355 716 488 750 quaedam
519 723 598 747 vero,
627 722 696 749 quae
717 723 768 741 non
790 715 979 748 intelliguntur.

138 760 213 786 Unde
233 759 364 793 Propheta
375 759 399 785 ²³:
420 758 483 785 Nisa*
500 757 662 788 credideris,
676 766 732 784 ozon
747 757 887 792 c'ntelliqes.
904 757 979 789 Quod

138 803 300 836 Augustinus
311 802 319 815 ³
339 805 431 835 aperte
446 801 597 835 distinguit:
624 812 634 824 «
647 801 703 827 Alia
716 804 791 831 sunt,
806 801 899 834 inquit,
912 807 981 835 qnae

139 846 188 872 nisi
208 845 397 878 intelligamus,
418 852 468 870 non
488 844 637 875 credimus;
658 844 722 876 alia,
741 851 810 878 quae
825 843 874 869 nisi
888 843 983 870 creda-

139 895 211 921 mus,
239 895 290 914 non
321 887 531 920 intelligemus».
552 887 634 913 Nemo
663 889 750 913 tamen
771 889 857 919 potest
876 885 982 912 credere

139 931 164 957 in
185 931 280 961 Deum,
301 930 349 956 nisi
370 929 471 963 aliquid
493 928 646 963 inlelliyut,
666 937 727 955 cum
749 929 814 955 tides
833 929 867 954 sit
886 936 918 955 ex
939 936 982 955 au-

137 973 194 1000 ditu
215 973 429 1007 praedicationis.
445 972 514 998 Idem
531 972 555 998 in
571 972 638 998 libro
652 972 685 999 de
698 972 824 998 'l'rinitate
836 972 857 998 ⁴:
882 972 981 998 «Certa

138 1016 203 1043 tides
217 1020 362 1050 utcumque
378 1016 484 1042 inchoat
498 1016 689 1049 cognitionein;
704 1016 819 1049 cognitio
832 1023 894 1041 vero
908 1018 979 1041 certa

139 1067 190 1086 non
222 1059 361 1093 perficitur
388 1059 436 1085 nisi
468 1061 527 1092 post
556 1058 625 1084 {tatic
655 1059 735 1084 vitam
755 1070 778 1084 u.
806 1058 982 1084 Ambrosiusb

139 1109 247 1136 quoque
266 1101 316 1128 ait:
341 1100 411 1127 «Ubi
433 1100 512 1131 titios,
539 1108 589 1126 non
616 1100 704 1126 statim
725 1100 854 1132 cognitim
876 1100 921 1126 ubi
942 1107 983 1126 co-

140 1144 222 1178 gnitio
241 1147 295 1175 est,
315 1143 380 1170 fides
400 1143 570 1178 praecedit».
590 1157 626 1162 --
641 1143 678 1169 Ex
693 1143 733 1169 bis
754 1146 874 1176 apparet,
893 1143 982 1176 aliqua

140 1186 228 1219 credi,
247 1193 316 1221 quae
337 1193 388 1213 non
409 1185 591 1219 intelliguntur
621 1185 660 1211 vel
680 1185 816 1217 sciuntur,
836 1186 885 1211 nisi
908 1186 982 1219 prins

140 1229 295 1260 credantur;
310 1228 442 1264 quaedam
457 1236 520 1255 vero
536 1228 644 1261 intelligi
665 1228 823 1262 aliquande,
843 1228 922 1254 etiam
942 1235 985 1254 an-

141 1276 246 1307 tequam
267 1272 420 1299 credantur.
440 1271 493 1298 Nec
515 1274 601 1297 tamen
622 1271 661 1297 sic
685 1270 867 1303 intelliguntur
886 1270 983 1302 niodo,

141 1319 169 1342 ut
189 1315 213 1342 in
235 1315 322 1342 futuro
348 1315 482 1347 seientur;
509 1317 535 1340 et
555 1321 625 1340 nunc
644 1314 723 1340 etiam
744 1321 792 1348 per
812 1314 904 1344 tidem,
931 1321 984 1348 qua

1823 207 1878 234 507

1036 284 1198 310 mundantur
1211 283 1308 315 corda,
1329 283 1445 317 amplius
1460 283 1650 315 intelliguntur,
1668 283 1729 317 quia
1743 303 1748 314 ‚
1769 283 1817 309 nisi
1833 290 1881 317 per

1035 327 1114 353 tidem
1135 326 1261 359 diligatur
1276 327 1357 357 Dens,
1383 334 1432 352 non
1448 326 1591 353 mundatur
1607 334 1653 352 cor
1667 326 1699 352 ad
1721 334 1780 352 enm
1796 327 1882 352 scieu-

1035 369 1108 396 dum.
1129 369 1203 395 Unde
1224 369 1386 402 Augustinus
1407 370 1431 395 in
1452 373 1546 396 octavo
1568 369 1635 395 libro
1655 369 1689 395 de
1713 368 1839 395 Trinitale
1853 368 1878 394 ⁶:

1040 424 1050 435 α
1064 412 1130 444 Quid
1152 416 1191 438 est
1211 413 1293 438 Deum
1314 413 1395 443 seire,
1411 413 1460 438 nisi
1475 420 1535 438 eum
1556 416 1643 438 mente
1664 413 1821 446 conspicere
1842 412 1882 438 tir-

1035 464 1130 490 meque
1151 456 1310 490 percipere?
1330 455 1380 482 sed
1401 459 1426 481 ct
1447 456 1602 490 priusquam
1625 455 1760 482 valeamus
1780 456 1882 490 perspi-

1035 506 1096 525 cere
1108 502 1133 525 et
1147 498 1286 532 percipere
1299 499 1393 528 Deum,
1407 498 1475 524 sient
1489 498 1637 532 percipitur
1647 506 1661 524 a
1677 498 1783 525 mundis
1796 498 1882 525 cordi-

1037 541 1099 573 bus;
1121 541 1169 567 nisi
1185 548 1232 574 per
1247 541 1325 567 sidem
1339 541 1477 572 diligatur,
1498 549 1549 566 non
1564 541 1662 575 poterit
1681 548 1728 567 cor
1742 541 1880 572 mundari,

1037 592 1089 618 quo
1105 584 1136 610 ad
1158 591 1218 610 enm
1234 583 1376 610 videndum
1397 584 1429 609 sit
1445 587 1534 618 aptum
1550 595 1573 609 n.
1588 599 1623 603 —
1637 584 1705 610 Eece
1726 584 1769 610 liic
1787 588 1880 618 aperte

1038 627 1133 658 babes,
1149 627 1210 661 qnia
1227 635 1276 652 non
1299 630 1385 660 potest
1399 627 1460 652 sciri
1483 627 1566 659 Deus,
1587 627 1635 653 nisi
1651 627 1726 661 prius
1745 627 1880 654 credendo

1037 670 1163 703 diligatur
1175 669 1191 695 ⁷.
1205 670 1335 703 —Supra
1357 673 1445 696 autem
1459 669 1559 696 dietum
1581 673 1634 701 est,
1653 670 1724 704 qnod
1741 677 1817 696 nemo
1838 678 1882 704 po-

1039 717 1088 740 test
1102 713 1213 739 credere
1228 713 1252 738 in
1269 713 1365 744 lJeutn,
1381 713 1428 739 nisi
1444 712 1544 747 aliquid
1561 713 1728 746 intelligatur.
1744 713 1818 739 Unde
1832 713 1883 739 col-

1038 756 1139 789 ligitur,
1160 763 1210 782 non
1232 762 1309 790 posse
1328 755 1390 781 seii-i
1411 758 1437 781 et
1457 755 1564 787 intelligi
1580 756 1713 782 credenda
1734 756 1881 790 quaedam,

1039 799 1087 825 nisi
1108 800 1183 833 prius
1197 798 1353 829 c1·edantur;
1368 802 1393 824 et
1413 798 1545 832 quaedam
1561 806 1611 824 non
1632 798 1720 828 credi,
1742 799 1790 824 nisi
1806 800 1880 832 prius

1039 842 1232 875 intelligantur;
1253 845 1279 868 et
1300 842 1355 875 ipsa
1380 849 1428 875 per
1452 841 1530 867 tidem
1551 841 1667 875 :implius
1688 841 1811 875 intelligi3
1833 849 1881 867 nec

1039 892 1069 912 ea
1089 892 1158 919 quae
1183 885 1257 919 prius
1276 884 1437 915 creduntur,
1457 892 1537 918 (ptam
1558 884 1756 917 intelligantur,
1776 884 1882 919 penitus

1040 928 1208 962 ignorantur,
1228 935 1288 954 cuni
1303 927 1369 953 {ides
1388 927 1421 953 sit
1441 934 1473 953 ex
1492 927 1600 956 ιιιιιΙιΙιι;
1622 927 1776 958 ignorantur
1796 930 1882 953 tamen

1039 979 1071 997 ex
1088 975 1178 1006 parte,
1199 971 1261 1004 quia
1282 979 1332 996 non
1353 970 1482 996 sciuntur.
1498 970 1620 996 Creditur
1636 978 1698 1003 ergo
1719 970 1790 1004 qnod
1812 971 1881 1003 igno-

1040 1018 1126 1046 ratur,
1145 1014 1191 1040 sed
1212 1022 1262 1040 non
1278 1014 1395 1048 penitus,
1415 1014 1485 1040 sieut
1502 1014 1581 1039 etiam
1598 1017 1703 1040 amatur
1723 1014 1794 1048 quod
1810 1015 1884 1046 igno-

1039 1060 1120 1083 ratur.
1143 1056 1216 1083 Unde
1231 1056 1427 1090 Augustinus&
1452 1067 1462 1078 α
1476 1056 1543 1082 Seiri
1564 1056 1678 1090 aliquid,
1698 1060 1724 1082 et
1737 1064 1788 1082 non
1808 1057 1881 1090 «tingi

1041 1102 1140 1133 potest;
1160 1098 1233 1131 diligi
1256 1106 1318 1124 vero
1339 1098 1409 1132 quod
1431 1099 1562 1129 nesviiur,
1582 1106 1696 1133 quaero.
1718 1102 1805 1125 utrum
1827 1107 1885 1133 pos-

1040 1142 1080 1168 sit.
1096 1141 1121 1168 Si
1136 1149 1186 1167 non
1202 1144 1302 1175 potest,
1317 1148 1394 1168 nemo
1411 1141 1498 1176 diligit
1512 1142 1607 1173 Deuin,
1625 1145 1767 1176 antequam
1782 1142 1848 1168 sciat
1860 1154 1883 1169 n.

1040 1183 1089 1210 Ubi
1104 1188 1192 1210 antem
1206 1187 1264 1210 sunt
1281 1184 1324 1210 illa
1339 1184 1401 1210 tria:
1419 1184 1496 1214 tides,
1511 1191 1586 1218 spes,
1601 1184 1711 1215 caritas,
1728 1185 1776 1210 nisi
1793 1185 1817 1210 in
1832 1185 1885 1210 ani-

1041 1234 1083 1253 mo
1103 1226 1228 1253 credente
1242 1227 1313 1260 quod
1334 1226 1450 1253 nonduin
1464 1227 1528 1259 seit,
1548 1230 1573 1253 et
1586 1230 1711 1261 sperante
1730 1230 1755 1253 et
1778 1230 1883 1253 amante

1040 1270 1111 1304 quod
1132 1269 1235 1296 credit?
1255 1269 1365 1296 Amatur
1385 1277 1447 1302 ergo
1468 1273 1493 1295 et
1513 1269 1583 1304 qnod
1605 1270 1756 1303 ignoratur,
1776 1270 1821 1296 sed
1851 1274 1886 1297 ta-

1042 1320 1101 1340 men
1122 1313 1248 1340 creditur.

412 1439 850 1488 COMMENTARIUS
884 1439 944 1486 IN
978 1438 1413 1486 DISTINCTIONEM
1449 1439 1603 1486 XXIV.

628 1567 672 1600 De
699 1566 757 1600 fide
782 1566 883 1612 quoad
910 1567 974 1599 eins
1000 1566 1149 1600 obiectum
1175 1572 1204 1599 et
1229 1566 1396 1599 materiam.

568 1685 624 1714 Ilt'e
644 1685 816 1723 quaeritur,
837 1685 865 1713 si
884 1684 955 1722 sides
977 1688 1091 1712 taizt'zmz
1113 1684 1147 1713 cle
1169 1693 1225 1712 non
1246 1684 1317 1712 visis
1338 1688 1379 1713 esc
1401 1688 1452 1713 ete.

873 1795 993 1824 DtvtStO
1015 1795 1152 1824 TEXTUS.

220 1920 310 1957 Supra
331 1919 387 1956 egit
408 1919 536 1956 Magister
564 1918 599 1947 de
621 1918 676 1947 tide
704 1921 839 1955 quantum
862 1917 896 1946 ad
924 1917 985 1946 eius

142 1966 299 1995 essentiam.
321 1966 349 1994 ln
372 1966 423 1994 liae
445 1969 523 2003 parte
544 1965 600 2002 agit
621 1965 655 1994 de
670 1973 702 1994 ea
723 1968 857 2002 quantum
874 1964 984 1993 adeius

142 2013 281 2042 obiectum
302 2016 330 2042 et
357 2012 517 2046 materiam;
540 2012 614 2041 unde
640 2012 769 2049 inquirit,
790 2015 884 2040 utrum
915 2010 984 2039 fides

143 2060 178 2090 sit
198 2060 233 2089 de
254 2060 297 2089 liis
318 2059 423 2091 solum,
438 2067 509 2096 quae
524 2062 589 2088 sunt
611 2067 698 2096 supra
713 2062 835 2087 nostram
856 2057 985 2094 cognitio-

143 2115 219 2141 nem,
240 2115 275 2135 an
297 2106 332 2135 de
354 2106 397 2134 his
417 2113 489 2143 quae
511 2108 576 2134 sunt
598 2109 708 2134 nostrae
730 2104 876 2141 cognitioni
894 2105 899 2119 ¹
921 2104 984 2132 snb-

143 2154 220 2183 ieeta.
245 2154 275 2182 Et
299 2153 430 2190 quoniam
453 2153 559 2190 duplex
588 2155 630 2181 est
651 2152 769 2189 cognitio
784 2155 890 2183 nostra,
912 2151 985 2179 vide-

143 2200 206 2229 licet
221 2200 351 2229 sensitiva
365 2203 392 2228 et
414 2199 596 2233 intellectiva3
616 2199 677 2228 ideo
697 2207 763 2236 pars
778 2199 829 2227 ista
850 2198 985 2226 dividitur

144 2248 170 2276 in
192 2247 263 2276 duas
284 2249 387 2284 partes.
408 2246 436 2274 ln
459 2254 578 2283 quarum
603 2246 692 2283 prima
712 2245 826 2283 inquirit
848 2245 984 2281 Magister,

144 2298 239 2323 utrum
262 2293 331 2322 sides
352 2294 387 2322 sit
412 2293 446 2322 de
469 2293 511 2321 liis
532 2300 604 2330 quae
630 2301 713 2321 sensu
733 2292 935 2330 percipiuntur.
957 2291 984 2319 ln

143 2341 278 2374 secunda,
293 2343 390 2369 utrum
405 2340 440 2369 sit
461 2340 495 2369 de
511 2340 554 2368 liis
569 2347 640 2378 quae
657 2339 797 2368 intellectu
819 2346 986 2375 cognoscun-

143 2391 202 2422 tur,
225 2387 279 2415 ibi:
302 2388 372 2415 Post
393 2386 463 2415 llaec
484 2387 590 2425 quaeri
609 2386 690 2420 solet,
715 2395 780 2414 eam
801 2385 872 2422 fides
893 2385 930 2412 sit
952 2385 985 2412 (le

144 2443 201 2462 mm
222 2434 433 2471 apparentibus
454 2438 506 2463 etc.

222 2480 313 2508 Prima
334 2488 399 2517 pars
420 2480 555 2508 dividitur
571 2480 597 2508 in
621 2483 676 2508 tres
692 2483 793 2516 partes.
816 2479 843 2506 ln
865 2485 985 2515 quarum

1043 1917 1132 1954 prima
1158 1920 1250 1946 movet
1274 1917 1455 1954 principalem
1482 1918 1685 1954 quaestionem,
1714 1918 1885 1955 subiungens

1041 1964 1309 1993 determinationem.
1332 1964 1359 1992 ln
1375 1964 1497 1993 secunda
1518 1973 1583 1993 vero
1604 1965 1724 2002 epilogat
1745 1965 1778 1993 ad
1799 1973 1887 1994 remo-

1042 2010 1164 2039 vendum
1182 2010 1346 2039 incidentem
1363 2010 1578 2045 dubitationem,
1596 2011 1643 2039 ibi:
1668 2012 1712 2039 Er
1727 2010 1772 2039 liz‘s
1787 2016 1886 2048 aperte

1042 2057 1213 2094 intelligimur
1228 2061 1278 2086 etc.
1296 2057 1322 2085 ln
1340 2057 1420 2086 tertia
1441 2066 1506 2086 vero
1521 2058 1709 2094 exemplificat
1731 2059 1757 2086 in
1773 2059 1884 2096 speciali

1040 2103 1076 2132 ad
1098 2104 1230 2132 maiorem
1253 2104 1490 2141 explanationem,
1514 2105 1563 2132 ibi:
1584 2105 1617 2133 Si·
1632 2114 1696 2133 vero
1718 2105 1885 2143 quaeritur,

1041 2153 1142 2178 utrum
1166 2150 1272 2178 Petrus
1292 2150 1377 2187 fidem
1396 2151 1545 2187 prm-sionis
1566 2151 1700 2179 simmei-ic
1722 2155 1772 2180 etc.

1119 2197 1245 2226 Secunda
1267 2205 1333 2225 vero
1354 2205 1419 2234 pars
1447 2198 1608 2235 principalis
1634 2202 1723 2235 potest
1745 2198 1831 2227 dlvidi
1858 2198 1884 2226 in

1043 2247 1098 2272 tres
1113 2247 1213 2281 partes.
1244 2244 1270 2272 tn
1287 2253 1406 2281 quarum
1429 2245 1519 2281 prima
1540 2249 1631 2273 movet
1652 2245 1842 2282 qiuiestionem
1859 2248 1887 2273 et

1042 2290 1216 2319 determinat.
1238 2291 1265 2319 ln
1288 2291 1410 2319 secunda
1431 2291 1594 2319 auctoritate
1617 2291 1758 2328 Augustini
1789 2291 1886 2319 confir-

1042 2340 1114 2370 mat,
1129 2337 1178 2365 ibi:
1201 2337 1233 2365 Ut
1249 2337 1435 2374 Achustz‘nus
1451 2337 1543 2365 [radic
1557 2337 1663 2365 (licens.
1679 2338 1706 2365 ln
1723 2338 1804 2365 tertia
1820 2345 1886 2366 vero

1042 2383 1116 2411 elicit
1136 2383 1276 2420 quandam
1293 2383 1456 2412 divisionem
1479 2383 1553 2412 cirea
1575 2383 1634 2420 ipsa
1649 2383 1809 2417 eredibilia,
1832 2384 1883 2411 ibi:

1043 2430 1087 2457 Eae
1109 2428 1153 2457 Itis
1182 2432 1325 2466 apparet,
1350 2429 1452 2467 aliqua
1478 2429 1574 2463 credi,
1604 2438 1679 2467 quae
1700 2438 1757 2457 non
1787 2430 1887 2458 intelli-

1040 2480 1154 2513 φιηιιιν
1176 2480 1225 2505 ete.

209 2645 215 2659 ¹
234 2644 289 2673 Cap.
308 2646 328 2667 2.
347 2652 367 2667 n.
385 2645 411 2672 5,
428 2649 451 2667 et
467 2646 587 2673 respicitur
605 2646 669 2668 Rom.
692 2646 729 2673 10,
752 2646 785 2668 17.

208 2684 217 2698 ²
236 2684 283 2706 lsai.
302 2684 323 2706 7.
341 2685 363 2711 9,
380 2684 507 2706 secundum
526 2685 686 2712 Septuaginta,
700 2685 808 2713 Vulgata:
821 2685 842 2706 Si
859 2690 902 2705 non
919 2682 988 2705 credi-

146 2723 233 2746 deritis.
248 2729 291 2745 non
305 2723 476 2751 permanebitis.

208 2761 217 2776 ³
235 2762 335 2783 Ennrrat.
353 2762 375 2783 in
394 2762 428 2783 ps.
450 2762 499 2784 118.
517 2762 548 2789 (V.
567 2762 614 2789 73.)
632 2768 700 2784 serm.
718 2763 750 2784 18.
767 2768 787 2784 n,
806 2762 833 2789 3,
850 2761 889 2783 ubi
908 2761 929 2782 in
947 2760 989 2782 ori-

146 2800 214 2828 ginali
233 2806 274 2828 pro
292 2806 339 2823 non
356 2799 512 2829 intelligemus
530 2801 611 2828 legitur
628 2806 676 2823 ηοιι
693 2799 852 2830 ίηλιἸΙῘρίηιιις.

209 2839 217 2853 ⁴
235 2839 294 2861 Libr.
313 2839 349 2861 lx.
367 2845 386 2861 c.
408 2840 425 2861 1.
444 2845 465 2861 n.
488 2840 508 2867 1,
531 2840 552 2861 in
575 2846 622 2868 qno
643 2842 703 2862 textu
726 2842 777 2867 post
797 2838 897 2868 counitio
920 2837 988 2859 codd.

147 2880 254 2901 omittunt
272 2884 333 2901 vero.

208 2917 218 2932 ⁵
236 2918 258 2939 ln
277 2917 312 2939 t‘s.
333 2917 382 2939 118.
400 2918 432 2943 (v.
449 2917 495 2945 76.)
515 2923 584 2939 serm.
603 2918 638 2939 10.
657 2924 678 2939 n.
696 2917 732 2939 31.

207 2956 217 2970 ⁶
236 2956 290 2983 Cap.
309 2956 329 2978 4.
347 2962 368 2978 n.
387 2957 408 2978 6.
425 2968 457 2973 -
475 2956 516 2978 Pro
534 2962 579 2986 quo
596 2956 628 2979 ad
643 2956 696 2978 edd.
719 2957 736 2983 l,
754 2957 766 2978 8
792 2957 816 2978 ut
833 2954 877 2982 ml,
897 2954 948 2976 cod.
970 2953 988 2975 D

148 2996 174 3017 ut
191 3000 244 3024 quo.

1107 2642 1117 2656 ⁷
1133 2641 1205 2664 Codd.
1223 2645 1244 2663 et
1261 2641 1322 2669 edd.,
1340 2643 1439 2669 exeeptis
1457 2641 1482 2669 t,
1500 2642 1526 2668 6,
1545 2643 1558 2663 9
1576 2645 1596 2664 et
1610 2642 1666 2669 Vae,
1678 2641 1795 2671 [tumendo
1808 2641 1888 2665 crula-

1046 2682 1093 2708 Iur,
1112 2687 1172 2709 qnae
1189 2681 1265 2708 lectio,
1284 2681 1333 2703 lieet
1352 2682 1427 2703 minus
1439 2681 1576 2708 respondeat
1593 2681 1670 2703 verbis
1682 2681 1815 2708 Augustini,
1828 2681 1886 2703 bene

1045 2721 1186 2742 eonnectitur
1203 2726 1255 2742 eum
1273 2719 1429 2748 sequentibus.
1447 2731 1479 2736 —-
1497 2719 1578 2741 Verbis
1595 2719 1676 2749 Supra
1697 2721 1777 2742 autem
1798 2719 1887 2743 dictum

1045 2760 1078 2781 est
1096 2761 1186 2780 notatur
1203 2759 1246 2780 noe
1262 2758 1323 2780 idem
1341 2758 1474 2785 capitulum.

1107 2797 1117 2812 ⁸
1133 2798 1195 2820 Libr.
1213 2798 1265 2819 Vltl.
1282 2797 1311 2819 dc
1329 2797 1392 2819 Trin.
1410 2803 1429 2819 c.
1448 2796 1467 2818 Ιι.
1487 2803 1508 2819 n.
1526 2797 1547 2818 6.

1257 2874 1352 2897 NOTAE
1369 2874 1406 2897 AD
1424 2873 1669 2897 COMMENTARIUM.

1109 2952 1115 2966 ¹
1136 2952 1185 2974 vat.
1203 2959 1323 2980 perperam
1342 2959 1402 2982 quae
1418 2953 1474 2975 sunt
1491 2953 1593 2975 naturae
1609 2951 1755 2981 coynilt'onis.

1320 3053 1338 3060 χ

1890 374 2011 397 Augustinus.

1895 421 1974 439 Dubiurn
1993 422 2010 439 V».

1895 1060 2016 1083 Augustinus.
