2166 3366
103 797 237 816 Fundamenta.

242 196 297 224 742

321 275 345 302 6.
368 273 448 307 Item,
471 271 542 299 sicut
564 278 593 299 se
612 269 695 298 habet
710 270 800 305 imago
816 267 962 296 creationis
978 267 1012 295 ad
1028 275 1087 295 esse

241 325 359 349 naturae
388 319 475 356 ipsius
504 318 629 351 animae,
651 317 690 345 sic
712 324 741 344 se
764 315 847 344 habet
869 315 960 351 imago
981 321 1086 342 recrea-

242 367 323 396 tionis
345 366 380 394 ad
402 374 460 393 csse
482 364 605 401 gratiam
628 363 676 392 sed
700 363 789 399 imago
810 361 958 390 creationis
973 360 1087 389 attendi-

244 419 288 443 tur
310 416 446 451 quantum
469 412 504 440 ad
532 411 559 440 id
589 411 663 447 qnod
692 413 733 438 est
761 409 1029 438 excellentissimum
1060 407 1086 435 in

242 462 334 490 anima
355 461 382 488 in
404 468 463 488 esse
485 462 602 487 naturae
616 458 622 470 ¹
637 468 642 485 :
666 465 732 493 ergo
748 457 839 493 imago
854 455 1035 484 recreationis
1050 458 1088 482 at-

243 508 366 537 tenditur
387 510 523 544 quantum
545 506 579 534 ad
602 505 629 533 id
655 504 729 541 qnod
750 507 791 533 est
820 502 1086 532 excellentissimum

243 556 269 583 in
291 554 383 582 anima
406 554 432 581 in
454 562 513 581 esse
534 553 658 589 gratiae3
681 552 771 588 imago
793 554 886 579 autem
909 548 1088 578 recreationis

242 602 395 631 attenditur
417 604 551 638 qnantum
574 600 608 628 ad
633 599 744 628 habitus
766 598 901 627 virtutum
925 597 1090 632 theologica-

243 657 322 678 rum:
340 649 450 677 videtur
473 656 552 684 ergo,
568 647 641 684 qnod
659 647 728 675 nulli
750 646 863 674 babitus
878 645 933 673 sint
954 643 1090 673 excellen-

244 697 328 725 tiores
350 696 403 724 illis
427 695 575 723 habitibus.

323 744 374 771 SED
396 751 521 772 CONTRA:
548 743 571 769 l.
600 741 759 770 llernardus
782 741 808 768 in
831 739 900 768 libro
929 739 963 767 de
992 740 1090 766 Amore

245 791 312 823 Dei,
334 790 455 827 capitulo
484 789 647 818 secundo²z
676 789 786 816 «Amor
807 786 917 824 proficit
939 786 965 814 in
995 785 1091 814 carita-

244 842 316 873 tem,
346 838 446 867 caritas
475 837 584 874 proficit
606 836 633 864 in
662 835 824 872 sapientiam
842 845 874 868 »ς
896 833 944 862 sed
974 841 1027 861 non
1049 834 1091 860 est

244 886 386 923 profectus
408 885 458 913 nisi
482 892 531 920 per
552 891 733 920 progressum
763 882 798 910 ad
820 881 925 918 aliquid
955 879 1092 909 excellen-

249 933 316 961 tius:
336 940 401 969 ergo
417 932 521 960 donum
538 930 689 967 sapientiae
711 933 752 958 est
766 928 949 957 excellentius
964 927 1089 956 caritate:

246 988 312 1017 ergo
334 979 496 1015 simpliciter
519 978 590 1007 dona
613 981 678 1006 sunt
699 976 897 1005 excellentiora
923 974 1090 1014 virtutibus,

246 1036 296 1065 per
313 1026 561 1056 considerationem
578 1024 749 1061 Philosophi,
762 1023 836 1060 quia„
857 1022 900 1051 «si
913 1022 1050 1058 optimum
1064 1021 1091 1048 in

247 1083 303 1103 uno
318 1082 419 1111 genere
441 1073 541 1101 melius
556 1075 597 1101 est.
619 1071 722 1108 optimo
738 1071 764 1099 in
787 1070 840 1098 alio
856 1077 973 1106 genere,
988 1072 1014 1097 et
1030 1069 1092 1097 siin-

247 1122 356 1160 pliciter
378 1122 429 1149 hoc
452 1120 498 1148 illo
520 1119 621 1148 melius
636 1130 663 1146 n.

326 1170 352 1197 Ξ).
375 1169 454 1201 ltem,
477 1166 605 1195 nobilitas
634 1169 660 1193 et
688 1164 808 1200 dignitas
829 1163 977 1191 habituum
1000 1162 1094 1198 digno-

247 1216 333 1245 scitur
349 1224 398 1253 per
413 1218 507 1247 actus3
529 1213 576 1241 sed
592 1216 671 1241 actus
686 1212 823 1239 donorum
841 1213 905 1238 sunt
919 1208 1094 1237 excellentio-

248 1271 292 1292 res
314 1270 397 1300 quam
421 1264 500 1289 actus
522 1260 670 1290 virtutum.
693 1258 764 1286 sicut
779 1264 815 1285 ex
837 1255 1070 1293 praecedentibus
1084 1254 1093 1267 ³

247 1313 335 1347 patet,
356 1309 422 1346 quia
438 1308 554 1336 virtutes
570 1309 634 1334 sunt
649 1305 682 1333 ad
705 1308 784 1333 actus
800 1303 918 1340 primos,
940 1302 1012 1331 dona
1027 1309 1094 1330 vero

247 1357 283 1386 ad
305 1360 383 1385 actus
405 1355 527 1383 medios:
549 1361 616 1389 ergo
637 1356 687 1381 etc.

328 1403 361 1440 3k
376 1403 454 1435 item.
471 1401 544 1438 quod
561 1408 589 1428 se
612 1399 695 1428 habet
710 1406 746 1427 ex
768 1397 909 1426 additione
924 1397 957 1425 ad
974 1396 1093 1425 alterum

248 1452 275 1479 in
307 1457 408 1487 genere
438 1448 499 1477 boni
528 1446 712 1476 excellentius
742 1449 783 1474 est
812 1445 873 1478 illo,
896 1444 967 1473 sicut
994 1455 1007 1469 «
1030 1443 1096 1472 bene

250 1498 342 1526 vivere.
365 1496 465 1525 melius
487 1499 528 1524 est
549 1503 633 1531 quam
659 1493 770 1521 oiuere⁴
787 1502 818 1520 ».·
841 1499 904 1520 cum
927 1499 993 1528 ergo
1022 1491 1095 1519 dona

248 1553 277 1574 se
298 1545 420 1573 habeant
441 1551 490 1580 per
511 1541 682 1570 additionem
703 1540 739 1568 ad
762 1539 894 1572 virtutes,
923 1538 988 1575 quia
1011 1537 1096 1565 virtu-

248 1592 323 1621 tihus
351 1594 416 1620 sunt
438 1588 591 1627 posteriora
619 1591 646 1616 et
667 1589 732 1615 sunt
760 1586 795 1614 ad
817 1585 958 1622 agendum
983 1584 1096 1621 expedi-

249 1643 287 1673 te3
309 1646 375 1675 ergo
398 1638 470 1666 dona
491 1639 556 1665 sunt
575 1634 740 1672 perfectiora
754 1636 780 1662 et
795 1632 995 1661 excellentiora
1010 1639 1095 1668 quam

248 1687 375 1715 virtutes.

327 1734 353 1761 lt.
376 1733 458 1766 Item,
488 1731 526 1759 illi
556 1729 668 1758 habitus
697 1731 762 1757 sunt
790 1727 1018 1760 excellentiores,
1048 1725 1095 1763 qui

249 1780 353 1809 faciunt
382 1779 521 1807 hominem
552 1777 640 1814 magis
670 1775 789 1805 similem
818 1774 900 1803 statui
934 1773 1037 1811 gloriae
1070 1777 1097 1801 et

249 1826 423 1865 perfectioni,
445 1833 516 1862 quae
539 1824 590 1853 fuit
616 1824 642 1851 in
659 1822 780 1856 Christo:
803 1821 850 1850 sed
874 1821 946 1849 dona
961 1823 1025 1849 sunt
1048 1820 1098 1848 hu-

249 1874 389 1907 iusmodi,
411 1872 477 1910 quia
504 1871 597 1900 omnia
619 1871 733 1899 fuerunt
763 1869 788 1897 in
810 1868 919 1896 Christo
941 1871 967 1896 et
989 1867 1096 1896 suntin

250 1925 323 1950 statu
339 1920 456 1957 gloriae,
479 1918 553 1956 quod
579 1926 632 1946 non
660 1920 748 1953 potest
770 1915 823 1944 dici
853 1915 887 1943 de
911 1913 1094 1942 virtutibus⁵z

250 1977 316 2005 ergo
332 1967 456 2000 videtur,
472 1965 544 2003 quod
566 1965 638 1993 dona
653 1964 707 1992 sint
722 1961 920 1991 excellentiora
936 1960 1095 1989 virtutibus.

565 2048 777 2071 CONCLUSIO.

251 2125 335 2153 Donet
350 2128 376 2152 et
389 2123 511 2151 vrrtzttes
532 2121 631 2159 quoad
642 2119 776 2157 [Jrcttt'ctm
800 2117 1012 2156 informantem
1027 2121 1098 2145 stent

330 2170 462 2209 aequalis
491 2168 663 2207 ‹lzynttaos5
685 2166 782 2205 quoad
811 2169 895 2194 (tetus
923 2165 1098 2202 eyredientes

329 2226 408 2247 torus
424 2216 540 2245 habitus
562 2219 601 2243 est
616 2213 740 2243 nobilior
762 2213 869 2245 altem
884 2211 982 2250 quoad
1002 2214 1098 2239 ,ςῖαιῑιε

330 2268 529 2303 consequentes
542 2263 618 2291 (lona
629 2265 698 2290 «strat
712 2260 871 2289 m‘rltttz'btts
886 2258 1095 2287 excellentiora.

331 2345 507 2373 Responnuo:
532 2341 700 2374 Dicendum,
725 2338 799 2376 quod
826 2338 860 2367 de
882 2337 1024 2366 habitibus
1046 2336 1099 2365 vir-

252 2395 343 2421 tutum
360 2395 387 2420 et
402 2391 539 2419 donorum
556 2389 609 2417 suh
626 2388 730 2416 ratione
745 2386 887 2423 dignitatis
901 2389 942 2414 est
958 2385 1033 2422 loqui
1053 2384 1098 2412 tri-

917 188 1168 217 SENTENTIARUM
1188 189 1248 217 Ltss.
1271 188 1310 216 111.

1143 267 1251 304 pliciter
1274 266 1431 295 secundum
1454 266 1591 302 triplicem
1608 265 1724 294 istorum
1747 265 1896 294 habituum
1918 270 2129 297 coni-Trimerum-

1144 315 1330 351 parationem:
1355 318 1402 342 aut
1425 313 1451 341 in
1473 312 1680 350 comparatione
1701 313 1736 341 ad
1756 312 1889 350 gyrationi
1915 313 1989 349 ipsos
2027 295 2129 336 ffiiffiha'
2148 302 2149 306 ¹

1145 360 1261 389 ltttbt‘ttts
1282 359 1492 398 informantem
1514 363 1541 388 et
1562 359 1697 396 gratuitos
1719 359 1877 393 facientem⁷
1900 360 1990 388 autin

1144 409 1351 445 comparatione
1366 408 1401 436 ad
1424 411 1508 435 aetus
1524 406 1714 444 egredientes,
1737 407 1826 435 autin
1849 415 1990 443 compara-

1145 456 1217 483 tione
1239 455 1272 483 :td
1296 458 1390 483 status
1412 457 1620 491 consequentes.
1643 454 1667 482 Si
1692 454 1718 481 in
1734 454 1940 490 comparatione
1955 453 1991 481 ad

1143 501 1276 539 qratiam
1299 502 1372 538 ipsos
1396 501 1508 529 habitus
1530 500 1759 537 informontenm
1781 509 1843 528 cum
1869 500 1928 537 ipsa
1956 500 1991 528 sit

1146 558 1214 581 nna.
1237 549 1357 577 reddens
1385 548 1538 585 aequaliter
1567 548 1688 576 animam
1717 551 1858 584 acceptam
1887 548 1944 576 Deo
1966 550 1993 575 et

1146 597 1206 625 eius
1228 596 1377 632 potentiam
1401 599 1427 623 et
1443 595 1555 623 habitus
1570 598 1597 623 et
1618 602 1702 631 opera
1714 595 1739 629 5;
1762 596 1800 623 sic
1815 594 1939 631 aequalis
1954 594 1992 622 di·
2005 601 2103 620 conclusio
2114 601 2130 620 ι.

1147 644 1257 680 gnitatis
1279 648 1306 671 et
1333 642 1424 671 meriti
1451 645 1516 670 sunt
1538 642 1621 670 ceteri
1651 642 1764 670 habitus
1786 641 1937 670 existentes
1966 641 1993 669 in

1147 691 1243 719 eadem
1260 691 1360 718 anima.
1373 706 1411 710 ψ
1424 690 1450 717 Si
1465 692 1557 717 autem
1582 689 1731 726 loquamur
1747 689 1781 717 de
1797 688 1863 725 ipsis
1878 688 1905 715 in
1921 695 1992 716 cotn-

1148 738 1290 774 paratione
1305 738 1338 766 ad
1362 741 1446 765 (tectos
1461 737 1652 774 effl'erlientes;
1675 736 1713 765 sic
1728 744 1802 764 unus
1825 736 1936 764 habitus
1951 737 1993 764 est
2005 741 2103 760 Conclusio
2114 741 2132 760 Ξ.

1148 786 1266 814 nobilior
1281 785 1381 818 altero,
1403 784 1474 813 sicut
1489 784 1607 812 virtutes
1628 783 1799 820 theologicae
1816 786 1882 812 sunt
1903 782 1995 811 excel-

1148 833 1279 861 lentiores
1300 831 1504 865 cardinalibus,
1526 838 1590 859 cum
1613 834 1691 859 actus
1714 838 1811 859 earum
1834 829 1994 858 immediate

1148 880 1263 908 tendant
1292 880 1317 907 in
1346 879 1451 913 Deum,
1480 881 1506 907 et
1534 878 1605 906 inter
1634 877 1802 914 theologicas
1825 877 1925 905 caritas
1954 879 1995 905 est

1148 926 1390 955 excellentissima.
1406 942 1444 946 --
1460 925 1485 953 Si
1508 927 1600 953 autem
1625 924 1774 961 loquamur
1795 926 1929 961 quantum
1959 923 1995 951 ad
2158 913 2159 947 i

1148 977 1244 1002 status
1265 975 1480 1010 consequettces;
1502 980 1565 1000 cum
1588 979 1657 1000 usus
1678 970 1814 999 virtutum
1838 971 1994 999 habeantur
2007 975 2105 995 Conclusio
2116 976 2134 995 3.
2155 960 2159 999 ,3

1151 1021 1177 1049 in
1199 1024 1273 1049 statu
1295 1019 1527 1056 imperfectionis,
1550 1026 1619 1047 usus
1641 1026 1707 1047 vero
1729 1018 1866 1046 donorum
1889 1025 1997 1054 promo-

1121 1067 1122 1071 ’
1150 1068 1253 1096 veant⁷
1278 1067 1416 1095 hominem
1443 1066 1478 1094 ad
1500 1069 1603 1094 statum
1633 1065 1829 1102 perfectionis;
1858 1065 1897 1093 sic
1925 1065 1997 1093 dona

1151 1118 1215 1143 sunt
1237 1114 1438 1143 excellentiora
1460 1112 1627 1147 virtutibus,
1650 1112 1722 1141 sicut
1744 1115 1832 1141 status
1854 1111 1998 1148 proficien-

1150 1162 1220 1189 tium
1244 1161 1390 1197 perfectior
1412 1164 1453 1188 est
1482 1163 1555 1188 statu
1578 1159 1785 1196 incipientium:
1814 1162 1840 1187 et
1861 1159 1914 1187 hoc
1941 1162 1995 1193 est,
2008 1163 2070 1182 Ratio-

1151 1209 1216 1245 quia
1238 1212 1327 1236 status
1348 1208 1393 1236 ille
1414 1207 1555 1236 secundus
1577 1207 1777 1243 praesupponit
1798 1209 1900 1235 statum
1922 1214 1998 1243 prae-

1152 1256 1304 1284 cedentem.
1321 1255 1397 1283 Unde
1412 1255 1484 1283 sicnt
1499 1254 1564 1282 bene
1579 1262 1638 1282 esse
1653 1253 1753 1282 melius
1768 1256 1810 1282 est
1824 1260 1908 1290 quam
1924 1262 1998 1287 esse,

1151 1302 1217 1339 quia
1240 1301 1305 1329 bene
1326 1310 1385 1329 esse
1407 1301 1473 1329 dicit
1494 1309 1553 1329 esse
1574 1305 1600 1330 et
1621 1301 1714 1329 adhuc
1735 1300 1874 1337 amplius;
1895 1300 1934 1329 sic
1954 1301 1999 1329 ha-

1152 1347 1227 1376 bitus
1248 1346 1397 1379 reddentes
1417 1346 1551 1382 potentias
1567 1345 1712 1381 expeditas
1733 1345 1768 1374 ad
1788 1349 1867 1374 actus
1892 1345 1998 1374 medios

1152 1394 1365 1423 excellentiores
1388 1396 1453 1422 suut
1475 1392 1616 1421 habitibus
1644 1392 1828 1421 reddentibus
1849 1400 1896 1421 eas
1917 1400 1999 1429 expe-
2162 1411 2164 1423 .

1152 1441 1246 1470 (11ῖᾶεὸ
1268 1441 1303 1469 ad
1325 1444 1403 1469 actus
1425 1440 1545 1477 primos.
1568 1448 1622 1468 non
1645 1439 1750 1468 ratione
1772 1439 1832 1468 eius
1857 1440 1931 1476 quod
1954 1440 1999 1468 ad-

1152 1489 1223 1517 dunt
1244 1488 1351 1521 solum,
1375 1488 1423 1516 sed
1446 1488 1552 1515 ratione
1573 1487 1634 1515 eius
1655 1486 1730 1523 quod
1753 1486 1860 1515 addunt
1875 1489 1902 1515 et
1922 1494 2000 1523 prae·
2159 1475 2160 1497 3

1152 1539 1323 1573 supponunt.
1349 1535 1488 1563 ——‘Unde
1520 1534 1729 1563 concedendum
1761 1537 1818 1568 est,
1851 1534 1926 1571 quod
1948 1534 2000 1562 hoc

1153 1583 1236 1611 modo
1258 1583 1330 1611 dona
1351 1585 1416 1611 sunt
1431 1581 1630 1610 excellentiora
1651 1580 1816 1615 virtutibus,
1838 1584 1865 1609 et
1880 1580 2000 1610 rationes
2160 1579 2161 1609 ξ

1153 1630 1346 1659 concedendae
1368 1633 1448 1663 sunt,
1470 1637 1541 1666 quae
1564 1629 1616 1657 hoc
1637 1628 1795 1657 ostendunt.
2160 1635 2161 1638 ¹

1234 1678 1257 1705 l.
1281 1677 1318 1705 Ad
1341 1676 1409 1704 illud
1433 1675 1507 1712 quod
1529 1675 1671 1709 obiicitur,
1693 1675 1768 1711 quod
1790 1674 1890 1703 caritas
1911 1675 2001 1704 excel·
2013 1680 2083 1707 εοιᾳιῑο
2096 1684 2129 1703 01³-
2164 1666 2166 1704 i

1154 1724 1253 1753 lentior
1275 1727 1316 1752 est
1337 1723 1467 1751 omnibus
1488 1722 1583 1755 donis;
1605 1722 1768 1756 dicendum,
1791 1722 1865 1758 quod
1891 1705 2122 1759 Aposto-mmmm'
2161 1726 2166 1758 ξ

1155 1771 1198 1800 lus
1227 1774 1370 1807 comparat
1398 1770 1542 1799 caritatem
1570 1769 1605 1798 ad
1628 1769 1675 1797 illa
1704 1777 1775 1806 quae
1797 1773 1914 1806 possunt
1941 1769 2000 1798 sine
2164 1762 2166 1801 Ξ

1154 1819 1268 1848 caritate
1291 1818 1402 1851 haberi,
1425 1818 1496 1846 sicut
1518 1817 1588 1845 fides
1603 1820 1629 1845 et
1651 1824 1714 1853 spes
1735 1819 1762 1845 et
1777 1816 1847 1845 aliae
1869 1816 2000 1851 virtutes,

1154 1874 1225 1903 qnae
1247 1868 1363 1902 possunt
1385 1865 1444 1893 sine
1466 1864 1579 1892 caritate
1604 1863 1697 1892 haberi
1712 1863 1730 1891 ⁵³.
1760 1863 1813 1891 Sed
1835 1863 1901 1900 quia
1929 1863 2001 1891 dona

1153 1912 1273 1949 Spiritus
1295 1912 1380 1940 sancti
1404 1911 1545 1939 caritatem
1569 1914 1799 1947 praesupponunt
1818 1914 1845 1939 et
1866 1910 1941 1938 ultra
1957 1910 2002 1938 ha-
2015 1914 2129 1933 Notandum-

1154 1959 1243 1988 bitum
1266 1959 1388 1987 caritatis
1409 1958 1515 1995 aliquid
1531 1957 1654 1992 addunt,
1676 1957 1747 1986 sicut
1770 1957 1882 1985 habitus
1897 1957 2002 1994 sapien-

1154 2007 1206 2035 tiae
1222 2006 1299 2035 addit
1314 2005 1498 2042 aptitudinem
1521 2008 1547 2033 et
1562 2004 1811 2041 promptitudinem
1834 2004 1869 2032 ad
1885 2004 2001 2033 faciliter

1154 2053 1374 2090 degustandum,
1396 2060 1486 2089 quam
1506 2051 1610 2079 suauis
1625 2054 1665 2079 est
1686 2051 1847 2084 Dominus5
1869 2051 1933 2080 hinc
1947 2055 2001 2086 est,

1154 2100 1229 2137 quod
1251 2099 1422 2136 comparatio
1444 2098 1491 2126 illa
1512 2106 1565 2126 non
1590 2098 1673 2126 habet
1694 2098 1739 2126 hic
1761 2097 1868 2132 locum,
1897 2106 1948 2135 pro
1969 2106 2002 2126 eo

1154 2147 1228 2185 quod
1250 2147 1370 2175 alterum
1395 2146 1420 2174 in
1442 2146 1530 2174 altero
1552 2145 1702 2174 clauditur.
2163 2143 2164 2175 1

1234 2196 1260 2223 2.
1282 2194 1318 2222 Ad
1343 2194 1411 2222 illud
1434 2193 1508 2230 qnod
1530 2192 1675 2226 obiicitur,
1696 2191 1771 2228 quod
1790 2191 1879 2220 virtus
1894 2194 1936 2220 est
1950 2192 2002 2220 dis-
2163 2189 2164 2232 ᾗ

1155 2242 1253 2279 positio
1282 2241 1393 2278 perfecti
1426 2240 1461 2268 ad
1483 2240 1640 2277 optimumg
1669 2238 1835 2272 dicendum,
1857 2238 1932 2275 quod
1961 2242 2002 2272 est
2163 2233 2164 2262 1

1154 2289 1285 2326 perfectio
1316 2287 1506 2326 sufficientiae
1534 2290 1561 2315 et
1594 2286 1724 2323 perfectio
1760 2285 1940 2314 eccellentiae
1973 2289 1999 2314 et
2012 2289 2088 2331 Triplex
2100 2266 2165 2320 ner-¹.

1154 2335 1287 2373 perfectio
1307 2333 1637 2371 superabmzctattticte¹⁰.
1653 2333 1743 2361 Prima
1765 2336 1806 2361 est
1828 2332 1959 2369 perfectio
1975 2333 2002 2361 in
2047 2314 2102 2331 ‘mm'

1156 2390 1256 2420 genere
1278 2385 1304 2410 et
1324 2381 1485 2409 secu-wluin
1501 2380 1588 2418 qnid;
1610 2380 1708 2408 ultima
1724 2388 1790 2408 vero
1806 2382 1847 2408 est
1870 2379 2001 2416 perfectio

315 2497 322 2512 ¹
343 2498 399 2520 Vidc¹
418 2498 521 2524 August,
539 2495 598 2517 XIV.
617 2494 645 2517 dc
663 2494 726 2516 Trin.
745 2499 763 2515 c.
783 2492 802 2514 i.
822 2499 842 2514 n.
862 2493 882 2514 [ἰ.
900 2496 922 2514 et
939 2498 958 2514 c.
977 2492 997 2513 8.
1022 2498 1042 2513 n.
1065 2491 1098 2512 11.

253 2550 282 2553 —-
294 2537 327 2559 De
343 2537 443 2564 imagine
455 2533 609 2558 recreationis
621 2534 659 2555 cfr.
678 2539 748 2559 snpra
767 2532 788 2554 d.
802 2532 838 2554 ⁴26.
852 2538 871 2553 a.
889 2532 905 2553 1.
919 2537 940 2559 q.
959 2531 978 2552 3.
993 2531 1014 2552 in
1027 2536 1098 2557 corp..

252 2580 274 2599 et
292 2577 314 2598 11.
333 2577 394 2598 Sem.
413 2575 434 2597 d.
457 2575 489 2596 16.
507 2581 527 2596 n.
546 2575 566 2595 2.
585 2580 606 2602 (Ι.
626 2573 646 2594 3.

313 2615 324 2629 ²
340 2615 406 2637 Num.
425 2615 445 2636 3.
463 2613 508 2637 Cfr.
525 2619 595 2641 supra
614 2619 665 2640 pag.
685 2612 745 2638 596,
764 2614 816 2633 nota
833 2611 855 2632 7.
870 2623 899 2625 —
917 2610 1030 2632 Sententia
1050 2609 1101 2631 Phi-

252 2655 339 2682 losophi
358 2654 472 2675 invenitur
489 2652 520 2674 111.
540 2652 619 2679 Topic.
638 2657 656 2672 c.
675 2652 695 2672 ⁶2.
714 2649 760 2672 Cfr.
776 2655 846 2677 snpra
864 2655 918 2676 pag.
936 2648 988 2676 740,
1009 2650 1060 2670 nota
1078 2648 1098 2669 8.

314 2693 324 2707 3
340 2693 431 2721 Qnaest.
454 2693 471 2713 1.
490 2704 520 2706 -
537 2691 568 2712 De
586 2689 674 2712 maiori
690 2689 743 2711 vide
761 2695 829 2716 supra
850 2694 901 2716 pag.
922 2687 977 2715 470,
1002 2690 1054 2709 nota
1078 2687 1099 2709 8.

252 2733 273 2754 in
293 2732 343 2754 fine.

314 2770 322 2784 ⁴
341 2771 439 2795 Ariston,
452 2769 483 2790 111.
497 2769 576 2796 Topic.
590 2774 608 2789 c.
623 2768 643 2789 2.
660 2779 692 2783 —
710 2767 740 2788 De
753 2766 863 2794 proposit.
885 2771 932 2793 seq.
946 2765 999 2787 vide
1012 2768 1100 2793 quaest.

254 2809 358 2836 praeced.
372 2821 401 2824 ——
415 2808 482 2830 Panlo
500 2808 594 2829 inferius
612 2813 654 2834 pro
671 2805 775 2835 tlt-pedite
793 2805 845 2827 cdd.
863 2803 978 2833 emmelim.

315 2848 325 2862 ⁵
343 2848 400 2869 Vide
418 2848 453 2869 hic
471 2847 500 2868 lit.
520 2846 633 2873 Magistri,
652 2852 671 2867 c.
690 2845 710 2866 3.
728 2847 750 2866 et
766 2850 836 2871 snpra
855 2843 876 2865 sl.
895 2843 986 2864 xxvn.
999 2848 1018 2864 c.
1037 2842 1057 2863 l.
1071 2854 1100 2857 -

255 2885 356 2908 Subinde
375 2892 417 2913 pro
434 2885 482 2908 sint
497 2885 564 2907 codd.
582 2886 598 2906 Α
610 2884 628 2906 G
639 2885 655 2905 H
667 2885 685 2905 tt
696 2883 727 2905 bh
747 2884 809 2905 siml.

316 2924 326 2938 6
345 2925 401 2946 Vide
419 2925 440 2946 ll.
458 2925 518 2946 Sent.
537 2925 558 2946 d.
579 2924 614 2946 27.
633 2931 652 2945 a.
676 2924 692 2945 Ι.
710 2930 732 2951 q.
755 2923 772 2944 1.
790 2928 838 2950 seq.
856 2934 886 2936 —
904 2921 953 2943 Mox
972 2927 1014 2948 pro
1032 2919 1103 2943 ceteri

255 2964 307 2986 edd.
326 2963 421 2991 σωκῶ,-
438 2964 477 2985 cfr.
495 2970 563 2990 snpra
588 2970 639 2990 pag.
659 2963 716 2990 680,
735 2965 786 2984 nota
810 2962 826 2983 1.
845 2961 939 2983 Inferius
957 2961 1008 2982 voci
1026 2958 1101 2982 cardi-

257 3000 351 3023 nalibus
369 3001 419 3023 cod.
437 3002 454 3022 Α
472 3002 595 3028 praemittit
611 3000 743 3023 virtutibus.
966 2991 969 2992 ⁷

1219 2490 1228 2504 7
1246 2490 1306 2511 Multi
1325 2489 1392 2511 codd.
1410 2491 1432 2510 ct
1448 2487 1500 2509 edd.
1524 2488 1545 2515 l,
1565 2488 1577 2508 2
1594 2487 1745 2516 promovent,
1767 2487 1816 2508 Vat.
1830 2486 2003 2515 promouecitct

1157 2530 1224 2551 etiam
1243 2529 1311 2556 paulo
1329 2531 1379 2550 ante
1397 2533 1450 2549 cum
1469 2526 1574 2553 pluribus
1590 2525 1657 2548 codd.
1670 2524 1788 2547 habeatur
1805 2531 1846 2552 pro
1863 2523 2003 2547 habeantur.

1219 2567 1228 2582 3
1247 2567 1302 2589 Edd.
1321 2567 1465 2593 snbiungnnt
1481 2565 1566 2594 primo.

1218 2606 1227 2621 *Ξ
1246 2607 1302 2628 Dctr.
1321 2605 1444 2627 Lomburd.
1472 2606 1492 2626 in
1515 2605 1529 2626 1.
1547 2604 1598 2626 Cor.
1622 2604 1660 2630 12,
1679 2603 1723 2625 31:
1743 2603 1773 2625 Et
1789 2602 1867 2625 adhuc
1884 2601 2004 2631 [excellen-

1158 2647 1237 2668 tiorem
1255 2646 1317 2667 viam
1336 2644 1403 2667 vobis
1421 2642 1578 2672 demtmstro]7
1602 2643 1715 2670 gradatim
1734 2643 1783 2664 illos
1801 2642 1828 2664 ad
1847 2642 1935 2663 utiliora
1954 2647 2004 2668 pro-

1158 2686 1218 2707 venit
1237 2684 1370 2711 ostendens,
1390 2683 1519 2711 praedictas
1532 2683 1616 2710 gratias
1628 2688 1672 2703 non
1685 2687 1777 2709 semper
1791 2681 1819 2703 ad
1836 2681 1942 2702 meritum
1955 2685 2004 2706 per-

1158 2725 1240 2751 tinere,
1258 2723 1297 2745 sed
1316 2723 1344 2744 ad
1364 2722 1560 2744 honorificentiam
1587 2721 1648 2742 Dei...
1676 2720 1741 2742 Unde
1758 2721 1779 2741 in
1798 2719 1842 2740 fine
1859 2719 1893 2740 his
1911 2718 1949 2746 qni
1973 2718 2003 2739 di-

1158 2766 1224 2785 cent:
1242 2762 1352 2789 Domine,
1371 2761 1395 2783 z'n
1413 2760 1507 2783 nomine
1519 2762 1559 2783 tuo
1569 2759 1787 2789 prophetavimus...
1800 2758 1860 2779 dicet
1878 2757 2003 2779 Dominus:

1159 2802 1261 2826 Recedite
1278 2808 1293 2824 ιι
1309 2807 1346 2824 me
1364 2804 1405 2823 etc.
1418 2813 1449 2817 --
1462 2800 1530 2822 Panlo
1547 2800 1642 2822 inferius
1659 2799 1779 2826 respicitur
1796 2796 1851 2818 illud
1870 2797 1903 2818 Ρε.
1922 2797 1964 2824 33,
1978 2797 2002 2818 9:

1158 2843 1250 2864 (instato
1268 2844 1290 2863 ct
1306 2840 1394 2867 videto,
1421 2840 1529 2868 qnoniam
1556 2839 1633 2861 suavis
1658 2840 1692 2859 est
1708 2836 1825 2858 Dominus
1844 2834 1888 2857 Cfr.
1907 2835 1962 2857 infra
1982 2835 2004 2857 d.

1159 2882 1196 2903 35.
1215 2887 1236 2909 q.
1260 2881 1276 2902 1.

1223 2919 1241 2933 ¹⁰
1258 2919 1302 2941 Cfr.
1320 2925 1389 2946 supra
1404 2924 1456 2945 pag.
1470 2917 1525 2944 654»,
1545 2919 1595 2938 nota
1613 2916 1634 2937 7.
1651 2914 1709 2936 Vide
1726 2914 1794 2935 etiam
1807 2913 1909 2941 Aristot.‚
1925 2913 1950 2934 V.
1963 2913 2005 2934 Me-

1159 2960 1220 2987 taph.
1240 2962 1290 2981 text.
1310 2958 1345 2979 21.
1364 2957 1410 2985 (lV.
1430 2963 1448 2978 c.
1470 2956 1522 2983 16.).
