2166 3366
125 789 138 807 F
141 789 233 808 undamen
237 791 260 807 m.

128 2104 204 2128 Triplex
217 2109 259 2122 sen-

269 192 322 220 176

266 270 352 303 tione,
374 268 446 297 sicut
473 268 542 295 haec
563 269 605 295 est
626 273 707 294 vera:
738 265 812 293 Deus
833 264 923 292 sactus
952 266 994 292 est
1014 263 1114 296 homo,

267 316 335 345 haec
356 315 409 344 erit
432 322 511 342 vera:
536 313 618 341 homo
640 312 729 341 factus
750 315 792 339 θεῖ
812 310 896 339 Deus.

345 362 371 390 li.
395 362 477 395 ltem,
499 359 641 388 hominem
657 366 718 387 esse
739 358 828 386 Deum
851 359 893 385 est
908 363 1007 385 verum
1022 355 1046 389 ¹;
1067 358 1117 384 aut

266 411 307 437 est
328 415 428 436 verum
451 406 567 434 veritate
588 409 726 439 aeterna,
748 407 797 432 aut
819 404 935 432 veritate
952 402 1115 439 temporali.

266 455 291 482 Si
315 454 430 482 veritate
452 457 587 485 aete-rna,
609 460 676 488 ergo
697 451 732 479 ah
754 453 867 479 aeterno
882 457 980 478 verum
1004 449 1056 477 suit
1077 449 1117 477 di·

266 508 342 535 cere,
371 500 511 529 hominem
544 507 605 528 esse
627 499 732 532 neuim
765 497 813 526 sed
846 497 898 525 hoc
926 499 968 525 est
993 496 1115 524 falsum:

266 556 333 585 ergo
354 550 405 576 etc.
428 547 454 575 Si
476 547 592 575 veritate
608 545 779 582 temporali,
801 552 868 581 ergo
891 543 1033 572 hominem
1055 550 1116 571 esse

265 595 354 623 Deum
377 597 418 623 est
440 593 606 630 temporale3
628 596 655 621 et
676 600 758 621 omne
773 593 827 620 tale
849 595 891 620 est
907 591 1026 619 factum:
1050 598 1117 626 ergo

266 642 371 670 fartum
393 645 447 675 est,
469 641 557 669 Deum
582 640 722 668 hominem
745 647 817 668 esse:
841 647 907 675 ergo
923 638 1006 666 homo
1028 638 1118 666 sactus

266 692 307 717 est
330 688 411 717 Deus.

346 736 399 764 Sei)
420 743 545 764 CONTRA:
573 736 596 762 1.
619 734 786 763 Subiectum
806 732 873 769 fieri
901 740 930 761 se
962 732 1047 760 habet
1068 739 1118 768 per

268 783 383 812 modum
406 782 654 811 substantificsintis
683 784 710 809 et
732 780 924 817 praecedentis
951 780 1043 816 ipsum
1066 782 1119 807 ter-

269 830 376 858 minum
390 829 420 864 23
442 829 490 858 sed
523 829 607 857 homo
629 831 759 865 respectu
788 827 837 856 Dei
860 830 961 855 neutro
984 826 1067 854 modo
1089 833 1118 854 se

268 877 367 906 habet:
390 885 455 913 ergo
478 877 546 904 haec
567 878 609 904 est
630 875 699 904 falsa
715 875 892 911 simpliciter:
916 874 1000 902 homo
1022 876 1063 902 θεῖ
1082 873 1119 901 fa-

269 928 331 954 ctus
353 924 436 953 Deus.

348 973 374 1000 ⁹2.
396 971 479 1003 item,
501 978 564 999 61110
587 970 704 998 dicitur:
737 969 822 997 homo
853 972 894 997 est
916 968 1005 997 sactus
1027 968 1118 1002 Deus,

269 1022 318 1048 aut
350 1018 433 1046 homo
465 1020 574 1046 tenetur
607 1017 712 1045 ratione
744 1015 905 1053 suppositi,
938 1015 982 1043 vel
1011 1015 1118 1043 ratione

268 1065 393 1103 formae.
416 1064 528 1092 Ratione
548 1063 665 1101 formae
686 1071 753 1096 non,
775 1063 841 1099 quia
862 1070 915 1090 non
938 1062 1118 1099 praedicatur

269 1113 344 1141 Deus
366 1113 400 1141 de
423 1112 534 1140 homine
565 1111 671 1139 ratione
703 1109 847 1143 formae³3
870 1109 891 1137 si
916 1117 982 1146 ergo
1004 1112 1046 1137 θεῖ
1078 1117 1120 1136 ve-

270 1168 349 1194 rum,
370 1159 535 1195 intelligitur
568 1158 675 1186 ratione
707 1156 853 1194 suppositi
884 1156 928 1184 vel
952 1155 1118 1192 hypostasis.

269 1207 321 1235 Sed
345 1206 502 1243 hypostasis
523 1205 569 1233 illa
590 1208 632 1233 θεῖ
664 1204 821 1241 hypostasis
853 1203 911 1231 Filii
935 1203 999 1236 Dei,
1022 1205 1049 1230 et
1071 1202 1119 1230 illa

269 1258 310 1282 θεῖ
330 1256 457 1281 aeterna:
481 1260 547 1289 ergo
569 1252 603 1280 de
626 1251 673 1279 illa
694 1254 735 1279 θεῖ
767 1250 867 1278 falsum
891 1249 1055 1286 simpliciter
1081 1249 1120 1277 di-

269 1308 347 1334 cere,
369 1300 443 1336 quod
467 1298 550 1327 homo
566 1299 671 1326 ratione
687 1298 763 1325 illius
784 1297 819 1325 sit
834 1297 924 1325 factus
940 1296 1118 1324 homo-Deus.

349 1347 374 1375 3.
398 1347 477 1381 ltem,
500 1346 564 1383 quia
587 1346 661 1374 Deus
684 1345 773 1372 factus
795 1348 837 1372 θεῖ
858 1344 958 1377 homo,
981 1343 1056 1371 Deus
1078 1345 1119 1371 θεῖ

269 1395 353 1423 110010
374 1402 479 1427 novus,
502 1401 568 1429 ergo
584 1401 603 1420 a
617 1392 723 1425 simili,
739 1391 761 1420 si
777 1391 861 1419 homo
875 1390 965 1419 factus
980 1393 1021 1418 θεῖ
1036 1390 1119 1422 Deus.

269 1441 353 1469 homo
375 1443 416 1469 θεῖ
437 1440 511 1468 Deus
534 1447 624 1467 novus
646 1439 704 1467 sive
728 1445 839 1472 recens3
861 1437 909 1465 sed
932 1437 984 1465 hoc
1006 1439 1046 1464 θεῖ
1071 1436 1120 1463 im-

269 1488 437 1525 possihile⁴z
461 1496 527 1524 ergo
549 1490 599 1515 etc.

348 1535 374 1562 li.
397 1534 480 1568 item,
501 1533 716 1562 communicatio
747 1535 789 1560 est
820 1531 985 1559 idiomatum
1000 1530 1026 1564 ⁵,
1053 1538 1119 1567 ergo

269 1582 291 1611 si
313 1582 397 1609 homo
418 1581 507 1609 factus
529 1584 571 1609 θεῖ
592 1580 683 1614 Deus,
701 1579 773 1607 Deus
796 1582 838 1607 est
852 1578 941 1607 factus
963 1577 1054 1611 Deus;
1070 1578 1119 1606 sed

269 1629 338 1657 haec
359 1632 400 1657 θεῖ
420 1628 503 1656 falsa:
526 1635 593 1664 ergo
614 1631 642 1655 et
664 1627 761 1664 prima.

587 1728 801 1749 CONCLUSIO.

269 1817 400 1846 Locutio:
426 1815 509 1844 homo
530 1814 631 1853 factus
645 1819 685 1843 est
702 1815 794 1847 Deus,
816 1812 897 1851 falsa
919 1816 973 1846 est,
995 1813 1056 1841 m'sz'
1077 1812 1118 1841 iu-

350 1864 498 1901 telliyottur
514 1862 545 1890 iu
565 1862 616 1890 stoc
638 1871 742 1890 seusu.-
764 1860 878 1899 factum
901 1864 958 1894 est,
980 1863 1014 1888 ut
1034 1858 1117 1888 homo

348 1910 386 1939 sz't
407 1910 492 1938 Deus.

350 2005 526 2033 Rssspounsso:
549 2004 721 2038 Dicendum,
742 2003 817 2040 quod
840 2003 984 2040 praedicta
1006 2002 1118 2036 locutio,

270 2060 325 2089 qua
347 2052 464 2081 dicitur:
488 2052 571 2079 homo
592 2051 682 2079 factus
703 2054 745 2079 θεῖ
766 2051 856 2084 Deus,
878 2046 1011 2086 'distingui
1035 2049 1119 2077 hahet

271 2107 322 2136 per
353 2099 428 2127 hunc
460 2098 591 2132 modum,
623 2107 678 2135 quo
710 2098 839 2126 distincta
869 2097 933 2125 est⁶
960 2096 1117 2133 praedicta:

271 2146 346 2175 Deus
367 2150 408 2175 θεῖ
430 2146 519 2174 sactus
541 2146 639 2179 homo,
661 2153 697 2173 ex
718 2152 751 2173 eo
772 2144 847 2181 quod
864 2152 909 2172 res
930 2143 1016 2172 huius
1036 2143 1121 2180 parti-

271 2193 334 2230 cipii
356 2192 456 2230 factus
477 2193 540 2229 poni
564 2196 654 2229 potest
669 2193 743 2220 circa
759 2195 866 2225 totum,
884 2191 926 2220 vel
949 2191 1023 2220 circa
1035 2199 1121 2227 prae-

271 2240 417 2273 dicatum,
439 2239 482 2268 vel
505 2239 578 2268 circa
600 2242 758 2276 utrumque
779 2242 950 2266 extremum.
973 2237 1000 2265 ln
1020 2237 1120 2274 primo

272 2521 325 2543 dem
343 2524 377 2543 θεῖ
394 2522 514 2544 conversio
532 2521 685 2549 particularis,
704 2521 834 2543 indefinitae
852 2523 873 2543 et
891 2520 1013 2548 singularis
1026 2528 1047 2548 11,
1069 2526 1120 2542 con-

272 2561 349 2582 versio
366 2561 451 2583 scilicet
467 2561 570 2588 simplex.
589 2561 653 2582 Ratio
671 2563 714 2588 est.
732 2561 785 2589 quia
804 2560 863 2582 sicut
880 2559 1004 2587 singularis
1018 2559 1121 2587 proposi-

273 2601 302 2622 tio
320 2606 430 2623 conversa
448 2606 490 2628 pro
508 2606 554 2622 uno
572 2601 692 2628 supposito
710 2599 853 2626 verificatur,
880 2600 908 2621 ita
935 2601 957 2621 et
977 2599 1121 2626 particularis

272 2642 294 2661 et
311 2639 434 2661 indefinita.
453 2652 483 2655 —
501 2639 556 2661 Edit.
575 2645 711 2666 perperam,
730 2639 782 2667 quia
801 2640 878 2660 contra
901 2643 1037 2666 processum
1055 2642 1121 2665 arg.:

274 2678 336 2701 Deus
353 2678 431 2707 factus
448 2679 481 2701 est
499 2678 568 2701 homo
577 2687 587 2706 ‚·
611 2678 644 2701 ila
670 2677 720 2701 eius
745 2683 876 2701 conversa:
899 2676 969 2700 homo
986 2677 1065 2706 factus
1089 2677 1122 2699 est

272 2718 342 2741 Deus.

337 2756 343 2771 ¹
362 2757 390 2779 Ut
406 2761 524 2779 ostensum
541 2760 575 2779 est
592 2763 662 2784 supra
680 2763 702 2785 q.
725 2757 742 2778 l.

335 2796 344 2809 “²
363 2796 402 2823 Ut,
420 2796 438 2817 si
456 2797 525 2817 homo
543 2796 626 2817 dicitur
643 2795 691 2817 fieri
713 2795 788 2823 albus,
815 2794 897 2817 albedo
923 2795 1032 2822 recipitur
1059 2794 1123 2822 (sub-

274 2834 430 2862 stantificatur)
449 2836 471 2856 in
489 2836 551 2862 ipso,
569 2837 591 2856 et
609 2835 819 2862 praesupponitur,
838 2834 900 2862 quod
918 2835 983 2861 prius
995 2835 1023 2856 sit
1036 2834 1105 2856 homo
1116 2851 1121 2861 ,

274 2879 345 2902 quam
363 2873 436 2895 albus.
452 2886 482 2889 -
500 2874 530 2895 Do
547 2873 641 2896 minori
654 2873 708 2896 vide
721 2880 790 2901 supra
809 2873 831 2895 d.
849 2873 870 2895 6.
889 2879 908 2895 a.
928 2873 948 2895 l.
967 2879 989 2901 q.
1008 2873 1028 2895 l.
1045 2873 1075 2895 ad
1093 2872 1122 2901 33

274 2919 293 2935 a.
313 2914 334 2934 2.
353 2919 374 2941 q.
397 2913 414 2934 1.
432 2913 460 2934 ad
480 2912 508 2941 43
526 2913 548 2935 d.
568 2913 588 2934 3.
607 2919 629 2941 p.
648 2913 670 2935 ΙΙ.
689 2919 708 2935 a.
728 2913 748 2935 3.
766 2919 788 2941 q.
808 2914 828 2934 2.

336 2951 346 2965 ³
362 2951 411 2973 Non
428 2952 489 2973 enim
508 2952 605 2974 dicitur:
629 2953 757 2974 humanitas
774 2955 808 2974 est
824 2952 892 2974 Deus.
910 2951 954 2974 Cir.
972 2958 1041 2979 supra
1060 2951 1075 2974 d
1101 2952 1122 2973 6.

273 2997 294 3013 a.
315 2991 333 3013 l.
351 2997 373 3020 q.
396 2991 412 3012 t.
431 2990 459 3012 ad
478 2990 499 3012 5.
516 3003 547 3006 —
565 2991 586 3012 ln
604 2991 648 3013 sine
666 2998 714 3019 arg.
733 2997 775 3019 pro
793 2991 862 3014 homo
875 3003 906 3008 -
918 2991 991 3020 Deus,
1012 2997 1082 3020 quam
1095 2991 1123 3013 le-

945 184 1198 213 SENTENTIARUM
1219 183 1278 212 LlB.
1301 183 1341 211 111.

1173 270 1257 291 sensu
1279 261 1381 290 locutio
1403 264 1445 289 est
1466 268 1549 295 vera,
1571 263 1598 288 et
1618 263 1660 288 θεῖ
1688 267 1801 299 sensus:
1823 260 1908 288 homo
1929 260 2018 289 factus
2031 265 2154 286 Conclusioi.

1172 312 1214 338 est
1234 309 1324 343 Deus,
1346 308 1373 336 id
1397 311 1438 336 θεῖ
1459 307 1563 336 facium
1586 310 1642 341 θεῖ,
1664 310 1695 335 ut
1722 307 1806 335 homo
1837 310 1911 335 esset
1931 307 2020 342 Deus;

1173 359 1200 385 et
1220 356 1273 384 1106
1295 356 1409 392 quidem
1431 362 1531 383 verum
1553 357 1602 383 est.
1625 370 1664 374 —
1685 353 1710 382 Si
1737 357 1830 383 autem
1855 354 2021 384 determinet
2153 363 2154 391 1

1170 402 1396 439 praedicatum,
1419 404 1461 429 θεῖ
1481 408 1595 429 sensus:
1619 401 1702 428 homo
1723 403 1765 429 est
1787 400 1877 435 Deus,
1899 401 1945 438 qui
1961 401 1969 414 ⁷
1984 401 2021 429 fa·
2033 398 2155 429 Conclusio}

1174 457 1235 478 cius
1256 451 1313 482 est;
1335 452 1362 477 et
1394 449 1446 477 1106
1478 448 1591 485 quidem
1624 447 1726 476 falsum
1749 451 1798 476 θεῖ.
1820 464 1859 468 -—
1879 448 1906 476 Si
1928 451 2022 477 autem

1176 497 1257 525 cadat
1278 497 1351 525 circa
1378 500 1537 533 utrumque
1564 499 1727 523 extremum
1752 498 1779 523 et
1801 494 1874 523 dicat
1895 495 2021 524 ordinem

1176 543 1293 572 subiecti
1325 543 1359 571 ad
1393 543 1601 580 praedicatum,
1634 545 1700 570 tunc
1732 545 1774 570 θεῖ
1802 550 1915 571 εθοε11ε;
1938 542 2022 571 homo

1176 590 1265 618 factus
1286 592 1328 618 est
1348 589 1439 624 Deus,
1461 589 1489 617 id
1510 592 1567 623 θεῖ,
1589 589 1636 626 qui
1659 589 1739 626 prius
1754 592 1814 617 erat
1830 589 1913 617 homo
1934 589 2023 618 factus

1176 640 1217 665 est
1239 637 1312 665 Deus
1336 636 1490 673 posterius;
1512 639 1539 664 et
1568 636 1620 664 hoc
1649 636 1761 673 quidem
1794 636 1888 665 adhuc
1919 635 2020 664 salsum
2034 641 2132 660 Conclusio
2144 642 2157 661 a.

1176 687 1233 718 est,
1254 684 1320 721 quia
1341 692 1400 712 esse
1433 682 1576 711 homiuem
1606 683 1684 711 nullo
1706 683 1789 711 medo
1818 683 1965 712 antecessit
1996 682 2024 711 in

1176 731 1224 759 illo
1246 730 1390 767 supposito
1415 738 1475 758 esse
1492 730 1597 763 Deum,
1619 738 1670 758 nec
1691 730 1818 758 divinum
1841 738 1900 758 esse
1921 729 2025 766 aliqua-

1177 782 1259 806 tenus
1281 778 1437 806 inchoatur.
2156 807 2158 813 ⁴

1257 825 1287 853 Et
1308 824 1347 853 ε16
1370 827 1453 861 patet,
1475 824 1551 861 quod
1573 824 1624 852 ista
1647 823 1758 857 locutio,
1780 824 1801 852 si
1824 824 1918 861 aliquo
1940 824 2023 853 modo
2055 829 2154 871 Concipsio

1177 871 1264 909 possit
1286 871 1398 900 concedi
1422 871 1448 899 in
1470 871 1568 908 primo
1589 878 1689 905 sensu,
1712 871 1738 899 in
1755 871 1867 899 duobus
1881 871 1943 900 aliis
1964 879 2025 899 6011-
2037 857 2106 876 ²⁹⁰⁹OE
2115 858 2137 871 '⁵'

1177 919 1237 948 cedi
1260 927 1313 947 non
1346 921 1435 955 potest
1465 926 1515 946 066
1543 918 1641 946 dehet:
1664 918 1747 946 homo
1768 918 1858 947 factus
1880 921 1921 947 est
1942 918 2025 947 Deus.

1177 966 1254 995 Unde
1277 966 1364 1002 magis
1385 968 1427 993 θεῖ
1449 964 1616 1002 impropria:
1652 965 1736 993 homo
1756 964 1847 994 factus
1868 968 1910 994 θεῖ
1930 965 2166 1005 Βθυε,Εοτοῑίεπῑιπιιἶ

1178 1021 1262 1050 quam
1286 1013 1368 1041 haec:
1385 1012 1459 1040 Deus
1474 1012 1564 1040 factus
1586 1014 1627 1040 θεῖ
1641 1012 1741 1046 110016,
1762 1015 1788 1040 θῖ
1810 1012 1903 1041 rarius
1925 1013 2027 1041 inveni-

1179 1064 1224 1088 tur
1239 1060 1342 1096 scripta
1353 1060 1370 1087 ⁸.
1393 1060 1418 1087 Si
1441 1063 1532 1087 tamen
1549 1059 1651 1087 alicubi
1675 1059 1783 1096 legatur
1800 1059 1841 1088 vel
1859 1059 2025 1094 inveniatur,

1178 1111 1243 1136 tunc
1265 1107 1419 1135 secundum
1444 1107 1565 1143 primum
1589 1114 1702 1135 sensum
1724 1110 1766 1135 est
1787 1107 1956 1143 accipienda.

1258 1154 1288 1182 Et
1309 1162 1359 1191 per
1381 1154 1433 1182 hoc
1454 1157 1549 1190 patent
1564 1154 1671 1182 obiecta
1688 1154 1723 1182 ad
1745 1157 1895 1190 utramque
1916 1157 2024 1191 partem
2038 1158 2067 1177 Ad
2079 1163 2131 1181 arag-

1178 1201 1299 1229 inducta.
1323 1201 1398 1229 Unde
1421 1201 1557 1235 rationes,
1579 1208 1651 1237 quae
1673 1201 1707 1229 ad
1723 1200 1843 1237 primam
1867 1205 1973 1238 partem
1990 1201 2027 1229 in-

1177 1248 1337 1281 ducuntur⁷
1360 1248 1516 1284 procedunt
1538 1248 1695 1277 secundum
1724 1248 1845 1285 primam
1869 1248 1958 1282 viam3
1980 1248 2028 1276 ali-

1178 1299 1220 1323 ter
1241 1295 1314 1323 enim
1348 1303 1401 1323 000
1435 1295 1648 1329 concluderent,
1681 1295 1753 1324 sicut
1787 1299 1870 1332 patet.
1900 1295 2027 1324 Rationes

1180 1351 1245 1370 vero
1267 1342 1302 1370 ad
1324 1342 1407 1369 aliam
1423 1345 1531 1378 partem
1548 1342 1677 1370 inductae
1693 1342 1849 1378 procedunt
1870 1342 2026 1371 secundum

1178 1389 1247 1418 alias
1268 1390 1338 1418 duas
1361 1389 1435 1423 vias,
1467 1389 1594 1417 videlicet
1626 1393 1709 1426 prout
1744 1390 1922 1426 participium
1955 1390 2029 1419 cadit

1179 1437 1254 1465 incer
1275 1440 1423 1470 eactrcma,
1446 1436 1489 1465 vel
1511 1440 1595 1473 prout
1617 1436 1785 1465 determinat
1804 1436 2027 1473 praedicatum,

1179 1483 1251 1512 sicut
1272 1485 1347 1519 patet
1368 1483 1520 1519 aspicienti.

1258 1530 1296 1558 Ad
1318 1530 1388 1558 illud
1412 1534 1504 1558 tamen
1525 1529 1600 1567 quod
1622 1529 1721 1558 ultimo
1743 1529 1873 1559 obiicitur
1898 1530 1933 1559 de
1955 1533 2156 1575 eom-Affissz'fun-

1178 1577 1366 1605 municatione
1399 1577 1579 1611 idiomatum,
1612 1576 1779 1612 dicendum,
1805 1577 1879 1614 quod
1902 1585 1965 1606 cum
1989 1577 2027 1605 di-

1178 1625 1266 1658 citur,
1289 1624 1364 1661 quod
1386 1624 1453 1652 unio
1485 1624 1533 1652 illa
1563 1624 1627 1652 facit
1656 1624 1858 1653 communicari
1880 1624 2027 1658 idiomata.;

1178 1671 1345 1701 dicendum.
1377 1671 1452 1708 quod
1485 1671 1520 1699 ab
1549 1671 1601 1700 hac
1632 1671 1812 1708 generalitate
1844 1671 2024 1708 excipiuntur
2039 1674 2151 1693 Notandum—

1178 1718 1221 1746 illa
1246 1718 1374 1751 nomina,
1397 1726 1469 1755 quae
1491 1718 1643 1754 important
1664 1718 1805 1747 unionem.
1822 1718 1899 1747 Unde
1920 1726 1974 1747 non
1990 1726 2029 1747 εθ-

1178 1765 1289 1803 quitur:
1313 1765 1408 1794 divina
1430 1768 1531 1793 natura
1559 1765 1692 1794 assumsit
1713 1765 1866 1794 humanam
1888 1769 2027 1799 naturam⁷

1177 1821 1244 1850 ergo
1267 1813 1350 1841 homo
1371 1812 1505 1841 assumsit
1527 1813 1679 1841 humanam
1703 1816 1850 1847 naturam3
1872 1813 1911 1842 sic
1933 1820 1983 1842 nec
2002 1817 2029 1841 θῖ

1178 1860 1205 1888 10
1227 1860 1368 1897 proposito
1400 1859 1535 1896 sequitur.
1568 1859 1637 1887 Cum
1669 1859 1741 1888 enim
1775 1860 1852 1894 dico,
1881 1860 2022 1889 hominem

1177 1915 1238 1936 esse
1253 1907 1357 1935 factum
1374 1907 1478 1941 Deum,
1494 1907 1570 1941 dico,
1587 1907 1728 1935 hominem
1744 1915 1805 1936 esse
1826 1907 1882 1936 Deo
1903 1908 2032 1936 unitum3

1177 1957 1204 1982 et
1225 1953 1278 1982 tale
1301 1953 1403 1982 idioma
1428 1945 1482 1982 Deo
1498 1962 1551 1981 non
1568 1953 1802 1982 communicatur*
1815 1962 1865 1991 per
1886 1954 2033 1983 unionem’

1177 2009 1228 2038 pro
1249 2009 1282 2029 eo
1303 2001 1378 2038 quod
1411 2001 1471 2037 ipsa
1504 2001 1570 2028 unio
1592 2001 1663 2029 inter
1697 2000 1817 2029 unibilia.
1840 2001 1972 2038 importat
1993 2001 2031 2030 di-

1178 2048 1337 2077 versitatem
1371 2051 1398 2076 et
1431 2048 1652 2081 distinctionem,
1685 2051 1712 2076 et
1745 2056 1806 2076 eam
1840 2048 2028 2085 praesupponi

1178 2099 1287 2133 oportet
1318 2095 1352 2123 ad
1388 2095 1550 2123 idiomatum
1585 2095 1883 2129 communicationeiii3
1917 2098 1944 2123 et
1970 2095 2032 2124 ideo
2054 2123 2061 2129 .

1179 2143 1244 2171 talia
1266 2142 1398 2170 idiomata
1431 2142 1562 2170 unionem
1595 2142 1774 2178 importantia
1795 2150 1849 2170 non
1872 2145 1937 2170 sunt
1958 2150 2031 2170 6001-

1180 2189 1366 2218 municabilia.
1392 2190 1421 2217 Et
1442 2197 1493 2226 per
1524 2189 1577 2217 hoc
1609 2189 1772 2225 responderi
1799 2192 1889 2226 potest
1910 2189 1945 2217 ad
1967 2189 2031 2217 ulti-

1180 2244 1257 2265 mum
1279 2236 1419 2265 obiectum
1442 2240 1469 2265 et
1490 2235 1645 2265 consimilia
1655 2236 1673 2263 ⁹.

1178 2520 1275 2541 ctionem
1293 2525 1320 2541 ex
1338 2519 1405 2541 codd.
1425 2519 1439 2540 Ρ
1450 2519 1466 2540 [ἰ
1485 2518 1651 2546 delibavimus,
1669 2519 1705 2540 alii
1724 2518 1791 2541 codd.
1809 2521 1831 2541 et
1844 2518 1896 2541 edd.
1914 2518 1936 2547 l,
1952 2519 1965 2540 2
1978 2524 2029 2546 pei*-

1178 2565 1257 2587 peram
1275 2559 1349 2580 solum
1366 2557 1450 2585 homo,
1471 2558 1521 2580 Vat.
1540 2558 1603 2580 Deus
1621 2560 1718 2580 tantum.

1240 2596 1250 2611 ⁴
1268 2598 1347 2619 l‘salm⁴
1367 2598 1407 2624 80,
1427 2598 1470 2619 110;
1489 2597 1536 2619 Non
1555 2598 1597 2619 erit
1614 2598 1636 2619 in
1649 2599 1670 2619 te
1683 2597 1743 2619 Deus
1759 2603 1846 2619 recens.
1859 2609 1890 2612 —
1902 2596 1953 2619 Post
1965 2596 2027 2619 Deus

1178 2638 1211 2660 est
1228 2637 1297 2659 homo
1314 2642 1390 2659 novus
1408 2637 1458 2659 cod.
1478 2637 1495 2658 U
1512 2636 1589 2659 adiicit
1606 2636 1654 2659 sive
1670 2642 1758 2659 recens.

1242 2676 1252 2691 ⁵
1267 2676 1311 2699 Csr.
1329 2683 1398 2704 snpra
1418 2682 1470 2704 pag.
1491 2675 1530 2704 lli,
1550 2678 1601 2698 nota
1620 2677 1640 2698 3.

1240 2714 1250 2729 ⁵
1268 2715 1359 2742 Quaest.
1378 2714 1484 2742 praeced.
1503 2726 1534 2731 —-
1551 2715 1599 2737 Mox
1617 2721 1660 2742 pro
1677 2714 1740 2737 circa
1753 2714 1828 2736 totum
1846 2714 1914 2736 codd.
1932 2714 1951 2735 H
1968 2713 1997 2742 (K
2016 2720 2027 2735 a

1179 2753 1279 2776 secunda
1298 2754 1377 2783 manu)
1390 2754 1408 2775 Μ
1421 2753 1438 2775 O
1449 2753 1467 2775 Y
1481 2760 1603 2782 perperam
1616 2753 1680 2777 circa
1691 2753 1829 2776 subiectum.
1841 2753 1897 2775 Dein
1909 2759 1952 2781 pro
1964 2752 2029 2776 circa

1178 2792 1343 2822 praedicatum
1361 2793 1411 2815 cod.
1430 2794 1445 2815 S
1463 2793 1527 2816 circa
1543 2794 1643 2822 partem.

1242 2831 1251 2846 ⁷
1269 2831 1324 2854 Cod.
1342 2832 1360 2853 U
1378 2831 1420 2861 qui
1436 2832 1505 2854 Deus.
1532 2832 1652 2860 Aliquanto
1677 2832 1772 2853 inferius
1798 2837 1840 2859 pro
1865 2830 1933 2853 nullo
1958 2830 2027 2853 mocio

1179 2871 1232 2893 edd.
1250 2878 1382 2901 nimquam.

1241 2910 1251 2925 ⁸
1268 2910 1341 2933 Codd.
1359 2911 1378 2933 M
1389 2910 1407 2933 O
1418 2911 1461 2933 UZ
1479 2910 1504 2933 in
1519 2910 1648 2939 smmum.

1243 2950 1253 2964 ⁹
1271 2951 1329 2972 Vide
1346 2951 1448 2973 scholion
1466 2950 1496 2972 ad
1517 2950 1534 2972 1.
1552 2950 1620 2972 huius
1637 2950 1726 2972 articuli
1744 2952 1832 2978 quaest.
