2166 3366
22 1634 102 1677 Dupltenx¹¹
109 1640 140 1653 va·

58 1664 70 1677 n
104 1671 109 1677 .

24 1821 139 1841 Notandum.
147 1831 151 1833 λ

851 191 934 219 DIST.
957 191 1080 220 xxxvii.
1103 191 1209 220 DUBlA.

153 270 201 300 sed
223 270 306 299 etiam
327 270 397 299 aliae
425 270 560 299 deberent
581 269 733 307 prohiberi.
758 285 797 290 —-
818 269 901 303 ltem,
930 269 1000 298 fides

154 317 297 346 Trinitatis
311 325 366 345 non
381 320 441 345 erat
457 319 582 354 tempore
597 316 675 353 Legis
689 316 820 344 omnibus
831 316 962 353 explicita
975 316 998 344 ¹:

151 364 175 393 si
196 372 263 401 ergo
284 371 381 392 omnes
402 363 569 395 tenebantur
589 363 625 391 ad
646 363 740 391 onmia
761 362 892 391 mandata
920 363 1000 392 Deca-

153 410 220 447 logi,
239 410 364 444 videtur,
381 409 456 447 quod
472 409 541 438 nihil
557 409 792 446 praecipiebatur,
807 409 882 446 quod
897 412 1000 446 specta-

152 460 196 486 ret
216 457 252 485 ad
273 457 396 494 aliquam
418 463 567 493 personam
587 456 780 485 determinate.

231 504 411 532 Responnsso:
434 503 604 537 Dicendum,
620 503 695 540 quod
717 503 790 531 sicut
804 510 854 540 per
875 502 999 540 primum

152 551 315 579 mandatum
331 550 478 579 ordinatur
493 550 577 578 homo
588 552 716 586 respectu
732 557 858 578 summae
880 549 1001 577 Maiesta-

152 598 200 632 tis,
215 605 287 634 quae
301 596 501 634 appropriatur
516 596 601 631 Patri,
620 596 659 625 sic
673 596 756 624 etiam
771 603 822 633 per
843 595 999 624 secundum

151 644 299 673 ordinatur
321 644 406 672 homo
427 645 555 679 respectu
571 650 698 671 summae
713 642 855 676 Veritatis,
869 649 941 678 quae
955 649 1001 678 ap-

151 690 315 728 propriatur
336 689 410 718 Filio.
433 689 577 718 Ordinatio
597 692 692 718 autem
720 688 773 717 ista
797 687 951 716 attenditur
972 687 1000 716 in

152 737 240 775 ipsius
270 737 401 766 Veritatis
432 736 602 765 consessione
634 736 694 765 sine
724 736 843 764 alicuius
872 735 1000 763 falsitatis

152 784 338 817 admixtione,
359 783 397 812 ita
418 783 493 820 quod
516 791 566 812 nec
591 783 627 812 de
648 783 708 820 ipsa
732 782 832 811 falsum
855 782 1000 816 credatur,

151 839 203 860 nec
224 831 284 867 ipsa
304 830 339 858 ad
362 829 587 859 confirmandum
609 829 709 858 falsum
732 832 901 857 assumatur.
923 828 1000 857 Unde

151 877 320 915 prohibetur
339 877 366 905 in
381 876 513 905 mandato
534 876 582 904 illo
597 876 752 905 secundum
774 875 926 904 litteralem
941 882 1000 903 sen-

152 932 215 953 sum
243 924 350 953 falsitas
378 923 526 952 iurationis
555 930 605 960 per
626 930 727 951 nomen
748 922 813 956 Dei,
842 921 999 950 secuudum

151 971 339 1008 spiritualem
366 978 434 999 vero
461 970 628 1007 prohibetur
655 969 761 998 falsitas
789 968 894 997 erroris
926 968 999 996 circa

151 1017 237 1047 fidem
252 1017 391 1046 Veritatis.
415 1017 446 1046 Et
466 1017 510 1045 his
525 1016 637 1045 duobus
658 1015 748 1044 modis
767 1015 896 1052 Magister
917 1015 943 1042 in
960 1014 1000 1042 lit-

152 1068 212 1093 tera
227 1064 236 1077 ²
262 1064 378 1101 exponit
398 1063 553 1093 secundum
576 1063 703 1091 litteram
725 1065 753 1091 et
776 1061 932 1090 secundum
960 1060 1001 1089 al-

152 1111 304 1149 teyorz'am.

231 1158 270 1186 Ad
292 1157 361 1186 illud
386 1165 454 1193 ergo
474 1156 549 1193 quod
571 1155 716 1189 obiicitur,
738 1155 813 1192 quod
842 1154 999 1192 periurium

151 1207 194 1233 est
222 1207 319 1233 contra
346 1203 476 1241 quintum
504 1203 668 1231 mandatum
697 1201 837 1231 secundae
869 1200 1000 1234 tabulae3

152 1251 319 1286 dicendum,
340 1250 415 1288 quod
437 1250 494 1278 duo
516 1253 558 1278 est
579 1249 756 1278 considerare
782 1248 809 1276 in
831 1248 901 1277 salso
930 1248 1001 1277 testi-

152 1299 257 1333 monio,
278 1305 368 1327 unum
384 1297 524 1331 videlicet,
539 1296 615 1334 quod
636 1296 667 1324 fit
687 1296 790 1324 iniuria
811 1302 938 1324 summae
952 1295 1001 1324 Ve-

151 1345 252 1379 rimu„
260 1352 333 1382 quae
347 1344 375 1372 in
396 1344 498 1372 salsum
514 1342 704 1372 testimonium
719 1342 886 1376 advocatum
907 1341 1000 1376 aliud,

152 1392 227 1430 quod
255 1391 286 1420 fit
314 1391 416 1420 iniuria
445 1390 592 1427 proximo,
613 1390 660 1427 qui
683 1397 719 1418 ex
748 1389 817 1418 falso
843 1388 1001 1417 testimonio

151 1438 349 1468 damnificatur
359 1437 378 1466 ³.
393 1438 423 1466 Et
438 1438 545 1465 ratione
563 1436 645 1473 primi
661 1435 828 1473 prohibetur
843 1435 999 1472 periurium

152 1486 179 1514 in
202 1485 326 1515 secundo
340 1484 472 1513 mandato
492 1484 600 1521 primae
616 1483 742 1516 tabulae;
764 1483 870 1511 ratione
885 1481 1001 1511 secundi

152 1533 180 1561 in
201 1532 298 1569 quinto
320 1531 451 1560 mandato
473 1530 620 1559 secundae.

231 1578 271 1607 Ad
293 1578 362 1607 illud
385 1577 461 1614 quod
482 1576 625 1611 obiicitur,
647 1576 722 1613 quod
742 1583 845 1604 vanum
867 1578 909 1604 est
931 1574 1001 1603 illud

153 1626 227 1664 quod
242 1626 350 1654 frustra
363 1624 405 1657 fit;
431 1624 595 1657 (licendum,
616 1623 691 1660 quod
706 1622 856 1659 aliquando
877 1624 919 1650 est
933 1621 999 1658 quid

153 1681 274 1707 vanum,
295 1675 430 1709 quantum
447 1674 488 1699 est
509 1671 543 1699 (Ie
563 1679 593 1699 se
607 1670 683 1699 etde
698 1669 812 1707 propria
833 1668 999 1702 intentione,

151 1719 303 1757 aliquando
323 1721 366 1747 est
394 1717 500 1754 aliquid
529 1724 633 1745 vanum
661 1725 696 1745 ex
723 1715 869 1744 accidenti
882 1715 901 1743 ⁴.
924 1715 1001 1744 Tunc

152 1770 247 1796 autem
270 1773 370 1794 nomen
391 1765 440 1794 Dei
462 1764 617 1793 assumitur
640 1763 666 1791 in
689 1771 806 1797 vanum,
827 1762 941 1799 quando
961 1770 1002 1791 as-

154 1813 276 1843 sumitur
297 1812 332 1841 ad
353 1811 592 1841 confirmationem
615 1810 735 1839 alicuius
760 1809 922 1842 sermoniss
937 1808 1000 1846 qui,

153 1863 290 1898 quantum
310 1862 353 1888 est
374 1858 409 1888 de
436 1866 479 1893 se,
501 1865 556 1886 non
584 1860 626 1886 est
647 1857 793 1885 ordinatus
820 1856 856 1885 ad
877 1855 1000 1893 aliquam

152 1906 318 1941 utilitatem,
340 1906 411 1934 sicut
432 1905 467 1933 ad
497 1904 736 1934 confirmationem
763 1903 900 1932 sermonis
920 1902 1000 1936 salsi;

153 1957 180 1983 et
201 1953 248 1991 qui
271 1953 323 1982 hoc
344 1952 427 1980 modo
455 1951 573 1980 assumit
594 1954 690 1988 peccat
711 1954 807 1979 contra
835 1950 905 1979 illud
926 1957 1002 1978 man-

154 2001 260 2030 datum.
290 1999 407 2036 Quando
428 2006 495 2027 vero
515 1998 670 2027 assumitur
697 1997 732 2026 ad
762 1997 1000 2026 confirmationem

154 2046 274 2075 alicuius
295 2045 367 2080 veri,
389 2044 519 2082 quamvis
540 2052 633 2073 sermo
652 2044 697 2073 ille
712 2044 748 2072 sit
768 2044 886 2078 otiosus3
910 2047 1000 2073 tamen

153 2092 288 2122 assumtio
310 2092 356 2120 illa
378 2099 430 2120 uon
453 2094 495 2120 est
516 2098 719 2128 usquequaque
741 2090 768 2119 in
791 2098 912 2124 vanum,
935 2090 1001 2128 quia

155 2139 301 2168 ordinatur
322 2139 357 2168 ad
381 2139 447 2172 hoc,
469 2141 500 2166 ut
521 2138 584 2175 quis
604 2138 736 2166 adhibeat
758 2137 841 2166 fidem
864 2137 950 2166 verbo
965 2137 1002 2166 lo-

155 2187 281 2224 quentis,
303 2195 387 2223 quam
416 2185 466 2214 etsi
489 2186 552 2222 quis
576 2193 630 2214 non
652 2189 819 2222 assequatur
848 2185 875 2213 in
896 2184 1000 2218 altem,

155 2241 209 2262 non
231 2236 322 2262 tamen
345 2233 457 2261 omnino
478 2235 612 2269 operatur
633 2232 753 2266 trustra,
775 2232 847 2260 sicut
868 2239 919 2259 nec
939 2231 1001 2259 rhe-

155 2284 214 2315 tor,
236 2281 257 2308 si
287 2288 337 2317 per
358 2280 525 2317 compositos
553 2282 580 2307 et
604 2279 746 2308 ordinatos
774 2286 917 2307 sermones
945 2285 1000 2306 non

155 2333 266 2363 semper
287 2325 462 2363 persuadeat.
478 2342 516 2346 —
531 2326 730 2354 Verumtamen
745 2325 877 2362 frequens
899 2324 1000 2352 iuratio

220 2506 225 2520 ¹
247 2505 303 2528 Vide
320 2511 390 2533 supra
408 2505 430 2527 (1.
450 2505 485 2527 2ῖ3.
503 2512 523 2527 a.
546 2505 563 2526 1.
582 2511 603 2533 q.
622 2505 642 2526 2.
661 2505 683 2526 in
696 2510 760 2532 corp.
772 2516 803 2521 —
815 2504 895 2532 Quoad
914 2505 1003 2526 conclu<

156 2545 244 2567 sionem
262 2544 301 2566 etr.
320 2550 379 2572 ιμιειο
396 2550 466 2571 supr-‘t
484 2550 504 2565 a.
523 2544 542 2565 2.
561 2550 583 2571 q.
605 2544 621 2564 l.
639 2545 661 2565 rt
678 2544 698 2565 2.
712 2544 733 2564 in
752 2549 815 2570 corp.
833 2543 891 2564 dictu
909 2547 960 2564 sunt
973 2543 1002 2565 de

157 2585 265 2606 relatione
283 2584 351 2605 trium
371 2583 499 2611 primorum
518 2582 624 2609 berningi
651 2586 827 2609 praeceptorum
845 2582 873 2603 ad
893 2585 937 2604 tres
954 2588 1003 2609 prr-

157 2630 225 2646 sonsis
243 2623 345 2648 diximus,
363 2628 422 2651 quac
440 2622 518 2644 relatio
535 2621 602 2643 otiam
622 2621 677 2643 intra
696 2621 717 2642 in
735 2621 801 2643 solui.
819 2621 947 2648 respicitur.

219 2662 228 2677 ²
246 2662 286 2683 llic
303 2668 322 2683 c.
341 2662 361 2683 2.
381 2673 411 2677 -
429 2662 470 2683 l¹ro
487 2659 557 2690 fidem
577 2659 687 2682 Ver-italis
706 2659 755 2681 Vnt.
772 2658 826 2688 fidei
843 2658 970 2681 veritatem.

220 2700 230 2715 ³
245 2701 290 2722 (Ἰν.
310 2701 365 2721 intra
384 2699 406 2721 ιι.
425 2700 461 2721 39,
479 2706 499 2721 a.
521 2699 538 2720 l.
557 2705 579 2726 q.
597 2699 618 2720 2.
637 2699 658 2719 in
676 2704 742 2725 corp.
758 2710 788 2713 —
811 2698 880 2719 Potito
896 2699 1003 2725 superius

158 2746 200 2768 pro
217 2739 349 2762 cult-ocatur
366 2738 433 2760 rudit.
453 2738 467 2759 t·
479 2738 494 2759 Z
512 2737 649 2763 invocatur,
669 2739 690 2758 ot
708 2737 776 2764 paulo
793 2737 887 2758 insi—rius
904 2743 946 2764 pro
963 2742 1003 2759 rtt-

158 2777 219 2800 tinne
234 2776 332 2800 secundi
348 2777 398 2798 coil,
417 2778 433 2798 A
453 2777 556 2804 respectu
573 2774 677 2797 secundi.

221 2815 230 2829 ⁴
249 2816 288 2837 x'el
307 2815 453 2836 commutatis
471 2814 561 2836 voi-his:
580 2819 666 2835 uinum
678 2817 712 2835 (est
723 2813 808 2842 aliquid
821 2813 945 2841 aliquando
955 2813 1002 2842 sm·-

159 2853 267 2881 mnlt'ler,
286 2853 411 2882 aliquando
428 2852 591 2875 materialiter.
608 2863 638 2868 —
656 2852 704 2874 Mox
729 2852 783 2874 cdd.
808 2853 914 2875 otiitltuiit
932 2852 1002 2874 verba

159 2892 200 2922 qui
216 2893 331 2922 quantum
349 2893 405 2915 est...
424 2891 546 2914 sermonis.

222 2931 232 2946 ⁵
250 2932 302 2954 Uist.
321 2932 357 2953 titi.
377 2944 404 2947 —-
422 2931 533 2958 superius
551 2936 592 2957 pro
608 2929 750 2958 persuadeat
767 2929 818 2951 rod.
836 2930 851 2951 Α
869 2929 1002 2958 persuadet.

222 2970 231 2983 ‘¹
250 2970 280 2991 Dt-
298 2971 341 2992 lioc
359 2970 430 2991 dnbio
446 2970 486 2991 νιν.
505 2969 565 2990 Alex.
587 2968 642 2995 llul„
663 2971 684 2990 s.
707 2976 729 2996 p.
753 2969 784 2990 lll.
797 2975 818 2997 q.
832 2969 868 2990 31.
887 2975 916 2990 ιιι.
939 2969 961 2995 1;
981 2969 1002 2990 Β.

1848 191 1903 220 831

1057 269 1177 298 nominis
1198 270 1262 304 Dei,
1283 270 1331 298 ubi
1348 269 1426 298 nulla
1447 272 1489 299 est
1503 269 1653 299 necessitas
1674 269 1717 298 vel
1739 269 1845 298 utilitas
1860 277 1907 298 ex-

1056 324 1170 353 pressa,
1196 325 1250 345 non
1278 316 1392 345 omnino
1417 320 1493 345 caret
1520 316 1618 353 culpa,
1648 316 1734 345 immo
1763 316 1843 345 valde
1864 320 1905 345 est

1057 363 1303 400 reprehensibilis,
1322 363 1446 392 maxime
1467 363 1494 391 in
1510 363 1578 392 viris
1599 363 1743 400 perfectis,
1766 363 1838 392 sicut
1853 371 1907 392 me-

1056 409 1111 438 lius
1132 410 1236 447 patebit
1257 410 1328 438 infra
1341 410 1360 444 ⁵,
1375 418 1439 439 cum
1454 413 1553 447 agetur
1574 410 1609 439 de
1631 410 1787 439 iuramento
1807 413 1834 439 et
1848 418 1907 447 per-

1056 456 1148 490 iurio,
1179 456 1226 485 ubi
1256 456 1359 485 clarius
1388 457 1581 486 manifestatur
1613 456 1793 494 intelligentia
1821 457 1907 485 huius

1057 502 1171 531 secundi
1194 502 1327 531 mandati.

1136 548 1175 577 Ad
1197 548 1265 577 illud
1288 549 1364 586 quod
1383 549 1513 577 obiicitur
1535 553 1631 578 contra
1649 549 1801 578 secundam
1822 557 1907 586 expo-

1038 610 1042 612 >
1057 594 1201 629 sitionem,
1223 595 1390 630 dicendum,
1406 596 1494 633 quod,
1510 596 1665 625 secundum
1684 596 1758 634 quod
1781 597 1840 634 ipse
1855 596 1907 624 Ma-

1057 641 1143 678 gister
1164 642 1245 676 dicit,
1267 642 1405 679 expositio
1426 643 1474 671 illa
1489 643 1554 671 data
1575 646 1617 672 est
1631 651 1681 680 per
1702 643 1864 680 allegoriam
1879 647 1906 672 et

1056 688 1261 725 expositionem
1283 689 1433 726 quandam.
1457 689 1533 718 Unde
1554 693 1582 718 et
1596 689 1623 718 in
1645 689 1808 719 exclusione
1829 689 1906 719 illius

1057 735 1162 764 erroris
1176 744 1227 773 per
1241 743 1417 773 consequens
1431 736 1625 773 intelliguntur
1644 736 1689 765 alii
1706 737 1833 771 excludi3
1856 745 1905 766 nee

1057 782 1171 819 respicit
1191 790 1302 811 omnem
1324 785 1444 817 statum,
1467 783 1516 811 sed
1538 786 1641 812 statum
1664 783 1728 812 fidei
1752 783 1907 812 manifesta-

1057 831 1101 856 tae
1122 831 1148 856 et
1169 828 1331 865 propalatae
1343 828 1362 856 ⁶.

1416 922 1483 950 Due.
1506 922 1547 950 Ill.

1135 1017 1201 1045 [tem
1222 1016 1370 1053 quaeritur
1391 1016 1426 1044 de
1448 1016 1500 1044 hoc
1523 1016 1598 1053 quod
1621 1017 1687 1045 dicit
1709 1017 1734 1045 in
1757 1017 1906 1054 expositio-

1055 1071 1090 1092 ne
1112 1063 1185 1092 tertii
1208 1063 1348 1091 mandati:
1370 1062 1525 1096 Memento,
1546 1066 1580 1091 ut
1601 1063 1677 1092 diem
1699 1063 1822 1092 Sabbati
1840 1072 1907 1092 san-

1055 1109 1183 1147 etifiee8‚·
1209 1109 1261 1138 ubi
1286 1110 1447 1138 seeundum
1477 1109 1605 1138 litteram
1629 1110 1816 1147 praecipitur
1838 1110 1907 1139 Sab-

1058 1157 1120 1186 bati
1132 1156 1327 1185 observantia.
1343 1157 1395 1185 Sed
1418 1160 1514 1185 contra
1537 1157 1588 1185 hoc
1603 1157 1746 1185 obiicitur:
1762 1157 1828 1194 quia
1843 1157 1907 1186 Sab-

1058 1204 1113 1232 bati
1135 1203 1312 1232 observantia
1333 1206 1375 1232 est
1395 1203 1616 1237 caerimonialis,
1644 1203 1800 1232 secundum
1830 1204 1905 1241 quod

1058 1250 1161 1279 dicitur
1176 1250 1202 1278 in
1220 1249 1360 1278 Ezechiele
1370 1250 1393 1277 ⁷:
1411 1249 1484 1278 Dedi
1497 1249 1538 1278 eis
1552 1249 1682 1278 Sabbata
1697 1258 1777 1283 mea,
1799 1255 1832 1278 ut
1846 1250 1906 1278 sint

1058 1298 1089 1325 in
1110 1297 1230 1334 sigymtrn
1261 1296 1337 1324 inter
1357 1305 1402 1324 me
1430 1300 1455 1325 et
1482 1305 1546 1325 eos:
1576 1305 1642 1333 ergo
1670 1297 1799 1331 videtur,
1830 1298 1906 1334 quod

1057 1344 1131 1373 inter
1153 1343 1269 1372 moralia
1290 1351 1344 1372 non
1360 1343 1475 1372 deberet
1495 1343 1615 1381 praecipi
1631 1344 1742 1372 Sabbati
1758 1344 1907 1373 observan—

1059 1391 1104 1419 tia.
1125 1406 1158 1411 —
1173 1390 1253 1425 ltem,
1276 1390 1392 1418 moralia
1415 1393 1563 1427 praecepta
1577 1397 1688 1427 semper
1709 1394 1835 1425 manent3
1857 1391 1907 1419 sed

1059 1438 1170 1466 Sabbati
1186 1437 1363 1466 observantia
1378 1439 1420 1466 est
1440 1440 1586 1466 evacuata:
1608 1445 1675 1474 ergo
1689 1437 1815 1472 videtur,
1830 1438 1904 1474 quod

1059 1483 1170 1512 Sabbati
1192 1483 1371 1512 observantia
1391 1491 1445 1511 non
1475 1483 1572 1512 debuit
1593 1483 1716 1521 praecipi
1736 1483 1809 1513 inter
1832 1492 1907 1512 man-

1059 1531 1124 1560 data
1143 1530 1274 1559 moralia
1288 1531 1307 1559 ⁵.
1329 1530 1362 1559 Si
1377 1530 1477 1564 dieas,
1499 1531 1573 1568 quod
1596 1531 1773 1560 observantia
1794 1531 1905 1560 Sabbati

1059 1579 1229 1606 commutata
1243 1577 1295 1606 fuit
1309 1577 1337 1605 in
1353 1577 1425 1605 diem
1442 1577 1627 1610 dominicium
1644 1577 1802 1614 quaeritur:
1818 1585 1906 1614 quare
1919 1589 2007 1611 Quaestio
2019 1588 2035 1606 ι.

1059 1624 1085 1652 in
1107 1624 1190 1652 aliam
1223 1623 1297 1653 diem
1319 1627 1427 1652 mutata
1448 1623 1519 1652 tuit?
1534 1639 1573 1644 —
1588 1623 1670 1657 item,
1692 1624 1714 1652 si
1737 1627 1843 1652 mutata
1865 1627 1907 1653 est

1058 1670 1170 1699 Sabbati
1190 1670 1368 1699 observantia
1390 1670 1416 1698 in
1432 1670 1602 1699 Dominicam
1616 1681 1623 1703 ;
1638 1678 1702 1699 cum
1719 1670 1811 1699 ludaei
1831 1674 1907 1699 tene-

1059 1720 1158 1746 rentur
1173 1717 1200 1745 in
1216 1716 1336 1746 Sabbato
1352 1725 1406 1745 non
1421 1716 1568 1746 ambulare
1580 1717 1600 1750 ⁹,
1615 1717 1740 1751 videtur,
1755 1717 1830 1754 quod
1847 1725 1906 1754 pec-

1058 1767 1121 1793 cant
1142 1764 1189 1801 qui
1211 1764 1238 1792 in
1260 1764 1360 1792 diebus
1381 1763 1528 1792 dominicis
1549 1764 1724 1792 itinerantur.

1137 1811 1219 1841 quta
1233 1812 1285 1840 hoc
1307 1811 1391 1840 etiam
1405 1811 1565 1848 quaeritur,
1586 1819 1602 1839 a
1616 1811 1720 1848 quibus
1738 1811 1905 1840 cessandum
1918 1822 2008 1845 Quaestio
2017 1823 2036 1841 a.

1058 1859 1094 1888 sit
1114 1859 1142 1887 in
1164 1859 1264 1888 diebus
1285 1858 1432 1887 dominicis
1453 1861 1480 1887 et
1501 1858 1681 1887 solemnibus.
1695 1875 1736 1879 —
1753 1859 1904 1895 Quaeritur
1917 1870 2034 1894 Quaestios.

1058 1905 1156 1933 etiam:
1179 1908 1294 1942 propter
1311 1905 1380 1942 quid
1395 1905 1423 1933 in
1446 1904 1497 1933 isto
1513 1905 1643 1933 mandato
1665 1907 1791 1933 mutatur
1806 1905 1906 1934 modus

1058 1951 1210 1988 loquendi,
1230 1954 1257 1980 et
1288 1951 1391 1980 dicitur
1412 1954 1552 1979 memento
1582 1951 1670 1988 magis
1690 1959 1775 1988 quam
1798 1952 1826 1980 in
1852 1952 1906 1980 alio

1059 1998 1206 2032 mandato,
1228 2006 1291 2027 cum
1315 1997 1361 2026 illa
1378 1998 1508 2026 mandata
1530 1998 1567 2026 ita
1582 1998 1652 2027 bene
1674 1998 1793 2027 debeant
1808 1999 1905 2027 haberi

1059 2045 1086 2074 in
1109 2045 1256 2079 memoria,
1278 2045 1351 2073 sicut
1371 2048 1399 2073 et
1420 2045 1512 2073 illud?

1138 2092 1312 2120 Rasuounao:
1329 2092 1497 2126 Dicendum,
1513 2092 1587 2128 quod
1605 2092 1630 2120 in
1647 2092 1778 2120 mandato
1794 2092 1905 2120 Sabbati

1059 2142 1119 2167 erat
1140 2138 1196 2167 duo
1211 2138 1404 2173 considerare,
1420 2138 1549 2167 videlicet
1564 2139 1752 2167 cessationem
1770 2138 1807 2168 ab
1822 2147 1906 2175 opere
1918 2150 1959 2170 nuo
1969 2151 1987 2169 i..
2002 2151 2035 2170 nm:

1058 2185 1175 2219 servili,
1198 2189 1227 2214 ut
1250 2185 1333 2214 homo
1356 2185 1410 2214 Deo
1432 2185 1520 2213 libere
1550 2188 1660 2213 vacaret
1681 2188 1708 2213 et
1730 2185 1904 2218 intenderem
1931 2174 2024 2193 '”³”‘¹²‘⁴''

1058 2232 1135 2261 aliud
1156 2235 1217 2261 erat
1237 2233 1273 2260 ibi
1296 2232 1489 2264 considerare,
1512 2231 1641 2260 videlicet
1660 2231 1903 2269 styiiifieationem

1059 2278 1117 2307 (liei
1130 2281 1157 2307 et
1178 2278 1447 2306 determinationem
1463 2286 1582 2314 operum
1605 2278 1801 2312 exteriorum,
1817 2286 1833 2306 a
1847 2279 1906 2315 qui-

1058 2323 1111 2353 bus
1132 2327 1192 2352 erat
1213 2324 1387 2353 cessandum.
1410 2324 1550 2360 Quantum
1569 2323 1605 2352 ad
1625 2324 1772 2361 primum,
1795 2325 1906 2353 manda·
1919 2337 1945 2356 ι»,
1960 2343 2026 2360 psum,

1059 2504 1151 2532 Albort„
1170 2505 1213 2527 liic.
1231 2511 1251 2527 a.
1269 2506 1295 2532 63
1313 2505 1335 2526 S.
1354 2504 1449 2532 Tuom„
1477 2505 1512 2526 liic
1538 2505 1597 2527 circa
1624 2505 1665 2532 Ιιι,;
1685 2505 1741 2527 l¹‹·tr,
1759 2512 1771 2526 a
1790 2505 1850 2531 an.,
1869 2506 1905 2527 ιιιι·

1059 2550 1081 2572 q.
1100 2544 1120 2565 2.
1138 2550 1157 2565 a.
1177 2544 1197 2566 2.

1121 2581 1130 2596 ⁷
1148 2582 1203 2609 Cap.
1221 2583 1257 2609 20,
1280 2583 1318 2609 ¹2,
1337 2581 1376 2604 ubi
1394 2582 1490 2609 Vulgata
1509 2583 1535 2604 itt
1551 2583 1628 2605 essent
1644 2582 1738 2611 siqnum
1758 2589 1800 2610 pro
1816 2584 1843 2605 ot
1859 2583 1905 2605 siti!

1059 2620 1084 2643 in
1100 2620 1202 2650 siquom-
1222 2621 1264 2643 vro
1282 2620 1400 2644 Ezechsete
1417 2621 1469 2643 odd.
1487 2626 1540 2643 cum
1566 2621 1672 2649 plurimis
1697 2621 1764 2644 codd.
1782 2627 1904 2649 perperam

1060 2658 1124 2682 osee.

1121 2697 1132 2712 ⁶
1149 2698 1281 2720 Secundum
1300 2698 1451 2725 hesychium,
1470 2698 1491 2719 ιιι
1509 2698 1579 2720 Levit.
1593 2698 1634 2726 ⁴26,
1648 2699 1684 2720 26.
1696 2698 1740 2720 (ἶΓν.
1759 2704 1828 2726 supra
1842 2700 1905 2721 selio-

1060 2737 1104 2758 lion
1122 2737 1151 2758 ad
1169 2743 1188 2759 u.
1207 2738 1228 2758 2.
1246 2744 1268 2766 q.
1287 2737 1306 2758 3.
1326 2749 1355 2752 ἡ
1374 2737 1467 2759 tufi—rius
1485 2743 1527 2764 pro
1544 2736 1617 2759 (iliam
1636 2737 1686 2759 cod.
1710 2738 1726 2759 Ιί
1752 2736 1831 2766 illum,
1851 2738 1903 2760 edil.

1060 2775 1148 2803 atium,
1168 2782 1226 2804 qnae
1244 2778 1265 2797 vt
1283 2775 1381 2797 subinde
1398 2775 1471 2797 vei-bo
1488 2775 1533 2804 sitit
1552 2776 1681 2803 praefluunt
1697 2782 1752 2798 mm.

1122 2814 1132 2829 ⁰
1149 2815 1193 2837 etr.
1213 2815 1286 2837 Manli.
1314 2814 1356 2842 ΕΜ,
1383 2815 1419 2837 20.
1442 2814 1542 2837 sabbato
1567 2816 1640 2841 enim,
1667 2817 1691 2836 ut
1717 2815 1775 2837 {torta
1802 2817 1822 2838 in
1849 2816 1904 2838 illud

1061 2854 1107 2874 Art.
1129 2854 1147 2879 l,
1161 2854 1202 2875 rl2:
1216 2853 1313 2875 Satetmti
1329 2853 1416 2876 hulmus
1428 2853 1478 2881 iter,
1493 2853 1664 2880 nninmovemn,
1678 2854 1736 2876 tutta
1756 2854 1840 2881 hugoni
1853 2855 1904 2883 plus>

1060 2898 1130 2919 quum
1149 2892 1208 2913 mill(—
1227 2897 1308 2918 pnssus
1325 2891 1429 2913 inemori·
1448 2898 1491 2913 uon
1511 2892 1597 2913 lim-bat.
1618 2904 1646 2908 —
1665 2892 1712 2914 Mox
1731 2898 1773 2920 pro
1790 2892 1902 2916 ilint’rttn-

1061 2930 1100 2951 tm·
1117 2929 1169 2951 (ulii.
1187 2929 1323 2957 nmlmlmit,
1343 2934 1365 2952 vt
1382 2930 1433 2951 (ιι-ιιι
1453 2937 1494 2958 pro
1511 2930 1654 2953 solemnibus
1671 2931 1738 2954 vaiht
1758 2932 1773 2953 A
1785 2933 1802 2954 R
1815 2932 1856 2954 UZ
1870 2939 1903 2955 so·

1061 2967 1226 2991 Ieumi'tnttlms.
