2166 3366
758 198 842 226 DlST.
864 199 905 226 xi.
927 199 999 227 ΛΒΤ.
1021 199 1050 227 ll.
1072 199 1206 235 QUAEST.
1230 199 1247 227 1.

130 275 202 312 Papa
215 275 239 302 ¹:
263 275 365 303 «Nova
386 278 413 303 et
434 275 558 303 inaudita
573 275 734 303 conventio:
757 275 840 309 Deus,
862 276 909 312 qui
931 279 972 304 est

129 324 156 350 et
171 321 217 358 qui
240 324 314 355 erat,
329 321 360 349 fit
374 325 503 350 creatura
517 332 543 349 ι).
555 321 809 349 ——oamascenus2
829 321 911 349 etiam
927 330 973 350 ex-

129 376 242 405 presse:
277 379 290 394 «
311 368 368 396 Non
394 367 598 396 scandalizatur
626 368 659 396 ad
691 375 791 396 nomen
817 371 973 396 creaturae

129 415 175 451 qui
199 423 228 444 se
248 423 383 448 seruum,
411 418 460 443 aut
480 423 605 443 vermem
617 437 625 448 ‚
647 418 696 442 aut
714 422 847 450 prauum
874 417 970 442 natum

130 462 164 490 de
180 465 255 490 terra
269 462 459 490 nominavit».
475 462 549 490 Idem
565 461 647 490 etiam
663 461 739 498 ipse:
767 472 779 485 α
794 461 865 497 Quid
891 461 972 489 mira-

129 509 229 542 bilius,
250 516 335 545 quam
356 508 514 537 Creatorem
536 508 625 537 creari
645 511 672 536 et
693 508 891 545 plasmatorem
917 508 972 544 pla-

130 555 214 583 smari
229 554 473 583 »?—Richardus
494 554 529 583 de
550 558 644 583 sancto
659 554 788 583 Victore³
802 554 830 582 in
849 553 970 591 quadam

129 601 294 638 Sequentia:
316 612 329 627 α
344 601 492 635 Potestate,
506 609 560 629 non
583 604 699 635 natura,
718 601 748 629 fit
762 601 876 629 Creator
898 609 972 630 crea-

129 652 193 677 tura
207 659 234 676 n.
260 665 298 669 -—
320 648 358 676 Ex
386 648 429 676 his
450 648 580 677 omnihus
601 648 814 677 auctoritatibus
839 651 970 685 tanquam

128 703 185 723 una
205 694 309 723 efficaci
334 695 440 723 ratione
462 694 653 729 concluditur,
678 695 753 732 quod
778 694 906 723 Christus
937 694 972 723 sit

128 744 266 770 creatura.

206 790 232 817 Ξ.
255 788 336 822 item,
358 788 522 817 auctoritate
543 788 703 823 efficaciori,
718 788 753 817 ad
768 788 877 817 Galatas
891 796 972 825 quar-

127 834 195 863 t0⁴2
224 834 304 863 Misit
335 835 411 863 Deus
443 834 553 863 Filium
584 843 672 863 suum
703 834 818 872 factum
849 844 884 863 επ
911 844 972 864 mu-

127 880 215 914 liere,
243 884 271 909 et
292 881 419 910 similiter
439 881 474 910 ad
497 882 648 916 Romanos3
677 881 726 910 sed
757 889 839 910 omne
866 881 970 910 factum

127 930 169 957 est
189 931 336 962 creatura,
359 928 442 957 Filius
463 931 556 956 autem
579 928 626 956 Dei
647 931 688 956 est
710 928 815 956 sactus:
838 936 905 965 ergo
920 931 970 956 etc.

206 974 232 1003 3.
253 974 336 1008 Item,
357 974 472 1002 ratione
493 974 612 1003 videtur.
635 974 662 1002 ln
684 974 794 1002 Christo
812 977 854 1003 est
870 974 971 1003 veritas

127 1023 244 1049 naturae
265 1024 374 1049 creatae
395 1024 422 1049 et
443 1024 558 1049 naturae
591 1021 744 1055 increatae,
776 1024 803 1049 et
836 1020 972 1049 Christus

126 1067 250 1095 nominat
271 1067 440 1104 hypostasim
463 1067 610 1104 utriusque
632 1071 764 1101 naturae3
783 1067 830 1096 sed
848 1067 915 1096 haec
930 1071 972 1096 est

126 1107 193 1142 vera
215 1113 320 1142 ratione
341 1114 451 1142 divinae
472 1117 607 1142 naturae:
630 1114 757 1143 Christus
778 1117 819 1143 est
840 1114 969 1150 Creator,

126 1163 165 1188 et:
182 1159 228 1188 ille
250 1160 333 1188 homo
347 1163 388 1188 est
409 1160 539 1188 Creator:
556 1168 622 1197 ergo
637 1160 696 1197 pari
711 1161 817 1189 ratione
839 1164 866 1189 et
884 1161 969 1190 haec:

126 1206 254 1235 Christus
275 1210 317 1235 est
338 1209 475 1235 creatura.

204 1254 231 1282 [ι.
252 1253 335 1287 item,
351 1253 386 1282 de
400 1261 578 1290 quocumque
600 1254 778 1290 praedicatur
800 1254 928 1289 inferius,
944 1258 970 1283 et

127 1300 273 1336 superius,
305 1300 460 1328 necessaria
492 1301 727 1337 consequentia⁵3
759 1301 807 1329 sed
829 1305 969 1330 ereatura

126 1349 168 1375 est
199 1346 329 1383 superius
361 1350 491 1383 respectu
521 1345 647 1375 hominis
678 1350 706 1375 et
736 1347 900 1381 ciiiimali35
921 1348 969 1376 sed

127 1392 195 1421 haec
226 1396 267 1421 est
299 1400 363 1421 vera
386 1392 566 1429 simpliciter:
596 1393 723 1421 Christus
743 1397 785 1421 est
814 1394 915 1428 homo,
943 1398 970 1422 et

126 1439 212 1467 haec:
233 1439 361 1468 Christus
382 1442 423 1468 est
443 1439 564 1467 animal:
588 1447 654 1476 ergo
675 1444 702 1468 et
724 1440 791 1469 haec
813 1441 969 1469 necessario

125 1489 168 1514 est
188 1493 272 1514 vera:
294 1486 422 1514 Christus
441 1490 483 1515 est
505 1490 642 1515 creatura.

206 1534 230 1561 5.
253 1533 335 1567 item,
357 1533 379 1561 si
401 1533 528 1561 Christus
549 1536 591 1562 est
622 1533 720 1567 homo,
752 1536 801 1562 aut
831 1538 968 1567 creatae,

125 1582 175 1607 aut
195 1579 368 1612 inereatus;
400 1587 452 1607 nou
485 1579 651 1612 increatus,
680 1580 732 1608 hoc
753 1583 875 1614 constat,
904 1581 969 1617 quia

131 1637 144 1651 α
157 1626 293 1663 oppositio
308 1629 349 1654 est
364 1626 391 1654 in
412 1626 520 1654 adiecto
530 1626 540 1640 ⁶
553 1636 579 1654 »:
601 1634 668 1662 ergo
689 1630 730 1654 est
745 1626 829 1654 homo
843 1630 968 1655 creatus.

124 1672 177 1701 Sed
200 1673 283 1700 homo
304 1675 415 1701 creatus
435 1676 477 1701 est
498 1675 644 1701 creatura:
667 1680 733 1709 ergo
754 1676 804 1701 etc.

204 1719 229 1747 6.
252 1718 334 1750 item,
356 1719 427 1747 sicut
458 1727 523 1747 caro
554 1719 654 1747 Christi
678 1719 729 1747 fuit
750 1722 901 1756 concepta,
929 1720 967 1748 sic

123 1765 217 1793 anima
237 1765 337 1794 Christi
359 1765 411 1793 fuit
432 1768 541 1793 creata:
563 1773 630 1802 ergo
651 1765 723 1794 sicut
745 1766 849 1794 ratione
878 1767 968 1795 carnis

124 1812 193 1841 haec
214 1812 266 1840 fuit
287 1820 370 1841 vera:
393 1812 520 1841 Christus
542 1816 583 1841 est
605 1813 697 1849 proles
718 1813 839 1850 Virginis
860 1817 887 1842 et
907 1821 969 1842 con-

123 1862 220 1895 ceptus
241 1859 276 1888 de
297 1859 428 1896 Virgine;
449 1859 487 1887 ita
506 1859 575 1888 haec
595 1860 648 1888 erit
670 1867 755 1888 vera:
778 1859 905 1889 Christus
926 1863 968 1889 est

123 1909 253 1935 creatura
267 1906 332 1940 Dei,
354 1906 398 1934 vel
419 1909 531 1935 creatus
544 1914 561 1934 a
575 1906 639 1935 Deo.
655 1906 681 1934 Si
696 1906 796 1940 dieas,
818 1907 893 1944 quod
913 1915 967 1935 non

123 1956 165 1981 est
185 1952 275 1981 simile
296 1955 410 1989 propter
431 1953 644 1989 repugnantiam
666 1953 874 1988 intellectuum,
896 1961 967 1990 qnae

123 1999 213 2028 estin
235 1999 305 2028 hac:
327 1999 454 2028 Christus
475 2003 517 2028 est
542 2002 691 2033 creatura;
722 2003 846 2028 contra.-
878 2000 967 2028 maior

186 2120 194 2134 ¹
212 2121 376 2143 Sententialiter
386 2121 407 2142 in
417 2121 489 2143 Serm.
499 2121 536 2143 77.
548 2121 611 2146 (alias
622 2121 659 2143 75.
677 2121 698 2144 3.
709 2121 737 2144 de
748 2122 882 2151 pentecost.)
900 2129 919 2145 c.
938 2123 964 2144 2:

126 2169 136 2180 ι
146 2161 168 2183 Si
180 2162 242 2183 enim
259 2162 328 2183 homo
340 2161 369 2183 ad
381 2161 507 2188 imaginem
521 2164 542 2183 et
555 2161 725 2183 similitudinem
739 2161 777 2183 Dei
791 2162 863 2184 sactus
875 2162 896 2183 in
909 2168 964 2184 suae

123 2200 209 2222 honore
228 2201 321 2221 naturae
339 2199 480 2221 mansisset...
493 2199 586 2222 Creator
603 2200 683 2222 mundi
695 2203 798 2222 creatura
813 2206 856 2222 non
870 2201 932 2223 fieret
942 2210 963 2224 ι.

122 2238 168 2261 Sed
185 2238 214 2260 ad
239 2238 338 2260 verbum
357 2239 378 2259 in
397 2238 470 2260 Serm.
499 2238 546 2260 128.
573 2237 637 2265 (alias
666 2238 700 2260 13.
727 2238 755 2260 de
773 2238 897 2267 Tempore)
914 2239 964 2262 sive

122 2277 194 2299 Serm.
214 2277 250 2298 ⁴2.
268 2277 289 2299 in
307 2276 376 2299 Natali
388 2276 436 2305 (qui
450 2283 462 2298 a
481 2276 587 2299 Maurinis
599 2277 620 2298 in
638 2276 771 2304 Appendice
798 2277 870 2299 Serm.
888 2280 964 2305 Αυςιι-

122 2317 173 2338 stini
191 2317 305 2344 repositus
321 2317 364 2344 est)
382 2322 401 2338 c.
419 2317 440 2338 2.
458 2321 479 2338 n.
498 2316 523 2338 2:
545 2315 583 2337 «Ο
601 2322 659 2337 nova
673 2320 695 2338 et
706 2316 805 2338 inaudita
819 2317 963 2339 commixtio!

123 2355 194 2381 Deus.
207 2356 245 2384 qui
258 2358 291 2377 est
303 2358 324 2377 et
337 2355 375 2383 qui
392 2357 452 2383 erat,
466 2354 500 2377 tit!
515 2353 608 2377 Creator
620 2358 722 2377 creatura
733 2356 753 2377 »t
766 2355 861 2383 Gregor.
874 2355 962 2378 Nazian.

123 2393 183 2417 Orat.
201 2394 239 2416 38.
258 2400 278 2416 n.
297 2394 342 2416 20:
359 2393 377 2415 Ο
395 2399 480 2416 novam
498 2394 643 2421 mixtionem,
661 2400 674 2415 o
697 2393 856 2416 admirandam
880 2398 964 2422 tempe-

122 2433 245 2454 rationem!
263 2432 305 2460 Qui
323 2434 368 2458 est,
387 2432 425 2459 tit;
443 2432 482 2460 qui
499 2434 588 2453 creatus
605 2438 649 2453 non
666 2435 712 2460 est,
730 2435 826 2454 creatur.

184 2471 193 2485 ²
209 2471 374 2494 Sententialiter
390 2471 453 2497 (nam
470 2471 540 2493 verba
559 2471 607 2498 ipsa
625 2472 646 2492 in
670 2471 773 2493 Damaso.
791 2471 901 2499 oporibus
918 2478 962 2494 non

121 2510 260 2538 invenimus)
279 2510 300 2531 in
313 2509 348 2532 lV.
361 2509 390 2532 de
402 2509 455 2531 Pide
467 2509 556 2532 orthod.
574 2516 594 2532 c.
613 2510 654 2532 ⁴8:
670 2518 681 2529 ι
691 2510 751 2532 Deus
766 2509 890 2532 Verbum...
903 2516 963 2532 crea-

122 2552 171 2571 tura
189 2548 272 2571 dicitur
288 2552 310 2571 et
328 2549 468 2571 novissimus
484 2549 610 2576 appellatur
621 2557 631 2568 ι
652 2548 710 2576 (lsai.
723 2548 760 2575 53,
773 2549 817 2577 3.);
834 2552 856 2570 et
868 2549 888 2571 in
902 2548 962 2571 Orat.

123 2588 137 2609 Ι.
152 2587 180 2610 de
193 2587 286 2615 imagin.
304 2593 324 2609 n.
343 2586 367 2608 4:
382 2587 424 2614 lpsi
436 2586 536 2609 Creatori
553 2585 664 2616 [servio],
677 2587 716 2615 qui
730 2588 800 2609 instar
817 2588 861 2609 mei
874 2592 964 2610 creatus

123 2627 194 2649 taetus
210 2630 243 2648 est
261 2624 390 2655 [κτισθέντα
407 2623 433 2646 τὸ
450 2622 500 2647 κατ’
518 2623 575 2655 ἐμὲ]
594 2625 668 2648 Verba
686 2625 730 2648 sub
751 2626 853 2648 Damaso.
872 2627 963 2648 nomine

122 2665 216 2692 allegata
240 2665 315 2692 potius
333 2665 464 2692 Hieronymi
489 2671 539 2687 esse
565 2664 684 2692 videntur,
702 2665 741 2693 qui
760 2665 773 2686 l.
795 2664 922 2687 Comment.
940 2665 962 2686 in

122 2702 191 2730 Epist.
214 2702 243 2724 ad
256 2703 311 2731 Eph.
324 2704 345 2730 2,
366 2703 400 2725 40.
418 2703 460 2725 ait:
481 2703 545 2725 «Nos
562 2703 632 2725 libere
650 2704 832 2731 proclamamus,
851 2709 895 2725 non
912 2710 963 2726 esse

123 2741 249 2768 periculum
266 2748 318 2764 eum
336 2741 476 2771 [Christum]
487 2741 563 2764 dicere
575 2746 715 2770 creaturam,
734 2748 803 2771 quem
821 2748 924 2764 vermem
941 2744 964 2764 et

123 2781 239 2802 hominem
251 2783 273 2803 et
284 2780 417 2803 crucifixum
430 2785 452 2803 et
464 2781 645 2803 maledictionem
659 2785 702 2804 tota
715 2782 764 2809 spei
778 2784 867 2803 nostrae
880 2780 961 2803 tlducia

123 2819 287 2846 profitemur».
305 2820 406 2842 Alterum
424 2819 468 2842 sub
487 2820 589 2841 Damaso.
616 2821 708 2842 nomine
724 2820 847 2847 allegatum
866 2819 963 2841 testimo-

123 2858 185 2879 nium
203 2858 362 2880 sententialiter
379 2858 476 2880 liabetur
492 2859 513 2880 in
533 2858 564 2880 lll.
581 2857 611 2880 de
629 2858 682 2880 Fide
698 2858 788 2880 orthod.
806 2863 824 2880 c.
846 2858 869 2880 l:
883 2857 961 2886 «Quid

122 2896 182 2918 enim
201 2897 286 2923 maius,
304 2902 374 2925 quam
392 2897 464 2918 Deum
483 2897 598 2918 nominem
616 2897 706 2919 flurin?

185 2933 195 2948 ²
211 2934 233 2955 ln
250 2934 360 2962 operibus
377 2935 429 2956 dieti
452 2936 550 2957 auctoris
575 2941 620 2956 uon
638 2935 756 2962 reperitur.
775 2935 797 2956 B.
816 2934 908 2961 Albert„
927 2935 962 2956 liic

125 2978 144 2994 a.
163 2972 188 2999 3,
206 2972 320 2994 laudatam
339 2972 486 3000 Sequentiam
510 2973 620 3000 magistro
641 2971 760 3000 liudolpho
783 2972 812 2994 de
829 2975 907 2994 sancto
926 2972 963 2993 Vi-

248 3022 273 3045 S.
291 3023 379 3045 Bonae.
397 3034 427 3038 —-
444 3023 510 3044 Tom.
529 3023 562 3044 lll.

1813 201 1868 230 249

1029 279 1071 304 est
1091 277 1293 314 repugnantia,
1315 285 1378 306 cum
1400 277 1557 314 oppositum
1580 278 1759 315 praedicatur
1777 278 1812 307 de
1826 287 1871 315 op-

1029 323 1130 359 posito,
1152 331 1235 360 quam
1258 323 1369 360 quando
1390 328 1519 352 creatura
1541 324 1575 353 de
1596 324 1723 358 Christo;
1739 324 1785 353 sed
1803 325 1871 353 haec

1029 372 1070 396 est
1092 376 1175 397 vera:
1198 370 1325 398 Christus
1345 374 1387 399 est
1408 370 1601 407 impassibilis,
1623 374 1664 399 est
1685 371 1870 406 immortalis,

1028 418 1070 443 est
1092 419 1219 444 mortuus
1232 416 1259 444 ⁷:
1282 424 1348 453 ergo
1369 420 1420 445 etc.

1107 462 1159 489 SED
1177 470 1304 490 com-im:
1326 463 1364 491 Ad
1398 464 1533 492 Romanos
1564 464 1702 492 octavo⁸z
1742 460 2009 493 Vanitatifundameuta.

1027 507 1156 535 subiecta
1178 511 1218 535 est
1239 509 1333 536 omnis
1354 513 1515 543 ereatura;
1536 511 1584 539 sed
1600 510 1741 545 Christus,
1757 519 1820 540 cum
1836 511 1871 540 sit

1028 553 1117 587 Deus,
1140 562 1194 592 non
1215 558 1256 583 est
1278 555 1391 583 vanitati
1413 556 1572 585 subiectus:
1594 565 1661 593 ergo
1682 560 1732 585 etc.

1107 602 1133 628 Q.
1156 600 1237 634 item,
1260 601 1416 630 intellectus
1437 602 1521 631 huius
1542 603 1661 632 nominis
1675 607 1815 632 ereatura
1829 607 1871 632 est

1027 654 1088 675 esse
1116 647 1150 675 de
1179 647 1306 681 nihilo⁹;
1328 649 1376 677 sed
1405 649 1456 677 hoc
1487 654 1624 686 repugnat
1654 650 1778 685 Christo,
1806 659 1869 679 cum

1028 693 1156 722 Christus
1184 694 1267 722 fuerit
1287 695 1322 723 ab
1343 699 1473 723 aeterno:
1496 703 1562 732 ergo
1584 705 1638 725 non
1663 700 1704 725 est
1725 698 1873 726 conceden-

1028 741 1112 775 dum,
1134 741 1276 769 Christum
1298 749 1359 770 esse
1381 746 1515 771 creatum.

1107 787 1133 816 3.
1155 787 1237 822 Item,
1258 796 1340 816 omne
1361 792 1487 817 creatum
1510 789 1605 826 incipit
1626 797 1705 824 esse:
1727 791 1775 819 sed
1798 791 1873 819 Chri-

1028 837 1088 863 stus
1108 834 1160 862 fuit
1174 834 1209 863 ab
1224 838 1353 869 aeterno,
1368 836 1498 872 quoniam
1515 836 1573 873 ipse
1588 836 1687 865 eduxit
1702 836 1773 865 filios
1789 837 1871 865 lsrael

1029 882 1064 909 de
1085 881 1198 918 AEgypto
1211 881 1245 909 ¹⁰:
1267 889 1334 918 ergo
1355 885 1405 910 etc.

1107 928 1133 956 [ι.
1156 928 1238 961 Item,
1261 928 1281 956 si
1304 927 1431 957 Christus
1452 932 1494 957 est
1515 932 1660 963 ereatura,
1681 932 1730 958 ant
1757 930 1810 958 hoe
1831 934 1872 959 est

1029 974 1135 1003 ratione
1156 978 1300 1008 natm-ae,
1322 979 1371 1004 aut
1393 976 1498 1004 ratione
1516 984 1680 1012 personae;
1700 977 1807 1006 ratione
1822 986 1873 1006 ηα-

1029 1024 1114 1049 turae
1134 1029 1206 1055 non,
1232 1021 1297 1058 quia
1318 1025 1432 1050 viatura
1453 1030 1506 1051 non
1529 1023 1706 1059 praedicatur
1735 1024 1769 1052 de
1797 1024 1873 1052 Chri-

1028 1068 1118 1102 sto¹¹;
1141 1068 1246 1096 ratione
1265 1077 1407 1105 personae
1429 1077 1499 1103 non,
1524 1069 1590 1106 quia
1611 1078 1739 1106 persona
1770 1070 1871 1099 Christi

1028 1123 1082 1143 non
1103 1118 1145 1143 est
1165 1119 1273 1150 creata,
1290 1115 1337 1144 sed
1353 1116 1424 1144 Patri
1440 1120 1600 1144 coaeterna:
1617 1124 1683 1153 ergo
1698 1117 1775 1145 nullo
1790 1117 1872 1146 modo

1028 1169 1126 1190 verum
1149 1165 1205 1196 est,
1227 1162 1302 1199 quod
1324 1162 1451 1191 Christus
1472 1162 1507 1191 sit
1527 1166 1664 1191 creatura.

1341 1263 1552 1284 CONCLUSIO.

1058 1347 1122 1376 Non
1143 1348 1286 1385 recipitur
1304 1349 1484 1386 propositio:
1509 1349 1643 1378 Christus
1664 1350 1723 1378 sive
1744 1351 1839 1379 Filius

1144 1395 1198 1423 Dei
1217 1399 1257 1423 est
1277 1400 1434 1429 creatura,
1457 1396 1517 1424 uisi
1536 1397 1750 1425 determinetur.

1105 1489 1280 1517 Respounsso:
1297 1489 1468 1524 Dicendum,
1483 1491 1557 1527 quod
1573 1491 1732 1527 praedictus
1747 1499 1839 1519 sermo
1853 1500 1869 1519 a
1882 1496 1986 1514 Conclusio-

1026 1534 1187 1563 doctoribus
1202 1535 1355 1572 theologiae
1367 1536 1552 1565 communiter
1563 1545 1617 1565 non
1629 1537 1778 1574 recipitur:
1794 1538 1869 1566 Chri-

1026 1583 1086 1609 stus
1106 1581 1165 1609 sive
1192 1581 1276 1609 Filius
1299 1582 1346 1610 Dei
1368 1585 1410 1610 est
1437 1586 1574 1611 creatura.
1606 1583 1763 1611 Adliaerent
1794 1584 1867 1612 enim

1026 1628 1118 1656 verbis
1140 1628 1260 1664 Magistri
1282 1628 1309 1656 in
1332 1628 1423 1657 littera
1434 1629 1460 1656 ¹².
1482 1646 1521 1649 -
1542 1629 1618 1657 Ratio
1649 1633 1758 1664 autem,
1780 1638 1867 1667 quare
1880 1635 1941 1654 Ratio·

1025 1682 1079 1702 non
1101 1674 1250 1711 recipitur,
1272 1678 1328 1709 est,
1351 1675 1416 1712 quia
1437 1675 1500 1704 talis
1521 1683 1612 1704 sermo
1633 1679 1674 1705 est
1693 1677 1868 1714 propinquus

1025 1720 1123 1748 errori.
1147 1721 1239 1748 Errori
1260 1724 1353 1749 autem
1369 1722 1589 1759 appropinquat,
1605 1725 1631 1750 et
1646 1723 1712 1759 quia
1726 1723 1802 1751 male
1816 1723 1868 1751 ali-

1025 1767 1142 1804 quando
1164 1766 1321 1795 intellectus
1341 1771 1383 1795 est
1395 1768 1431 1796 ah
1446 1768 1592 1797 haereticis
1607 1769 1728 1803 Arianis,
1743 1773 1770 1797 et
1784 1770 1867 1798 etiam

1024 1813 1090 1850 quia
1110 1813 1144 1841 cle
1164 1822 1193 1841 se
1214 1813 1290 1841 male
1310 1818 1351 1842 est
1371 1814 1568 1851 iiztelliyibilis.
1590 1815 1670 1843 Arius
1693 1824 1813 1853 namque
1828 1816 1866 1845 di·
1878 1822 1994 1841 Probatioi.

1024 1860 1081 1894 xit,
1102 1860 1200 1888 Filium
1223 1861 1271 1889 Dei
1292 1868 1353 1889 esse
1374 1864 1551 1895 creaturam;
1573 1866 1599 1890 et
1623 1863 1754 1899 quoniam
1788 1862 1869 1891 (Νινί-

1023 1910 1086 1935 stus
1107 1908 1231 1936 nominat
1252 1915 1399 1945 personam
1428 1908 1485 1936 Filii
1514 1908 1578 1943 Dei,
1607 1909 1653 1945 qui
1684 1909 1764 1943 dicit,
1793 1910 1869 1938 Chri-

1024 1957 1098 1982 stum
1120 1961 1180 1982 esse
1202 1957 1376 1988 creaturam,
1398 1963 1452 1983 non
1477 1955 1683 1988 determinans,
1712 1956 1866 1984 secundum

1023 2008 1107 2037 quam
1130 2004 1258 2029 naturam
1281 2001 1432 2038 intelligat,
1461 2001 1573 2030 videtur
1598 2002 1657 2038 ipse
1677 2002 1770 2031 dicere
1791 2003 1866 2039 quod

1021 2126 1083 2145 ctore
1100 2122 1216 2145 adm-vibit.
1233 2122 1278 2145 Csr.
1296 2129 1365 2150 supra
1384 2129 1437 2151 pag.
1456 2123 1512 2151 461,
1532 2126 1582 2145 nota
1602 2124 1622 2145 i.
1640 2136 1670 2139 —
1687 2124 1755 2146 rauto
1773 2124 1866 2146 interius

1022 2168 1063 2189 pro
1081 2161 1173 2184 ratione
1191 2162 1254 2183 multi
1273 2161 1340 2183 codd.
1359 2161 1546 2185 ratiocinatione.

1084 2200 1093 2215 ⁴
1111 2201 1175 2223 Vers.
1194 2200 1214 2223 li.
1231 2213 1263 2217 —
1280 2201 1353 2223 Locus
1370 2207 1396 2223 ex
1409 2201 1477 2228 Epist.
1495 2201 1524 2223 ad
1543 2201 1607 2223 Rom.
1626 2202 1737 2229 allegatus
1753 2204 1787 2224 est
1805 2202 1825 2230 l,
1838 2202 1865 2224 3:

1020 2239 1064 2268 Qui
1081 2240 1154 2262 sactus
1170 2243 1204 2262 est
1220 2240 1241 2262 ei
1258 2245 1285 2261 ex
1302 2240 1389 2262 semine
1407 2239 1480 2261 David
1497 2243 1539 2262 etc.

1082 2278 1092 2293 ⁵
1109 2278 1242 2301 Secundum
1260 2279 1357 2306 Aristot,
1376 2278 1404 2301 de
1423 2278 1561 2301 Praedicam.
1575 2284 1593 2301 c.
1607 2279 1627 2301 3.
1646 2278 1675 2307 (c.
1694 2278 1733 2307 2.),
1751 2285 1777 2301 ex
1791 2280 1864 2307 prima

1020 2317 1099 2345 regula
1117 2317 1324 2344 praedicamentali.
1342 2316 1387 2339 Cir.
1405 2317 1440 2339 lV.
1453 2317 1533 2344 Topic.
1546 2323 1565 2339 c.
1587 2317 1604 2338 1.
1616 2329 1647 2333 -
1658 2317 1714 2339 Ante
1730 2316 1865 2340 necessaria

1020 2355 1071 2378 cod.
1090 2361 1115 2377 cc
1131 2358 1153 2377 et
1169 2355 1221 2377 edd.
1241 2356 1377 2377 inieriiciunt
1394 2356 1435 2377 est.

1082 2393 1092 2408 θ
1109 2394 1207 2421 Ariston,
1226 2394 1248 2416 ll.
1267 2394 1389 2416 l‘erilierm.
1408 2400 1426 2415 c.
1445 2394 1466 2415 2.
1485 2395 1513 2420 (c.
1534 2394 1586 2422 ll.).

1082 2432 1092 2447 ⁷
1109 2432 1180 2455 Codd.
1191 2434 1208 2454 Α
1219 2432 1250 2455 bb
1259 2431 1366 2455 Christus
1377 2431 1527 2461 impassibilis
1538 2433 1571 2455 est
1579 2431 1708 2461 passibilis,
1722 2432 1864 2456 immortalis

1020 2472 1055 2493 est
1069 2472 1193 2498 Μονίμης,
1211 2471 1262 2493 cod.
1280 2471 1299 2492 K
1317 2478 1328 2492 a
1347 2470 1446 2492 secunda
1460 2476 1529 2492 manu
1543 2470 1650 2493 Christus
1667 2470 1818 2500 impassibilis
1830 2472 1863 2495 est

1019 2516 1112 2539 passus.
1131 2510 1199 2532 Paulo
1216 2510 1322 2537 superius
1340 2515 1382 2537 pro
1394 2508 1421 2531 de
1433 2508 1537 2538 opposito
1549 2509 1599 2531 cod.
1613 2510 1631 2531 it
1645 2509 1672 2532 de
1688 2515 1732 2532 suo
1749 2509 1862 2538 opposito.

1082 2548 1092 2563 Β
1110 2548 1173 2570 Vers.
1192 2549 1228 2570 20.
1244 2559 1276 2564 —
1293 2548 1339 2570 Hoc
1356 2547 1417 2570 idem
1434 2554 1483 2575 arg.
1502 2547 1595 2569 adducit
1606 2548 1681 2575 tlilar„
1694 2548 1740 2570 xll-
1753 2548 1781 2570 de
1799 2548 1862 2570 Trin.

1021 2593 1042 2610 n.
1059 2587 1081 2615 5,
1100 2594 1141 2610 nec
1166 2594 1210 2609 non
1228 2587 1341 2614 ambros,
1360 2587 1373 2608 l.
1400 2586 1429 2608 de
1445 2586 1512 2615 Fide,
1529 2593 1548 2609 c.
1571 2586 1603 2609 it.
1622 2593 1643 2609 n.
1661 2587 1698 2609 87.
1715 2586 1760 2609 Csr.
1779 2587 1815 2609 hic
1832 2588 1862 2610 lit.

1021 2626 1130 2654 Magistri,
1149 2632 1168 2648 c.
1190 2626 1207 2648 l.

1079 2664 1089 2678 ⁹
1106 2665 1151 2686 Cl‘r.
1169 2665 1191 2686 ll.
1209 2665 1269 2686 Sunt.
1287 2663 1309 2686 d.
1332 2664 1349 2686 1.
1367 2670 1389 2691 p.
1408 2664 1421 2685 l.
1439 2670 1461 2685 a.
1481 2663 1500 2685 l.
1518 2666 1540 2685 et
1557 2664 1578 2685 3.

1083 2702 1102 2717 ¹⁰
1120 2703 1146 2725 Ut
1162 2703 1244 2730 legitur
1256 2703 1277 2724 in
1295 2702 1386 2729 Missali,
1405 2703 1530 2730 improper.
1549 2703 1568 2724 t.
1582 2702 1621 2724 ter.
1636 2702 1670 2724 Vl.
1688 2703 1710 2724 in
1723 2703 1861 2726 Parasceve:

1023 2749 1033 2761 ι
1045 2742 1130 2769 Popule
1142 2747 1219 2769 meus,
1237 2740 1292 2769 quid
1305 2741 1347 2762 teci
1360 2740 1437 2762 ubit...
1450 2740 1506 2768 Quia
1524 2740 1592 2762 eduxi
1611 2743 1631 2762 te
1643 2741 1671 2763 de
1684 2743 1742 2763 terra
1755 2742 1860 2769 Aegypti,

1021 2780 1103 2808 parasti
1121 2785 1213 2801 crucem
1230 2779 1341 2801 Salvatori
1359 2782 1428 2801 tuo».
1446 2779 1471 2801 lit
1482 2779 1544 2807 apud
1558 2779 1616 2801 loun.
1634 2779 1655 2807 8,
1668 2779 1704 2802 58.
1717 2779 1770 2802 dicit
1787 2780 1861 2802 lesus:

1020 2819 1091 2840 Amen
1102 2836 1107 2846 ,
1123 2824 1188 2840 aiuen
1206 2817 1258 2840 dico
1275 2817 1353 2845 vobis,
1372 2820 1494 2846 antequam
1512 2818 1626 2840 Abraham
1645 2818 1720 2846 fleret,
1737 2825 1782 2847 ego
1799 2826 1859 2842 sum.

1083 2857 1100 2871 ¹¹
1118 2857 1163 2879 cfr.
1180 2863 1249 2884 supra
1268 2863 1320 2884 pag.
1342 2856 1397 2884 ¹49,
1416 2860 1466 2879 nota
1485 2856 1505 2879 5.

1083 2896 1103 2910 ¹²
1119 2896 1159 2918 llic
1176 2902 1195 2918 c.
1216 2896 1234 2918 l.
1251 2902 1299 2924 seq.
1318 2908 1341 2911 —
1365 2895 1467 2918 Subinde
1493 2902 1535 2924 pro
1560 2896 1648 2920 Errori
1662 2898 1742 2920 autem
1759 2898 1810 2920 cod.
1828 2898 1860 2920 bh

1020 2933 1107 2957 Errori
1122 2933 1196 2962 enim,
1216 2937 1238 2956 et
1255 2937 1307 2962 post
1324 2940 1394 2962 pauca
1413 2940 1455 2962 pro
1467 2934 1596 2958 intellectus
1613 2937 1647 2959 est
1663 2936 1713 2958 cod.
1731 2938 1748 2958 Α
1765 2936 1811 2965 suit
1828 2936 1860 2959 iu-

1020 2971 1136 3001 tellectus,
1156 2972 1222 2994 codd.
1241 2972 1256 2994 L
1273 2979 1300 2994 aa
1317 2975 1339 2994 et
1355 2972 1408 2995 edd.
1429 2974 1451 3002 ί,
1469 2974 1482 2995 2
1500 2973 1646 3003 intelli'qitur.

1706 3026 1735 3047 82
