2166 3366
51 876 147 900 Epilogus.

25 1576 56 1595 Ad
70 1577 87 1596 l.
102 1582 142 1601 arg.

12 1605 48 1624 pro
61 1601 140 1624 August.

856 190 938 219 DIST.
961 191 1084 221 XXXVII.
1107 191 1213 221 DUBlA.

164 265 202 293 tia
222 265 258 293 ad
279 265 369 294 Deum
390 274 444 294 non
467 270 533 295 sunt
553 267 604 296 nisi
627 267 695 302 tria,
717 267 808 296 tribus
822 269 1010 305 appropriatis

164 311 248 340 trium
272 319 455 348 personarum
477 314 735 351 correspondentiam,
757 315 913 343 secundum
934 315 1008 352 quod

164 361 268 387 tactum
293 361 336 388 est
364 367 451 396 supra
466 360 493 394 ¹;
514 361 646 389 mandata
667 364 760 390 autem
789 361 946 390 ordinantia
973 362 1009 391 ad

163 405 326 442 proximum
348 410 414 435 sunt
434 410 541 442 septem
554 430 561 441 ‚
582 407 619 436 ita
640 408 714 444 quod
736 408 807 437 illud
822 409 896 446 quod
919 412 961 437 est
975 409 1009 438 de

163 452 386 489 concupiscentia
413 453 512 482 uxoris
540 453 666 489 alienae,
695 454 878 492 distinguitur
898 455 934 484 ab
962 455 1009 484 illo

162 498 238 535 quod
272 502 314 528 est
329 499 364 528 de
386 500 610 537 concupiscentia
624 509 737 536 rerum,
759 501 915 530 secundum
933 502 1007 539 quod

161 545 216 573 alia
236 548 264 574 et
284 545 338 574 alia
359 549 402 575 est
423 547 647 584 coucupiscentia
667 548 823 576 secundum
842 548 961 577 formam
982 552 1009 578 et

161 592 292 629 speciem.
315 593 345 621 Et
367 593 419 622 hoc
446 594 530 622 modo
551 594 738 623 consideravit
766 595 945 632 Augustinus.
966 596 1008 624 Ait

161 639 236 668 enim
267 640 306 668 sic
337 647 423 677 super
454 641 581 669 Exodum
597 640 627 669 2:
654 651 669 667 «
687 641 902 671 Convenieutius
933 642 1006 671 enim

161 686 230 715 mibi
251 686 378 721 videtur,
392 687 479 724 accipi
496 687 542 716 illa
564 687 618 716 tria
638 690 666 717 et
686 688 739 717 ista
760 691 879 725 septem,
900 689 966 726 quia
980 692 1008 717 et

162 733 324 762 Trinitatem
346 733 478 762 videntur
505 734 553 762 illa
574 742 646 772 quae
674 735 710 763 ad
731 735 820 764 Deum
850 735 1007 772 pertinent,

160 780 311 809 insinuare.
335 781 366 809 Et
387 781 462 817 quod
484 780 590 810 dictum
612 784 671 810 est:
694 781 760 809 Non
780 785 869 810 erunt
893 781 945 810 tibi
964 781 1009 810 ctz'z·

160 826 252 855 alieni
267 831 387 864 praeter
400 836 462 860 me,
485 828 537 856 hoc
556 828 648 865 ipsum
670 828 820 865 perfectius
838 828 1005 865 explicatur,

161 881 226 902 cum
247 874 434 910 prohibentur
455 874 588 911 figmenta
602 874 655 903 coli
666 885 746 902 ».—
759 875 802 903 Sic
823 875 908 911 igitur
924 874 1007 911 respi-

160 920 259 949 ciendo
285 920 322 949 ad
350 928 464 949 sensum
487 921 658 955 litteralem,
687 921 757 950 bene
786 921 914 950 distinxit
939 921 1007 950 Iose-

160 967 244 1004 phus.
266 968 446 1005 Respiciendo
467 975 535 996 vero
562 968 599 997 ad
619 968 792 997 intellectum
820 967 1006 1004 spiritualem

159 1017 188 1043 et
211 1014 416 1043 distinctionem
445 1015 642 1049 materialem,
672 1015 743 1044 bene
763 1015 892 1044 distinxit
913 1014 1006 1052 Orige-

159 1068 217 1090 nes.
240 1061 421 1099 Respiciendo
449 1064 543 1090 autem
564 1062 599 1090 ad
622 1070 734 1091 sensum
763 1061 950 1098 spiritualem
978 1065 1006 1091 et

159 1108 362 1137 distinctionem
384 1107 555 1145 formalem,
584 1109 655 1138 bene
677 1109 805 1138 distinxit
833 1109 1005 1146 Augustinus

158 1159 186 1184 et
210 1155 394 1184 excellentius
422 1163 507 1192 quam
537 1155 678 1192 Origenes.
700 1156 754 1184 Nec
782 1159 824 1184 est
852 1156 888 1184 ibi
911 1156 1005 1193 aliqua

159 1202 355 1236 contradictio,
377 1202 444 1239 quia
464 1202 596 1231 diversus
619 1202 720 1231 modus
741 1202 929 1239 distinguendi
949 1202 1005 1239 spi-

158 1248 308 1277 ritualiter
339 1252 366 1277 et
395 1248 560 1277 litteraliter
582 1257 637 1277 non
669 1252 842 1286 repugnant3
875 1249 1002 1278 similiter

158 1295 287 1324 diversus
301 1295 403 1324 modus
425 1295 614 1332 distinguendi
629 1296 824 1324 materialiter
845 1299 873 1325 et
893 1295 1005 1333 forma-

157 1341 222 1371 liter
242 1350 296 1371 non
319 1346 476 1380 repugnant
487 1342 506 1370 ³.
521 1359 560 1363 -—
575 1343 606 1371 Et
627 1343 782 1372 secundum
806 1343 858 1372 hoc
884 1343 1005 1372 rationes

157 1392 185 1418 et
211 1389 391 1418 auctoritates
413 1389 578 1426 probantes,
609 1397 841 1426 unumquemque
869 1389 940 1418 bene
966 1389 1005 1418 di-

156 1436 299 1473 stinguere
326 1437 481 1465 secundum
504 1444 584 1465 suam
609 1436 765 1471 rationem,
793 1437 860 1465 satis
887 1440 1004 1474 possunt

155 1483 277 1512 concedi.

234 1530 434 1558 Verumtamen
456 1529 492 1558 ad
513 1529 584 1558 illud
605 1529 678 1567 quod
701 1529 847 1564 obiicitur,
869 1529 944 1566 quod
960 1530 1004 1558 de-

156 1576 240 1605 beant
260 1576 344 1605 scribi
365 1576 392 1604 in
409 1576 512 1606 tabulis
533 1577 737 1612 exterioribus,
752 1577 823 1606 sicut
838 1577 1003 1606 scribuntur

157 1623 185 1652 in
206 1623 309 1652 tabulis
331 1623 511 1652 interioribus
519 1634 527 1658 3
548 1623 712 1658 (licendum,
733 1624 808 1660 quod
830 1624 881 1652 etsi
903 1623 1004 1652 debeat

155 1678 216 1699 esse
237 1670 393 1698 similitudo
414 1670 502 1707 ipsius
523 1669 631 1707 figurae
651 1669 686 1698 ad
709 1671 868 1704 veritatem,
889 1673 916 1699 et
930 1670 1003 1706 signi

156 1716 274 1746 visibilis
288 1716 324 1745 ad
346 1716 519 1745 intellectum
535 1716 715 1751 invisibilem,
736 1724 791 1745 non
807 1720 900 1746 tamen
920 1717 1003 1746 (lebet

156 1771 220 1793 essev
235 1763 406 1792 omnimoda
427 1763 595 1796 similitudo;
619 1763 704 1792 immo
725 1763 764 1792 sic
785 1767 828 1792 est
848 1763 1003 1792 similitudo

156 1810 184 1839 in
205 1818 275 1845 uno,
295 1810 373 1847 quod
387 1810 422 1838 sit
443 1809 645 1839 dissimilitudo
664 1809 692 1838 in
714 1809 817 1844 altero,
841 1813 874 1838 ut'
885 1817 936 1847 per
951 1811 1003 1839 hoc

1856 197 1911 225 829

1066 273 1216 307 appareat,
1237 270 1313 307 quod
1334 270 1404 300 illud
1426 274 1468 300 est
1489 271 1606 306 umbra,
1628 275 1655 301 et
1683 273 1758 302 istud
1781 276 1823 303 est
1843 274 1912 303 veri-

1067 319 1108 345 tas
1120 316 1140 344 ⁴.
1169 316 1232 345 Ideo
1253 325 1308 345 non
1330 318 1467 355 oportuit,
1486 318 1561 355 quod
1582 318 1696 347 omnino
1721 320 1913 349 scriberentur
1926 327 2040 346 ronanam.

1066 363 1207 397 exterius,
1225 364 1382 392 secundum
1397 365 1472 401 quod
1494 364 1657 394 scribuntur
1672 366 1811 400 intertum
1826 367 1912 395 immo

1065 410 1132 446 quia
1153 409 1256 447 populo
1282 410 1385 439 carnali
1414 411 1599 440 tradebantur
1621 413 1776 442 secundum
1806 413 1913 442 littera-

1066 456 1120 485 lem
1142 464 1268 491 sensum,
1298 457 1360 486 ideo
1381 457 1593 495 distinguuntur
1624 467 1675 496 per
1696 460 1856 496 quinarium
1885 463 1912 489 et

1066 503 1236 540 quinarium.
1259 503 1330 539 Quia
1350 511 1417 532 vero
1443 505 1598 534 secundum
1627 505 1814 542 spiritualem
1836 506 1912 535 intel-

1066 550 1167 579 lectum
1198 550 1254 578 duo
1276 554 1425 587 praecepta
1449 552 1572 580 caritatis
1598 552 1827 588 insinuabantur,
1849 553 1911 583 ideo

1066 597 1261 626 scribebantur
1284 597 1311 625 in
1332 597 1436 634 duplici
1459 598 1566 632 tabula;
1587 599 1662 628 unde
1684 600 1806 636 quodam
1828 600 1912 629 modo

1065 647 1107 672 est
1137 643 1174 672 ibi
1207 643 1398 672 similitudinis
1428 645 1637 680 convenientia,
1669 646 1792 683 quodam
1826 647 1909 676 modo

1065 689 1260 727 discrepantia.

1143 737 1182 765 Ad
1204 736 1272 765 illud
1292 744 1359 765 vero
1381 737 1454 774 quod
1470 737 1600 767 obiicitur
1614 739 1649 768 ad
1671 739 1909 769 confirmationem
1935 747 1965 766 Ad
1978 746 1996 775 :³¹
2011 753 2051 771 arz-

1064 783 1131 811 dicti
1152 783 1280 819 Origenis
1300 783 1335 812 de
1356 785 1520 813 auctoritate
1541 785 1740 821 Quaestionum
1760 787 1862 816 veteris
1883 771 2051 816 et⁹‘⁰⁰¹¹g⁶”e'

1064 829 1128 857 novi
1145 830 1326 864 Testamenti,
1341 831 1504 867 responderi
1527 835 1628 868 potest,
1651 833 1725 869 quod
1741 833 1911 869 Augustinus

1063 875 1215 912 aliquando
1237 876 1362 913 loquitur
1384 877 1539 906 secundum
1568 878 1726 915 opinionem
1748 880 1910 916 propriam,

1063 922 1214 959 aliquando
1229 923 1385 952 secuudum
1406 924 1564 960 opinionem
1579 925 1711 954 alienam:
1727 929 1754 954 et
1765 926 1802 954 ibi
1818 926 1912 956 distin-

1063 969 1166 1006 guebat
1187 969 1318 998 mandata
1340 970 1495 999 secundum
1521 971 1679 1007 opinionem
1701 972 1835 1007 alienam,
1856 981 1911 1002 non

1063 1016 1219 1045 secundum
1240 1024 1330 1045 suam.
1345 1033 1384 1038 —
1398 1017 1543 1054 Aliquibus
1570 1021 1664 1047 autem
1685 1019 1814 1053 videtur,
1836 1021 1911 1058 quod
1924 1028 1966 1046 Alia
1979 1028 2034 1047 ratio.

1062 1062 1109 1091 ille
1130 1063 1201 1092 liber
1222 1071 1276 1092 uon
1298 1064 1333 1093 sit
1358 1065 1519 1101 Augustini,
1540 1073 1592 1102 pro
1613 1073 1646 1094 eo
1668 1066 1741 1102 quod
1765 1067 1848 1103 plura
1873 1067 1910 1096 ibi

1063 1110 1208 1146 dicuntur,
1229 1119 1302 1148 quae
1323 1111 1417 1141 verbis
1439 1112 1511 1140 beati
1532 1112 1676 1149 Augustini
1698 1121 1858 1150 repugnare
1873 1114 1910 1143 vi-

1063 1157 1177 1191 dentur,
1199 1158 1274 1195 quod
1297 1158 1398 1187 melius
1419 1161 1495 1195 patet
1516 1158 1663 1195 diligenter
1678 1159 1833 1196 inspicienti
1846 1159 1856 1172 ⁵
1881 1160 1909 1188 li-

1063 1203 1145 1232 brum
1169 1203 1256 1232 illum.

1141 1250 1179 1279 Ad
1202 1250 1270 1279 illud
1291 1251 1366 1288 quod
1389 1251 1489 1280 ultimo
1509 1251 1652 1287 obiicitur,
1674 1252 1750 1290 quod
1771 1253 1948 1286 deberent&
1965 1262 2050 1280 nmmum

1061 1296 1144 1325 scribi
1168 1297 1195 1325 in
1224 1297 1315 1326 tribus
1346 1298 1463 1332 tabulis;
1485 1298 1649 1333 dicendum,
1677 1299 1752 1336 quod
1785 1299 1857 1328 sicut
1878 1300 1906 1328 in
1959 1290 1997 1309 Ἦ

1062 1343 1193 1372 mandato
1214 1344 1249 1372 de
1264 1344 1411 1373 dilectione
1427 1344 1474 1373 Dei
1490 1348 1517 1373 et
1530 1345 1654 1382 proximi
1675 1346 1818 1375 clauditur
1832 1355 1908 1376 man-

1062 1389 1159 1418 datum
1191 1390 1226 1419 de
1254 1390 1400 1420 dilectione
1428 1391 1510 1426 sui⁶3
1539 1391 1578 1421 sic
1606 1392 1633 1420 in
1661 1393 1830 1430 praeceptis,
1857 1401 1909 1430 per

1061 1445 1133 1474 quae
1155 1437 1319 1474 intelligitur
1337 1438 1421 1466 homo
1441 1438 1564 1467 ordinari
1587 1439 1622 1468 ad
1638 1439 1728 1468 Deum
1748 1443 1775 1468 et
1789 1440 1823 1468 ad
1847 1448 1909 1477 pro-

1061 1484 1188 1519 ximum,
1219 1484 1361 1513 clauditur
1388 1485 1591 1514 ordinatio-sui
1619 1486 1655 1515 ad
1687 1494 1717 1515 se
1744 1486 1852 1523 ipsum3
1882 1491 1909 1516 et

1062 1531 1124 1560 ideo
1151 1539 1206 1559 non
1237 1531 1379 1568 oportuit,
1408 1531 1518 1560 tabulas
1550 1532 1698 1569 triplicari,
1719 1534 1800 1562 sicut·
1821 1533 1906 1562 etiam

1061 1585 1116 1606 non
1136 1577 1274 1614 oportuit,
1305 1577 1439 1614 triplicari
1470 1578 1601 1608 mandata
1632 1579 1765 1608 caritatis.
1785 1597 1826 1600 —
1849 1580 1907 1609 Alia
1919 1589 1962 1608 Ana
1975 1592 2028 1608 mim.

1060 1624 1143 1653 etiam
1165 1627 1207 1653 est
1228 1624 1312 1659 ratio,
1332 1625 1399 1662 quia
1422 1626 1552 1654 mandata
1573 1626 1786 1663 distinguuntur
1812 1635 1908 1656 secun-

1062 1671 1129 1699 dum
1152 1671 1279 1708 regulam
1302 1671 1456 1706 iustitiae⁷;
1478 1672 1583 1702 iustitia
1604 1676 1698 1702 autem
1727 1674 1761 1702 ad
1783 1674 1906 1703 alterum

1060 1718 1185 1746 ordinat:
1207 1721 1236 1746 et
1256 1718 1319 1746 ideo
1340 1726 1394 1747 non
1416 1719 1554 1756 oportuit,
1583 1720 1693 1749 tertiam
1722 1720 1849 1750 tabulam
1869 1721 1907 1749 in-

1061 1764 1218 1798 tervenire,
1247 1764 1404 1794 secundum
1432 1773 1524 1802 quam.
1546 1766 1737 1796 insinuaretur
1766 1767 1907 1796 ordinatio

1061 1811 1181 1840 hominis
1201 1811 1236 1840 ad
1252 1811 1395 1848 propriam
1418 1819 1565 1848 personam
1577 1813 1595 1841 ⁸.

735 1908 834 1938 DUBlA
854 1908 957 1937 GtRCA
971 1909 1137 1938 LITTERAM
1159 1910 1321 1939 MAGISTRI.
1361 1928 1363 1930 -

525 2006 592 2036 Duc.
615 2007 635 2035 l:

233 2101 267 2129 ln*
283 2104 362 2138 parte
384 2101 436 2129 ista
451 2104 516 2130 sunt
537 2100 714 2138 quaestiones
729 2101 802 2129 circa
822 2101 958 2133 litteram',
974 2104 1002 2130 et

158 2147 248 2185 primo
262 2148 409 2185 quaeritur
424 2148 458 2176 de
474 2148 517 2176 liis
531 2145 603 2184 quae
625 2147 758 2176 dicuntur
773 2148 799 2176 in
815 2148 1001 2185 explicatione

157 2194 239 2231 primi
261 2194 393 2223 mandati.
415 2194 486 2223 Dicit
514 2194 588 2223 euim
610 2194 759 2231 Origenes,
789 2195 865 2231 quod
890 2194 1001 2223 idolum

155 2244 197 2269 est
216 2240 294 2279 quod
312 2239 387 2269 m'lzz‘t
408 2240 490 2269 habet
519 2240 613 2269 simile
633 2241 690 2269 sui.
712 2241 765 2269 Hoc
793 2241 866 2270 enim
889 2241 1001 2270 videtur

155 2294 215 2316 esse
237 2287 351 2322 salsum,
373 2287 439 2324 quia
462 2287 566 2316 idolum
588 2290 630 2316 est
651 2288 817 2316 fabricatum
832 2287 867 2316 ab
881 2287 1001 2321 artifice,

153 2333 255 2362 artifex
277 2337 369 2362 autem
396 2341 450 2362 non
479 2334 595 2363 fabricat
616 2335 667 2363 nisi
697 2334 852 2363 secundum
875 2334 1002 2363 similitu-

989 2017 991 2024 ‘
1028 2012 1032 2184 1

1059 2007 1152 2037 dinem
1166 2016 1278 2046 ,quam
1301 2006 1394 2038 habet¹
1407 2010 1440 2038 in·
1456 2010 1561 2044 anima,
1577 2010 1624 2039 sed
1653 2021 1666 2036 «
1680 2011 1749 2039 nihil
1764 2014 1806 2040 est
1826 2011 1854 2040 in
1870 2011 1908 2040 in-

1059 2055 1187 2090 tellectu,
1208 2056 1285 2093 quod
1310 2057 1388 2093 prius
1417 2065 1471 2085 non
1493 2058 1578 2086 suerit
1606 2057 1632 2086 in
1656 2062 1740 2087 sensu
1752 2058 1810 2086 ⁹‘»:
1829 2058 1905 2087 'nihil

1058 2105 1151 2131 autem
1180 2105 1222 2131 est
1244 2102 1269 2131 in
1292 2110 1389 2136 sensu,
1411 2104 1492 2141 quod*
1510 2106 1568 2132 'uon
1588 2104 1676 2133 'fuerit
1697 2104 1731 2133 iu*
1752 2112 1783 2134 re
1804 2108 1904 2134 extra:

1058 2156 1124 2185 ergo
1146 2149 1273 2184 videtur,
1299 2150 1372 2187 quod
1395 2150 1503 2179 idolum
1532 2150 1641 2179 nullum
1659 2146 1717 2186 sit,
1733 2149 1821 2188 'quotl
1851 2155 1904 2180 no'n

1058 2195 1159 2225 habeat
1181 2196 1391 2225 similitudinem
1409 2197 1443 2225 in*
1456 2197 1753 2226 rebus-exterioribus.
1768 2197 1904 2228 —vltenr

1058 2241 1170 2270 videtur
1185 2242 1286 2270 salsum
1308 2241 1401 2271 dicere
1416 2243 1453 2270 in⁴
1464 2243 1521 2272 hoc¹
1538 2243 1612 2280 quod
1629 2244 1736 2279 subdit,
1758 2245 1832 2282 quod
1848 2245 1905 2274 ido-

1058 2287 1116 2316 lum
1138 2288 1206 2316 nihil
1229 2290 1285 2323 e'st,
1307 2289 1373 2326 quia
1392 2282 1470 2317 'itt'ltt'l
1483 2288 1568 2323 habet
1586 2282 1697 2319 simile}
1719 2289 1864 2328 quoniam,
1881 2293 1902 2321 si

1057 2333 1159 2371 aliquis
1179 2335 1280 2363 artifex
1304 2336 1369 2364 facit
1395 2329 1508 2372 aliquod
1528 2339 1648 2371 novum,
1671 2337 1756 2366 cuius¹
1780 2340 1833 2366 non
1862 2342 1901 2368 est

218 2467 223 2480 ¹
243 2468 335 2494 Quaest.
357 2467 374 2488 l.

215 2505 224 2519 ²¹
243 2506 334 2533 Quat-st.
352 2505 389 2526 71.
409 2511 430 2526 n.
449 2505 474 2532 2,
493 2504 532 2526 ubi
551 2508 623 2527 textus
640 2506 767 2533 originalis,
781 2506 855 2533 posito
867 2511 999 2534 conffl'uen-

154 2544 200 2567 tius
217 2550 260 2572 pro
277 2543 464 2571 convenientius,
484 2547 534 2571 posi
547 2543 670 2566 itt-sinuare
681 2546 714 2566 sit:
726 2546 887 2573 prosequitur:
906 2545 999 2572 diligen-

154 2584 198 2605 tius
216 2583 363 2605 intuentibus.
381 2583 406 2605 Et
423 2589 446 2605 re
464 2589 518 2604 vera
537 2583 600 2611 quod
612 2583 700 2605 <licium
712 2586 768 2605 cst...
781 2589 834 2605 cum
848 2583 1000 2611 probibentur

154 2622 248 2644 colenda
268 2622 383 2649 figmenta.

217 2660 227 2675 ³
243 2661 299 2683 noir.
317 2660 443 2683 Cornus-ior.
461 2661 503 2682 loc.
521 2661 573 2682 εἰμ’.
599 2660 664 2683 Forte
682 2661 734 2689 quia
753 2662 894 2689 Augustinus
911 2661 998 2688 voluit,

156 2701 196 2722 [ria
214 2700 328 2728 periinere
344 2700 373 2721 ud
392 2700 537 2722 dilectionem
551 2700 602 2727 Dei,
615 2703 637 2721 et
648 2704 735 2727 septem
749 2700 777 2722 nd
790 2700 934 2723 [liter-tionem
948 2707 1000 2728 pru-

154 2739 219 2765 xlnii‚
237 2745 279 2766 pru
296 2738 408 2767 ctimn'trite
426 2739 501 2765 {iulius
523 2744 592 2766 quani
612 2745 653 2765 pro
671 2738 790 2767 scriptur-11
815 2739 882 2766 dixit,
902 2745 927 2760 ra
949 2745 999 2760 css(-

154 2778 241 2805 primae
258 2780 279 2799 ci
297 2777 412 2800 secundae
431 2777 532 2804 {almi-¹11·⁷
551 2778 608 2799 sicut
620 2777 695 2799 dicere
716 2778 881 2799 consuevimus
896 2778 1000 2799 hominus

153 2817 240 2844 primm·
258 2817 335 2838 classis
353 2820 374 2838 vt
394 2816 515 2838 secundm».
535 2818 685 2845 Quicumque
699 2823 753 2838 veru
772 2817 841 2838 modu
858 2817 999 2843 distinguan-

154 2857 204 2882 tur,
222 2854 282 2876 idom
300 2859 334 2877 cst
352 2861 440 2877 sensus.

215 2892 224 2907 ⁴
241 2893 286 2915 etr.
304 2900 372 2920 supra
392 2894 422 2915 lit.
442 2894 551 2921 Magistri,
565 2893 586 2914 «Ι.
603 2893 706 2915 ΧΧΧΥΙ.
724 2900 743 2914 (τ,
762 2894 782 2914 Il.
795 2894 956 2922 —Altqunntu
970 2894 998 2915 in-

154 2932 223 2953 tvi-iu>-
235 2938 276 2959 ιιι-(ι
289 2931 475 2954 insinuabantur*
487 2932 554 2954 rnrlil.
566 2933 583 2952 (i
595 2932 610 2953 ΙΙ
622 2932 639 2953 lx
651 2931 666 2953 Ι,
676 2932 694 2953 Τ
707 2932 723 2952 V
735 2932 750 2953 Z
761 2938 786 2953 :ia
797 2931 828 2953 bb
838 2931 998 2954 insinuabunt.

215 2970 225 2985 ⁵
243 2971 299 2992 liud.
317 2971 454 3000 speculanti.

1119 2467 1128 2481 ὓ
1147 2468 1203 2489 Vide
1221 2474 1290 2496 supra
1318 2469 1347 2491 lit.
1374 2469 1486 2496 Magistri,
1513 2470 1534 2491 il.
1563 2470 1652 2492 xxvn.
1677 2476 1695 2492 c.
1721 2470 1740 2493 t,
1759 2478 1822 2500 seqq.
1841 2475 1861 2493 ot
1880 2472 1901 2494 d.

1058 2506 1156 2528 xxvm.
1175 2513 1193 2529 c.
1215 2507 1232 2529 1.
1251 2520 1280 2523 -
1299 2507 1368 2529 nauto
1386 2508 1479 2530 interius
1497 2514 1539 2536 pru
1556 2508 1606 2531 idco
1624 2515 1670 2531 non
1692 2510 1795 2538 opor-lui!
1815 2511 1866 2532 coil.
1885 2512 1900 2532 A

1056 2544 1106 2567 ideo
1118 2551 1165 2568 non
1178 2545 1295 2574 oportebit.

1118 2584 1128 2598 ⁷
1145 2585 1190 2607 (Ἰν,
1214 2588 1300 2613 (pinosi.
1319 2586 1425 2613 praeced.
1444 2598 1473 2603 -
1490 2586 1545 2609 Cori.
1573 2588 1589 2609 li
1618 2589 1764 2616 prosequitur
1788 2588 1900 2612 iustitiam

1056 2624 1135 2645 nutem
1147 2623 1210 2651 Alco,
1224 2630 1284 2653 qnae
1294 2624 1326 2646 ad
1336 2624 1440 2647 alterum
1451 2625 1492 2648 ele.

1119 2662 1128 2675 ⁸
1149 2662 1205 2683 Viti·-
1223 2663 1324 2684 srliolion
1343 2663 1371 2684 ad
1391 2663 1410 2685 l.
1429 2664 1496 2685 liuius
1513 2664 1599 2686 articuli
1617 2668 1704 2693 qiinnst.

1120 2700 1130 2715 ²²
1148 2701 1178 2722 1)ι·
1198 2703 1239 2723 lwt-
1256 2703 1368 2723 iixinnmtc
1386 2702 1426 2724 vir.
1450 2706 1503 2724 toni.
1523 2702 1544 2724 ll.
1571 2709 1623 2730 pag.
1650 2703 1701 2731 not,
1720 2707 1771 2726 notu
1791 2705 1811 2726 2.
1828 2717 1860 2721 —
1878 2705 1899 2727 ln

1057 2740 1166 2767 proposit.
1185 2741 1329 2767 prin-cedenti
1342 2741 1399 2763 ratio
1412 2741 1489 2763 natu-ri
1504 2742 1594 2763 videtur
1606 2742 1665 2764 illius
1677 2742 1814 2765 delinitionis
1826 2749 1901 2766 efflem-

1054 2777 1134 2806 JAaris
1152 2779 1199 2800 sirii
1218 2778 1293 2805 itlcnu,
1311 2785 1370 2806 <iiiuc
1388 2780 1485 2801 occurrit
1504 2780 1525 2801 ln
1544 2781 1642 2801 surim-ae
1661 2781 1729 2808 Epist.
1747 2781 1789 2809 655,
1808 2782 1846 2803 ubi
1867 2782 1901 2804 dl-

1057 2817 1122 2843 citur,
1141 2817 1269 2844 circundare
1287 2824 1338 2840 csse
1366 2818 1413 2839 aad
1434 2818 1496 2846 qnod
1514 2819 1639 2846 respiciens
1656 2820 1735 2842 mtil'ex
1748 2820 1771 2842 id
1789 2821 1850 2848 quml
1865 2821 1901 2843 (le-

1057 2855 1167 2881 stinnlmt,
1183 2856 1286 2877 cuerit».
1303 2856 1348 2878 (Ἰν.
1367 2860 1420 2878 inin.
1440 2857 1453 2878 1.
1478 2863 1530 2884 pag.
1548 2858 1605 2885 «500,
1633 2862 1683 2880 nuta
1705 2859 1725 2881 7.
1744 2871 1773 2874 —-
1792 2860 1840 2881 Mox
1859 2866 1901 2887 pru

1057 2892 1081 2915 in
1094 2900 1119 2915 rc
1136 2895 1204 2916 arlmr
1223 2894 1273 2916 cml.
1288 2896 1302 2916 A
1317 2894 1339 2917 [ιι
1353 2902 1378 2917 1ϊ
1390 2894 1513 2918 ι’.ι·ί.ε·((ἠ1ν4
1526 2900 1547 2917 et
1560 2896 1628 2923 purilu
1641 2897 1735 2919 interius
1752 2904 1793 2925 pru
1806 2897 1898 2922 ltulu’at.

1056 2932 1119 2960 (iuml
1136 2936 1169 2954 vsi
1188 2934 1208 2954 in
1227 2933 1293 2955 voitu.
1312 2935 1328 2955 A
1339 2936 1355 2955 ti
1367 2935 1383 2956 lx
1395 2935 1410 2956 Z
1429 2934 1460 2956 bb
1477 2939 1497 2956 cl
1515 2935 1567 2957 «eud.
1591 2936 1607 2962 Ι,
1626 2936 1652 2959 2.
1671 2937 1692 2958 in
1710 2937 1759 2958 ultis
1776 2936 1851 2960 lmlmt.
