2166 3366
17 2236 113 2260 Quaestio.

862 199 946 228 DlST.
969 200 1009 228 tx.
1032 200 1138 229 DUBlA.

127 277 214 306 alium
235 281 262 306 et
283 277 370 306 alium
390 277 542 314 respiciunt
557 277 664 306 cultum
680 281 707 305 et
723 277 854 311 modum;
869 281 896 306 et
911 277 973 306 ideo

128 333 181 353 non
203 327 245 353 est
266 324 355 353 simile
377 325 411 353 de
433 324 579 353 dilectione
607 327 634 352 et
662 324 839 357 adoratione,
861 332 910 352 nec
939 324 973 353 de

128 371 233 400 ratione
255 371 382 408 imaginis
405 371 468 399 hinc
489 375 516 399 et
538 371 611 399 inde.
633 371 664 399 Et
685 370 754 399 illud
787 371 888 399 melius
920 379 974 399 ma-

128 418 302 446 nifestabitur
324 418 433 451 infra1,
455 426 519 445 cum
541 421 640 454 agetur
662 417 696 446 de
717 417 841 446 caritate.

205 465 232 493 [1.
254 464 292 493 Ad
315 464 384 492 illud
406 464 481 501 quod
503 463 648 498 obiicitur,
670 464 745 501 quod
768 464 856 500 magis
878 467 905 492 et
926 464 974 492 1111-

127 518 180 539 nus
202 519 255 539 non
277 510 466 539 diversificant
498 510 639 547 speeiem3
661 510 827 544 dicendum,
849 511 923 547 quod
945 510 974 539 il-

128 558 176 586 lud
198 557 281 586 habet
303 557 478 591 instantiam,
499 560 527 586 et
548 565 601 585 non
623 557 707 585 habet
729 557 873 586 veritatem
890 566 974 595 quan-

127 608 186 633 tum
208 604 243 633 ad
265 604 386 641 speciem
409 604 439 632 in
458 612 562 641 yenere
582 603 675 632 moris
687 603 705 631 ἵ.
729 604 903 637 Praeterea,
919 613 971 632 non

127 651 210 680 habet
242 651 402 685 veritatem,
425 650 476 679 nisi
498 651 610 687 quando
632 659 686 679 non
709 654 750 679 est
771 651 826 679 alia
847 651 974 680 differen-

1818 203 1870 231 221

1031 278 1067 306 tia
1095 286 1179 315 quam
1202 286 1252 315 per
1280 279 1368 315 magis
1389 281 1416 306 et
1438 279 1550 313 minus,
1571 279 1610 307 sie
1631 283 1724 307 autem
1757 287 1810 307 non
1833 283 1875 308 est

1030 325 1056 353 in
1079 326 1237 362 proposito;
1259 325 1324 362 quia
1346 325 1437 354 latria
1459 329 1485 354 et
1507 326 1590 354 [iulia
1612 334 1664 354 non
1687 326 1820 354 disserunt
1835 334 1873 355 so-

1031 370 1088 399 lum
1112 376 1247 408 quantum
1270 372 1304 399 ad
1327 372 1514 400 intensionem
1537 376 1564 400 et
1585 372 1797 405 remissionem,
1825 373 1874 401 sed

1029 418 1111 446 etiam
1135 422 1271 455 quantun]
1293 419 1327 447 ad
1350 418 1435 447 alium
1459 423 1485 447 et
1506 419 1591 447 alium
1614 419 1726 447 colendi
1745 419 1873 448 modion.

1030 481 1067 485 —
1090 464 1127 492 De
1149 472 1220 501 quo,
1252 465 1381 501 inquam,
1414 465 1496 493 modo
1528 465 1609 502 plura
1643 469 1754 502 possent
1782 466 1874 495 adhuc

1030 511 1146 547 quaeri3
1170 511 1216 539 sed
1241 511 1292 539 ista
1314 511 1468 546 sufficiant,
1489 520 1524 540 ne
1546 512 1626 540 nimis
1648 512 1810 549 elongemus
1825 520 1875 541 nos

1029 557 1065 585 ab
1087 557 1236 586 intentione
1268 558 1408 594 Magistri;
1431 558 1456 585 in
1479 558 1609 587 omnibus
1630 559 1704 587 enim
1725 560 1875 595 praedictis

1030 605 1097 633 satis
1118 607 1208 641 potest
1229 604 1302 632 sumi
1335 604 1405 632 ratio
1427 605 1592 633 discutiendi
1615 613 1650 634 ex
1673 606 1716 633 liis
1737 614 1808 643 quae
1837 606 1875 634 di-

1029 654 1133 679 cuntur
1155 651 1181 678 in
1204 650 1303 679 littera.

866 754 1128 789 SGHOLION.

188 856 202 878 l.
220 856 340 879 Conclusio
358 855 387 878 ab
404 856 513 878 omnibus
529 859 618 884 recepta
631 857 733 878 innititur
745 855 837 878 duobus
855 856 972 883 principiis

127 901 168 923 per
184 901 208 918 se
226 895 362 923 manifestis,
386 895 470 917 scilicet
492 895 555 923 quod
579 895 652 917 honor
675 895 740 916 alicui
764 894 860 916 debetur
885 895 971 916 ratione

125 935 282 962 excellentiae,
300 941 359 963 quae
376 935 398 956 in
416 935 466 962 ipso
484 938 530 962 est,
548 938 569 956 et
581 934 644 963 quod
657 934 800 961 excellentia,
813 940 872 962 quae
890 934 911 955 in
924 933 970 955 Deo

124 977 172 1002 est,
190 979 235 995 non
252 976 286 995 cst
302 973 406 995 eiusdem
424 974 518 995 rationis
543 979 595 995 cum
622 973 752 995 excellentia
771 976 889 994 creaturae
906 972 971 994 ratio-

126 1013 189 1034 nalis.
206 1025 236 1028 —
255 1012 379 1034 Difficultas
397 1015 471 1034 sumta
490 1018 516 1033 ex
534 1012 611 1033 Glossa
630 1012 651 1033 in
665 1011 779 1033 Psalmum
792 1011 813 1032 7.
832 1011 890 1038 (arg.
910 1011 928 1032 1.
942 1010 970 1033 ad

126 1054 218 1079 oppos.)
235 1052 303 1074 etiam
320 1057 332 1073 a
351 1051 373 1073 S.
392 1051 480 1072 Tlioma
498 1051 593 1079 aliisque
605 1051 702 1073 solvitur
713 1050 795 1072 eodem
813 1050 895 1077 moda,
913 1051 972 1072 sicut

126 1097 138 1112 a
156 1091 178 1112 S.
196 1090 289 1118 Bonav„
307 1091 372 1112 cuius
397 1089 515 1112 solutionis
541 1089 716 1111 tundamentum
739 1092 785 1117 est,
803 1088 867 1117 quod
884 1089 906 1110 in
925 1088 971 1110 Deo

125 1130 154 1152 sit
164 1129 239 1158 aliqua
252 1130 394 1156 excellentia,
408 1135 466 1157 quae
479 1129 644 1151 communicari
662 1129 733 1156 possit
744 1131 875 1156 creaturae,
888 1128 972 1150 scilicet

125 1167 262 1192 excellentia
273 1167 377 1191 dominii.
395 1168 455 1190 Haec
467 1171 597 1195 competere
609 1170 684 1195 potest
696 1167 742 1189 Deo
753 1169 775 1189 et
792 1170 916 1194 creaturae,
930 1167 972 1189 sed

126 1209 154 1230 ita
163 1226 168 1236 ,
181 1211 205 1230 ut
216 1209 244 1230 sit
255 1207 361 1230 diversae
378 1207 471 1230 rationis
483 1207 504 1228 in
517 1209 631 1234 creatura,
644 1208 667 1228 et
679 1212 721 1234 per
739 1212 883 1234 consequens
903 1206 970 1228 ctiam

125 1247 233 1275 Importet
244 1247 311 1268 aliam
324 1245 415 1269 dulium
424 1264 431 1274 ,
451 1252 510 1274 quae
523 1251 566 1267 non
579 1245 622 1267 nisi
634 1245 760 1267 secundum
779 1245 907 1273 analogiam
920 1251 971 1267 con-

997 857 1001 1029 Ι

1028 856 1105 877 veniat
1117 861 1170 877 curn
1183 862 1220 882 ca,
1239 862 1298 884 quae
1316 856 1424 877 fundatur
1441 862 1511 883 supet·
1529 856 1656 878 dominium
1669 857 1816 879 essentialiter
1828 857 1875 880 Deo

1028 895 1156 922 proprium,
1173 898 1195 917 et
1212 901 1271 923 quae
1285 896 1377 922 proprie
1389 898 1422 917 est
1435 894 1513 917 latria.
1527 895 1593 923 Quod
1611 900 1686 917 autem
1700 896 1755 918 aliae
1768 896 1874 918 excellen-

1029 934 1071 955 tiae
1084 933 1122 955 Dei
1135 934 1266 955 essentiales
1277 934 1321 956 siut
1333 934 1571 961 incommunicabiles,
1590 940 1630 962 per
1642 940 1666 956 se
1679 938 1746 962 patct.
1759 946 1791 951 —
1800 935 1875 962 ipsam

1028 971 1120 994 dulium
1138 972 1215 999 plures
1240 973 1328 1000 specics
1353 972 1437 994 habere
1457 972 1584 999 distinctas,
1602 974 1734 1000 pracsertim
1760 972 1875 1003 liyperdn-

1029 1010 1099 1039 liam,
1121 1011 1188 1033 docet
1204 1012 1226 1034 S.
1245 1012 1327 1033 Thon).
1345 1018 1398 1034 cum
1417 1012 1475 1038 aliis,
1494 1012 1607 1034 nonnullis
1624 1012 1839 1034 contradicentibus.

1092 1050 1113 1072 11.
1133 1051 1192 1072 Alex.
1211 1050 1266 1078 tint,
1284 1051 1306 1072 S.
1325 1057 1347 1078 p.
1373 1051 1405 1072 Ill.
1431 1057 1455 1079 q.
1472 1051 1508 1072 30.
1527 1057 1557 1072 m.
1577 1051 1597 1072 1.
1615 1057 1635 1072 11.
1657 1051 1674 1073 1.
1698 1051 1711 1079 3
1729 1052 1749 1072 2.
1768 1063 1797 1066 —-
1815 1051 1874 1073 scot.

1028 1095 1077 1111 rem
1096 1090 1166 1117 tangit
1183 1090 1204 1111 in
1223 1093 1320 1118 utroque.
1338 1090 1438 1117 Scripto,
1457 1090 1492 1111 hic
1510 1096 1532 1118 q.
1550 1090 1624 1111 unica.
1642 1101 1674 1106 —-
1690 1090 1711 1111 S.
1730 1090 1820 1117 Thom„
1839 1090 1875 1112 hic

1029 1135 1051 1157 q.
1069 1129 1089 1150 2.
1107 1135 1126 1150 a.
1149 1129 1170 1155 1;
1190 1129 1211 1150 S.
1231 1128 1253 1150 ll.
1272 1129 1295 1150 ΙΙ.
1314 1134 1336 1157 q.
1363 1128 1411 1150 ¹03.
1434 1134 1454 1150 a.
1473 1128 1493 1150 3.
1512 1140 1542 1144 -
1560 1129 1583 1150 Β.
1601 1128 1696 1156 Athon-t„
1714 1129 1750 1150 hic.
1767 1135 1786 1150 a.
1805 1130 1826 1151 6,
1845 1141 1875 1144 -

1029 1167 1085 1189 Petr.
1104 1173 1115 1189 a
1134 1167 1195 1195 Tar„
1214 1167 1250 1189 hic
1267 1173 1288 1195 q.
1307 1167 1327 1189 Ξ.
1340 1173 1360 1189 a.
1374 1167 1393 1189 l.
1412 1167 1554 1196 quaestione.
1575 1167 1593 1189 ¹.
1612 1167 1760 1189 —Ricl1.·1rd.
1778 1174 1789 1189 a
1809 1167 1874 1193 Med..

1029 1207 1065 1228 hic
1082 1212 1101 1228 a.
1120 1206 1140 1228 3.
1159 1213 1181 1235 q.
1203 1206 1220 1228 1.
1237 1218 1269 1222 -
1291 1206 1365 1234 1Εὲ111.
1389 1206 1422 1234 R„
1448 1207 1484 1228 llic
1502 1213 1523 1235 q.
1542 1205 1563 1228 li.
1586 1212 1606 1228 a.
1626 1206 1645 1228 l.
1663 1216 1694 1222 -—
1711 1206 1820 1235 Durand.⁷
1839 1207 1875 1229 hic

1028 1251 1050 1274 q.
1069 1246 1089 1268 3.

705 1334 804 1363 DUBIA
825 1334 918 1363 cinca
941 1335 1107 1363 LITTERAM
1129 1335 1290 1363 MAGtSTttt.

491 1433 563 1462 Due.
586 1433 603 1461 l.

204 1528 232 1556 ln
254 1532 333 1565 parte
354 1528 403 1556 ista
428 1531 493 1556 sunt
514 1527 690 1564 quaestiones
706 1527 778 1555 circa
795 1527 928 1561 litteram,
944 1532 970 1554 et

126 1575 216 1613 primo
248 1575 394 1612 quaeritur
426 1574 460 1603 de
493 1574 545 1603 hoc
576 1574 651 1611 quod
674 1574 754 1607 dicit,
777 1574 851 1611 quod
874 1573 971 1602 cultus

125 1622 290 1651 divinitatis
311 1621 441 1650 consistit
463 1622 496 1650 in
519 1621 669 1649 dilectione
690 1625 715 1649 et
729 1620 875 1658 sacrificii
894 1619 971 1648 exhi-

127 1669 231 1698 bitione
252 1672 276 1697 et
291 1668 464 1696 reverentia.
480 1668 647 1704 Quaeritur,
662 1667 782 1704 qualiter
797 1667 971 1704 distinguun-

126 1719 172 1744 tur
193 1716 244 1745 ista
266 1715 326 1744 tria.
350 1715 381 1744 Et
402 1715 532 1749 videtur,
553 1715 626 1752 quod
651 1713 858 1752 insufficienter
881 1714 969 1747 dicat,

125 1763 191 1800 quia
222 1762 310 1799 magis
341 1762 452 1790 videtur
484 1762 636 1790 consistere
667 1761 694 1789 in
724 1761 906 1789 adoratione.
929 1761 969 1789 Ait

125 1809 196 1839 enim
211 1809 356 1838 Rabanus³
371 1809 425 1837 sic:
447 1808 537 1837 «Caro
552 1808 653 1836 Christi
669 1808 812 1836 adoranda
823 1812 864 1836 est
879 1807 968 1841 latria,

124 1857 196 1885 sicut
217 1856 356 1890 Verbum,
372 1856 420 1884 sed
436 1864 490 1884 non
504 1858 577 1883 omni
594 1855 685 1892 specie
702 1855 812 1887 latriae3
836 1855 967 1891 quoniam

126 1911 178 1932 non
200 1903 352 1931 adoramus
372 1910 432 1931 eam
457 1902 586 1939 prostrati
610 1902 636 1930 in
660 1905 735 1930 terra
755 1901 803 1935 sic,
827 1904 857 1929 ut
876 1901 970 1929 creda-

126 1958 203 1984 mus,
225 1950 299 1987 quod
323 1957 371 1978 nos
393 1950 497 1978 creavit
528 1957 564 1977 ex
597 1949 684 1977 nihilo
696 1954 721 1976 ›'›:
745 1956 818 1985 ergo
840 1948 968 1982 videtur,

124 1997 198 2034 quod
223 1997 314 2033 potius
336 1996 485 2033 prostratio
507 1996 533 2024 in
557 2000 630 2024 terra
652 1996 789 2033 pertineat
803 1995 837 2024 ad
860 1995 967 2024 cultum

126 2044 172 2073 Dei
205 2052 288 2081 quam
322 2043 471 2080 praedicta.
494 2059 532 2062 —-
553 2043 635 2077 item,
661 2042 772 2071 videtur
794 2042 968 2075 diminutio,

124 2091 190 2128 quia
211 2098 265 2119 non
288 2094 394 2119 tantuin
417 2090 517 2118 colitur
539 2090 613 2118 Deus
634 2089 792 2123 dilectione,
814 2089 862 2118 sed
884 2089 967 2118 etiam

125 2137 188 2166 fide.

203 2184 354 2221 Quaeritur
369 2179 466 2221 igitur,
482 2183 601 2221 qualiter
616 2183 828 2220 distinguuntur
849 2183 901 2212 ista
916 2183 968 2211 tria

127 2231 292 2269 praedicta?

204 2278 382 2306 RESPONDtiot
415 2277 584 2311 Dicendum,
606 2277 680 2314 quod
694 2300 700 2312 ,
722 2277 794 2306 sicut
825 2277 970 2314 praehabi-

126 2328 184 2353 tum
207 2328 247 2353 est
269 2324 387 2361 supra‘,
410 2324 484 2352 Deus
505 2324 606 2353 colitur
627 2324 704 2353 cultu
721 2324 857 2352 interiori
877 2328 904 2352 et
925 2333 969 2352 ex-

127 2371 247 2404 teriorz',·
268 2375 299 2399 ut
329 2374 422 2399 autem
456 2371 585 2407 Magister
615 2371 788 2408 exprimeret
816 2375 969 2408 utrumque

127 2418 249 2452 cultum,
265 2418 346 2451 dicit,
368 2418 442 2455 quod
459 2418 583 2447 consistit
598 2418 623 2446 in
644 2418 809 2451 dilectione,
832 2422 967 2455 quantuni

126 2465 230 2494 scilicet
251 2464 285 2493 ad
301 2465 406 2494 cultum
423 2465 609 2498 interiorem,
625 2465 661 2493 ita
676 2464 749 2501 quod
774 2464 799 2492 in
823 2465 969 2493 dilectione

1029 1433 1211 1470 intelligimus
1234 1437 1289 1462 tres
1321 1434 1489 1470 theologicas
1521 1434 1654 1468 virtutes,
1681 1434 1785 1463 scilicet
1806 1435 1873 1463 cari-

1028 1483 1111 1509 tatem
1134 1484 1160 1509 et
1181 1481 1249 1509 alias
1280 1481 1351 1509 duas
1383 1481 1588 1517 praeambulas,
1623 1481 1692 1517 Ergo
1706 1482 1715 1495 ⁵
1736 1485 1872 1518 quantum

1027 1528 1062 1555 ad
1085 1528 1191 1555 cultum
1214 1528 1385 1555 exteriorem
1402 1528 1483 1561 dicit,
1499 1528 1573 1565 quod
1590 1528 1692 1556 colitur
1713 1527 1873 1564 sacrificio,

1028 1573 1065 1602 ita
1080 1574 1154 1610 quod
1171 1574 1224 1602 sub
1239 1574 1374 1603 sacrificio
1389 1574 1608 1611 comprehendat
1622 1582 1733 1602 omnem
1747 1582 1873 1603 reveren⁴

1028 1620 1110 1654 tiam,
1133 1629 1204 1657 quae
1226 1622 1352 1649 exterius
1374 1621 1526 1649 exhibetur
1541 1621 1590 1649 soli
1614 1621 1678 1649 Deo.
1700 1637 1739 1640 -—
1755 1621 1805 1649 Per
1820 1622 1872 1650 hoe

1027 1671 1137 1703 autem,
1173 1668 1246 1705 quod
1284 1668 1379 1696 subdit
1414 1668 1623 1701 reuerentiam,
1660 1668 1873 1704 comprehendit

1026 1718 1196 1752 utrumque;
1228 1717 1255 1743 et
1286 1715 1324 1743 sic
1357 1718 1431 1751 patet
1463 1714 1619 1743 differentia
1646 1715 1746 1743 horum
1769 1715 1872 1749 trium,

1027 1762 1093 1799 quia
1114 1761 1227 1790 dileetio
1249 1762 1370 1790 refertur
1391 1762 1426 1790 ad
1448 1762 1554 1790 cultum
1583 1761 1759 1795 interiorem,
1781 1762 1873 1790 sacri-

1024 1809 1127 1845 ficinm
1148 1809 1183 1837 ad
1205 1810 1388 1843 exteriorem,
1410 1809 1572 1837 reverentia
1593 1809 1626 1837 ad
1651 1812 1811 1846 utrumque
1835 1826 1873 1830 ——

1027 1856 1075 1885 Vel
1097 1856 1191 1884 aliter:
1214 1856 1327 1884 dileetio
1343 1856 1463 1884 retertur
1478 1856 1512 1884 ad
1529 1856 1697 1893 principium
1721 1856 1871 1890 motivum,

1025 1903 1209 1940 sacrificinm
1233 1903 1354 1931 refertur
1376 1903 1411 1931 ad
1433 1906 1542 1934 actum.
1576 1903 1739 1931 reverentia
1767 1904 1800 1931 ad
1822 1903 1874 1931 sor-

1026 1959 1099 1979 mam
1129 1953 1156 1979 et
1178 1950 1301 1978 modum.

1104 1997 1141 2025 Ad
1164 1997 1233 2025 illud
1250 1997 1323 2034 quod
1341 1997 1470 2025 obiicitur
1486 1997 1520 2025 de
1535 1997 1696 2025 adoratione
1712 2001 1738 2025 et
1754 2000 1873 2034 prostra-

1026 2044 1115 2077 tione,
1138 2043 1304 2077 dicendum,
1326 2043 1399 2080 quod
1424 2043 1470 2071 illa
1491 2047 1581 2080 potest
1602 2044 1800 2080 comprehendi
1828 2052 1873 2072 no-

1027 2091 1100 2119 mine
1121 2090 1288 2131 .‹›·e.crisicii‚·v
1305 2093 1394 2126 potest
1425 2091 1506 2118 etiam
1530 2090 1599 2124 dici,
1622 2090 1694 2127 quod
1721 2090 1795 2118 illam
1818 2099 1871 2119 non

1026 2137 1164 2171 nominat,
1186 2137 1252 2174 quia.
1273 2146 1326 2165 nou
1349 2141 1390 2166 est
1412 2137 1505 2166 cultus
1527 2137 1578 2165 soli
1600 2137 1657 2165 Deo
1679 2137 1798 2166 debitus.
1813 2137 1870 2165 Non

1026 2188 1133 2213 tantum
1156 2184 1229 2212 euim
1262 2184 1467 2221 prosternimur
1499 2192 1591 2212 coram
1625 2184 1696 2218 Deo,
1718 2184 1765 2212 sed
1788 2184 1870 2212 etiam

1026 2239 1119 2259 coram
1143 2231 1263 2259 homine.
1297 2230 1372 2259 Unde
1404 2239 1457 2258 non
1480 2235 1522 2259 est
1547 2230 1774 2267 intelligendum,
1796 2231 1871 2267 quod

1028 2278 1156 2306 Rabanus
1178 2277 1245 2306 velit
1270 2277 1378 2311 dicere,
1411 2277 1485 2314 quod
1517 2285 1570 2305 non
1603 2277 1738 2305 debemus
1760 2285 1809 2305 nos
1830 2285 1872 2306 co-

1027 2333 1085 2352 ram
1108 2325 1280 2353 humanitate
1303 2328 1493 2361 prosternere,
1516 2324 1564 2352 sed
1580 2324 1653 2360 quod
1670 2324 1872 2360 prosternendo

1026 2379 1076 2399 nos
1098 2379 1191 2399 eoram
1215 2371 1387 2399 humanitate
1398 2371 1416 2405 ⁶,
1433 2379 1486 2398 non
1506 2370 1642 2398 debemus
1658 2370 1800 2406 profiteri,
1823 2378 1872 2399 nos

1027 2426 1087 2446 esse
1109 2421 1216 2446 creatos
1239 2418 1343 2445 ratione
1365 2417 1558 2450 humanitatis,
1580 2417 1629 2445 sed
1652 2417 1811 2445 divinitatis.
1834 2434 1872 2438 -—-

1885 1630 1914 1648 Ad
1922 1633 2016 1653 quaestio-

1909 1659 1959 1672 nem.

1885 1869 1953 1887 Aliter.

1027 2464 1082 2492 Dici
1099 2465 1181 2492 etiam
1195 2467 1301 2501 posset,
1314 2464 1388 2500 quod
1400 2463 1537 2492 adoratio
1553 2464 1801 2500 comprehenditur
1816 2465 1869 2493 sub
1882 2477 1950 2495 Aliter.

190 2598 197 2612 ¹
216 2598 269 2620 Dist.
288 2597 324 2620 27.
342 2604 361 2619 11.
383 2599 400 2619 Ι.
418 2604 440 2626 q.
458 2598 480 2619 ⁶2.

188 2636 197 2651 ²
215 2636 259 2659 Cir.
277 2637 300 2658 11.
317 2637 377 2658 Sent.
395 2636 418 2658 d.
436 2636 472 2658 30.
491 2643 510 2658 a.
530 2637 550 2658 2.
569 2643 590 2665 q.
613 2637 630 2659 l.
648 2637 677 2659 ad
695 2637 716 2658 2.
729 2637 822 2658 3.-ln
841 2637 885 2659 tine
902 2637 968 2659 solut.

127 2683 169 2705 pro
186 2682 217 2698 ea:
233 2675 269 2698 his
287 2676 336 2698 Vnt.
354 2681 388 2698 eu.

189 2714 199 2729 ³
215 2715 261 2736 lloc
274 2714 440 2741 testimonium,
459 2713 520 2742 quod
533 2714 600 2736 ctiam
613 2713 642 2736 ab
655 2714 703 2735 aliis
720 2714 864 2736 Scholasticis
875 2713 969 2736 ltabano

126 2753 274 2780 adscribitur,
292 2753 452 2775 sententialiter
470 2752 566 2774 liabetur
587 2753 608 2774 in
630 2751 684 2774 cius'
698 2752 724 2774 V.
741 2753 842 2774 Enurrat.
861 2753 881 2774 in
900 2753 969 2780 Epist.

127 2792 156 2814 ad
175 2792 238 2813 Rom.
252 2792 276 2819 9,
295 2791 319 2819 5,
337 2791 376 2813 ubi
389 2791 421 2813 sic
439 2791 532 2819 tvgiiur:
550 2791 595 2813 scd
607 2790 663 2819 quid
681 2791 777 2818 mirum,
795 2791 813 2812 si
826 2791 847 2812 in
865 2791 970 2813 hocloco

127 2830 241 2853 Christum
259 2831 332 2852 Deum
354 2837 425 2858 super
442 2831 517 2852 omnia
540 2833 617 2857 aperta
636 2836 693 2852 voce
711 2830 853 2858 loqueretur,
877 2830 906 2852 de
923 2836 969 2858 quo

127 2870 168 2891 alia
187 2870 208 2891 in
221 2870 318 2897 Epistola
332 2871 392 2891 liunc
409 2875 501 2891 sensum
520 2869 555 2891 tali
573 2875 679 2891 sermone
692 2869 790 2891 111-11111111
803 2869 892 2891 dicens:
907 2868 970 2891 Utin

126 2907 221 2931 nomine
233 2909 283 2931 lesu
301 2914 371 2931 omne
381 2914 441 2937 qenu
460 2908 570 2936 flectatur
585 2907 732 2935 caelestium,
747 2907 895 2930 terrestrium
907 2909 928 2930 et
939 2907 971 2930 in-

126 2947 251 2976 fernorum
264 2948 327 2973 (Phil.
341 2948 365 2975 2,
383 2948 433 2976 lO.).
447 2948 506 2969 llaec
518 2950 570 2969 sunt
582 2948 657 2969 onmia
667 2965 672 2975 ‚
684 2953 755 2974 super
767 2953 825 2975 quae
838 2947 898 2969 Deus
910 2947 971 2969 Cliri-

127 2989 176 3008 stus
193 2989 233 3008 cst.
251 2986 329 3015 Neque
346 2987 420 3013 enim,
438 2987 538 3014 cxccptis
557 2986 603 3013 liis,
622 2988 674 3008 sunt
691 2986 780 3014 aliqua,
798 2988 821 3007 ut
839 2992 882 3008 non
900 2992 971 3013 supcr

1026 2598 1102 2620 omnia
1121 2598 1181 2619 Dcus
1198 2597 1301 2619 Christus
1318 2597 1358 2624 sit,
1377 2602 1418 2618 nce
1435 2599 1509 2624 potest
1526 2603 1586 2624 genu
1600 2597 1659 2619 uncti
1677 2598 1738 2619 11111111
1756 2600 1873 2620 creaturae

1027 2637 1061 2665 [in
1080 2636 1207 2659 Commeat.
1226 2637 1247 2658 iu
1261 2636 1329 2663 Epist.
1347 2635 1375 2657 ad
1389 2636 1455 2657 lloni.
1473 2636 1526 2657 otim
1540 2635 1661 2658 Ambrosio
1674 2636 1770 2664 tributo,
1788 2643 1814 2658 ex
1827 2643 1873 2665 quo

1027 2676 1134 2698 [tabanus
1157 2676 1217 2697 huuc
1235 2676 1276 2697 loc.
1299 2674 1420 2700 ‹lt-libavit,
1438 2675 1536 2702 legitur:
1555 2681 1596 2697 nec
1613 2678 1688 2703 potest
1704 2682 1765 2703 genu
1783 2676 1873 2698 sscctcrc

1026 2715 1101 2736 omnis
1118 2712 1237 2743 creatura]
1250 2714 1290 2735 nisi
1304 2713 1351 2735 Dru
1368 2716 1410 2735 ctc.
1421 2725 1453 2729 —
1466 2713 1533 2735 Paulo
1546 2713 1639 2735 insci-ius
1653 2720 1695 2741 pro
1706 2713 1836 2742 prostratio
1849 2714 1873 2736 in

1026 2753 1091 2775 term
1108 2752 1161 2775 edd.
1179 2759 1231 2774 cuin
1251 2752 1355 2780 pluribus
1372 2752 1439 2774 codd.
1455 2751 1585 2781 prostratio
1603 2751 1627 2775 in
1644 2753 1742 2775 terram.

1090 2791 1098 2805 ⁴
1116 2791 1156 2813 llic
1173 2798 1192 2813 11.
1211 2792 1232 2813 2.
1250 2798 1272 2820 q.
1291 2791 1311 2813 3.

1090 2829 1100 2844 ⁵
1116 2829 1187 2852 Codd.
1206 2830 1221 2851 Α
1232 2831 1249 2851 ti
1261 2829 1292 2851 bb
1309 2830 1416 2851 omittunt
1432 2829 1503 2858 Eryo.
1523 2829 1591 2851 Paulo
1608 2830 1715 2857 superius
1733 2836 1775 2858 pro
1791 2829 1873 2852 intelli-

1027 2868 1105 2897 yivntts
1122 2868 1189 2890 codd.
1209 2868 1224 2890 U
1235 2868 1266 2890 bb
1284 2867 1460 2897 intelliymnns,-
1478 2868 1546 2896 paulo
1558 2868 1652 2891 interius
1670 2875 1712 2896 pro
1724 2868 1873 2898 comprehen-

1028 2906 1068 2929 dat
1085 2907 1151 2929 codd.
1170 2908 1186 2929 Α
1196 2908 1214 2929 G
1224 2907 1240 2929 N
1252 2907 1269 2929 T
1280 2907 1300 2929 X
1311 2907 1326 2928 Z
1343 2906 1525 2936 comprehendit.

1090 2946 1099 2961 ⁶
1116 2946 1171 2969 (lod.
1190 2948 1206 2968 u
1225 2947 1302 2969 subdit
1319 2946 1412 2969 Christi.
