2166 3366
218 175 274 203 884
893 172 1144 201 SENTENTIARUM
1166 173 1225 201 LIB.
1249 173 1288 201 lll.

529 303 969 352 COMMENTARIUS
1004 304 1066 351 IN
1098 304 1537 354 DISTINGTIONEM
1571 306 1658 354 XL.

331 420 375 453 De
399 419 589 453 distinctione
620 419 751 452 duorum
777 425 1026 464 praeceptorum,
1053 420 1083 453 in
1110 420 1222 465 quibus
1248 420 1424 465 prohibetur
1449 421 1564 466 duplex
1588 422 1850 467 concupiscentia7

621 478 651 511 in
678 479 903 523 comparatione
929 478 968 512 ad
993 478 1083 523 Legis
1109 484 1137 512 et
1162 479 1318 524 Evangelii
1350 479 1559 513 differentiam.

858 585 978 614 Seoelztm
997 589 1188 622 praeceptum
1208 589 1249 614 esc
1269 589 1319 615 etc.

949 684 1072 713 DIVISIO
1094 685 1232 714 TEXTUS.

86 2604 117 2623 Ad
130 2605 203 2627 opposi-

76 2629 120 2648 tum,
128 2632 150 2646 ex
159 2633 207 2646 com·

76 2651 173 2674 paratione
180 2657 209 2670 ra—

76 2675 144 2693 dicum.

293 784 384 820 Supra
399 783 596 812 determinavit
611 784 739 820 Magister
751 784 785 812 de
801 783 975 812 distinctione
990 792 1065 812 man-

216 831 346 859 datorum
359 830 487 867 Decalogi
503 834 639 867 quantum
656 830 690 859 ad
706 834 854 868 praecepta
866 831 972 867 primae
988 830 1065 859 tabu-

215 877 257 906 lae
278 880 305 905 et
327 880 464 914 quantum
486 877 521 906 ad
535 880 685 914 praecepta
707 877 861 912 secundae,
883 885 955 914 quae
980 880 1065 906 atten-

216 924 322 953 duntur
344 924 418 953 circa
438 932 524 962 opera
546 925 688 953 exteriora
701 924 719 959 ¹,
741 927 768 953 et
783 925 817 953 de
839 924 1064 962 obliquitatibus,

216 979 288 1008 quae
309 971 412 1000 liabent
433 979 497 1000 cum
513 971 553 1000 eis
574 971 775 1008 oppositionem
793 974 819 1000 et
840 971 1063 1008 repugnantiam.

215 1018 243 1046 ln
265 1018 317 1047 hac
339 1026 406 1047 vero
427 1018 508 1046 tertia
530 1021 608 1055 parte
637 1018 805 1046 determinat
826 1018 860 1047 de
889 1018 1064 1046 distinctione

216 1065 337 1093 duorum
361 1069 587 1102 praeceptorum,
610 1066 636 1093 in
659 1065 762 1102 quibus
785 1065 914 1102 prohibet
928 1065 1064 1093 Dominus

216 1112 355 1149 duplicem
372 1112 640 1149 concupiscentiam,
663 1113 690 1140 in
706 1113 913 1149 comparatione
928 1112 961 1140 ad
985 1112 1063 1148 Legis

214 1165 241 1190 et
263 1161 402 1198 Evangelii
425 1161 618 1189 differentiam.
642 1160 781 1189 Dividitur
807 1164 900 1189 autern
924 1160 976 1189 ista
997 1168 1063 1197 pars

1121 784 1148 812 in
1164 786 1221 812 tres
1242 783 1402 821 particulas.
1419 784 1447 812 ln
1469 784 1561 821 prima
1575 784 1652 821 ponit
1669 785 1878 821 praedictorum
1893 792 1969 814 man-

1121 831 1252 859 datorum
1282 831 1495 860 distinctionem.
1524 831 1553 859 ln
1581 831 1704 860 secunda
1731 839 1816 866 vero,
1842 832 1908 869 quia
1940 832 1969 860 in

1121 878 1271 915 praedictis
1288 878 1424 907 mandatis
1446 879 1502 907 Lex
1518 882 1598 908 vetus
1613 878 1725 908 videtur
1740 879 1888 908 convenire
1903 887 1968 908 cum

1121 933 1205 959 nova,
1227 925 1342 962 inquirit
1363 925 1442 962 Legis
1470 929 1497 954 et
1520 925 1658 962 Evangelii
1682 925 1882 960 differentiam,
1911 925 1967 954 ihi:

1121 972 1177 1000 Sed
1204 980 1271 1000 cunt
1303 971 1349 1000 liic
1376 971 1570 1009 prohibeatur
1595 971 1829 1009 concupiscentia
1856 972 1970 1001 alienae

1120 1019 1226 1047 uxoris
1247 1023 1297 1048 etc.
1320 1019 1347 1047 In
1375 1019 1456 1048 tertia
1477 1027 1544 1047 vero
1566 1019 1689 1048 breviter
1715 1019 1812 1048 decern
1838 1019 1969 1048 mandata

1120 1066 1374 1103 praedeterminata
1395 1066 1530 1103 epilogat,
1552 1066 1604 1094 ibi:
1628 1065 1763 1094 Audistis
1785 1066 1880 1094 decem
1891 1065 1970 1103 psal-

1121 1113 1188 1141 terii
1211 1112 1339 1141 chordas
1360 1117 1410 1142 etc.
1438 1113 1559 1141 Partium
1575 1116 1669 1141 autem
1695 1113 1850 1141 subdivisio
1869 1115 1896 1142 et
1910 1120 1969 1142 seu-

1120 1160 1206 1189 tentia
1227 1160 1293 1189 satis
1315 1160 1459 1189 manifesta
1480 1163 1522 1189 est
1542 1160 1569 1188 in
1592 1160 1692 1189 littera.

866 1259 1052 1288 TRACTATIO
1074 1259 1318 1296 QUAESTlONUM.

293 1360 331 1389 Ad
354 1359 565 1396 intelligentiam
587 1363 680 1388 autem
705 1360 790 1388 liuius
804 1360 892 1396 partis
907 1359 1003 1388 incidit
1019 1359 1064 1388 liic

214 1408 340 1445 quaestio
362 1408 396 1436 de
419 1407 576 1436 differentia
597 1415 685 1435 novae
707 1407 786 1444 Legis
807 1410 834 1435 et
856 1406 967 1439 veteris,
990 1407 1064 1435 circa

214 1463 298 1492 quain
322 1455 375 1483 tria
396 1457 574 1492 quaeruntur
596 1454 751 1483 secundum
776 1454 913 1491 triplicem
936 1453 1064 1482 differen-

214 1502 290 1536 tiam,
312 1509 384 1538 quae
406 1501 551 1530 consuevit
571 1501 716 1537 assignari.

293 1548 384 1576 Primo
406 1548 553 1585 quaeritur
584 1547 619 1576 de
650 1547 822 1581 differentia,
848 1555 920 1584 quae
941 1547 1063 1584 assigna-

1123 1362 1168 1387 tur
1190 1366 1274 1396 penes
1296 1358 1428 1387 radicem.

1200 1405 1327 1434 Secundo
1349 1405 1384 1434 de
1406 1405 1578 1439 differentia,
1599 1413 1673 1442 quae
1703 1405 1863 1442 assignatur
1884 1413 1970 1442 penes

1120 1453 1259 1481 effectum.

1128 1538 1129 1541 Ἴ
1199 1500 1291 1528 Tertio
1313 1507 1379 1528 vero
1401 1499 1436 1528 de
1458 1499 1628 1534 differentia,
1644 1507 1716 1536 quae
1740 1499 1900 1536 assignatur
1926 1507 1970 1537 pe-

1120 1555 1169 1576 nes
1190 1547 1357 1576 exercitium
1379 1546 1438 1576 sive
1459 1555 1531 1575 onus
1552 1554 1704 1575 annexum.

880 1646 1115 1680 ARTICULUS
1140 1645 1301 1679 UNICUS.

777 1742 817 1770 De
838 1740 1004 1779 diffie-entia
1024 1750 1117 1769 novae
1137 1741 1222 1778 Leqis
1243 1744 1268 1769 ct
1288 1741 1401 1769 veteris.

991 1840 1154 1877 Quasssno
1176 1840 1193 1868 1.

703 1928 743 1956 Dc
764 1926 929 1965 differentia
950 1926 1106 1964 utriusque
1128 1926 1212 1964 Lcgyt‘s
1230 1935 1317 1963 penes
1338 1926 1479 1954 radicem.

294 2028 371 2056 Circa
394 2028 515 2064 primum
539 2028 577 2055 sic
610 2027 771 2064 proceditur
802 2030 829 2055 et
860 2026 1006 2063 quaeritur
1027 2026 1062 2054 de

215 2074 381 2108 differentia,
403 2082 474 2111 quae
496 2074 655 2110 assignatur
678 2081 762 2110 penes
784 2073 915 2102 radicem.
939 2073 1062 2109 Assigna-

215 2124 261 2150 tur
276 2124 369 2150 autem
393 2121 461 2149 llaec
482 2120 745 2157 disserentia‘penes
766 2120 888 2148 radicem
906 2120 1061 2148 secundum

214 2168 416 2205 Augustinum,
438 2168 512 2204 quod
529 2168 583 2196 Lex
601 2171 681 2195 vetus
703 2167 882 2195 radicabatur
904 2166 931 2194 in
953 2166 1062 2201 timore,

214 2218 241 2244 et
262 2216 317 2244 Lex
333 2223 405 2243 nova
420 2215 446 2243 in
464 2222 567 2243 amore.
584 2214 660 2243 Unde
676 2214 846 2251 Augustinus
861 2213 871 2228 2
893 2213 972 2247 dicit,
987 2212 1062 2250 quod

220 2263 339 2291 «brevis
360 2265 401 2291 est
423 2262 581 2291 differentia
603 2262 681 2298 Legis
707 2264 733 2290 et
757 2261 908 2298 Evangelii:
932 2261 1015 2288 tInior
1036 2262 1063 2288 et

216 2318 333 2338 antor».
357 2310 387 2338 Et
409 2317 471 2338 cum
504 2317 539 2337 ex
574 2308 669 2336 multis
702 2308 768 2337 locis
795 2307 955 2345 Scripturae
977 2307 1063 2343 possit

217 2357 270 2386 ista
291 2357 446 2385 differentia
469 2356 555 2390 trabi,
580 2356 704 2384 maxime
725 2356 863 2392 accipitur
884 2363 919 2383 ex
943 2354 1063 2391 Epistola

216 2404 250 2432 ad
274 2399 560 2436 Romanos'octavo³,
582 2402 630 2430 ubi
652 2402 719 2431 dicit
746 2401 904 2438 Apostolus:
928 2400 992 2429 Non
1013 2409 1062 2429 cte-

216 2450 331 2487 cepistts
351 2450 492 2487 spiritum
513 2449 663 2477 servitutis
689 2449 796 2477 iterum
819 2448 850 2476 in
873 2448 992 2481 timore,
1014 2447 1064 2475 sed

215 2497 355 2534 spiritum
376 2497 550 2533 adoptionis.

295 2544 346 2572 Sed
370 2548 466 2572 eontra
488 2544 539 2572 hoc
561 2543 691 2571 obiicitur
714 2542 916 2579 multipliciter:

298 2592 320 2618 1.
338 2591 428 2618 Primo
443 2594 540 2619 contra
555 2590 758 2619 distinctionem
775 2589 899 2626 ipsarum
915 2588 1062 2616 radicum.

223 2637 343 2665 «Omnis
364 2637 436 2665 enim
468 2637 562 2671 timor,
595 2636 666 2665 sicut
696 2636 762 2664 dicit
791 2635 995 2672 Augustinus⁴‚
1027 2642 1062 2663 ex

1119 2033 1214 2054 amore
1236 2025 1361 2062 procedit
1376 2036 1402 2053 n:
1425 2033 1492 2062 ergo
1517 2025 1538 2054 si
1563 2033 1643 2053 amor
1667 2028 1709 2054 est
1733 2025 1816 2053 radix
1842 2024 1968 2059 timoris,

1119 2080 1207 2101 unum
1237 2073 1271 2101 ad
1303 2072 1424 2101 alterum
1456 2072 1540 2101 habet
1562 2072 1676 2101 reduci:
1699 2080 1766 2108 ergo
1788 2080 1842 2100 non
1865 2071 1969 2100 hahent

1119 2119 1153 2147 ad
1177 2119 1293 2147 invicem
1317 2119 1459 2156 distingui.

1199 2167 1225 2194 Ξ).
1248 2166 1327 2200 Item,
1349 2174 1412 2194 cum
1436 2166 1490 2194 sint
1511 2166 1582 2194 aliae
1604 2165 1763 2194 affectiones
1785 2165 1909 2199 animae,
1931 2165 1968 2193 vi-

1121 2214 1220 2242 delicet
1241 2213 1375 2250 gaudium
1404 2216 1431 2242 et
1453 2213 1532 2241 dolor
1554 2216 1580 2241 et
1602 2213 1703 2249 spes⁵;
1724 2212 1845 2246 videtur,
1867 2211 1967 2249 quodsi

1121 2268 1206 2296 penes
1226 2260 1277 2287 has
1299 2259 1457 2288 affectiones
1473 2259 1578 2296 duplex
1599 2260 1655 2287 Lex
1679 2258 1876 2295 distinguitur,
1891 2258 1965 2296 quod

1120 2307 1181 2344 pari
1203 2306 1310 2335 ratione
1331 2314 1416 2343 penes
1437 2306 1506 2334 alias
1535 2305 1669 2343 distingui
1691 2305 1820 2334 deberet:
1843 2313 1910 2343 ergo
1931 2305 1969 2334 vi-

1121 2354 1220 2387 detur,
1242 2353 1315 2389 quod
1338 2353 1359 2381 si
1382 2360 1468 2389 penes
1483 2352 1552 2381 alias
1573 2360 1627 2380 non
1644 2352 1835 2389 distmguitur,
1858 2359 1908 2380 nec
1923 2359 1968 2389 pe-

1121 2409 1170 2429 nes
1192 2401 1267 2429 istas.

1200 2447 1225 2476 3.
1248 2448 1330 2482 Item,
1354 2447 1375 2476 si
1398 2447 1467 2476 istae
1489 2447 1565 2475 diocte
1586 2447 1674 2484 Leges
1695 2446 1909 2483 distinguuntur
1925 2453 1968 2482 pe·
1978 2466 2005 2484 Ex
2014 2470 2110 2489 mmmm-

1122 2502 1170 2522 nes
1192 2494 1258 2522 istas
1280 2494 1350 2522 duas
1372 2493 1492 2527 radices,
1515 2501 1578 2521 cuni
1601 2493 1647 2521 lex
1668 2497 1786 2521 naturae
1802 2493 1837 2521 sit
1857 2493 1892 2521 ab
1907 2492 1966 2521 istis
1976 2489 2107 2512 ¹³⁰¹³e¹⁴ess¹¹ffi

1122 2541 1232 2570 duabus
1261 2541 1402 2573 distincta,
1438 2540 1566 2574 videtur,
1599 2540 1673 2577 quod
1696 2540 1851 2569 necessaria
1873 2539 1967 2568 esset⁰

1122 2588 1203 2616 tertia
1225 2587 1306 2616 radix
1328 2590 1439 2624 praeter
1462 2587 1527 2615 istas
1555 2587 1633 2615 duas.
1663 2587 1715 2615 Aut
1737 2586 1757 2615 si
1781 2586 1827 2615 lex
1850 2590 1967 2614 naturae

1123 2643 1177 2662 non
1200 2634 1284 2662 babet
1314 2634 1454 2662 diversam
1488 2634 1609 2662 radicem
1642 2633 1835 2662 observantiae
1860 2642 1876 2661 a
1897 2634 1967 2669 Lege

281 2771 286 2784 ¹
305 2770 377 2793 Codd.
396 2772 412 2793 ll
424 2772 453 2793 W
463 2771 481 2793 Y
491 2778 516 2793 un
535 2770 673 2793 subnectunt
690 2772 711 2793 et
727 2770 848 2793 interiora.

280 2810 290 2823 Ξ
306 2810 388 2832 Contra
406 2811 519 2833 Adimnut.
538 2817 556 2832 c.
580 2810 612 2832 17.
631 2816 651 2831 n.
671 2811 697 2832 ⁶2:
715 2810 770 2831 Nam
790 2811 846 2832 hacc
867 2812 901 2831 est
925 2809 1062 2831 brevissima

218 2851 239 2870 ot
267 2850 408 2876 aperussinin
438 2850 562 2872 differentia
586 2849 686 2871 duorum
713 2849 924 2875 Testnnientoruni,
950 2849 1018 2870 timor
1042 2850 1063 2870 ct

219 2893 294 2915 anmi-3
313 2888 367 2910 illud
385 2889 413 2910 ud
431 2892 546 2916 vetui-oni,
564 2890 608 2911 hoc
625 2888 654 2910 ad
672 2894 759 2910 novun]
777 2888 894 2909 hominen]
907 2888 1005 2915 pertinet
1022 2890 1063 2909 etc.

219 2925 262 2948 Csr.
282 2931 335 2948 loni.
354 2928 376 2949 ll.
395 2934 447 2955 pag.
465 2928 517 2956 680,
536 2931 588 2950 nota
607 2929 626 2950 2.
645 2940 675 2944 ——
699 2928 805 2950 Permulti
832 2928 898 2950 codd.
921 2930 972 2955 post
990 2926 1065 2950 trecis

219 2966 324 2987 omittunt
341 2967 380 2988 est.

1182 2768 1192 2783 3
1209 2768 1273 2790 Vers.
1296 2768 1329 2789 15.

1183 2806 1192 2821 ⁴¹
1210 2807 1269 2829 Libr.
1288 2807 1347 2828 XIV.
1366 2807 1395 2829 de
1421 2806 1468 2830 CIv.
1495 2807 1542 2835 Dei,
1568 2813 1587 2829 c.
1613 2807 1634 2829 7.
1653 2813 1674 2828 n.
1693 2807 1713 2828 2.
1732 2805 1807 2828 Verba
1826 2805 1879 2827 vide
1896 2811 1966 2833 supra

1122 2853 1175 2875 pag.
1194 2846 1316 2874 338‚110ta
1335 2847 1355 2868 3.
1382 2859 1411 2861 —
1429 2847 1450 2868 ln
1468 2846 1513 2868 line
1538 2852 1586 2874 arg.
1613 2852 1655 2874 pro
1680 2844 1712 2868 ud
1736 2844 1834 2868 invicem
1859 2844 1911 2866 edd.
1937 2842 1967 2866 ab

1121 2892 1225 2908 mmcem.

1184 2925 1193 2939 ⁵
1211 2924 1254 2947 Ctr.
1272 2931 1343 2952 supra
1365 2932 1417 2953 pag.
1436 2925 1493 2953 5235,
1512 2927 1564 2947 nota
1582 2924 1607 2953 7,
1626 2926 1648 2946 et
1665 2930 1718 2951 pag.
1737 2923 1794 2952 556,
1813 2926 1865 2945 nota
1882 2923 1903 2945 5.

1186 2964 1195 2979 ⁶
1212 2964 1266 2987 Cod.
1288 2964 1303 2986 U
1321 2964 1356 2986 sil.
