<?xml version="1.0" encoding="UTF-8"?>
<!DOCTYPE html PUBLIC "-//W3C//DTD XHTML 1.0 Transitional//EN"
    "http://www.w3.org/TR/xhtml1/DTD/xhtml1-transitional.dtd">
<html xmlns="http://www.w3.org/1999/xhtml" xml:lang="en" lang="en">
 <head>
  <title>
</title>
<meta http-equiv="Content-Type" content="text/html;charset=utf-8" />
  <meta name='ocr-system' content='tesseract 3.04.00' />
  <meta name='ocr-capabilities' content='ocr_page ocr_carea ocr_par ocr_line ocrx_word'/>
</head>
<body>
  <div class='ocr_page' id='page_1' title='image "./doctorisseraphic03bona_0021.png"; bbox 0 0 2166 3366; ppageno 0'>
   <div class='ocr_carea' id='block_1_1' title="bbox 700 163 1834 196">
    <p class='ocr_par' dir='ltr' id='par_1_1' title="bbox 700 163 1834 196">
     <span class='ocr_line' id='line_1_1' title="bbox 700 163 1834 196; baseline 0.004 -5"><span class='ocrx_word' id='word_1_1' title='bbox 700 163 732 191; x_wconf 83' lang='lat' dir='ltr'><em>IN</em></span> <span class='ocrx_word' id='word_1_2' title='bbox 753 163 792 191; x_wconf 90' lang='lat' dir='ltr'><em>III.</em></span> <span class='ocrx_word' id='word_1_3' title='bbox 815 164 935 192; x_wconf 82' lang='lat' dir='ltr'>LIBRUM</span> <span class='ocrx_word' id='word_1_4' title='bbox 957 164 1216 193; x_wconf 62' lang='lat' dir='ltr'><em>SENTENTIARUM.</em></span> <span class='ocrx_word' id='word_1_5' title='bbox 1802 168 1834 196; x_wconf 81' lang='lat' dir='ltr'><em>IX</em></span> 
     </span>
    </p>
   </div>
   <div class='ocr_carea' id='block_1_2' title="bbox 85 240 936 2967">
    <p class='ocr_par' dir='ltr' id='par_1_2' title="bbox 93 240 935 364">
     <span class='ocr_line' id='line_1_2' title="bbox 94 240 931 271; baseline -0.001 -7"><span class='ocrx_word' id='word_1_6' title='bbox 94 241 125 264; x_wconf 87' lang='lat' dir='ltr'><em>Et</em></span> <span class='ocrx_word' id='word_1_7' title='bbox 140 247 184 270; x_wconf 90' lang='lat' dir='ltr'><em>pro</em></span> <span class='ocrx_word' id='word_1_8' title='bbox 202 242 267 264; x_wconf 87' lang='lat' dir='ltr'><em>tanto</em></span> <span class='ocrx_word' id='word_1_9' title='bbox 284 241 397 265; x_wconf 82' lang='lat' dir='ltr'><em>dicuntur</em></span> <span class='ocrx_word' id='word_1_10' title='bbox 413 247 473 265; x_wconf 73' lang='lat' dir='ltr'><em>nove</em></span> <span class='ocrx_word' id='word_1_11' title='bbox 491 241 547 271; x_wconf 68' lang='lat' dir='ltr'><em>lepis</em></span> <span class='ocrx_word' id='word_1_12' title='bbox 563 240 649 264; x_wconf 80' lang='lat' dir='ltr'><em>babere</em></span> <span class='ocrx_word' id='word_1_13' title='bbox 665 241 775 264; x_wconf 83' lang='lat' dir='ltr'><em>virtutem</em></span> <span class='ocrx_word' id='word_1_14' title='bbox 793 242 814 264; x_wconf 84' lang='lat' dir='ltr'><em>et</em></span> <span class='ocrx_word' id='word_1_15' title='bbox 825 241 931 270; x_wconf 79' lang='lat' dir='ltr'><em>differre,</em></span> 
     </span>
     <span class='ocr_line' id='line_1_3' title="bbox 95 287 935 317; baseline 0 -7"><span class='ocrx_word' id='word_1_16' title='bbox 95 289 117 310; x_wconf 79' lang='lat' dir='ltr'><em>at</em></span> <span class='ocrx_word' id='word_1_17' title='bbox 132 287 176 311; x_wconf 81' lang='lat' dir='ltr'><em>hoc</em></span> <span class='ocrx_word' id='word_1_18' title='bbox 192 294 206 310; x_wconf 91' lang='grc' dir='ltr'><em>α</em></span> <span class='ocrx_word' id='word_1_19' title='bbox 223 288 380 311; x_wconf 77' lang='lat' dir='ltr'><em>sacramentis</em></span> <span class='ocrx_word' id='word_1_20' title='bbox 396 288 480 311; x_wconf 75' lang='lat' dir='ltr'><em>ceteris</em></span> <span class='ocrx_word' id='word_1_21' title='bbox 497 287 553 317; x_wconf 76' lang='lat' dir='ltr'><em>Iryis</em></span> <span class='ocrx_word' id='word_1_22' title='bbox 569 287 678 317; x_wconf 72' lang='lat' dir='ltr'><em>precipue</em></span> <span class='ocrx_word' id='word_1_23' title='bbox 689 289 805 317; x_wconf 81' lang='lat' dir='ltr'><em>quantum</em></span> <span class='ocrx_word' id='word_1_24' title='bbox 817 287 849 310; x_wconf 87' lang='lat' dir='ltr'><em>ad</em></span> <span class='ocrx_word' id='word_1_25' title='bbox 859 287 935 316; x_wconf 79' lang='lat' dir='ltr'><em>ipsam</em></span> 
     </span>
     <span class='ocr_line' id='line_1_4' title="bbox 93 333 758 364; baseline -0.002 -7"><span class='ocrx_word' id='word_1_26' title='bbox 93 333 210 364; x_wconf 79' lang='lat' dir='ltr'><em>efficacem</em></span> <span class='ocrx_word' id='word_1_27' title='bbox 227 333 413 362; x_wconf 74' lang='lat' dir='ltr'><em>ordinationem,</em></span> <span class='ocrx_word' id='word_1_28' title='bbox 432 334 488 363; x_wconf 82' lang='lat' dir='ltr'><em>quia</em></span> <span class='ocrx_word' id='word_1_29' title='bbox 505 339 552 356; x_wconf 86' lang='lat' dir='ltr'><em>non</em></span> <span class='ocrx_word' id='word_1_30' title='bbox 570 333 758 357; x_wconf 74' lang='lat' dir='ltr'><em>interveniebat...</em></span> 
     </span>
    </p>

    <p class='ocr_par' dir='ltr' id='par_1_3' title="bbox 93 380 936 546">
     <span class='ocr_line' id='line_1_5' title="bbox 157 380 934 408; baseline 0.001 -6"><span class='ocrx_word' id='word_1_31' title='bbox 157 380 194 402; x_wconf 64' lang='lat'><em>46.</em></span> <span class='ocrx_word' id='word_1_32' title='bbox 211 380 333 403; x_wconf 80' lang='lat' dir='ltr'><em>Monacltii</em></span> <span class='ocrx_word' id='word_1_33' title='bbox 348 381 369 402; x_wconf 95' lang='lat' dir='ltr'><em>in</em></span> <span class='ocrx_word' id='word_1_34' title='bbox 388 381 494 407; x_wconf 86' lang='lat' dir='ltr'><em>Bavaria,</em></span> <span class='ocrx_word' id='word_1_35' title='bbox 512 380 649 403; x_wconf 79' lang='lat' dir='ltr'><em>bibliotheca</em></span> <span class='ocrx_word' id='word_1_36' title='bbox 666 381 741 408; x_wconf 73' lang='lat' dir='ltr'><em>regia,</em></span> <span class='ocrx_word' id='word_1_37' title='bbox 753 380 777 402; x_wconf 89' lang='lat' dir='ltr'><em>C.</em></span> <span class='ocrx_word' id='word_1_38' title='bbox 789 381 813 402; x_wconf 89' lang='lat' dir='ltr'><em>L.</em></span> <span class='ocrx_word' id='word_1_39' title='bbox 826 381 854 403; x_wconf 77' lang='lat' dir='ltr'><em>III.</em></span> <span class='ocrx_word' id='word_1_40' title='bbox 866 381 934 403; x_wconf 69' lang='lat'><em>5174.</em></span> 
     </span>
     <span class='ocr_line' id='line_1_6' title="bbox 94 426 935 455; baseline 0.001 -7"><span class='ocrx_word' id='word_1_41' title='bbox 94 427 192 449; x_wconf 83' lang='lat' dir='ltr'><em>chartac.</em></span> <span class='ocrx_word' id='word_1_42' title='bbox 210 427 231 448; x_wconf 91' lang='lat' dir='ltr'><em>in</em></span> <span class='ocrx_word' id='word_1_43' title='bbox 250 427 288 449; x_wconf 82' lang='grc'>101.</span> <span class='ocrx_word' id='word_1_44' title='bbox 304 433 363 449; x_wconf 81' lang='lat' dir='ltr'><em>saec.</em></span> <span class='ocrx_word' id='word_1_45' title='bbox 381 427 431 448; x_wconf 88' lang='lat' dir='ltr'><em>XV.</em></span> <span class='ocrx_word' id='word_1_46' title='bbox 450 426 526 455; x_wconf 84' lang='lat' dir='ltr'><strong>Usque</strong></span> <span class='ocrx_word' id='word_1_47' title='bbox 543 426 571 449; x_wconf 89' lang='lat' dir='ltr'><em>ad</em></span> <span class='ocrx_word' id='word_1_48' title='bbox 589 427 626 448; x_wconf 87' lang='grc'>101.</span> <span class='ocrx_word' id='word_1_49' title='bbox 645 428 680 449; x_wconf 72' lang='grc'><em>12.</em></span> <span class='ocrx_word' id='word_1_50' title='bbox 698 427 856 454; x_wconf 75' lang='lat' dir='ltr'><em>complectitur</em></span> <span class='ocrx_word' id='word_1_51' title='bbox 873 427 935 449; x_wconf 89' lang='lat' dir='ltr'><em>tabu-</em></span> 
     </span>
     <span class='ocr_line' id='line_1_7' title="bbox 93 473 936 502; baseline 0 -7"><span class='ocrx_word' id='word_1_52' title='bbox 93 473 138 495; x_wconf 86' lang='lat' dir='ltr'><em>lam</em></span> <span class='ocrx_word' id='word_1_53' title='bbox 156 474 316 502; x_wconf 78' lang='lat' dir='ltr'><em>quaestionum</em></span> <span class='ocrx_word' id='word_1_54' title='bbox 333 477 355 496; x_wconf 84' lang='lat' dir='ltr'><em>et.</em></span> <span class='ocrx_word' id='word_1_55' title='bbox 370 473 538 496; x_wconf 74' lang='lat' dir='ltr'><em>dubitationum</em></span> <span class='ocrx_word' id='word_1_56' title='bbox 556 474 614 496; x_wconf 81' lang='lat' dir='ltr'><em>circa</em></span> <span class='ocrx_word' id='word_1_57' title='bbox 632 474 735 496; x_wconf 85' lang='lat' dir='ltr'><em>litteram.</em></span> <span class='ocrx_word' id='word_1_58' title='bbox 753 473 936 496; x_wconf 80' lang='lat' dir='ltr'><em>Commentarius</em></span> 
     </span>
     <span class='ocr_line' id='line_1_8' title="bbox 93 519 762 546; baseline 0 -5"><span class='ocrx_word' id='word_1_59' title='bbox 93 520 171 546; x_wconf 78' lang='lat' dir='ltr'><em>incipit</em></span> <span class='ocrx_word' id='word_1_60' title='bbox 188 520 225 542; x_wconf 88' lang='lat' dir='ltr'><em>sol.</em></span> <span class='ocrx_word' id='word_1_61' title='bbox 247 520 271 542; x_wconf 86' lang='grc'><em>13</em></span> <span class='ocrx_word' id='word_1_62' title='bbox 289 526 306 542; x_wconf 92' lang='lat' dir='ltr'><em>r.</em></span> <span class='ocrx_word' id='word_1_63' title='bbox 324 523 346 542; x_wconf 90' lang='lat' dir='ltr'><em>et</em></span> <span class='ocrx_word' id='word_1_64' title='bbox 363 519 434 541; x_wconf 79' lang='lat' dir='ltr'><em>desin.</em></span> <span class='ocrx_word' id='word_1_65' title='bbox 451 519 489 541; x_wconf 88' lang='lat' dir='ltr'><em>sol.</em></span> <span class='ocrx_word' id='word_1_66' title='bbox 507 519 551 541; x_wconf 74' lang='lat'><em>320</em></span> <span class='ocrx_word' id='word_1_67' title='bbox 569 525 591 541; x_wconf 86' lang='lat' dir='ltr'><em>v.</em></span> <span class='ocrx_word' id='word_1_68' title='bbox 610 523 634 542; x_wconf 91' lang='lat' dir='ltr'><em>ut</em></span> <span class='ocrx_word' id='word_1_69' title='bbox 650 520 671 541; x_wconf 96' lang='lat' dir='ltr'><em>in</em></span> <span class='ocrx_word' id='word_1_70' title='bbox 690 519 762 542; x_wconf 82' lang='lat' dir='ltr'><em>editis.</em></span> 
     </span>
    </p>

    <p class='ocr_par' dir='ltr' id='par_1_4' title="bbox 89 565 933 876">
     <span class='ocr_line' id='line_1_9' title="bbox 157 565 933 593; baseline -0.004 -4"><span class='ocrx_word' id='word_1_71' title='bbox 157 566 192 588; x_wconf 80' lang='grc'><em>47.</em></span> <span class='ocrx_word' id='word_1_72' title='bbox 210 565 309 593; x_wconf 85' lang='lat' dir='ltr'><em>Ibidem,</em></span> <span class='ocrx_word' id='word_1_73' title='bbox 328 565 352 588; x_wconf 91' lang='lat' dir='ltr'><em>C.</em></span> <span class='ocrx_word' id='word_1_74' title='bbox 369 566 393 587; x_wconf 93' lang='lat' dir='ltr'><em>L.</em></span> <span class='ocrx_word' id='word_1_75' title='bbox 412 566 437 587; x_wconf 85' lang='grc' dir='ltr'><em>Μ.</em></span> <span class='ocrx_word' id='word_1_76' title='bbox 456 565 524 588; x_wconf 81' lang='grc'>5951.</span> <span class='ocrx_word' id='word_1_77' title='bbox 542 566 640 587; x_wconf 72' lang='lat' dir='ltr'><em>chartae.</em></span> <span class='ocrx_word' id='word_1_78' title='bbox 658 566 679 587; x_wconf 91' lang='lat' dir='ltr'><em>in</em></span> <span class='ocrx_word' id='word_1_79' title='bbox 697 566 734 587; x_wconf 81' lang='lat' dir='ltr'><em>tol.</em></span> <span class='ocrx_word' id='word_1_80' title='bbox 754 566 822 593; x_wconf 86' lang='lat' dir='ltr'><em>Incip.</em></span> <span class='ocrx_word' id='word_1_81' title='bbox 841 566 877 588; x_wconf 83' lang='lat' dir='ltr'><em>Iol.</em></span> <span class='ocrx_word' id='word_1_82' title='bbox 891 566 904 587; x_wconf 79' lang='lat'>2</span> <span class='ocrx_word' id='word_1_83' title='bbox 916 572 933 587; x_wconf 88' lang='lat' dir='ltr'><em>r.</em></span> 
     </span>
     <span class='ocr_line' id='line_1_10' title="bbox 92 611 933 641; baseline -0.002 -5"><span class='ocrx_word' id='word_1_84' title='bbox 92 619 145 636; x_wconf 82' lang='lat' dir='ltr'><em>eum</em></span> <span class='ocrx_word' id='word_1_85' title='bbox 163 613 241 636; x_wconf 85' lang='lat' dir='ltr'><em>tituto:</em></span> <span class='ocrx_word' id='word_1_86' title='bbox 258 613 426 635; x_wconf 81' lang='lat' dir='ltr'><em>Bonaventura</em></span> <span class='ocrx_word' id='word_1_87' title='bbox 443 617 515 641; x_wconf 75' lang='lat' dir='ltr'><em>saper</em></span> <span class='ocrx_word' id='word_1_88' title='bbox 531 612 626 635; x_wconf 79' lang='lat' dir='ltr'><em>tertium</em></span> <span class='ocrx_word' id='word_1_89' title='bbox 647 611 834 640; x_wconf 78' lang='lat' dir='ltr'><em>sententiarttm‚·</em></span> <span class='ocrx_word' id='word_1_90' title='bbox 850 612 892 634; x_wconf 87' lang='lat' dir='ltr'><em>eol.</em></span> <span class='ocrx_word' id='word_1_91' title='bbox 909 612 913 633; x_wconf 90' lang='lat' dir='ltr'><em>I</em></span> <span class='ocrx_word' id='word_1_92' title='bbox 928 617 933 634; x_wconf 80' lang='lat'>2</span> 
     </span>
     <span class='ocr_line' id='line_1_11' title="bbox 92 658 933 688; baseline -0.002 -6"><span class='ocrx_word' id='word_1_93' title='bbox 92 660 155 683; x_wconf 80' lang='lat' dir='ltr'><em>Deus</em></span> <span class='ocrx_word' id='word_1_94' title='bbox 171 660 263 687; x_wconf 87' lang='lat' dir='ltr'><em>autem,</em></span> <span class='ocrx_word' id='word_1_95' title='bbox 282 659 324 688; x_wconf 74' lang='lat' dir='ltr'><em>qui</em></span> <span class='ocrx_word' id='word_1_96' title='bbox 339 658 402 682; x_wconf 71' lang='lat' dir='ltr'><em>dives</em></span> <span class='ocrx_word' id='word_1_97' title='bbox 414 659 448 681; x_wconf 76' lang='lat' dir='ltr'><em>est</em></span> <span class='ocrx_word' id='word_1_98' title='bbox 459 663 500 681; x_wconf 90' lang='lat' dir='ltr'><em>etc.</em></span> <span class='ocrx_word' id='word_1_99' title='bbox 513 659 588 681; x_wconf 87' lang='lat' dir='ltr'><em>Desin.</em></span> <span class='ocrx_word' id='word_1_100' title='bbox 601 659 638 681; x_wconf 87' lang='grc'>101.</span> <span class='ocrx_word' id='word_1_101' title='bbox 652 658 695 681; x_wconf 74' lang='grc'><em>457</em></span> <span class='ocrx_word' id='word_1_102' title='bbox 708 665 730 680; x_wconf 82' lang='lat' dir='ltr'><em>v.</em></span> <span class='ocrx_word' id='word_1_103' title='bbox 743 659 785 681; x_wconf 88' lang='grc'>001.</span> <span class='ocrx_word' id='word_1_104' title='bbox 798 660 818 680; x_wconf 74' lang='grc'><em>2.</em></span> <span class='ocrx_word' id='word_1_105' title='bbox 831 658 933 680; x_wconf 82' lang='lat' dir='ltr'><em>Deinde:</em></span> 
     </span>
     <span class='ocr_line' id='line_1_12' title="bbox 91 704 933 736; baseline -0.004 -6"><span class='ocrx_word' id='word_1_106' title='bbox 91 706 195 736; x_wconf 75' lang='lat' dir='ltr'><em>Eoepticit</em></span> <span class='ocrx_word' id='word_1_107' title='bbox 214 706 329 736; x_wconf 75' lang='lat' dir='ltr'><em>scriptam</em></span> <span class='ocrx_word' id='word_1_108' title='bbox 353 705 450 729; x_wconf 78' lang='lat' dir='ltr'><em>Domini</em></span> <span class='ocrx_word' id='word_1_109' title='bbox 465 707 630 729; x_wconf 76' lang='lat' dir='ltr'><em>Bonaventure</em></span> <span class='ocrx_word' id='word_1_110' title='bbox 646 712 718 735; x_wconf 79' lang='lat' dir='ltr'><em>saper</em></span> <span class='ocrx_word' id='word_1_111' title='bbox 735 705 829 728; x_wconf 80' lang='lat' dir='ltr'><em>tertium</em></span> <span class='ocrx_word' id='word_1_112' title='bbox 847 704 933 728; x_wconf 82' lang='lat' dir='ltr'><em>librum</em></span> 
     </span>
     <span class='ocr_line' id='line_1_13' title="bbox 91 751 932 782; baseline -0.004 -6"><span class='ocrx_word' id='word_1_113' title='bbox 91 753 268 776; x_wconf 81' lang='lat' dir='ltr'><em>sententiarum.</em></span> <span class='ocrx_word' id='word_1_114' title='bbox 277 754 346 776; x_wconf 82' lang='lat' dir='ltr'><em>Anno</em></span> <span class='ocrx_word' id='word_1_115' title='bbox 358 753 455 776; x_wconf 78' lang='lat' dir='ltr'><em>Domini</em></span> <span class='ocrx_word' id='word_1_116' title='bbox 465 753 589 776; x_wconf 81' lang='lat' dir='ltr'><em>mittesimo</em></span> <span class='ocrx_word' id='word_1_117' title='bbox 601 751 831 782; x_wconf 74' lang='lat' dir='ltr'><em>quadrinyentesimo</em></span> <span class='ocrx_word' id='word_1_118' title='bbox 842 753 932 780; x_wconf 81' lang='lat' dir='ltr'><em>septua-</em></span> 
     </span>
     <span class='ocr_line' id='line_1_14' title="bbox 89 797 933 830; baseline -0.004 -7"><span class='ocrx_word' id='word_1_119' title='bbox 89 799 179 830; x_wconf 78' lang='lat' dir='ltr'><em>9esimo</em></span> <span class='ocrx_word' id='word_1_120' title='bbox 195 800 305 829; x_wconf 78' lang='lat' dir='ltr'><em>septimo,</em></span> <span class='ocrx_word' id='word_1_121' title='bbox 325 799 369 823; x_wconf 80' lang='lat' dir='ltr'><em>sub</em></span> <span class='ocrx_word' id='word_1_122' title='bbox 386 799 513 823; x_wconf 73' lang='lat' dir='ltr'><em>reverendo</em></span> <span class='ocrx_word' id='word_1_123' title='bbox 529 800 554 822; x_wconf 89' lang='lat' dir='ltr'><em>in</em></span> <span class='ocrx_word' id='word_1_124' title='bbox 572 799 664 822; x_wconf 81' lang='lat' dir='ltr'><em>Christo</em></span> <span class='ocrx_word' id='word_1_125' title='bbox 680 800 747 828; x_wconf 80' lang='lat' dir='ltr'><em>patre</em></span> <span class='ocrx_word' id='word_1_126' title='bbox 759 799 780 821; x_wconf 87' lang='lat' dir='ltr'><em>et</em></span> <span class='ocrx_word' id='word_1_127' title='bbox 791 797 884 821; x_wconf 85' lang='lat' dir='ltr'><em>domino</em></span> <span class='ocrx_word' id='word_1_128' title='bbox 897 799 933 820; x_wconf 91' lang='lat' dir='ltr'><em>Iu-</em></span> 
     </span>
     <span class='ocr_line' id='line_1_15' title="bbox 90 846 648 876; baseline -0.004 -6"><span class='ocrx_word' id='word_1_129' title='bbox 90 846 147 870; x_wconf 86' lang='lat' dir='ltr'><em>doco</em></span> <span class='ocrx_word' id='word_1_130' title='bbox 163 846 252 870; x_wconf 82' lang='lat' dir='ltr'><em>abbate.</em></span> <span class='ocrx_word' id='word_1_131' title='bbox 271 848 380 876; x_wconf 76' lang='lat' dir='ltr'><em>Sequitur</em></span> <span class='ocrx_word' id='word_1_132' title='bbox 396 847 463 870; x_wconf 76' lang='lat' dir='ltr'><em>index</em></span> <span class='ocrx_word' id='word_1_133' title='bbox 481 848 648 876; x_wconf 81' lang='lat' dir='ltr'><em>quaestionum.</em></span> 
     </span>
    </p>

    <p class='ocr_par' dir='ltr' id='par_1_5' title="bbox 92 892 932 1015">
     <span class='ocr_line' id='line_1_16' title="bbox 154 892 932 922; baseline -0.003 -7"><span class='ocrx_word' id='word_1_134' title='bbox 154 893 191 916; x_wconf 77' lang='lat'><em>48.</em></span> <span class='ocrx_word' id='word_1_135' title='bbox 208 893 308 922; x_wconf 83' lang='lat' dir='ltr'><em>Ibidem,</em></span> <span class='ocrx_word' id='word_1_136' title='bbox 328 894 352 917; x_wconf 94' lang='lat' dir='ltr'><em>C.</em></span> <span class='ocrx_word' id='word_1_137' title='bbox 369 894 393 916; x_wconf 81' lang='lat' dir='ltr'><em>t..</em></span> <span class='ocrx_word' id='word_1_138' title='bbox 411 894 438 916; x_wconf 78' lang='lat' dir='ltr'><em>III.</em></span> <span class='ocrx_word' id='word_1_139' title='bbox 456 893 530 921; x_wconf 78' lang='lat'><em>8079,</em></span> <span class='ocrx_word' id='word_1_140' title='bbox 547 899 618 922; x_wconf 89' lang='lat' dir='ltr'><em>quem</em></span> <span class='ocrx_word' id='word_1_141' title='bbox 634 894 680 915; x_wconf 90' lang='lat' dir='ltr'><em>iam</em></span> <span class='ocrx_word' id='word_1_142' title='bbox 697 892 862 920; x_wconf 80' lang='lat' dir='ltr'><em>descripsimus</em></span> <span class='ocrx_word' id='word_1_143' title='bbox 877 894 932 914; x_wconf 91' lang='lat' dir='ltr'><em>tom.</em></span> 
     </span>
     <span class='ocr_line' id='line_1_17' title="bbox 92 939 931 969; baseline -0.002 -7"><span class='ocrx_word' id='word_1_144' title='bbox 92 941 106 963; x_wconf 93' lang='lat' dir='ltr'><em>l.</em></span> <span class='ocrx_word' id='word_1_145' title='bbox 123 947 178 969; x_wconf 83' lang='lat' dir='ltr'><em>pag.</em></span> <span class='ocrx_word' id='word_1_146' title='bbox 195 941 287 963; x_wconf 82' lang='lat' dir='ltr'><em>LXXV.</em></span> <span class='ocrx_word' id='word_1_147' title='bbox 305 941 348 964; x_wconf 91' lang='lat' dir='ltr'><em>col.</em></span> <span class='ocrx_word' id='word_1_148' title='bbox 367 941 387 963; x_wconf 90' lang='grc'><em>1.</em></span> <span class='ocrx_word' id='word_1_149' title='bbox 406 947 426 962; x_wconf 94' lang='grc'><em>11.</em></span> <span class='ocrx_word' id='word_1_150' title='bbox 446 941 489 967; x_wconf 74' lang='grc' dir='ltr'><em>15ς</em></span> <span class='ocrx_word' id='word_1_151' title='bbox 514 943 537 962; x_wconf 90' lang='lat' dir='ltr'><em>et</em></span> <span class='ocrx_word' id='word_1_152' title='bbox 553 942 607 962; x_wconf 90' lang='lat' dir='ltr'><em>tom.</em></span> <span class='ocrx_word' id='word_1_153' title='bbox 625 939 649 961; x_wconf 92' lang='lat' dir='ltr'><em>II.</em></span> <span class='ocrx_word' id='word_1_154' title='bbox 666 945 720 967; x_wconf 78' lang='lat' dir='ltr'><em>pag.</em></span> <span class='ocrx_word' id='word_1_155' title='bbox 738 939 792 960; x_wconf 92' lang='lat' dir='ltr'><em>VIII.</em></span> <span class='ocrx_word' id='word_1_156' title='bbox 810 939 852 961; x_wconf 91' lang='lat' dir='ltr'><em>col.</em></span> <span class='ocrx_word' id='word_1_157' title='bbox 871 939 892 960; x_wconf 91' lang='grc'><em>1.</em></span> <span class='ocrx_word' id='word_1_158' title='bbox 910 944 931 961; x_wconf 93' lang='grc'><em>11.</em></span> 
     </span>
     <span class='ocr_line' id='line_1_18' title="bbox 92 986 596 1015; baseline -0.006 -5"><span class='ocrx_word' id='word_1_159' title='bbox 92 988 128 1010; x_wconf 83' lang='grc'><em>13.</em></span> <span class='ocrx_word' id='word_1_160' title='bbox 145 987 310 1015; x_wconf 89' lang='lat' dir='ltr'><em>Complectitur</em></span> <span class='ocrx_word' id='word_1_161' title='bbox 326 986 396 1009; x_wconf 83' lang='lat' dir='ltr'><em>dubia</em></span> <span class='ocrx_word' id='word_1_162' title='bbox 413 987 472 1009; x_wconf 86' lang='lat' dir='ltr'><em>circa</em></span> <span class='ocrx_word' id='word_1_163' title='bbox 491 986 596 1008; x_wconf 80' lang='lat' dir='ltr'><em>litteram.</em></span> 
     </span>
    </p>

    <p class='ocr_par' dir='ltr' id='par_1_6' title="bbox 86 1032 933 1482">
     <span class='ocr_line' id='line_1_19' title="bbox 154 1032 931 1060; baseline -0.004 -3"><span class='ocrx_word' id='word_1_164' title='bbox 154 1034 190 1057; x_wconf 75' lang='lat'><em>49.</em></span> <span class='ocrx_word' id='word_1_165' title='bbox 207 1034 314 1057; x_wconf 86' lang='lat' dir='ltr'><em>Mutinae</em></span> <span class='ocrx_word' id='word_1_166' title='bbox 330 1035 352 1055; x_wconf 90' lang='lat' dir='ltr'><em>in</em></span> <span class='ocrx_word' id='word_1_167' title='bbox 369 1034 442 1060; x_wconf 85' lang='lat' dir='ltr'><em>ltalia,</em></span> <span class='ocrx_word' id='word_1_168' title='bbox 460 1033 597 1055; x_wconf 84' lang='lat' dir='ltr'><em>bibliotheca</em></span> <span class='ocrx_word' id='word_1_169' title='bbox 615 1033 725 1060; x_wconf 82' lang='lat' dir='ltr'><em>Atestina,</em></span> <span class='ocrx_word' id='word_1_170' title='bbox 744 1032 795 1055; x_wconf 94' lang='lat' dir='ltr'><em>cod.</em></span> <span class='ocrx_word' id='word_1_171' title='bbox 813 1032 866 1055; x_wconf 69' lang='lat'><em>974.</em></span> <span class='ocrx_word' id='word_1_172' title='bbox 886 1033 931 1055; x_wconf 86' lang='lat' dir='ltr'><em>Vll.</em></span> 
     </span>
     <span class='ocr_line' id='line_1_20' title="bbox 90 1078 930 1107; baseline -0.002 -4"><span class='ocrx_word' id='word_1_173' title='bbox 90 1082 104 1104; x_wconf 84' lang='lat' dir='ltr'><em>I.</em></span> <span class='ocrx_word' id='word_1_174' title='bbox 124 1082 160 1103; x_wconf 86' lang='grc'><em>16.</em></span> <span class='ocrx_word' id='word_1_175' title='bbox 177 1081 275 1104; x_wconf 84' lang='lat' dir='ltr'><em>membr.</em></span> <span class='ocrx_word' id='word_1_176' title='bbox 292 1082 314 1102; x_wconf 92' lang='lat' dir='ltr'><em>in</em></span> <span class='ocrx_word' id='word_1_177' title='bbox 332 1080 369 1103; x_wconf 85' lang='grc'>101.</span> <span class='ocrx_word' id='word_1_178' title='bbox 386 1086 445 1102; x_wconf 76' lang='lat' dir='ltr'><em>saec.</em></span> <span class='ocrx_word' id='word_1_179' title='bbox 463 1080 518 1102; x_wconf 93' lang='lat' dir='ltr'><em>XIII.</em></span> <span class='ocrx_word' id='word_1_180' title='bbox 535 1083 624 1101; x_wconf 79' lang='lat' dir='ltr'><em>exeunt.</em></span> <span class='ocrx_word' id='word_1_181' title='bbox 642 1079 721 1107; x_wconf 83' lang='lat' dir='ltr'><em>Incipit</em></span> <span class='ocrx_word' id='word_1_182' title='bbox 732 1079 769 1101; x_wconf 90' lang='grc'>101.</span> <span class='ocrx_word' id='word_1_183' title='bbox 783 1079 791 1101; x_wconf 87' lang='grc'><em>1</em></span> <span class='ocrx_word' id='word_1_184' title='bbox 808 1085 825 1101; x_wconf 89' lang='lat' dir='ltr'><em>r.</em></span> <span class='ocrx_word' id='word_1_185' title='bbox 838 1078 930 1101; x_wconf 82' lang='lat' dir='ltr'><em>verbis:</em></span> 
     </span>
     <span class='ocr_line' id='line_1_21' title="bbox 90 1125 931 1157; baseline -0.002 -7"><span class='ocrx_word' id='word_1_186' title='bbox 90 1127 208 1157; x_wconf 70' lang='lat' dir='ltr'><em>Protoyus</em></span> <span class='ocrx_word' id='word_1_187' title='bbox 233 1126 296 1149; x_wconf 85' lang='lat' dir='ltr'><em>tertii</em></span> <span class='ocrx_word' id='word_1_188' title='bbox 321 1125 378 1149; x_wconf 83' lang='lat' dir='ltr'><em>libri</em></span> <span class='ocrx_word' id='word_1_189' title='bbox 384 1134 393 1153; x_wconf 84' lang='lat'><em>,·</em></span> <span class='ocrx_word' id='word_1_190' title='bbox 411 1125 495 1148; x_wconf 77' lang='lat' dir='ltr'><em>deinde</em></span> <span class='ocrx_word' id='word_1_191' title='bbox 513 1125 575 1148; x_wconf 77' lang='lat' dir='ltr'><em>Deus</em></span> <span class='ocrx_word' id='word_1_192' title='bbox 592 1126 684 1154; x_wconf 82' lang='lat' dir='ltr'><em>autem,</em></span> <span class='ocrx_word' id='word_1_193' title='bbox 703 1125 745 1155; x_wconf 79' lang='lat' dir='ltr'><em>qui</em></span> <span class='ocrx_word' id='word_1_194' title='bbox 760 1125 823 1148; x_wconf 79' lang='lat' dir='ltr'><em>dives</em></span> <span class='ocrx_word' id='word_1_195' title='bbox 839 1126 873 1148; x_wconf 74' lang='lat' dir='ltr'><em>est</em></span> <span class='ocrx_word' id='word_1_196' title='bbox 889 1128 931 1147; x_wconf 86' lang='lat' dir='ltr'><em>etc.</em></span> 
     </span>
     <span class='ocr_line' id='line_1_22' title="bbox 88 1171 932 1201; baseline -0.002 -5"><span class='ocrx_word' id='word_1_197' title='bbox 88 1174 111 1196; x_wconf 92' lang='lat' dir='ltr'><em>ln</em></span> <span class='ocrx_word' id='word_1_198' title='bbox 129 1174 192 1196; x_wconf 91' lang='lat' dir='ltr'><em>initio</em></span> <span class='ocrx_word' id='word_1_199' title='bbox 210 1174 230 1195; x_wconf 83' lang='lat' dir='ltr'><em>I.</em></span> <span class='ocrx_word' id='word_1_200' title='bbox 247 1173 344 1195; x_wconf 87' lang='lat' dir='ltr'><em>distinct.</em></span> <span class='ocrx_word' id='word_1_201' title='bbox 362 1173 445 1194; x_wconf 85' lang='lat' dir='ltr'><em>iterum</em></span> <span class='ocrx_word' id='word_1_202' title='bbox 463 1172 574 1194; x_wconf 84' lang='lat' dir='ltr'><em>habetur:</em></span> <span class='ocrx_word' id='word_1_203' title='bbox 600 1171 683 1201; x_wconf 76' lang='lat' dir='ltr'><em>Incipit</em></span> <span class='ocrx_word' id='word_1_204' title='bbox 707 1171 791 1194; x_wconf 78' lang='lat' dir='ltr'><em>tertius</em></span> <span class='ocrx_word' id='word_1_205' title='bbox 809 1171 866 1194; x_wconf 87' lang='lat' dir='ltr'><em>liber</em></span> <span class='ocrx_word' id='word_1_206' title='bbox 881 1171 932 1200; x_wconf 89' lang='lat' dir='ltr'><em>fra-</em></span> 
     </span>
     <span class='ocr_line' id='line_1_23' title="bbox 88 1217 932 1248; baseline -0.001 -6"><span class='ocrx_word' id='word_1_207' title='bbox 88 1219 132 1242; x_wconf 84' lang='lat' dir='ltr'><em>tris</em></span> <span class='ocrx_word' id='word_1_208' title='bbox 148 1220 321 1243; x_wconf 85' lang='lat' dir='ltr'><em>Bonaventure.</em></span> <span class='ocrx_word' id='word_1_209' title='bbox 339 1219 424 1241; x_wconf 87' lang='lat' dir='ltr'><em>Divisio</em></span> <span class='ocrx_word' id='word_1_210' title='bbox 441 1222 514 1241; x_wconf 78' lang='lat' dir='ltr'><em>trxtus</em></span> <span class='ocrx_word' id='word_1_211' title='bbox 530 1218 662 1241; x_wconf 80' lang='lat' dir='ltr'><em>exorditur:</em></span> <span class='ocrx_word' id='word_1_212' title='bbox 681 1218 800 1246; x_wconf 82' lang='lat' dir='ltr'><em>Quoniam</em></span> <span class='ocrx_word' id='word_1_213' title='bbox 816 1218 891 1248; x_wconf 72' lang='lat' dir='ltr'><em>iqitur</em></span> <span class='ocrx_word' id='word_1_214' title='bbox 907 1217 932 1241; x_wconf 82' lang='lat' dir='ltr'><em>in</em></span> 
     </span>
     <span class='ocr_line' id='line_1_24' title="bbox 88 1265 931 1294; baseline -0.002 -4"><span class='ocrx_word' id='word_1_215' title='bbox 88 1266 132 1290; x_wconf 81' lang='lat' dir='ltr'><em>Itoo</em></span> <span class='ocrx_word' id='word_1_216' title='bbox 149 1266 217 1290; x_wconf 90' lang='lat' dir='ltr'><em>tertio</em></span> <span class='ocrx_word' id='word_1_217' title='bbox 232 1265 306 1294; x_wconf 79' lang='lat' dir='ltr'><em>libro,</em></span> <span class='ocrx_word' id='word_1_218' title='bbox 325 1266 486 1294; x_wconf 83' lang='lat' dir='ltr'><em>superioribus</em></span> <span class='ocrx_word' id='word_1_219' title='bbox 503 1266 600 1288; x_wconf 88' lang='lat' dir='ltr'><em>omissis.</em></span> <span class='ocrx_word' id='word_1_220' title='bbox 619 1266 694 1288; x_wconf 78' lang='lat' dir='ltr'><em>Desin.</em></span> <span class='ocrx_word' id='word_1_221' title='bbox 711 1266 749 1288; x_wconf 83' lang='lat' dir='ltr'><em>tol.</em></span> <span class='ocrx_word' id='word_1_222' title='bbox 767 1265 812 1288; x_wconf 78' lang='lat'><em>253</em></span> <span class='ocrx_word' id='word_1_223' title='bbox 825 1273 842 1288; x_wconf 94' lang='lat' dir='ltr'><em>r.</em></span> <span class='ocrx_word' id='word_1_224' title='bbox 854 1266 897 1288; x_wconf 89' lang='grc'>001.</span> <span class='ocrx_word' id='word_1_225' title='bbox 911 1266 931 1288; x_wconf 82' lang='lat' dir='ltr'><em>l.</em></span> 
     </span>
     <span class='ocr_line' id='line_1_25' title="bbox 87 1311 932 1341; baseline -0.001 -6"><span class='ocrx_word' id='word_1_226' title='bbox 87 1313 143 1335; x_wconf 87' lang='lat' dir='ltr'><em>Dein</em></span> <span class='ocrx_word' id='word_1_227' title='bbox 161 1319 173 1335; x_wconf 93' lang='lat' dir='ltr'><em>a</em></span> <span class='ocrx_word' id='word_1_228' title='bbox 191 1314 265 1340; x_wconf 84' lang='lat' dir='ltr'><em>prima</em></span> <span class='ocrx_word' id='word_1_229' title='bbox 287 1319 356 1335; x_wconf 89' lang='lat' dir='ltr'><em>manu</em></span> <span class='ocrx_word' id='word_1_230' title='bbox 382 1312 487 1334; x_wconf 88' lang='lat' dir='ltr'><em>additum</em></span> <span class='ocrx_word' id='word_1_231' title='bbox 504 1315 550 1334; x_wconf 89' lang='lat' dir='ltr'><em>est:</em></span> <span class='ocrx_word' id='word_1_232' title='bbox 568 1311 673 1341; x_wconf 68' lang='lat' dir='ltr'><em>Explicit</em></span> <span class='ocrx_word' id='word_1_233' title='bbox 690 1311 773 1334; x_wconf 84' lang='lat' dir='ltr'><em>tertius</em></span> <span class='ocrx_word' id='word_1_234' title='bbox 788 1311 874 1341; x_wconf 77' lang='lat' dir='ltr'><em>fratris</em></span> <span class='ocrx_word' id='word_1_235' title='bbox 890 1312 932 1334; x_wconf 89' lang='lat' dir='ltr'><em>Bo-</em></span> 
     </span>
     <span class='ocr_line' id='line_1_26' title="bbox 86 1357 933 1388; baseline -0.004 -5"><span class='ocrx_word' id='word_1_236' title='bbox 86 1361 219 1383; x_wconf 81' lang='lat' dir='ltr'><em>naventurc</em></span> <span class='ocrx_word' id='word_1_237' title='bbox 235 1365 308 1388; x_wconf 80' lang='lat' dir='ltr'><em>saper</em></span> <span class='ocrx_word' id='word_1_238' title='bbox 324 1358 459 1382; x_wconf 83' lang='lat' dir='ltr'><em>sententias.</em></span> <span class='ocrx_word' id='word_1_239' title='bbox 484 1359 578 1381; x_wconf 81' lang='lat' dir='ltr'><em>Postea:</em></span> <span class='ocrx_word' id='word_1_240' title='bbox 602 1357 721 1387; x_wconf 78' lang='lat' dir='ltr'><em>Incipiunt</em></span> <span class='ocrx_word' id='word_1_241' title='bbox 743 1357 848 1387; x_wconf 83' lang='lat' dir='ltr'><em>capitula</em></span> <span class='ocrx_word' id='word_1_242' title='bbox 870 1357 933 1381; x_wconf 90' lang='lat' dir='ltr'><em>tertii</em></span> 
     </span>
     <span class='ocr_line' id='line_1_27' title="bbox 89 1404 932 1436; baseline -0.004 -6"><span class='ocrx_word' id='word_1_243' title='bbox 89 1406 144 1430; x_wconf 81' lang='lat' dir='ltr'><em>libri</em></span> <span class='ocrx_word' id='word_1_244' title='bbox 160 1405 245 1436; x_wconf 82' lang='lat' dir='ltr'><em>fratris</em></span> <span class='ocrx_word' id='word_1_245' title='bbox 262 1406 446 1429; x_wconf 74' lang='lat' dir='ltr'><em>Bonarentare:</em></span> <span class='ocrx_word' id='word_1_246' title='bbox 462 1409 484 1428; x_wconf 90' lang='lat' dir='ltr'><em>et</em></span> <span class='ocrx_word' id='word_1_247' title='bbox 500 1406 522 1427; x_wconf 93' lang='lat' dir='ltr'><em>in</em></span> <span class='ocrx_word' id='word_1_248' title='bbox 540 1405 599 1427; x_wconf 82' lang='lat' dir='ltr'><em>fine:</em></span> <span class='ocrx_word' id='word_1_249' title='bbox 616 1404 756 1434; x_wconf 64' lang='lat' dir='ltr'><em>Erpliciunt</em></span> <span class='ocrx_word' id='word_1_250' title='bbox 772 1404 877 1434; x_wconf 81' lang='lat' dir='ltr'><em>capitula</em></span> <span class='ocrx_word' id='word_1_251' title='bbox 889 1406 932 1428; x_wconf 84' lang='lat' dir='ltr'><em>ter-</em></span> 
     </span>
     <span class='ocr_line' id='line_1_28' title="bbox 88 1452 475 1482; baseline -0.008 -5"><span class='ocrx_word' id='word_1_252' title='bbox 88 1453 115 1477; x_wconf 89' lang='lat' dir='ltr'><em>tii</em></span> <span class='ocrx_word' id='word_1_253' title='bbox 130 1452 185 1476; x_wconf 83' lang='lat' dir='ltr'><em>libri</em></span> <span class='ocrx_word' id='word_1_254' title='bbox 199 1452 286 1482; x_wconf 79' lang='lat' dir='ltr'><em>fratris</em></span> <span class='ocrx_word' id='word_1_255' title='bbox 302 1453 475 1475; x_wconf 78' lang='lat' dir='ltr'><em>Bonaventure.</em></span> 
     </span>
    </p>

    <p class='ocr_par' dir='ltr' id='par_1_7' title="bbox 87 1497 931 1762">
     <span class='ocr_line' id='line_1_29' title="bbox 150 1497 930 1527; baseline -0.003 -5"><span class='ocrx_word' id='word_1_256' title='bbox 150 1500 187 1522; x_wconf 79' lang='lat'><em>50.</em></span> <span class='ocrx_word' id='word_1_257' title='bbox 205 1499 305 1527; x_wconf 80' lang='lat' dir='ltr'><em>Ibidem,</em></span> <span class='ocrx_word' id='word_1_258' title='bbox 325 1499 376 1521; x_wconf 88' lang='lat' dir='ltr'><em>cod.</em></span> <span class='ocrx_word' id='word_1_259' title='bbox 394 1499 446 1521; x_wconf 79' lang='lat'><em>976.</em></span> <span class='ocrx_word' id='word_1_260' title='bbox 464 1499 501 1520; x_wconf 90' lang='lat' dir='ltr'><em>VI.</em></span> <span class='ocrx_word' id='word_1_261' title='bbox 519 1497 542 1521; x_wconf 95' lang='lat' dir='ltr'><em>C.</em></span> <span class='ocrx_word' id='word_1_262' title='bbox 561 1499 582 1520; x_wconf 81' lang='lat'><em>2.</em></span> <span class='ocrx_word' id='word_1_263' title='bbox 600 1498 698 1521; x_wconf 87' lang='lat' dir='ltr'><em>membr.</em></span> <span class='ocrx_word' id='word_1_264' title='bbox 715 1498 787 1521; x_wconf 89' lang='grc'>111101.</span> <span class='ocrx_word' id='word_1_265' title='bbox 799 1504 858 1521; x_wconf 84' lang='lat' dir='ltr'><em>saec.</em></span> <span class='ocrx_word' id='word_1_266' title='bbox 871 1498 930 1521; x_wconf 85' lang='lat' dir='ltr'><em>XIV.</em></span> 
     </span>
     <span class='ocr_line' id='line_1_30' title="bbox 87 1545 931 1573; baseline -0.004 -3"><span class='ocrx_word' id='word_1_267' title='bbox 87 1549 173 1570; x_wconf 89' lang='lat' dir='ltr'><em>ineunt.</em></span> <span class='ocrx_word' id='word_1_268' title='bbox 190 1548 247 1568; x_wconf 79' lang='lat' dir='ltr'><em>Ante.</em></span> <span class='ocrx_word' id='word_1_269' title='bbox 272 1546 464 1568; x_wconf 83' lang='lat' dir='ltr'><em>commentat-ium</em></span> <span class='ocrx_word' id='word_1_270' title='bbox 482 1545 602 1568; x_wconf 82' lang='lat' dir='ltr'><em>exhibetur</em></span> <span class='ocrx_word' id='word_1_271' title='bbox 618 1545 686 1567; x_wconf 83' lang='lat' dir='ltr'><em>index</em></span> <span class='ocrx_word' id='word_1_272' title='bbox 703 1547 751 1567; x_wconf 87' lang='lat' dir='ltr'><em>tum</em></span> <span class='ocrx_word' id='word_1_273' title='bbox 769 1546 931 1573; x_wconf 82' lang='lat' dir='ltr'><em>quaestionum</em></span> 
     </span>
     <span class='ocr_line' id='line_1_31' title="bbox 87 1591 930 1619; baseline -0.004 -3"><span class='ocrx_word' id='word_1_274' title='bbox 87 1596 136 1616; x_wconf 90' lang='lat' dir='ltr'><em>tum</em></span> <span class='ocrx_word' id='word_1_275' title='bbox 162 1593 331 1615; x_wconf 83' lang='lat' dir='ltr'><em>dubitationum</em></span> <span class='ocrx_word' id='word_1_276' title='bbox 357 1592 494 1615; x_wconf 75' lang='lat' dir='ltr'><em>litteralium.</em></span> <span class='ocrx_word' id='word_1_277' title='bbox 521 1592 566 1614; x_wconf 89' lang='lat' dir='ltr'><em>Fol.</em></span> <span class='ocrx_word' id='word_1_278' title='bbox 585 1591 597 1613; x_wconf 75' lang='lat'>4</span> <span class='ocrx_word' id='word_1_279' title='bbox 620 1597 639 1614; x_wconf 85' lang='lat' dir='ltr'><em>r.</em></span> <span class='ocrx_word' id='word_1_280' title='bbox 660 1592 682 1613; x_wconf 94' lang='lat' dir='ltr'><em>in</em></span> <span class='ocrx_word' id='word_1_281' title='bbox 701 1595 764 1619; x_wconf 84' lang='lat' dir='ltr'><em>parte</em></span> <span class='ocrx_word' id='word_1_282' title='bbox 781 1592 900 1619; x_wconf 81' lang='lat' dir='ltr'><em>superiore</em></span> <span class='ocrx_word' id='word_1_283' title='bbox 916 1597 930 1613; x_wconf 85' lang='lat' dir='ltr'><em>a</em></span> 
     </span>
     <span class='ocr_line' id='line_1_32' title="bbox 87 1623 929 1669; baseline -0.004 -6"><span class='ocrx_word' id='word_1_284' title='bbox 87 1641 162 1669; x_wconf 83' lang='lat' dir='ltr'><em>prima</em></span> <span class='ocrx_word' id='word_1_285' title='bbox 178 1623 249 1662; x_wconf 79' lang='lat' dir='ltr'><em>manu</em></span> <span class='ocrx_word' id='word_1_286' title='bbox 272 1640 438 1667; x_wconf 78' lang='lat' dir='ltr'><em>praemittitur:</em></span> <span class='ocrx_word' id='word_1_287' title='bbox 458 1638 551 1661; x_wconf 78' lang='lat' dir='ltr'><em>Tertius</em></span> <span class='ocrx_word' id='word_1_288' title='bbox 568 1637 626 1661; x_wconf 85' lang='lat' dir='ltr'><em>liber</em></span> <span class='ocrx_word' id='word_1_289' title='bbox 644 1638 810 1661; x_wconf 84' lang='lat' dir='ltr'><em>Bonaventure</em></span> <span class='ocrx_word' id='word_1_290' title='bbox 832 1637 874 1660; x_wconf 88' lang='lat' dir='ltr'><em>col.</em></span> <span class='ocrx_word' id='word_1_291' title='bbox 901 1638 929 1660; x_wconf 80' lang='lat' dir='ltr'><em>I:</em></span> 
     </span>
     <span class='ocr_line' id='line_1_33' title="bbox 88 1683 929 1715; baseline -0.006 -5"><span class='ocrx_word' id='word_1_292' title='bbox 88 1687 152 1710; x_wconf 82' lang='lat' dir='ltr'><em>Deus</em></span> <span class='ocrx_word' id='word_1_293' title='bbox 168 1687 261 1714; x_wconf 73' lang='lat' dir='ltr'><em>autem,</em></span> <span class='ocrx_word' id='word_1_294' title='bbox 280 1685 322 1715; x_wconf 78' lang='lat' dir='ltr'><em>qui</em></span> <span class='ocrx_word' id='word_1_295' title='bbox 337 1685 401 1708; x_wconf 81' lang='lat' dir='ltr'><em>dives</em></span> <span class='ocrx_word' id='word_1_296' title='bbox 417 1686 452 1707; x_wconf 84' lang='lat' dir='ltr'><em>est</em></span> <span class='ocrx_word' id='word_1_297' title='bbox 466 1688 509 1707; x_wconf 91' lang='lat' dir='ltr'><em>etc.</em></span> <span class='ocrx_word' id='word_1_298' title='bbox 527 1685 618 1706; x_wconf 79' lang='lat' dir='ltr'><em>Desinit.</em></span> <span class='ocrx_word' id='word_1_299' title='bbox 635 1684 672 1706; x_wconf 91' lang='grc'>101.</span> <span class='ocrx_word' id='word_1_300' title='bbox 690 1684 770 1706; x_wconf 88' lang='lat' dir='ltr'><em>ultimo</em></span> <span class='ocrx_word' id='word_1_301' title='bbox 782 1684 839 1706; x_wconf 89' lang='lat' dir='ltr'><em>utin</em></span> <span class='ocrx_word' id='word_1_302' title='bbox 852 1683 929 1711; x_wconf 79' lang='lat' dir='ltr'><em>editis;</em></span> 
     </span>
     <span class='ocr_line' id='line_1_34' title="bbox 87 1729 930 1762; baseline -0.005 -6"><span class='ocrx_word' id='word_1_303' title='bbox 87 1734 139 1757; x_wconf 88' lang='lat' dir='ltr'><em>inde</em></span> <span class='ocrx_word' id='word_1_304' title='bbox 152 1733 256 1756; x_wconf 80' lang='lat' dir='ltr'><em>additur:</em></span> <span class='ocrx_word' id='word_1_305' title='bbox 270 1731 376 1762; x_wconf 65' lang='lat' dir='ltr'><em>Explicit</em></span> <span class='ocrx_word' id='word_1_306' title='bbox 388 1731 445 1755; x_wconf 85' lang='lat' dir='ltr'><em>liber</em></span> <span class='ocrx_word' id='word_1_307' title='bbox 453 1731 538 1760; x_wconf 60' lang='lat' dir='ltr'><em>fratris</em></span> <span class='ocrx_word' id='word_1_308' title='bbox 548 1731 712 1754; x_wconf 81' lang='lat' dir='ltr'><em>Bonaventure</em></span> <span class='ocrx_word' id='word_1_309' title='bbox 719 1736 791 1760; x_wconf 79' lang='lat' dir='ltr'><em>super</em></span> <span class='ocrx_word' id='word_1_310' title='bbox 803 1729 930 1753; x_wconf 75' lang='lat' dir='ltr'><em>sententiis.</em></span> 
     </span>
    </p>

    <p class='ocr_par' dir='ltr' id='par_1_8' title="bbox 85 1777 930 2088">
     <span class='ocr_line' id='line_1_35' title="bbox 149 1777 928 1807; baseline -0.005 -4"><span class='ocrx_word' id='word_1_311' title='bbox 149 1781 186 1803; x_wconf 78' lang='lat'><em>51.</em></span> <span class='ocrx_word' id='word_1_312' title='bbox 205 1779 294 1803; x_wconf 67' lang='lat' dir='ltr'><em>Oxonii</em></span> <span class='ocrx_word' id='word_1_313' title='bbox 309 1780 331 1801; x_wconf 92' lang='lat' dir='ltr'><em>in</em></span> <span class='ocrx_word' id='word_1_314' title='bbox 345 1779 436 1807; x_wconf 77' lang='lat' dir='ltr'><em>Angtia,</em></span> <span class='ocrx_word' id='word_1_315' title='bbox 451 1778 587 1801; x_wconf 79' lang='lat' dir='ltr'><em>bibliotheca</em></span> <span class='ocrx_word' id='word_1_316' title='bbox 599 1777 694 1806; x_wconf 81' lang='lat' dir='ltr'><em>Collegii</em></span> <span class='ocrx_word' id='word_1_317' title='bbox 706 1778 865 1806; x_wconf 74' lang='lat' dir='ltr'><em>ttertonensis,</em></span> <span class='ocrx_word' id='word_1_318' title='bbox 877 1777 928 1800; x_wconf 89' lang='lat' dir='ltr'><em>cod.</em></span> 
     </span>
     <span class='ocr_line' id='line_1_36' title="bbox 86 1823 929 1850; baseline -0.005 0"><span class='ocrx_word' id='word_1_319' title='bbox 86 1827 112 1850; x_wconf 95' lang='lat' dir='ltr'><em>O.</em></span> <span class='ocrx_word' id='word_1_320' title='bbox 134 1828 151 1849; x_wconf 93' lang='lat' dir='ltr'><em>I.</em></span> <span class='ocrx_word' id='word_1_321' title='bbox 169 1827 190 1849; x_wconf 83' lang='grc'><em>8.</em></span> <span class='ocrx_word' id='word_1_322' title='bbox 209 1827 299 1848; x_wconf 77' lang='lat' dir='ltr'><em>Praeter</em></span> <span class='ocrx_word' id='word_1_323' title='bbox 315 1825 507 1848; x_wconf 86' lang='lat' dir='ltr'><em>commentarium</em></span> <span class='ocrx_word' id='word_1_324' title='bbox 525 1825 596 1847; x_wconf 83' lang='lat' dir='ltr'><em>sancti</em></span> <span class='ocrx_word' id='word_1_325' title='bbox 614 1824 788 1846; x_wconf 80' lang='lat' dir='ltr'><em>Bonaventurae</em></span> <span class='ocrx_word' id='word_1_326' title='bbox 804 1825 826 1846; x_wconf 93' lang='lat' dir='ltr'><em>in</em></span> <span class='ocrx_word' id='word_1_327' title='bbox 844 1823 929 1846; x_wconf 90' lang='lat' dir='ltr'><em>librum</em></span> 
     </span>
     <span class='ocr_line' id='line_1_37' title="bbox 86 1870 928 1902; baseline -0.005 -6"><span class='ocrx_word' id='word_1_328' title='bbox 86 1875 188 1902; x_wconf 88' lang='lat' dir='ltr'><em>primum</em></span> <span class='ocrx_word' id='word_1_329' title='bbox 205 1874 380 1900; x_wconf 86' lang='lat' dir='ltr'><em>sententiarum,</em></span> <span class='ocrx_word' id='word_1_330' title='bbox 405 1871 434 1894; x_wconf 90' lang='lat' dir='ltr'><em>de</em></span> <span class='ocrx_word' id='word_1_331' title='bbox 459 1877 505 1900; x_wconf 88' lang='lat' dir='ltr'><em>quo</em></span> <span class='ocrx_word' id='word_1_332' title='bbox 530 1872 622 1899; x_wconf 84' lang='lat' dir='ltr'><em>egimus</em></span> <span class='ocrx_word' id='word_1_333' title='bbox 646 1873 701 1893; x_wconf 87' lang='lat' dir='ltr'><em>tom.</em></span> <span class='ocrx_word' id='word_1_334' title='bbox 722 1871 737 1893; x_wconf 88' lang='lat'><em>1.</em></span> <span class='ocrx_word' id='word_1_335' title='bbox 754 1877 808 1899; x_wconf 83' lang='lat' dir='ltr'><em>pag.</em></span> <span class='ocrx_word' id='word_1_336' title='bbox 826 1870 928 1893; x_wconf 88' lang='lat' dir='ltr'><em>LXXIX.</em></span> 
     </span>
     <span class='ocr_line' id='line_1_38' title="bbox 86 1917 930 1946; baseline -0.004 -4"><span class='ocrx_word' id='word_1_337' title='bbox 86 1920 128 1943; x_wconf 87' lang='lat' dir='ltr'><em>col.</em></span> <span class='ocrx_word' id='word_1_338' title='bbox 150 1920 168 1942; x_wconf 91' lang='lat' dir='ltr'><em>t.</em></span> <span class='ocrx_word' id='word_1_339' title='bbox 187 1926 208 1942; x_wconf 92' lang='lat' dir='ltr'><em>n.</em></span> <span class='ocrx_word' id='word_1_340' title='bbox 226 1920 268 1945; x_wconf 80' lang='lat'><em>50,</em></span> <span class='ocrx_word' id='word_1_341' title='bbox 293 1919 393 1941; x_wconf 88' lang='lat' dir='ltr'><em>continet</em></span> <span class='ocrx_word' id='word_1_342' title='bbox 409 1918 478 1940; x_wconf 90' lang='lat' dir='ltr'><em>etiam</em></span> <span class='ocrx_word' id='word_1_343' title='bbox 501 1918 538 1940; x_wconf 85' lang='lat' dir='ltr'><em>sol.</em></span> <span class='ocrx_word' id='word_1_344' title='bbox 566 1918 608 1941; x_wconf 81' lang='grc'><em>108</em></span> <span class='ocrx_word' id='word_1_345' title='bbox 626 1919 648 1940; x_wconf 86' lang='lat' dir='ltr'><em>et</em></span> <span class='ocrx_word' id='word_1_346' title='bbox 665 1923 714 1946; x_wconf 85' lang='lat' dir='ltr'><em>seq.</em></span> <span class='ocrx_word' id='word_1_347' title='bbox 736 1918 856 1945; x_wconf 84' lang='lat' dir='ltr'><em>copiosum</em></span> <span class='ocrx_word' id='word_1_348' title='bbox 873 1917 930 1940; x_wconf 88' lang='lat' dir='ltr'><em>indi-</em></span> 
     </span>
     <span class='ocr_line' id='line_1_39' title="bbox 86 1964 929 1994; baseline -0.002 -5"><span class='ocrx_word' id='word_1_349' title='bbox 86 1973 136 1990; x_wconf 84' lang='lat' dir='ltr'><em>cem</em></span> <span class='ocrx_word' id='word_1_350' title='bbox 153 1973 224 1994; x_wconf 77' lang='lat' dir='ltr'><em>super</em></span> <span class='ocrx_word' id='word_1_351' title='bbox 240 1967 302 1988; x_wconf 81' lang='lat' dir='ltr'><em>hune</em></span> <span class='ocrx_word' id='word_1_352' title='bbox 318 1966 409 1988; x_wconf 86' lang='lat' dir='ltr'><em>tertium</em></span> <span class='ocrx_word' id='word_1_353' title='bbox 427 1965 552 1993; x_wconf 84' lang='lat' dir='ltr'><em>incipiens:</em></span> <span class='ocrx_word' id='word_1_354' title='bbox 569 1964 688 1994; x_wconf 72' lang='lat' dir='ltr'><em>Proloqus</em></span> <span class='ocrx_word' id='word_1_355' title='bbox 707 1964 873 1987; x_wconf 83' lang='lat' dir='ltr'><em>Bonaventure</em></span> <span class='ocrx_word' id='word_1_356' title='bbox 891 1970 929 1987; x_wconf 86' lang='lat' dir='ltr'><em>su-</em></span> 
     </span>
     <span class='ocr_line' id='line_1_40' title="bbox 85 2010 929 2043; baseline -0.004 -7"><span class='ocrx_word' id='word_1_357' title='bbox 85 2019 128 2043; x_wconf 82' lang='lat' dir='ltr'><em>per</em></span> <span class='ocrx_word' id='word_1_358' title='bbox 145 2012 241 2036; x_wconf 79' lang='lat' dir='ltr'><em>tertium</em></span> <span class='ocrx_word' id='word_1_359' title='bbox 266 2011 353 2035; x_wconf 82' lang='lat' dir='ltr'><em>librum</em></span> <span class='ocrx_word' id='word_1_360' title='bbox 370 2011 548 2034; x_wconf 80' lang='lat' dir='ltr'><em>sententiarum.</em></span> <span class='ocrx_word' id='word_1_361' title='bbox 566 2011 588 2033; x_wconf 91' lang='lat' dir='ltr'><em>In</em></span> <span class='ocrx_word' id='word_1_362' title='bbox 607 2011 665 2034; x_wconf 85' lang='lat' dir='ltr'><em>fine:</em></span> <span class='ocrx_word' id='word_1_363' title='bbox 683 2010 822 2040; x_wconf 72' lang='lat' dir='ltr'><em>Explioiunt</em></span> <span class='ocrx_word' id='word_1_364' title='bbox 836 2010 929 2040; x_wconf 86' lang='lat' dir='ltr'><em>proble-</em></span> 
     </span>
     <span class='ocr_line' id='line_1_41' title="bbox 85 2056 652 2088; baseline -0.004 -6"><span class='ocrx_word' id='word_1_365' title='bbox 85 2060 152 2082; x_wconf 89' lang='lat' dir='ltr'><em>mata</em></span> <span class='ocrx_word' id='word_1_366' title='bbox 168 2065 240 2088; x_wconf 80' lang='lat' dir='ltr'><em>super</em></span> <span class='ocrx_word' id='word_1_367' title='bbox 257 2057 352 2081; x_wconf 81' lang='lat' dir='ltr'><em>tertium</em></span> <span class='ocrx_word' id='word_1_368' title='bbox 370 2057 457 2081; x_wconf 88' lang='lat' dir='ltr'><em>tibrum</em></span> <span class='ocrx_word' id='word_1_369' title='bbox 473 2056 652 2081; x_wconf 83' lang='lat' dir='ltr'><em>sententiarum.</em></span> 
     </span>
    </p>

    <p class='ocr_par' dir='ltr' id='par_1_9' title="bbox 86 2103 931 2456">
     <span class='ocr_line' id='line_1_42' title="bbox 149 2103 927 2132; baseline -0.004 -4"><span class='ocrx_word' id='word_1_370' title='bbox 149 2105 186 2128; x_wconf 75' lang='lat'><em>52.</em></span> <span class='ocrx_word' id='word_1_371' title='bbox 203 2103 315 2132; x_wconf 80' lang='lat' dir='ltr'><em>Parisiis,</em></span> <span class='ocrx_word' id='word_1_372' title='bbox 335 2103 471 2126; x_wconf 79' lang='lat' dir='ltr'><em>bibliotheca</em></span> <span class='ocrx_word' id='word_1_373' title='bbox 490 2104 639 2131; x_wconf 78' lang='lat' dir='ltr'><em>Mazzartnea,</em></span> <span class='ocrx_word' id='word_1_374' title='bbox 657 2103 708 2126; x_wconf 89' lang='lat' dir='ltr'><em>cod.</em></span> <span class='ocrx_word' id='word_1_375' title='bbox 721 2104 773 2126; x_wconf 82' lang='lat'><em>930.</em></span> <span class='ocrx_word' id='word_1_376' title='bbox 790 2103 888 2126; x_wconf 76' lang='lat' dir='ltr'><em>membr.</em></span> <span class='ocrx_word' id='word_1_377' title='bbox 905 2104 927 2126; x_wconf 92' lang='lat' dir='ltr'><em>in</em></span> 
     </span>
     <span class='ocr_line' id='line_1_43' title="bbox 87 2150 927 2178; baseline -0.002 -4"><span class='ocrx_word' id='word_1_378' title='bbox 87 2152 108 2174; x_wconf 78' lang='lat'><em>4.</em></span> <span class='ocrx_word' id='word_1_379' title='bbox 125 2158 188 2174; x_wconf 81' lang='lat' dir='ltr'><em>saec.</em></span> <span class='ocrx_word' id='word_1_380' title='bbox 205 2152 264 2174; x_wconf 87' lang='lat' dir='ltr'><em>XIV.</em></span> <span class='ocrx_word' id='word_1_381' title='bbox 282 2152 366 2173; x_wconf 82' lang='lat' dir='ltr'><em>ineunt.</em></span> <span class='ocrx_word' id='word_1_382' title='bbox 384 2151 463 2178; x_wconf 89' lang='lat' dir='ltr'><em>Incipit</em></span> <span class='ocrx_word' id='word_1_383' title='bbox 480 2150 517 2172; x_wconf 87' lang='lat' dir='ltr'><em>sol.</em></span> <span class='ocrx_word' id='word_1_384' title='bbox 536 2151 544 2172; x_wconf 97' lang='grc'><em>1</em></span> <span class='ocrx_word' id='word_1_385' title='bbox 566 2157 584 2172; x_wconf 93' lang='lat' dir='ltr'><em>r.</em></span> <span class='ocrx_word' id='word_1_386' title='bbox 602 2151 644 2173; x_wconf 89' lang='lat' dir='ltr'><em>col.</em></span> <span class='ocrx_word' id='word_1_387' title='bbox 663 2150 773 2177; x_wconf 71' lang='grc'>1,(105111.</span> <span class='ocrx_word' id='word_1_388' title='bbox 792 2150 829 2172; x_wconf 85' lang='grc'>101.</span> <span class='ocrx_word' id='word_1_389' title='bbox 847 2151 891 2172; x_wconf 77' lang='lat'><em>236</em></span> <span class='ocrx_word' id='word_1_390' title='bbox 909 2156 927 2172; x_wconf 90' lang='lat' dir='ltr'><em>r.</em></span> 
     </span>
     <span class='ocr_line' id='line_1_44' title="bbox 86 2195 931 2225; baseline -0.002 -5"><span class='ocrx_word' id='word_1_391' title='bbox 86 2201 111 2220; x_wconf 90' lang='lat' dir='ltr'><em>ut</em></span> <span class='ocrx_word' id='word_1_392' title='bbox 127 2198 148 2219; x_wconf 92' lang='lat' dir='ltr'><em>in</em></span> <span class='ocrx_word' id='word_1_393' title='bbox 166 2197 239 2220; x_wconf 87' lang='lat' dir='ltr'><em>editis.</em></span> <span class='ocrx_word' id='word_1_394' title='bbox 258 2197 314 2219; x_wconf 82' lang='lat' dir='ltr'><em>Hinc</em></span> <span class='ocrx_word' id='word_1_395' title='bbox 331 2197 406 2224; x_wconf 86' lang='lat' dir='ltr'><em>prima</em></span> <span class='ocrx_word' id='word_1_396' title='bbox 424 2202 506 2218; x_wconf 64' lang='lat' dir='ltr'><em>manus</em></span> <span class='ocrx_word' id='word_1_397' title='bbox 523 2196 626 2218; x_wconf 86' lang='lat' dir='ltr'><em>addidit:</em></span> <span class='ocrx_word' id='word_1_398' title='bbox 645 2195 726 2219; x_wconf 79' lang='lat' dir='ltr'><em>Codice</em></span> <span class='ocrx_word' id='word_1_399' title='bbox 742 2195 885 2225; x_wconf 81' lang='lat' dir='ltr'><em>prescripto,</em></span> <span class='ocrx_word' id='word_1_400' title='bbox 899 2195 931 2219; x_wconf 84' lang='lat' dir='ltr'><em>sit</em></span> 
     </span>
     <span class='ocr_line' id='line_1_45' title="bbox 87 2241 929 2272; baseline -0.002 -6"><span class='ocrx_word' id='word_1_401' title='bbox 87 2243 141 2266; x_wconf 87' lang='lat' dir='ltr'><em>laus</em></span> <span class='ocrx_word' id='word_1_402' title='bbox 157 2244 179 2266; x_wconf 85' lang='lat' dir='ltr'><em>et</em></span> <span class='ocrx_word' id='word_1_403' title='bbox 194 2242 272 2272; x_wconf 75' lang='lat' dir='ltr'><em>qloria</em></span> <span class='ocrx_word' id='word_1_404' title='bbox 289 2241 389 2266; x_wconf 85' lang='lat' dir='ltr'><em>Christo.</em></span> <span class='ocrx_word' id='word_1_405' title='bbox 401 2255 431 2258; x_wconf 86' lang='lat'><em>-</em></span> <span class='ocrx_word' id='word_1_406' title='bbox 445 2241 493 2270; x_wconf 88' lang='lat' dir='ltr'><em>Qui</em></span> <span class='ocrx_word' id='word_1_407' title='bbox 508 2241 659 2271; x_wconf 81' lang='lat' dir='ltr'><em>transcripsit</em></span> <span class='ocrx_word' id='word_1_408' title='bbox 674 2248 728 2265; x_wconf 86' lang='lat' dir='ltr'><em>eum</em></span> <span class='ocrx_word' id='word_1_409' title='bbox 749 2241 824 2270; x_wconf 86' lang='lat' dir='ltr'><em>possit</em></span> <span class='ocrx_word' id='word_1_410' title='bbox 843 2241 929 2265; x_wconf 82' lang='lat' dir='ltr'><em>habere</em></span> 
     </span>
     <span class='ocr_line' id='line_1_46' title="bbox 86 2287 929 2318; baseline -0.001 -7"><span class='ocrx_word' id='word_1_411' title='bbox 86 2289 169 2312; x_wconf 85' lang='lat' dir='ltr'><em>Deum.</em></span> <span class='ocrx_word' id='word_1_412' title='bbox 186 2301 217 2304; x_wconf 98' lang='lat'>—</span> <span class='ocrx_word' id='word_1_413' title='bbox 233 2287 337 2318; x_wconf 74' lang='lat' dir='ltr'><em>Explicit</em></span> <span class='ocrx_word' id='word_1_414' title='bbox 354 2287 412 2311; x_wconf 83' lang='lat' dir='ltr'><em>liber</em></span> <span class='ocrx_word' id='word_1_415' title='bbox 428 2287 511 2310; x_wconf 79' lang='lat' dir='ltr'><em>tertius</em></span> <span class='ocrx_word' id='word_1_416' title='bbox 525 2287 611 2316; x_wconf 83' lang='lat' dir='ltr'><em>fratris</em></span> <span class='ocrx_word' id='word_1_417' title='bbox 627 2288 798 2311; x_wconf 85' lang='lat' dir='ltr'><em>Bonaventure.</em></span> <span class='ocrx_word' id='word_1_418' title='bbox 815 2288 864 2310; x_wconf 83' lang='lat' dir='ltr'><em>Alia</em></span> <span class='ocrx_word' id='word_1_419' title='bbox 880 2293 929 2310; x_wconf 89' lang='lat' dir='ltr'><em>ma-</em></span> 
     </span>
     <span class='ocr_line' id='line_1_47' title="bbox 87 2334 929 2363; baseline -0.002 -5"><span class='ocrx_word' id='word_1_420' title='bbox 87 2342 130 2358; x_wconf 88' lang='lat' dir='ltr'><em>nus</em></span> <span class='ocrx_word' id='word_1_421' title='bbox 147 2335 251 2357; x_wconf 85' lang='lat' dir='ltr'><em>eiusdem</em></span> <span class='ocrx_word' id='word_1_422' title='bbox 276 2335 360 2357; x_wconf 83' lang='lat' dir='ltr'><em>saeculi</em></span> <span class='ocrx_word' id='word_1_423' title='bbox 381 2335 478 2357; x_wconf 87' lang='lat' dir='ltr'><em>subiecit</em></span> <span class='ocrx_word' id='word_1_424' title='bbox 494 2334 595 2357; x_wconf 87' lang='lat' dir='ltr'><em>tabulam</em></span> <span class='ocrx_word' id='word_1_425' title='bbox 612 2335 786 2363; x_wconf 77' lang='lat' dir='ltr'><em>quaestionum,</em></span> <span class='ocrx_word' id='word_1_426' title='bbox 804 2336 840 2357; x_wconf 93' lang='lat' dir='ltr'><em>cui</em></span> <span class='ocrx_word' id='word_1_427' title='bbox 862 2341 929 2362; x_wconf 84' lang='lat' dir='ltr'><em>prae-</em></span> 
     </span>
     <span class='ocr_line' id='line_1_48' title="bbox 87 2380 928 2411; baseline 0 -7"><span class='ocrx_word' id='word_1_428' title='bbox 87 2383 162 2404; x_wconf 84' lang='lat' dir='ltr'><em>misit:</em></span> <span class='ocrx_word' id='word_1_429' title='bbox 180 2381 300 2410; x_wconf 80' lang='lat' dir='ltr'><em>Incipiunt</em></span> <span class='ocrx_word' id='word_1_430' title='bbox 316 2381 378 2404; x_wconf 85' lang='lat' dir='ltr'><em>tituti</em></span> <span class='ocrx_word' id='word_1_431' title='bbox 393 2381 542 2411; x_wconf 82' lang='lat' dir='ltr'><em>questionum</em></span> <span class='ocrx_word' id='word_1_432' title='bbox 559 2381 631 2404; x_wconf 76' lang='lat' dir='ltr'><em>huius</em></span> <span class='ocrx_word' id='word_1_433' title='bbox 653 2381 716 2404; x_wconf 85' lang='lat' dir='ltr'><em>tertii</em></span> <span class='ocrx_word' id='word_1_434' title='bbox 732 2380 786 2404; x_wconf 72' lang='lat' dir='ltr'><em>libri</em></span> <span class='ocrx_word' id='word_1_435' title='bbox 806 2381 928 2404; x_wconf 87' lang='lat' dir='ltr'><em>sententia-</em></span> 
     </span>
     <span class='ocr_line' id='line_1_49' title="bbox 86 2426 812 2456; baseline 0 -7"><span class='ocrx_word' id='word_1_436' title='bbox 86 2434 143 2450; x_wconf 82' lang='lat' dir='ltr'><em>rum</em></span> <span class='ocrx_word' id='word_1_437' title='bbox 160 2426 257 2450; x_wconf 87' lang='lat' dir='ltr'><em>Domini</em></span> <span class='ocrx_word' id='word_1_438' title='bbox 272 2427 437 2450; x_wconf 78' lang='lat' dir='ltr'><em>Bonacenture</em></span> <span class='ocrx_word' id='word_1_439' title='bbox 454 2426 544 2450; x_wconf 78' lang='lat' dir='ltr'><em>ordinis</em></span> <span class='ocrx_word' id='word_1_440' title='bbox 560 2426 667 2456; x_wconf 81' lang='lat' dir='ltr'><em>fratrum</em></span> <span class='ocrx_word' id='word_1_441' title='bbox 683 2427 812 2450; x_wconf 88' lang='lat' dir='ltr'><em>minorum.</em></span> 
     </span>
    </p>

    <p class='ocr_par' dir='ltr' id='par_1_10' title="bbox 86 2472 928 2782">
     <span class='ocr_line' id='line_1_50' title="bbox 149 2472 927 2501; baseline -0.001 -5"><span class='ocrx_word' id='word_1_442' title='bbox 149 2474 186 2496; x_wconf 80' lang='lat'><em>53.</em></span> <span class='ocrx_word' id='word_1_443' title='bbox 205 2472 304 2500; x_wconf 84' lang='lat' dir='ltr'><em>Ibidem,</em></span> <span class='ocrx_word' id='word_1_444' title='bbox 329 2473 431 2496; x_wconf 83' lang='lat' dir='ltr'><em>collectio</em></span> <span class='ocrx_word' id='word_1_445' title='bbox 456 2473 595 2501; x_wconf 85' lang='lat' dir='ltr'><em>Sorbonica,</em></span> <span class='ocrx_word' id='word_1_446' title='bbox 615 2473 666 2496; x_wconf 88' lang='lat' dir='ltr'><em>cod.</em></span> <span class='ocrx_word' id='word_1_447' title='bbox 684 2474 714 2495; x_wconf 93' lang='lat' dir='ltr'><em>th.</em></span> <span class='ocrx_word' id='word_1_448' title='bbox 734 2473 756 2495; x_wconf 93' lang='lat' dir='ltr'><em>II.</em></span> <span class='ocrx_word' id='word_1_449' title='bbox 775 2473 811 2495; x_wconf 76' lang='lat'><em>42.</em></span> <span class='ocrx_word' id='word_1_450' title='bbox 828 2473 927 2495; x_wconf 85' lang='lat' dir='ltr'><em>membr.</em></span> 
     </span>
     <span class='ocr_line' id='line_1_51' title="bbox 86 2520 928 2549; baseline 0 -7"><span class='ocrx_word' id='word_1_451' title='bbox 86 2521 108 2542; x_wconf 91' lang='lat' dir='ltr'><em>in</em></span> <span class='ocrx_word' id='word_1_452' title='bbox 126 2520 163 2542; x_wconf 89' lang='grc'>101.</span> <span class='ocrx_word' id='word_1_453' title='bbox 181 2526 240 2542; x_wconf 84' lang='lat' dir='ltr'><em>saec.</em></span> <span class='ocrx_word' id='word_1_454' title='bbox 259 2520 313 2541; x_wconf 87' lang='lat' dir='ltr'><em>XIII.</em></span> <span class='ocrx_word' id='word_1_455' title='bbox 331 2520 374 2542; x_wconf 85' lang='lat' dir='ltr'><em>sub</em></span> <span class='ocrx_word' id='word_1_456' title='bbox 392 2520 443 2542; x_wconf 82' lang='grc'>11110,</span> <span class='ocrx_word' id='word_1_457' title='bbox 462 2520 540 2548; x_wconf 88' lang='lat' dir='ltr'><em>Incipit</em></span> <span class='ocrx_word' id='word_1_458' title='bbox 556 2525 610 2542; x_wconf 83' lang='lat' dir='ltr'><em>cum</em></span> <span class='ocrx_word' id='word_1_459' title='bbox 622 2520 699 2542; x_wconf 86' lang='lat' dir='ltr'><em>titulo:</em></span> <span class='ocrx_word' id='word_1_460' title='bbox 716 2520 794 2543; x_wconf 78' lang='lat' dir='ltr'><em>Tertia</em></span> <span class='ocrx_word' id='word_1_461' title='bbox 808 2526 868 2549; x_wconf 83' lang='lat' dir='ltr'><em>pars</em></span> <span class='ocrx_word' id='word_1_462' title='bbox 879 2526 928 2543; x_wconf 81' lang='lat' dir='ltr'><em>sen-</em></span> 
     </span>
     <span class='ocr_line' id='line_1_52' title="bbox 87 2566 927 2596; baseline -0.001 -6"><span class='ocrx_word' id='word_1_463' title='bbox 87 2566 217 2590; x_wconf 84' lang='lat' dir='ltr'><em>tentiarum</em></span> <span class='ocrx_word' id='word_1_464' title='bbox 234 2566 261 2589; x_wconf 85' lang='lat' dir='ltr'><em>de</em></span> <span class='ocrx_word' id='word_1_465' title='bbox 274 2566 441 2589; x_wconf 70' lang='lat' dir='ltr'><em>Incarnatione</em></span> <span class='ocrx_word' id='word_1_466' title='bbox 454 2566 522 2589; x_wconf 76' lang='lat' dir='ltr'><em>rertn‘.</em></span> <span class='ocrx_word' id='word_1_467' title='bbox 537 2566 598 2589; x_wconf 80' lang='lat' dir='ltr'><em>Deus</em></span> <span class='ocrx_word' id='word_1_468' title='bbox 610 2567 687 2589; x_wconf 77' lang='lat' dir='ltr'><em>antem</em></span> <span class='ocrx_word' id='word_1_469' title='bbox 695 2585 700 2594; x_wconf 91' lang='lat'><em>,</em></span> <span class='ocrx_word' id='word_1_470' title='bbox 715 2566 757 2596; x_wconf 79' lang='lat' dir='ltr'><em>qai</em></span> <span class='ocrx_word' id='word_1_471' title='bbox 767 2566 830 2589; x_wconf 76' lang='lat' dir='ltr'><em>‹tit-es</em></span> <span class='ocrx_word' id='word_1_472' title='bbox 841 2567 927 2589; x_wconf 82' lang='lat' dir='ltr'><em>estete.</em></span> 
     </span>
     <span class='ocr_line' id='line_1_53' title="bbox 87 2612 928 2641; baseline -0.001 -5"><span class='ocrx_word' id='word_1_473' title='bbox 87 2614 162 2637; x_wconf 82' lang='lat' dir='ltr'><em>Desin.</em></span> <span class='ocrx_word' id='word_1_474' title='bbox 179 2614 218 2636; x_wconf 91' lang='grc'>101.</span> <span class='ocrx_word' id='word_1_475' title='bbox 236 2613 293 2641; x_wconf 72' lang='grc'>241,</span> <span class='ocrx_word' id='word_1_476' title='bbox 311 2613 408 2636; x_wconf 85' lang='lat' dir='ltr'><em>distinct.</em></span> <span class='ocrx_word' id='word_1_477' title='bbox 427 2613 463 2635; x_wconf 71' lang='lat'><em>40.</em></span> <span class='ocrx_word' id='word_1_478' title='bbox 482 2613 537 2636; x_wconf 90' lang='lat' dir='ltr'><em>dub.</em></span> <span class='ocrx_word' id='word_1_479' title='bbox 555 2614 576 2635; x_wconf 87' lang='lat'><em>3.</em></span> <span class='ocrx_word' id='word_1_480' title='bbox 594 2614 629 2635; x_wconf 83' lang='lat' dir='ltr'><em>his</em></span> <span class='ocrx_word' id='word_1_481' title='bbox 641 2613 733 2635; x_wconf 81' lang='lat' dir='ltr'><em>verbis:</em></span> <span class='ocrx_word' id='word_1_482' title='bbox 751 2615 773 2636; x_wconf 80' lang='lat' dir='ltr'><em>et</em></span> <span class='ocrx_word' id='word_1_483' title='bbox 788 2620 861 2637; x_wconf 80' lang='lat' dir='ltr'><em>causa</em></span> <span class='ocrx_word' id='word_1_484' title='bbox 881 2612 928 2636; x_wconf 68' lang='lat' dir='ltr'><em>eati*-</em></span> 
     </span>
     <span class='ocr_line' id='line_1_54' title="bbox 86 2658 928 2689; baseline -0.001 -7"><span class='ocrx_word' id='word_1_485' title='bbox 86 2660 144 2687; x_wconf 82' lang='lat' dir='ltr'><em>stat,</em></span> <span class='ocrx_word' id='word_1_486' title='bbox 163 2658 247 2682; x_wconf 81' lang='lat' dir='ltr'><em>babeat</em></span> <span class='ocrx_word' id='word_1_487' title='bbox 264 2659 370 2688; x_wconf 79' lang='lat' dir='ltr'><em>aliquam</em></span> <span class='ocrx_word' id='word_1_488' title='bbox 387 2659 511 2687; x_wconf 80' lang='lat' dir='ltr'><em>virtulem,</em></span> <span class='ocrx_word' id='word_1_489' title='bbox 529 2665 572 2688; x_wconf 84' lang='lat' dir='ltr'><em>per</em></span> <span class='ocrx_word' id='word_1_490' title='bbox 587 2665 683 2689; x_wconf 83' lang='lat' dir='ltr'><em>quam...</em></span> <span class='ocrx_word' id='word_1_491' title='bbox 700 2659 777 2682; x_wconf 83' lang='lat' dir='ltr'><em>Cetera</em></span> <span class='ocrx_word' id='word_1_492' title='bbox 795 2659 928 2682; x_wconf 82' lang='lat' dir='ltr'><em>desideran-</em></span> 
     </span>
     <span class='ocr_line' id='line_1_55' title="bbox 86 2705 927 2733; baseline 0 -5"><span class='ocrx_word' id='word_1_493' title='bbox 86 2709 130 2728; x_wconf 85' lang='lat' dir='ltr'><em>tur.</em></span> <span class='ocrx_word' id='word_1_494' title='bbox 148 2706 251 2733; x_wconf 84' lang='lat' dir='ltr'><em>Scriptor</em></span> <span class='ocrx_word' id='word_1_495' title='bbox 276 2712 355 2728; x_wconf 83' lang='lat' dir='ltr'><em>reccns</em></span> <span class='ocrx_word' id='word_1_496' title='bbox 380 2706 400 2727; x_wconf 88' lang='lat' dir='ltr'><em>in</em></span> <span class='ocrx_word' id='word_1_497' title='bbox 424 2706 536 2733; x_wconf 82' lang='lat' dir='ltr'><em>principio</em></span> <span class='ocrx_word' id='word_1_498' title='bbox 557 2705 643 2728; x_wconf 86' lang='lat' dir='ltr'><em>codicis</em></span> <span class='ocrx_word' id='word_1_499' title='bbox 660 2707 745 2728; x_wconf 78' lang='lat' dir='ltr'><em>notavit</em></span> <span class='ocrx_word' id='word_1_500' title='bbox 763 2707 818 2728; x_wconf 86' lang='lat' dir='ltr'><em>hacc</em></span> <span class='ocrx_word' id='word_1_501' title='bbox 840 2706 927 2729; x_wconf 82' lang='lat' dir='ltr'><em>verba:</em></span> 
     </span>
     <span class='ocr_line' id='line_1_56' title="bbox 86 2752 493 2782; baseline 0 -7"><span class='ocrx_word' id='word_1_502' title='bbox 86 2752 255 2775; x_wconf 84' lang='lat' dir='ltr'><em>Bonoventura</em></span> <span class='ocrx_word' id='word_1_503' title='bbox 271 2758 344 2782; x_wconf 76' lang='lat' dir='ltr'><em>snper</em></span> <span class='ocrx_word' id='word_1_504' title='bbox 360 2752 493 2775; x_wconf 80' lang='lat' dir='ltr'><em>sententias.</em></span> 
     </span>
    </p>

    <p class='ocr_par' dir='ltr' id='par_1_11' title="bbox 87 2798 927 2920">
     <span class='ocr_line' id='line_1_57' title="bbox 149 2798 927 2827; baseline 0 -6"><span class='ocrx_word' id='word_1_505' title='bbox 149 2798 186 2820; x_wconf 65' lang='lat'><em>54.</em></span> <span class='ocrx_word' id='word_1_506' title='bbox 204 2798 301 2821; x_wconf 81' lang='lat' dir='ltr'><em>Pistorii</em></span> <span class='ocrx_word' id='word_1_507' title='bbox 316 2799 338 2820; x_wconf 92' lang='lat' dir='ltr'><em>in</em></span> <span class='ocrx_word' id='word_1_508' title='bbox 356 2798 428 2826; x_wconf 80' lang='lat' dir='ltr'><em>itaIta,</em></span> <span class='ocrx_word' id='word_1_509' title='bbox 447 2798 582 2821; x_wconf 77' lang='lat' dir='ltr'><em>bibliotheca</em></span> <span class='ocrx_word' id='word_1_510' title='bbox 601 2798 751 2827; x_wconf 83' lang='lat' dir='ltr'><em>Fortiguerri,</em></span> <span class='ocrx_word' id='word_1_511' title='bbox 769 2799 821 2822; x_wconf 89' lang='lat' dir='ltr'><em>cod.</em></span> <span class='ocrx_word' id='word_1_512' title='bbox 833 2799 858 2821; x_wconf 93' lang='lat' dir='ltr'><em>D.</em></span> <span class='ocrx_word' id='word_1_513' title='bbox 875 2800 927 2821; x_wconf 81' lang='lat'><em>309.</em></span> 
     </span>
     <span class='ocr_line' id='line_1_58' title="bbox 87 2844 927 2873; baseline 0.001 -6"><span class='ocrx_word' id='word_1_514' title='bbox 87 2844 186 2867; x_wconf 87' lang='lat' dir='ltr'><em>membr.</em></span> <span class='ocrx_word' id='word_1_515' title='bbox 204 2846 226 2867; x_wconf 93' lang='lat' dir='ltr'><em>in</em></span> <span class='ocrx_word' id='word_1_516' title='bbox 245 2845 281 2867; x_wconf 87' lang='grc'>101,</span> <span class='ocrx_word' id='word_1_517' title='bbox 299 2852 359 2867; x_wconf 73' lang='lat' dir='ltr'><em>sat-c.</em></span> <span class='ocrx_word' id='word_1_518' title='bbox 376 2845 436 2867; x_wconf 90' lang='lat' dir='ltr'><em>XIV.</em></span> <span class='ocrx_word' id='word_1_519' title='bbox 455 2847 540 2867; x_wconf 75' lang='lat' dir='ltr'><em>int-unt.</em></span> <span class='ocrx_word' id='word_1_520' title='bbox 557 2846 636 2873; x_wconf 78' lang='lat' dir='ltr'><em>Incipit</em></span> <span class='ocrx_word' id='word_1_521' title='bbox 653 2845 689 2868; x_wconf 84' lang='grc'>101,</span> <span class='ocrx_word' id='word_1_522' title='bbox 714 2846 720 2867; x_wconf 95' lang='grc'><em>1</em></span> <span class='ocrx_word' id='word_1_523' title='bbox 742 2852 760 2868; x_wconf 90' lang='lat' dir='ltr'><em>r.</em></span> <span class='ocrx_word' id='word_1_524' title='bbox 772 2848 794 2868; x_wconf 85' lang='lat' dir='ltr'><em>ct</em></span> <span class='ocrx_word' id='word_1_525' title='bbox 806 2846 878 2868; x_wconf 85' lang='lat' dir='ltr'><em>desin.</em></span> <span class='ocrx_word' id='word_1_526' title='bbox 890 2846 927 2868; x_wconf 86' lang='grc'>101.</span> 
     </span>
     <span class='ocr_line' id='line_1_59' title="bbox 88 2890 873 2920; baseline 0.003 -8"><span class='ocrx_word' id='word_1_527' title='bbox 88 2890 132 2912; x_wconf 77' lang='grc'><em>147</em></span> <span class='ocrx_word' id='word_1_528' title='bbox 149 2897 172 2913; x_wconf 85' lang='lat' dir='ltr'><em>v.</em></span> <span class='ocrx_word' id='word_1_529' title='bbox 189 2891 231 2913; x_wconf 84' lang='grc'>001.</span> <span class='ocrx_word' id='word_1_530' title='bbox 249 2892 270 2913; x_wconf 78' lang='lat'><em>2.</em></span> <span class='ocrx_word' id='word_1_531' title='bbox 289 2894 312 2914; x_wconf 88' lang='lat' dir='ltr'><em>ut</em></span> <span class='ocrx_word' id='word_1_532' title='bbox 329 2892 351 2913; x_wconf 92' lang='lat' dir='ltr'><em>in</em></span> <span class='ocrx_word' id='word_1_533' title='bbox 368 2891 442 2913; x_wconf 79' lang='lat' dir='ltr'><em>editis.</em></span> <span class='ocrx_word' id='word_1_534' title='bbox 460 2892 571 2914; x_wconf 79' lang='lat' dir='ltr'><em>Additur:</em></span> <span class='ocrx_word' id='word_1_535' title='bbox 590 2891 692 2920; x_wconf 67' lang='lat' dir='ltr'><em>Explicit</em></span> <span class='ocrx_word' id='word_1_536' title='bbox 710 2891 767 2914; x_wconf 80' lang='lat' dir='ltr'><em>liber</em></span> <span class='ocrx_word' id='word_1_537' title='bbox 783 2891 873 2914; x_wconf 80' lang='lat' dir='ltr'><em>tertius.</em></span> 
     </span>
    </p>

    <p class='ocr_par' dir='ltr' id='par_1_12' title="bbox 149 2937 927 2967">
     <span class='ocr_line' id='line_1_60' title="bbox 149 2937 927 2967; baseline 0.003 -7"><span class='ocrx_word' id='word_1_538' title='bbox 149 2938 186 2960; x_wconf 86' lang='lat'><em>55.</em></span> <span class='ocrx_word' id='word_1_539' title='bbox 204 2938 310 2967; x_wconf 70' lang='lat' dir='ltr'><em>Praqae,</em></span> <span class='ocrx_word' id='word_1_540' title='bbox 330 2937 465 2961; x_wconf 70' lang='lat' dir='ltr'><em>bibliotheca</em></span> <span class='ocrx_word' id='word_1_541' title='bbox 478 2937 574 2966; x_wconf 80' lang='lat' dir='ltr'><em>Capituli</em></span> <span class='ocrx_word' id='word_1_542' title='bbox 592 2938 771 2966; x_wconf 77' lang='lat' dir='ltr'><em>metropolitani,</em></span> <span class='ocrx_word' id='word_1_543' title='bbox 789 2938 840 2961; x_wconf 83' lang='lat' dir='ltr'><em>cod.</em></span> <span class='ocrx_word' id='word_1_544' title='bbox 852 2938 876 2961; x_wconf 94' lang='lat' dir='ltr'><em>C.</em></span> <span class='ocrx_word' id='word_1_545' title='bbox 890 2940 927 2962; x_wconf 74' lang='lat'><em>25.</em></span> 
     </span>
    </p>
   </div>
   <div class='ocr_carea' id='block_1_3' title="bbox 957 1425 961 2000">
    <p class='ocr_par' dir='ltr' id='par_1_13' title="bbox 957 1425 961 2000">
     <span class='ocr_line' id='line_1_61' title="bbox 957 1425 961 2000; baseline 0 0"><span class='ocrx_word' id='word_1_546' title='bbox 957 1425 961 2000; x_wconf 95' lang='lat' dir='ltr'><em> </em></span> 
     </span>
    </p>
   </div>
   <div class='ocr_carea' id='block_1_4' title="bbox 983 243 1835 2972">
    <p class='ocr_par' dir='ltr' id='par_1_14' title="bbox 991 243 1833 318">
     <span class='ocr_line' id='line_1_62' title="bbox 993 243 1833 272; baseline 0.005 -9"><span class='ocrx_word' id='word_1_547' title='bbox 993 243 1090 264; x_wconf 86' lang='lat' dir='ltr'><em>chartac.</em></span> <span class='ocrx_word' id='word_1_548' title='bbox 1108 249 1168 265; x_wconf 84' lang='lat' dir='ltr'><em>saec.</em></span> <span class='ocrx_word' id='word_1_549' title='bbox 1185 243 1244 265; x_wconf 87' lang='lat' dir='ltr'><em>XIV.</em></span> <span class='ocrx_word' id='word_1_550' title='bbox 1261 247 1351 266; x_wconf 85' lang='lat' dir='ltr'><em>exeunt.</em></span> <span class='ocrx_word' id='word_1_551' title='bbox 1370 244 1448 272; x_wconf 85' lang='lat' dir='ltr'><em>Incipit</em></span> <span class='ocrx_word' id='word_1_552' title='bbox 1464 247 1485 266; x_wconf 88' lang='lat' dir='ltr'><em>et</em></span> <span class='ocrx_word' id='word_1_553' title='bbox 1502 244 1574 267; x_wconf 82' lang='lat' dir='ltr'><em>desin.</em></span> <span class='ocrx_word' id='word_1_554' title='bbox 1593 247 1616 267; x_wconf 87' lang='lat' dir='ltr'><em>ut</em></span> <span class='ocrx_word' id='word_1_555' title='bbox 1632 245 1654 267; x_wconf 93' lang='lat' dir='ltr'><em>in</em></span> <span class='ocrx_word' id='word_1_556' title='bbox 1672 245 1725 267; x_wconf 86' lang='lat' dir='ltr'><em>edit.</em></span> <span class='ocrx_word' id='word_1_557' title='bbox 1749 246 1770 267; x_wconf 92' lang='lat' dir='ltr'><em>In</em></span> <span class='ocrx_word' id='word_1_558' title='bbox 1789 245 1833 268; x_wconf 84' lang='lat' dir='ltr'><em>tine</em></span> 
     </span>
     <span class='ocr_line' id='line_1_63' title="bbox 991 288 1390 318; baseline 0.005 -8"><span class='ocrx_word' id='word_1_559' title='bbox 991 288 1111 311; x_wconf 86' lang='lat' dir='ltr'><em>subiicitur</em></span> <span class='ocrx_word' id='word_1_560' title='bbox 1127 289 1203 311; x_wconf 84' lang='lat' dir='ltr'><em>tabula</em></span> <span class='ocrx_word' id='word_1_561' title='bbox 1221 290 1390 318; x_wconf 78' lang='lat' dir='ltr'><em>quaestionum.</em></span> 
     </span>
    </p>

    <p class='ocr_par' dir='ltr' id='par_1_15' title="bbox 991 335 1834 551">
     <span class='ocr_line' id='line_1_64' title="bbox 1055 335 1833 365; baseline 0.004 -8"><span class='ocrx_word' id='word_1_562' title='bbox 1055 335 1091 357; x_wconf 78' lang='lat'><em>56.</em></span> <span class='ocrx_word' id='word_1_563' title='bbox 1104 335 1249 365; x_wconf 74' lang='lat' dir='ltr'><em>Reyimontii,</em></span> <span class='ocrx_word' id='word_1_564' title='bbox 1264 336 1401 359; x_wconf 75' lang='lat' dir='ltr'><em>bibliotheca</em></span> <span class='ocrx_word' id='word_1_565' title='bbox 1414 337 1577 365; x_wconf 80' lang='lat' dir='ltr'><em>Universitatis,</em></span> <span class='ocrx_word' id='word_1_566' title='bbox 1590 338 1640 360; x_wconf 89' lang='lat' dir='ltr'><em>cod.</em></span> <span class='ocrx_word' id='word_1_567' title='bbox 1654 338 1662 359; x_wconf 87' lang='grc'><em>1</em></span> <span class='ocrx_word' id='word_1_568' title='bbox 1673 339 1722 360; x_wconf 68' lang='lat' dir='ltr'><em>tot.</em></span> <span class='ocrx_word' id='word_1_569' title='bbox 1735 338 1833 361; x_wconf 81' lang='lat' dir='ltr'><em>membr.</em></span> 
     </span>
     <span class='ocr_line' id='line_1_65' title="bbox 992 381 1834 413; baseline 0.004 -10"><span class='ocrx_word' id='word_1_570' title='bbox 992 382 1014 403; x_wconf 92' lang='lat' dir='ltr'><em>in</em></span> <span class='ocrx_word' id='word_1_571' title='bbox 1033 381 1053 404; x_wconf 73' lang='lat'><em>4.</em></span> <span class='ocrx_word' id='word_1_572' title='bbox 1070 388 1129 404; x_wconf 85' lang='lat' dir='ltr'><em>saec.</em></span> <span class='ocrx_word' id='word_1_573' title='bbox 1147 382 1207 404; x_wconf 93' lang='lat' dir='ltr'><em>XIV.</em></span> <span class='ocrx_word' id='word_1_574' title='bbox 1233 384 1317 405; x_wconf 85' lang='lat' dir='ltr'><em>ineunt.</em></span> <span class='ocrx_word' id='word_1_575' title='bbox 1335 383 1380 405; x_wconf 89' lang='lat' dir='ltr'><em>Fol.</em></span> <span class='ocrx_word' id='word_1_576' title='bbox 1399 384 1412 405; x_wconf 80' lang='lat'>2</span> <span class='ocrx_word' id='word_1_577' title='bbox 1429 390 1447 406; x_wconf 92' lang='lat' dir='ltr'><em>r.</em></span> <span class='ocrx_word' id='word_1_578' title='bbox 1465 384 1515 406; x_wconf 89' lang='lat' dir='ltr'><em>stilo</em></span> <span class='ocrx_word' id='word_1_579' title='bbox 1533 384 1634 412; x_wconf 84' lang='lat' dir='ltr'><em>lapideo,</em></span> <span class='ocrx_word' id='word_1_580' title='bbox 1653 385 1693 407; x_wconf 81' lang='lat' dir='ltr'><em>sed</em></span> <span class='ocrx_word' id='word_1_581' title='bbox 1710 385 1834 413; x_wconf 86' lang='lat' dir='ltr'><em>antiquitus</em></span> 
     </span>
     <span class='ocr_line' id='line_1_66' title="bbox 992 429 1834 456; baseline 0.004 -6"><span class='ocrx_word' id='word_1_582' title='bbox 992 429 1103 456; x_wconf 84' lang='lat' dir='ltr'><em>scriptum</em></span> <span class='ocrx_word' id='word_1_583' title='bbox 1122 432 1170 451; x_wconf 87' lang='lat' dir='ltr'><em>est:</em></span> <span class='ocrx_word' id='word_1_584' title='bbox 1188 429 1215 451; x_wconf 85' lang='lat' dir='ltr'><em>In</em></span> <span class='ocrx_word' id='word_1_585' title='bbox 1232 429 1276 452; x_wconf 81' lang='lat' dir='ltr'><em>Itoc</em></span> <span class='ocrx_word' id='word_1_586' title='bbox 1293 429 1353 452; x_wconf 86' lang='lat' dir='ltr'><em>libro</em></span> <span class='ocrx_word' id='word_1_587' title='bbox 1370 430 1521 453; x_wconf 83' lang='lat' dir='ltr'><em>continentur</em></span> <span class='ocrx_word' id='word_1_588' title='bbox 1532 431 1698 454; x_wconf 72' lang='lat' dir='ltr'><em>Bonaveuture</em></span> <span class='ocrx_word' id='word_1_589' title='bbox 1709 431 1834 454; x_wconf 84' lang='lat' dir='ltr'><em>distinctio-</em></span> 
     </span>
     <span class='ocr_line' id='line_1_67' title="bbox 991 476 1834 507; baseline 0.004 -9"><span class='ocrx_word' id='word_1_590' title='bbox 991 481 1033 498; x_wconf 75' lang='lat' dir='ltr'><em>nes</em></span> <span class='ocrx_word' id='word_1_591' title='bbox 1049 481 1120 505; x_wconf 81' lang='lat' dir='ltr'><em>saper</em></span> <span class='ocrx_word' id='word_1_592' title='bbox 1144 476 1239 499; x_wconf 81' lang='lat' dir='ltr'><em>tertium</em></span> <span class='ocrx_word' id='word_1_593' title='bbox 1259 477 1436 500; x_wconf 78' lang='lat' dir='ltr'><em>sententiarum.</em></span> <span class='ocrx_word' id='word_1_594' title='bbox 1454 477 1638 501; x_wconf 83' lang='lat' dir='ltr'><em>Commentarius</em></span> <span class='ocrx_word' id='word_1_595' title='bbox 1654 479 1778 507; x_wconf 87' lang='lat' dir='ltr'><em>aliquando</em></span> <span class='ocrx_word' id='word_1_596' title='bbox 1800 482 1834 501; x_wconf 86' lang='lat' dir='ltr'><em>cst</em></span> 
     </span>
     <span class='ocr_line' id='line_1_68' title="bbox 991 523 1697 551; baseline 0.004 -7"><span class='ocrx_word' id='word_1_597' title='bbox 991 525 1132 549; x_wconf 80' lang='lat' dir='ltr'><em>contractus,</em></span> <span class='ocrx_word' id='word_1_598' title='bbox 1150 523 1274 551; x_wconf 86' lang='lat' dir='ltr'><em>aliquando</em></span> <span class='ocrx_word' id='word_1_599' title='bbox 1291 524 1441 551; x_wconf 76' lang='lat' dir='ltr'><em>interpolatus</em></span> <span class='ocrx_word' id='word_1_600' title='bbox 1458 527 1480 547; x_wconf 88' lang='lat' dir='ltr'><em>ct</em></span> <span class='ocrx_word' id='word_1_601' title='bbox 1496 525 1517 546; x_wconf 93' lang='lat' dir='ltr'><em>in</em></span> <span class='ocrx_word' id='word_1_602' title='bbox 1536 524 1579 547; x_wconf 83' lang='lat' dir='ltr'><em>fine</em></span> <span class='ocrx_word' id='word_1_603' title='bbox 1597 525 1697 547; x_wconf 89' lang='lat' dir='ltr'><em>mutilus.</em></span> 
     </span>
    </p>

    <p class='ocr_par' dir='ltr' id='par_1_16' title="bbox 989 569 1834 831">
     <span class='ocr_line' id='line_1_69' title="bbox 1054 569 1833 599; baseline 0.003 -7"><span class='ocrx_word' id='word_1_604' title='bbox 1054 570 1091 592; x_wconf 84' lang='lat'><em>57.</em></span> <span class='ocrx_word' id='word_1_605' title='bbox 1117 569 1216 597; x_wconf 76' lang='lat' dir='ltr'><em>Romae,</em></span> <span class='ocrx_word' id='word_1_606' title='bbox 1243 571 1265 592; x_wconf 91' lang='lat' dir='ltr'><em>in</em></span> <span class='ocrx_word' id='word_1_607' title='bbox 1291 570 1428 593; x_wconf 71' lang='lat' dir='ltr'><em>bibliotheca</em></span> <span class='ocrx_word' id='word_1_608' title='bbox 1454 571 1574 599; x_wconf 84' lang='lat' dir='ltr'><em>Vaticana,</em></span> <span class='ocrx_word' id='word_1_609' title='bbox 1600 572 1650 594; x_wconf 86' lang='lat' dir='ltr'><em>cod.</em></span> <span class='ocrx_word' id='word_1_610' title='bbox 1676 571 1754 594; x_wconf 84' lang='lat' dir='ltr'><em>Urbin.</em></span> <span class='ocrx_word' id='word_1_611' title='bbox 1781 572 1833 594; x_wconf 73' lang='grc'>143.</span> 
     </span>
     <span class='ocr_line' id='line_1_70' title="bbox 991 615 1833 644; baseline 0.004 -7"><span class='ocrx_word' id='word_1_612' title='bbox 991 615 1090 638; x_wconf 84' lang='lat' dir='ltr'><em>membr.</em></span> <span class='ocrx_word' id='word_1_613' title='bbox 1107 616 1128 637; x_wconf 91' lang='lat' dir='ltr'><em>in</em></span> <span class='ocrx_word' id='word_1_614' title='bbox 1146 616 1183 638; x_wconf 82' lang='lat' dir='ltr'><em>iol.</em></span> <span class='ocrx_word' id='word_1_615' title='bbox 1202 622 1260 638; x_wconf 81' lang='lat' dir='ltr'><em>saec.</em></span> <span class='ocrx_word' id='word_1_616' title='bbox 1280 616 1329 638; x_wconf 87' lang='lat' dir='ltr'><em>XV.</em></span> <span class='ocrx_word' id='word_1_617' title='bbox 1349 616 1426 644; x_wconf 86' lang='lat' dir='ltr'><em>Incipit</em></span> <span class='ocrx_word' id='word_1_618' title='bbox 1444 617 1481 639; x_wconf 85' lang='lat' dir='ltr'><em>sol.</em></span> <span class='ocrx_word' id='word_1_619' title='bbox 1499 618 1512 639; x_wconf 85' lang='lat'><strong>3</strong></span> <span class='ocrx_word' id='word_1_620' title='bbox 1529 624 1547 640; x_wconf 92' lang='lat' dir='ltr'><em>r.</em></span> <span class='ocrx_word' id='word_1_621' title='bbox 1566 623 1618 639; x_wconf 90' lang='lat' dir='ltr'><em>cum</em></span> <span class='ocrx_word' id='word_1_622' title='bbox 1637 619 1680 640; x_wconf 88' lang='lat' dir='ltr'><em>hoc</em></span> <span class='ocrx_word' id='word_1_623' title='bbox 1701 618 1780 640; x_wconf 89' lang='lat' dir='ltr'><em>titulo:</em></span> <span class='ocrx_word' id='word_1_624' title='bbox 1798 619 1833 641; x_wconf 90' lang='lat' dir='ltr'><em>In-</em></span> 
     </span>
     <span class='ocr_line' id='line_1_71' title="bbox 991 661 1834 692; baseline 0.004 -7"><span class='ocrx_word' id='word_1_625' title='bbox 991 661 1047 691; x_wconf 86' lang='lat' dir='ltr'><em>cipit</em></span> <span class='ocrx_word' id='word_1_626' title='bbox 1063 661 1145 684; x_wconf 85' lang='lat' dir='ltr'><em>!ertius</em></span> <span class='ocrx_word' id='word_1_627' title='bbox 1161 662 1327 685; x_wconf 81' lang='lat' dir='ltr'><em>Bonaventure</em></span> <span class='ocrx_word' id='word_1_628' title='bbox 1344 662 1434 685; x_wconf 83' lang='lat' dir='ltr'><em>ordinis</em></span> <span class='ocrx_word' id='word_1_629' title='bbox 1449 662 1556 692; x_wconf 80' lang='lat' dir='ltr'><em>fratrum</em></span> <span class='ocrx_word' id='word_1_630' title='bbox 1572 663 1701 687; x_wconf 81' lang='lat' dir='ltr'><em>minorum.</em></span> <span class='ocrx_word' id='word_1_631' title='bbox 1719 665 1782 687; x_wconf 75' lang='lat' dir='ltr'><em>Dens</em></span> <span class='ocrx_word' id='word_1_632' title='bbox 1793 671 1834 688; x_wconf 81' lang='lat' dir='ltr'><em>au-</em></span> 
     </span>
     <span class='ocr_line' id='line_1_72' title="bbox 991 707 1834 738; baseline 0.006 -8"><span class='ocrx_word' id='word_1_633' title='bbox 991 709 1047 736; x_wconf 80' lang='lat' dir='ltr'><em>tem,</em></span> <span class='ocrx_word' id='word_1_634' title='bbox 1062 707 1104 738; x_wconf 83' lang='lat' dir='ltr'><em>qai</em></span> <span class='ocrx_word' id='word_1_635' title='bbox 1114 707 1178 731; x_wconf 79' lang='lat' dir='ltr'><em>dives</em></span> <span class='ocrx_word' id='word_1_636' title='bbox 1189 709 1224 730; x_wconf 81' lang='lat' dir='ltr'><em>est</em></span> <span class='ocrx_word' id='word_1_637' title='bbox 1234 710 1276 730; x_wconf 82' lang='lat' dir='ltr'><em>etc.</em></span> <span class='ocrx_word' id='word_1_638' title='bbox 1288 708 1363 731; x_wconf 88' lang='lat' dir='ltr'><em>Desin.</em></span> <span class='ocrx_word' id='word_1_639' title='bbox 1377 712 1401 731; x_wconf 92' lang='lat' dir='ltr'><em>ut</em></span> <span class='ocrx_word' id='word_1_640' title='bbox 1413 710 1434 731; x_wconf 92' lang='lat' dir='ltr'><em>in</em></span> <span class='ocrx_word' id='word_1_641' title='bbox 1446 709 1520 732; x_wconf 84' lang='lat' dir='ltr'><em>editis.</em></span> <span class='ocrx_word' id='word_1_642' title='bbox 1538 710 1623 732; x_wconf 82' lang='lat' dir='ltr'><em>Deinde</em></span> <span class='ocrx_word' id='word_1_643' title='bbox 1640 711 1747 734; x_wconf 83' lang='lat' dir='ltr'><em>additur:</em></span> <span class='ocrx_word' id='word_1_644' title='bbox 1765 711 1834 735; x_wconf 79' lang='lat' dir='ltr'><em>Liber</em></span> 
     </span>
     <span class='ocr_line' id='line_1_73' title="bbox 990 752 1833 786; baseline 0.007 -11"><span class='ocrx_word' id='word_1_645' title='bbox 990 752 1073 776; x_wconf 85' lang='lat' dir='ltr'><em>tertius</em></span> <span class='ocrx_word' id='word_1_646' title='bbox 1090 753 1256 776; x_wconf 78' lang='lat' dir='ltr'><em>Bonaventure</em></span> <span class='ocrx_word' id='word_1_647' title='bbox 1278 753 1369 777; x_wconf 77' lang='lat' dir='ltr'><em>ordinis</em></span> <span class='ocrx_word' id='word_1_648' title='bbox 1393 754 1500 783; x_wconf 79' lang='lat' dir='ltr'><em>fratrum</em></span> <span class='ocrx_word' id='word_1_649' title='bbox 1524 755 1645 779; x_wconf 83' lang='lat' dir='ltr'><em>minorum</em></span> <span class='ocrx_word' id='word_1_650' title='bbox 1669 763 1741 786; x_wconf 77' lang='lat' dir='ltr'><em>super</em></span> <span class='ocrx_word' id='word_1_651' title='bbox 1766 757 1833 781; x_wconf 76' lang='lat' dir='ltr'><em>tertio</em></span> 
     </span>
     <span class='ocr_line' id='line_1_74' title="bbox 989 799 1790 831; baseline 0.005 -9"><span class='ocrx_word' id='word_1_652' title='bbox 989 799 1160 822; x_wconf 79' lang='lat' dir='ltr'><em>sententiarum</em></span> <span class='ocrx_word' id='word_1_653' title='bbox 1177 799 1273 828; x_wconf 67' lang='lat' dir='ltr'><em>ewplicit</em></span> <span class='ocrx_word' id='word_1_654' title='bbox 1287 799 1393 829; x_wconf 85' lang='lat' dir='ltr'><em>feliciter.</em></span> <span class='ocrx_word' id='word_1_655' title='bbox 1411 802 1519 829; x_wconf 84' lang='lat' dir='ltr'><em>Sequitur</em></span> <span class='ocrx_word' id='word_1_656' title='bbox 1536 802 1603 824; x_wconf 88' lang='lat' dir='ltr'><em>index</em></span> <span class='ocrx_word' id='word_1_657' title='bbox 1621 804 1790 831; x_wconf 86' lang='lat' dir='ltr'><em>quaestionum.</em></span> 
     </span>
    </p>

    <p class='ocr_par' dir='ltr' id='par_1_17' title="bbox 990 844 1835 1016">
     <span class='ocr_line' id='line_1_75' title="bbox 1052 844 1833 875; baseline 0.006 -8"><span class='ocrx_word' id='word_1_658' title='bbox 1052 845 1090 867; x_wconf 73' lang='lat'><em>58.</em></span> <span class='ocrx_word' id='word_1_659' title='bbox 1107 844 1248 874; x_wconf 72' lang='lat' dir='ltr'><em>Ilotltomaqi</em></span> <span class='ocrx_word' id='word_1_660' title='bbox 1263 846 1284 867; x_wconf 92' lang='lat' dir='ltr'><em>in</em></span> <span class='ocrx_word' id='word_1_661' title='bbox 1302 846 1384 873; x_wconf 82' lang='lat' dir='ltr'><em>Gallia,</em></span> <span class='ocrx_word' id='word_1_662' title='bbox 1402 846 1539 869; x_wconf 83' lang='lat' dir='ltr'><em>bibliotheca</em></span> <span class='ocrx_word' id='word_1_663' title='bbox 1552 847 1665 875; x_wconf 70' lang='lat' dir='ltr'><em>Civitatis,</em></span> <span class='ocrx_word' id='word_1_664' title='bbox 1679 849 1730 870; x_wconf 92' lang='lat' dir='ltr'><em>cod.</em></span> <span class='ocrx_word' id='word_1_665' title='bbox 1742 850 1767 871; x_wconf 85' lang='grc' dir='ltr'><em>Α.</em></span> <span class='ocrx_word' id='word_1_666' title='bbox 1783 850 1833 872; x_wconf 75' lang='lat' dir='ltr'><em>iso.</em></span> 
     </span>
     <span class='ocr_line' id='line_1_76' title="bbox 991 891 1833 922; baseline 0.006 -9"><span class='ocrx_word' id='word_1_667' title='bbox 991 891 1089 914; x_wconf 82' lang='lat' dir='ltr'><em>membr.</em></span> <span class='ocrx_word' id='word_1_668' title='bbox 1107 893 1129 914; x_wconf 93' lang='lat' dir='ltr'><em>in</em></span> <span class='ocrx_word' id='word_1_669' title='bbox 1148 892 1184 914; x_wconf 87' lang='grc'>101.</span> <span class='ocrx_word' id='word_1_670' title='bbox 1201 898 1260 915; x_wconf 83' lang='lat' dir='ltr'><em>saec.</em></span> <span class='ocrx_word' id='word_1_671' title='bbox 1280 893 1335 915; x_wconf 89' lang='lat' dir='ltr'><em>XIII.</em></span> <span class='ocrx_word' id='word_1_672' title='bbox 1352 896 1443 916; x_wconf 80' lang='lat' dir='ltr'><em>exeunt.</em></span> <span class='ocrx_word' id='word_1_673' title='bbox 1460 894 1530 922; x_wconf 87' lang='lat' dir='ltr'><em>lncip.</em></span> <span class='ocrx_word' id='word_1_674' title='bbox 1553 895 1590 916; x_wconf 88' lang='grc'>101.</span> <span class='ocrx_word' id='word_1_675' title='bbox 1610 896 1617 916; x_wconf 93' lang='grc'><em>1</em></span> <span class='ocrx_word' id='word_1_676' title='bbox 1639 901 1657 917; x_wconf 91' lang='lat' dir='ltr'><em>r.</em></span> <span class='ocrx_word' id='word_1_677' title='bbox 1675 896 1716 917; x_wconf 75' lang='lat' dir='ltr'><em>col.</em></span> <span class='ocrx_word' id='word_1_678' title='bbox 1739 897 1756 918; x_wconf 93' lang='grc'><em>1.</em></span> <span class='ocrx_word' id='word_1_679' title='bbox 1773 900 1794 918; x_wconf 84' lang='lat' dir='ltr'><em>et</em></span> <span class='ocrx_word' id='word_1_680' title='bbox 1812 898 1833 919; x_wconf 89' lang='lat' dir='ltr'><em>in</em></span> 
     </span>
     <span class='ocr_line' id='line_1_77' title="bbox 991 939 1835 972; baseline 0.007 -12"><span class='ocrx_word' id='word_1_681' title='bbox 991 939 1036 961; x_wconf 79' lang='lat' dir='ltr'><em>fine</em></span> <span class='ocrx_word' id='word_1_682' title='bbox 1052 939 1125 961; x_wconf 90' lang='lat' dir='ltr'><em>desin.</em></span> <span class='ocrx_word' id='word_1_683' title='bbox 1143 942 1168 962; x_wconf 91' lang='lat' dir='ltr'><em>ut</em></span> <span class='ocrx_word' id='word_1_684' title='bbox 1184 940 1206 961; x_wconf 91' lang='lat' dir='ltr'><em>in</em></span> <span class='ocrx_word' id='word_1_685' title='bbox 1223 940 1296 962; x_wconf 78' lang='grc'>0111115.</span> <span class='ocrx_word' id='word_1_686' title='bbox 1319 941 1335 961; x_wconf 92' lang='grc' dir='ltr'>Α</span> <span class='ocrx_word' id='word_1_687' title='bbox 1357 941 1431 968; x_wconf 90' lang='lat' dir='ltr'><em>prima</em></span> <span class='ocrx_word' id='word_1_688' title='bbox 1449 946 1518 963; x_wconf 90' lang='lat' dir='ltr'><em>manu</em></span> <span class='ocrx_word' id='word_1_689' title='bbox 1536 941 1671 964; x_wconf 85' lang='lat' dir='ltr'><em>subiicitur:</em></span> <span class='ocrx_word' id='word_1_690' title='bbox 1689 943 1792 972; x_wconf 67' lang='lat' dir='ltr'><em>Empticit</em></span> <span class='ocrx_word' id='word_1_691' title='bbox 1810 943 1835 966; x_wconf 88' lang='lat' dir='ltr'><em>li-</em></span> 
     </span>
     <span class='ocr_line' id='line_1_78' title="bbox 990 984 1655 1016; baseline 0.005 -8"><span class='ocrx_word' id='word_1_692' title='bbox 990 984 1031 1008; x_wconf 84' lang='lat' dir='ltr'><em>ber</em></span> <span class='ocrx_word' id='word_1_693' title='bbox 1048 985 1131 1008; x_wconf 76' lang='lat' dir='ltr'><em>tertius</em></span> <span class='ocrx_word' id='word_1_694' title='bbox 1147 985 1233 1015; x_wconf 80' lang='lat' dir='ltr'><em>fratris</em></span> <span class='ocrx_word' id='word_1_695' title='bbox 1249 986 1415 1009; x_wconf 81' lang='lat' dir='ltr'><em>Bonaventare</em></span> <span class='ocrx_word' id='word_1_696' title='bbox 1432 992 1504 1016; x_wconf 72' lang='lat' dir='ltr'><em>super</em></span> <span class='ocrx_word' id='word_1_697' title='bbox 1520 988 1655 1011; x_wconf 77' lang='lat' dir='ltr'><em>sententias.</em></span> 
     </span>
    </p>

    <p class='ocr_par' dir='ltr' id='par_1_18' title="bbox 989 1032 1835 1194">
     <span class='ocr_line' id='line_1_79' title="bbox 1053 1032 1834 1062; baseline 0.005 -8"><span class='ocrx_word' id='word_1_698' title='bbox 1053 1032 1091 1054; x_wconf 84' lang='lat'><em>59.</em></span> <span class='ocrx_word' id='word_1_699' title='bbox 1111 1032 1224 1061; x_wconf 83' lang='lat' dir='ltr'><em>Taurini,</em></span> <span class='ocrx_word' id='word_1_700' title='bbox 1239 1032 1376 1056; x_wconf 84' lang='lat' dir='ltr'><em>bibliotheca</em></span> <span class='ocrx_word' id='word_1_701' title='bbox 1389 1035 1465 1062; x_wconf 80' lang='lat' dir='ltr'><em>regia,</em></span> <span class='ocrx_word' id='word_1_702' title='bbox 1483 1034 1534 1057; x_wconf 87' lang='lat' dir='ltr'><em>cod.</em></span> <span class='ocrx_word' id='word_1_703' title='bbox 1551 1035 1574 1056; x_wconf 88' lang='lat' dir='ltr'><em>F.</em></span> <span class='ocrx_word' id='word_1_704' title='bbox 1592 1035 1628 1057; x_wconf 90' lang='lat' dir='ltr'><em>IV.</em></span> <span class='ocrx_word' id='word_1_705' title='bbox 1646 1036 1683 1057; x_wconf 88' lang='grc'><em>31.</em></span> <span class='ocrx_word' id='word_1_706' title='bbox 1701 1036 1799 1058; x_wconf 86' lang='lat' dir='ltr'><em>membr.</em></span> <span class='ocrx_word' id='word_1_707' title='bbox 1812 1037 1834 1059; x_wconf 96' lang='lat' dir='ltr'><em>in</em></span> 
     </span>
     <span class='ocr_line' id='line_1_80' title="bbox 990 1079 1834 1107; baseline 0.006 -7"><span class='ocrx_word' id='word_1_708' title='bbox 990 1079 1027 1102; x_wconf 91' lang='grc'>101.</span> <span class='ocrx_word' id='word_1_709' title='bbox 1046 1085 1106 1102; x_wconf 82' lang='grc'>51100.</span> <span class='ocrx_word' id='word_1_710' title='bbox 1124 1079 1178 1101; x_wconf 83' lang='lat' dir='ltr'><em>XIII.</em></span> <span class='ocrx_word' id='word_1_711' title='bbox 1198 1079 1266 1107; x_wconf 82' lang='lat' dir='ltr'><em>Incip.</em></span> <span class='ocrx_word' id='word_1_712' title='bbox 1280 1080 1317 1102; x_wconf 81' lang='lat' dir='ltr'><em>fol.</em></span> <span class='ocrx_word' id='word_1_713' title='bbox 1337 1081 1344 1101; x_wconf 96' lang='grc'><em>1</em></span> <span class='ocrx_word' id='word_1_714' title='bbox 1367 1086 1384 1102; x_wconf 86' lang='grc'><em>1.</em></span> <span class='ocrx_word' id='word_1_715' title='bbox 1401 1084 1423 1102; x_wconf 90' lang='lat' dir='ltr'><em>et</em></span> <span class='ocrx_word' id='word_1_716' title='bbox 1441 1081 1512 1103; x_wconf 78' lang='lat' dir='ltr'><em>desin.</em></span> <span class='ocrx_word' id='word_1_717' title='bbox 1531 1081 1568 1103; x_wconf 84' lang='lat' dir='ltr'><em>tot.</em></span> <span class='ocrx_word' id='word_1_718' title='bbox 1591 1082 1631 1104; x_wconf 81' lang='grc'><em>165</em></span> <span class='ocrx_word' id='word_1_719' title='bbox 1648 1088 1666 1104; x_wconf 91' lang='lat' dir='ltr'><em>r.</em></span> <span class='ocrx_word' id='word_1_720' title='bbox 1684 1086 1709 1104; x_wconf 92' lang='lat' dir='ltr'><em>ut</em></span> <span class='ocrx_word' id='word_1_721' title='bbox 1725 1083 1746 1104; x_wconf 90' lang='lat' dir='ltr'><em>in</em></span> <span class='ocrx_word' id='word_1_722' title='bbox 1760 1083 1834 1106; x_wconf 78' lang='lat' dir='ltr'><em>editis.</em></span> 
     </span>
     <span class='ocr_line' id='line_1_81' title="bbox 989 1125 1835 1157; baseline 0.005 -10"><span class='ocrx_word' id='word_1_723' title='bbox 989 1125 1023 1147; x_wconf 84' lang='lat' dir='ltr'><em>Ad</em></span> <span class='ocrx_word' id='word_1_724' title='bbox 1042 1126 1127 1148; x_wconf 77' lang='lat' dir='ltr'><em>calcem</em></span> <span class='ocrx_word' id='word_1_725' title='bbox 1145 1127 1303 1148; x_wconf 80' lang='lat' dir='ltr'><em>commentarii</em></span> <span class='ocrx_word' id='word_1_726' title='bbox 1320 1126 1441 1149; x_wconf 79' lang='lat' dir='ltr'><em>subiicitur</em></span> <span class='ocrx_word' id='word_1_727' title='bbox 1458 1127 1534 1149; x_wconf 84' lang='lat' dir='ltr'><em>tabula</em></span> <span class='ocrx_word' id='word_1_728' title='bbox 1548 1127 1719 1150; x_wconf 84' lang='lat' dir='ltr'><em>distinctionum</em></span> <span class='ocrx_word' id='word_1_729' title='bbox 1732 1131 1753 1150; x_wconf 87' lang='lat' dir='ltr'><em>ct</em></span> <span class='ocrx_word' id='word_1_730' title='bbox 1765 1135 1835 1157; x_wconf 83' lang='lat' dir='ltr'><em>quae-</em></span> 
     </span>
     <span class='ocr_line' id='line_1_82' title="bbox 989 1173 1096 1194; baseline 0 0"><span class='ocrx_word' id='word_1_731' title='bbox 989 1173 1096 1194; x_wconf 89' lang='lat' dir='ltr'><em>stionum.</em></span> 
     </span>
    </p>

    <p class='ocr_par' dir='ltr' id='par_1_19' title="bbox 989 1219 1835 1391">
     <span class='ocr_line' id='line_1_83' title="bbox 1052 1219 1835 1248; baseline 0.005 -6"><span class='ocrx_word' id='word_1_732' title='bbox 1052 1220 1089 1242; x_wconf 88' lang='grc'><em>60.</em></span> <span class='ocrx_word' id='word_1_733' title='bbox 1108 1219 1204 1248; x_wconf 80' lang='lat' dir='ltr'><em>Ibidem,</em></span> <span class='ocrx_word' id='word_1_734' title='bbox 1225 1220 1276 1242; x_wconf 87' lang='lat' dir='ltr'><em>cod.</em></span> <span class='ocrx_word' id='word_1_735' title='bbox 1293 1221 1320 1243; x_wconf 82' lang='lat' dir='ltr'><em>K.</em></span> <span class='ocrx_word' id='word_1_736' title='bbox 1339 1221 1370 1242; x_wconf 92' lang='lat' dir='ltr'><em>III.</em></span> <span class='ocrx_word' id='word_1_737' title='bbox 1390 1221 1425 1243; x_wconf 82' lang='lat' dir='ltr'><em>t2.</em></span> <span class='ocrx_word' id='word_1_738' title='bbox 1443 1221 1542 1244; x_wconf 82' lang='lat' dir='ltr'><em>membr.</em></span> <span class='ocrx_word' id='word_1_739' title='bbox 1559 1223 1581 1244; x_wconf 92' lang='grc'><em>111</em></span> <span class='ocrx_word' id='word_1_740' title='bbox 1599 1223 1636 1245; x_wconf 86' lang='lat' dir='ltr'><em>tol.</em></span> <span class='ocrx_word' id='word_1_741' title='bbox 1654 1229 1714 1245; x_wconf 83' lang='lat' dir='ltr'><em>saec.</em></span> <span class='ocrx_word' id='word_1_742' title='bbox 1731 1223 1791 1246; x_wconf 87' lang='lat' dir='ltr'><em>XIV.</em></span> <span class='ocrx_word' id='word_1_743' title='bbox 1804 1224 1835 1246; x_wconf 91' lang='lat' dir='ltr'><em>In-</em></span> 
     </span>
     <span class='ocr_line' id='line_1_84' title="bbox 989 1267 1834 1295; baseline 0.004 -5"><span class='ocrx_word' id='word_1_744' title='bbox 989 1268 1044 1295; x_wconf 84' lang='lat' dir='ltr'><em>cipit</em></span> <span class='ocrx_word' id='word_1_745' title='bbox 1062 1267 1099 1289; x_wconf 86' lang='grc'>101.</span> <span class='ocrx_word' id='word_1_746' title='bbox 1118 1268 1126 1289; x_wconf 97' lang='grc'><em>1</em></span> <span class='ocrx_word' id='word_1_747' title='bbox 1149 1274 1167 1290; x_wconf 92' lang='lat' dir='ltr'><em>r.</em></span> <span class='ocrx_word' id='word_1_748' title='bbox 1185 1270 1207 1290; x_wconf 81' lang='lat' dir='ltr'><em>et</em></span> <span class='ocrx_word' id='word_1_749' title='bbox 1224 1268 1296 1290; x_wconf 87' lang='lat' dir='ltr'><em>desin.</em></span> <span class='ocrx_word' id='word_1_750' title='bbox 1314 1268 1351 1290; x_wconf 80' lang='lat' dir='ltr'><em>tol.</em></span> <span class='ocrx_word' id='word_1_751' title='bbox 1370 1269 1414 1290; x_wconf 75' lang='lat'><em>228</em></span> <span class='ocrx_word' id='word_1_752' title='bbox 1432 1275 1454 1290; x_wconf 88' lang='lat' dir='ltr'><em>v.</em></span> <span class='ocrx_word' id='word_1_753' title='bbox 1473 1272 1497 1292; x_wconf 89' lang='lat' dir='ltr'><em>ut</em></span> <span class='ocrx_word' id='word_1_754' title='bbox 1514 1270 1590 1292; x_wconf 87' lang='lat' dir='ltr'><em>ceteri.</em></span> <span class='ocrx_word' id='word_1_755' title='bbox 1608 1270 1648 1292; x_wconf 85' lang='lat' dir='ltr'><em>Hic</em></span> <span class='ocrx_word' id='word_1_756' title='bbox 1664 1271 1715 1293; x_wconf 93' lang='lat' dir='ltr'><em>cod.</em></span> <span class='ocrx_word' id='word_1_757' title='bbox 1733 1274 1755 1293; x_wconf 93' lang='lat' dir='ltr'><em>et</em></span> <span class='ocrx_word' id='word_1_758' title='bbox 1766 1272 1834 1293; x_wconf 87' lang='lat' dir='ltr'><em>etiam</em></span> 
     </span>
     <span class='ocr_line' id='line_1_85' title="bbox 989 1314 1835 1345; baseline 0.005 -9"><span class='ocrx_word' id='word_1_759' title='bbox 989 1314 1131 1342; x_wconf 81' lang='lat' dir='ltr'><em>praecedens</em></span> <span class='ocrx_word' id='word_1_760' title='bbox 1148 1314 1201 1336; x_wconf 91' lang='lat' dir='ltr'><em>olim</em></span> <span class='ocrx_word' id='word_1_761' title='bbox 1217 1314 1363 1342; x_wconf 85' lang='lat' dir='ltr'><em>pertinebant</em></span> <span class='ocrx_word' id='word_1_762' title='bbox 1380 1315 1409 1337; x_wconf 89' lang='lat' dir='ltr'><em>ad</em></span> <span class='ocrx_word' id='word_1_763' title='bbox 1427 1319 1565 1338; x_wconf 90' lang='lat' dir='ltr'><em>conventum</em></span> <span class='ocrx_word' id='word_1_764' title='bbox 1584 1316 1612 1338; x_wconf 80' lang='lat' dir='ltr'><em>de</em></span> <span class='ocrx_word' id='word_1_765' title='bbox 1630 1316 1712 1339; x_wconf 86' lang='lat' dir='ltr'><em>Cherio</em></span> <span class='ocrx_word' id='word_1_766' title='bbox 1724 1335 1729 1345; x_wconf 89' lang='lat'><em>,</em></span> <span class='ocrx_word' id='word_1_767' title='bbox 1747 1318 1835 1340; x_wconf 85' lang='lat' dir='ltr'><em>ordinis</em></span> 
     </span>
     <span class='ocr_line' id='line_1_86' title="bbox 989 1361 1732 1391; baseline 0.007 -9"><span class='ocrx_word' id='word_1_768' title='bbox 989 1361 1102 1383; x_wconf 77' lang='lat' dir='ltr'><em>minorum</em></span> <span class='ocrx_word' id='word_1_769' title='bbox 1120 1362 1253 1389; x_wconf 82' lang='lat' dir='ltr'><em>provinciae.</em></span> <span class='ocrx_word' id='word_1_770' title='bbox 1271 1362 1430 1391; x_wconf 78' lang='lat' dir='ltr'><em>Taurinensts,</em></span> <span class='ocrx_word' id='word_1_771' title='bbox 1448 1366 1473 1385; x_wconf 91' lang='lat' dir='ltr'><em>ut</em></span> <span class='ocrx_word' id='word_1_772' title='bbox 1489 1364 1511 1385; x_wconf 92' lang='lat' dir='ltr'><em>in</em></span> <span class='ocrx_word' id='word_1_773' title='bbox 1529 1364 1616 1386; x_wconf 80' lang='lat' dir='ltr'><em>eisdem</em></span> <span class='ocrx_word' id='word_1_774' title='bbox 1635 1367 1732 1387; x_wconf 82' lang='lat' dir='ltr'><em>notatur.</em></span> 
     </span>
    </p>

    <p class='ocr_par' dir='ltr' id='par_1_20' title="bbox 988 1407 1833 1524">
     <span class='ocr_line' id='line_1_87' title="bbox 1051 1407 1832 1439; baseline 0.009 -10"><span class='ocrx_word' id='word_1_775' title='bbox 1051 1408 1088 1430; x_wconf 88' lang='grc'><em>61.</em></span> <span class='ocrx_word' id='word_1_776' title='bbox 1108 1407 1186 1431; x_wconf 83' lang='lat' dir='ltr'><em>Trecis</em></span> <span class='ocrx_word' id='word_1_777' title='bbox 1198 1409 1219 1430; x_wconf 91' lang='lat' dir='ltr'><em>in</em></span> <span class='ocrx_word' id='word_1_778' title='bbox 1232 1409 1314 1436; x_wconf 78' lang='lat' dir='ltr'><em>Gallia,</em></span> <span class='ocrx_word' id='word_1_779' title='bbox 1327 1409 1463 1432; x_wconf 83' lang='lat' dir='ltr'><em>bibliotheca</em></span> <span class='ocrx_word' id='word_1_780' title='bbox 1476 1409 1589 1439; x_wconf 86' lang='lat' dir='ltr'><em>Civitatis,</em></span> <span class='ocrx_word' id='word_1_781' title='bbox 1602 1411 1653 1434; x_wconf 88' lang='lat' dir='ltr'><em>cod.</em></span> <span class='ocrx_word' id='word_1_782' title='bbox 1666 1412 1719 1434; x_wconf 79' lang='lat'><em>820.</em></span> <span class='ocrx_word' id='word_1_783' title='bbox 1733 1413 1832 1436; x_wconf 89' lang='lat' dir='ltr'><em>membr.</em></span> 
     </span>
     <span class='ocr_line' id='line_1_88' title="bbox 988 1454 1833 1487; baseline 0.007 -11"><span class='ocrx_word' id='word_1_784' title='bbox 988 1455 1010 1476; x_wconf 93' lang='lat' dir='ltr'><em>in</em></span> <span class='ocrx_word' id='word_1_785' title='bbox 1028 1454 1049 1476; x_wconf 72' lang='lat'><em>4.</em></span> <span class='ocrx_word' id='word_1_786' title='bbox 1067 1460 1127 1477; x_wconf 85' lang='lat' dir='ltr'><em>saec.</em></span> <span class='ocrx_word' id='word_1_787' title='bbox 1145 1454 1200 1477; x_wconf 94' lang='lat' dir='ltr'><em>XIII.</em></span> <span class='ocrx_word' id='word_1_788' title='bbox 1217 1459 1318 1483; x_wconf 60' lang='lat' dir='ltr'><em>exeum„</em></span> <span class='ocrx_word' id='word_1_789' title='bbox 1337 1458 1361 1478; x_wconf 90' lang='lat' dir='ltr'><em>ut</em></span> <span class='ocrx_word' id='word_1_790' title='bbox 1377 1456 1423 1478; x_wconf 92' lang='lat' dir='ltr'><em>iam</em></span> <span class='ocrx_word' id='word_1_791' title='bbox 1442 1456 1541 1479; x_wconf 81' lang='lat' dir='ltr'><em>diximus</em></span> <span class='ocrx_word' id='word_1_792' title='bbox 1559 1460 1613 1480; x_wconf 87' lang='lat' dir='ltr'><em>tom.</em></span> <span class='ocrx_word' id='word_1_793' title='bbox 1632 1459 1654 1480; x_wconf 94' lang='lat' dir='ltr'><em>II.</em></span> <span class='ocrx_word' id='word_1_794' title='bbox 1673 1465 1727 1487; x_wconf 85' lang='lat' dir='ltr'><em>pag.</em></span> <span class='ocrx_word' id='word_1_795' title='bbox 1740 1459 1777 1482; x_wconf 85' lang='lat' dir='ltr'><em>XI.</em></span> <span class='ocrx_word' id='word_1_796' title='bbox 1791 1460 1833 1483; x_wconf 90' lang='lat' dir='ltr'><em>col.</em></span> 
     </span>
     <span class='ocr_line' id='line_1_89' title="bbox 989 1502 1105 1524; baseline 0.009 -1"><span class='ocrx_word' id='word_1_797' title='bbox 989 1502 1010 1524; x_wconf 90' lang='grc'><em>1.</em></span> <span class='ocrx_word' id='word_1_798' title='bbox 1028 1507 1050 1523; x_wconf 90' lang='grc'><em>11.</em></span> <span class='ocrx_word' id='word_1_799' title='bbox 1068 1502 1105 1524; x_wconf 87' lang='lat'><em>68.</em></span> 
     </span>
    </p>

    <p class='ocr_par' dir='ltr' id='par_1_21' title="bbox 987 1548 1833 1811">
     <span class='ocr_line' id='line_1_90' title="bbox 1051 1548 1829 1579; baseline 0.005 -9"><span class='ocrx_word' id='word_1_800' title='bbox 1051 1548 1088 1570; x_wconf 77' lang='lat'><em>62.</em></span> <span class='ocrx_word' id='word_1_801' title='bbox 1115 1548 1218 1571; x_wconf 81' lang='lat' dir='ltr'><em>Turonis</em></span> <span class='ocrx_word' id='word_1_802' title='bbox 1243 1549 1265 1571; x_wconf 93' lang='lat' dir='ltr'><em>in</em></span> <span class='ocrx_word' id='word_1_803' title='bbox 1290 1549 1373 1577; x_wconf 90' lang='lat' dir='ltr'><em>Gallia,</em></span> <span class='ocrx_word' id='word_1_804' title='bbox 1398 1549 1535 1573; x_wconf 79' lang='lat' dir='ltr'><em>bibliotheca</em></span> <span class='ocrx_word' id='word_1_805' title='bbox 1561 1550 1679 1579; x_wconf 87' lang='lat' dir='ltr'><em>Civitatis,</em></span> <span class='ocrx_word' id='word_1_806' title='bbox 1700 1551 1750 1574; x_wconf 88' lang='lat' dir='ltr'><em>cod.</em></span> <span class='ocrx_word' id='word_1_807' title='bbox 1777 1552 1829 1574; x_wconf 80' lang='grc'>374.</span> 
     </span>
     <span class='ocr_line' id='line_1_91' title="bbox 987 1593 1832 1626; baseline 0.006 -10"><span class='ocrx_word' id='word_1_808' title='bbox 987 1593 1086 1617; x_wconf 85' lang='lat' dir='ltr'><em>membr.</em></span> <span class='ocrx_word' id='word_1_809' title='bbox 1104 1595 1126 1617; x_wconf 91' lang='lat' dir='ltr'><em>in</em></span> <span class='ocrx_word' id='word_1_810' title='bbox 1143 1595 1181 1617; x_wconf 84' lang='grc'>101.</span> <span class='ocrx_word' id='word_1_811' title='bbox 1199 1601 1258 1618; x_wconf 86' lang='lat' dir='ltr'><em>saec.</em></span> <span class='ocrx_word' id='word_1_812' title='bbox 1277 1596 1336 1617; x_wconf 86' lang='lat' dir='ltr'><em>XIV.</em></span> <span class='ocrx_word' id='word_1_813' title='bbox 1362 1597 1448 1618; x_wconf 85' lang='lat' dir='ltr'><em>ineunt.</em></span> <span class='ocrx_word' id='word_1_814' title='bbox 1466 1597 1619 1620; x_wconf 83' lang='lat' dir='ltr'><em>Praemittitur</em></span> <span class='ocrx_word' id='word_1_815' title='bbox 1635 1598 1702 1620; x_wconf 87' lang='lat' dir='ltr'><em>index</em></span> <span class='ocrx_word' id='word_1_816' title='bbox 1720 1599 1832 1626; x_wconf 71' lang='lat' dir='ltr'><em>quaestio·</em></span> 
     </span>
     <span class='ocr_line' id='line_1_92' title="bbox 987 1642 1832 1672; baseline 0.005 -9"><span class='ocrx_word' id='word_1_817' title='bbox 987 1647 1056 1669; x_wconf 82' lang='lat' dir='ltr'><em>num,</em></span> <span class='ocrx_word' id='word_1_818' title='bbox 1075 1642 1114 1670; x_wconf 88' lang='lat' dir='ltr'><em>qui</em></span> <span class='ocrx_word' id='word_1_819' title='bbox 1132 1642 1275 1668; x_wconf 84' lang='lat' dir='ltr'><em>protrahitur</em></span> <span class='ocrx_word' id='word_1_820' title='bbox 1291 1648 1365 1670; x_wconf 88' lang='lat' dir='ltr'><em>usque</em></span> <span class='ocrx_word' id='word_1_821' title='bbox 1383 1642 1412 1664; x_wconf 84' lang='lat' dir='ltr'><em>ad</em></span> <span class='ocrx_word' id='word_1_822' title='bbox 1430 1643 1466 1665; x_wconf 82' lang='lat' dir='ltr'><em>tol.</em></span> <span class='ocrx_word' id='word_1_823' title='bbox 1485 1643 1506 1665; x_wconf 91' lang='lat'><em>3.</em></span> <span class='ocrx_word' id='word_1_824' title='bbox 1524 1644 1566 1666; x_wconf 89' lang='lat' dir='ltr'><em>col.</em></span> <span class='ocrx_word' id='word_1_825' title='bbox 1585 1644 1604 1666; x_wconf 89' lang='grc'><em>1.</em></span> <span class='ocrx_word' id='word_1_826' title='bbox 1623 1644 1702 1672; x_wconf 90' lang='lat' dir='ltr'><em>Incipit</em></span> <span class='ocrx_word' id='word_1_827' title='bbox 1727 1645 1764 1667; x_wconf 89' lang='grc'>101.</span> <span class='ocrx_word' id='word_1_828' title='bbox 1783 1644 1796 1667; x_wconf 83' lang='grc'>4</span> <span class='ocrx_word' id='word_1_829' title='bbox 1814 1651 1832 1667; x_wconf 92' lang='lat' dir='ltr'><em>r.</em></span> 
     </span>
     <span class='ocr_line' id='line_1_93' title="bbox 987 1687 1832 1718; baseline 0.005 -8"><span class='ocrx_word' id='word_1_830' title='bbox 987 1687 1051 1710; x_wconf 81' lang='lat' dir='ltr'><em>Deus</em></span> <span class='ocrx_word' id='word_1_831' title='bbox 1067 1688 1160 1716; x_wconf 77' lang='lat' dir='ltr'><em>autem,</em></span> <span class='ocrx_word' id='word_1_832' title='bbox 1187 1688 1230 1718; x_wconf 80' lang='lat' dir='ltr'><em>qui</em></span> <span class='ocrx_word' id='word_1_833' title='bbox 1247 1688 1311 1712; x_wconf 80' lang='lat' dir='ltr'><em>dives</em></span> <span class='ocrx_word' id='word_1_834' title='bbox 1327 1690 1361 1712; x_wconf 79' lang='lat' dir='ltr'><em>est</em></span> <span class='ocrx_word' id='word_1_835' title='bbox 1377 1692 1418 1711; x_wconf 86' lang='lat' dir='ltr'><em>etc.</em></span> <span class='ocrx_word' id='word_1_836' title='bbox 1437 1689 1511 1712; x_wconf 84' lang='lat' dir='ltr'><em>Desin.</em></span> <span class='ocrx_word' id='word_1_837' title='bbox 1530 1690 1566 1712; x_wconf 84' lang='lat' dir='ltr'><em>sol.</em></span> <span class='ocrx_word' id='word_1_838' title='bbox 1585 1691 1703 1718; x_wconf 84' lang='lat' dir='ltr'><em>penultim.</em></span> <span class='ocrx_word' id='word_1_839' title='bbox 1722 1691 1775 1714; x_wconf 89' lang='lat' dir='ltr'><em>Inde</em></span> <span class='ocrx_word' id='word_1_840' title='bbox 1798 1698 1832 1714; x_wconf 88' lang='lat' dir='ltr'><em>ea·</em></span> 
     </span>
     <span class='ocr_line' id='line_1_94' title="bbox 988 1734 1833 1765; baseline 0.006 -9"><span class='ocrx_word' id='word_1_841' title='bbox 988 1734 1041 1757; x_wconf 87' lang='lat' dir='ltr'><em>dem</em></span> <span class='ocrx_word' id='word_1_842' title='bbox 1059 1735 1133 1762; x_wconf 87' lang='lat' dir='ltr'><em>prima</em></span> <span class='ocrx_word' id='word_1_843' title='bbox 1158 1740 1242 1757; x_wconf 88' lang='lat' dir='ltr'><em>manus</em></span> <span class='ocrx_word' id='word_1_844' title='bbox 1267 1735 1370 1758; x_wconf 85' lang='lat' dir='ltr'><em>addidit:</em></span> <span class='ocrx_word' id='word_1_845' title='bbox 1387 1735 1493 1765; x_wconf 64' lang='lat' dir='ltr'><em>Etrpticit</em></span> <span class='ocrx_word' id='word_1_846' title='bbox 1508 1736 1592 1759; x_wconf 79' lang='lat' dir='ltr'><em>tertias</em></span> <span class='ocrx_word' id='word_1_847' title='bbox 1607 1736 1693 1765; x_wconf 84' lang='lat' dir='ltr'><em>fratris</em></span> <span class='ocrx_word' id='word_1_848' title='bbox 1711 1737 1833 1761; x_wconf 74' lang='lat' dir='ltr'><em>Benacen-</em></span> 
     </span>
     <span class='ocr_line' id='line_1_95' title="bbox 987 1780 1457 1811; baseline 0.002 -8"><span class='ocrx_word' id='word_1_849' title='bbox 987 1781 1040 1803; x_wconf 81' lang='lat' dir='ltr'><em>ture</em></span> <span class='ocrx_word' id='word_1_850' title='bbox 1055 1786 1128 1810; x_wconf 81' lang='lat' dir='ltr'><em>super</em></span> <span class='ocrx_word' id='word_1_851' title='bbox 1143 1780 1277 1804; x_wconf 79' lang='lat' dir='ltr'><em>sententias.</em></span> <span class='ocrx_word' id='word_1_852' title='bbox 1294 1781 1341 1804; x_wconf 80' lang='lat' dir='ltr'><em>Deo</em></span> <span class='ocrx_word' id='word_1_853' title='bbox 1358 1781 1457 1811; x_wconf 76' lang='lat' dir='ltr'><em>yratias.</em></span> 
     </span>
    </p>

    <p class='ocr_par' dir='ltr' id='par_1_22' title="bbox 985 1827 1832 1996">
     <span class='ocr_line' id='line_1_96' title="bbox 1048 1827 1831 1857; baseline 0.004 -8"><span class='ocrx_word' id='word_1_854' title='bbox 1048 1827 1087 1849; x_wconf 78' lang='lat'><em>63.</em></span> <span class='ocrx_word' id='word_1_855' title='bbox 1109 1827 1221 1855; x_wconf 80' lang='lat' dir='ltr'><em>Venetiis,</em></span> <span class='ocrx_word' id='word_1_856' title='bbox 1241 1827 1377 1850; x_wconf 79' lang='lat' dir='ltr'><em>bibliotheca</em></span> <span class='ocrx_word' id='word_1_857' title='bbox 1396 1829 1466 1851; x_wconf 86' lang='lat' dir='ltr'><em>sancti</em></span> <span class='ocrx_word' id='word_1_858' title='bbox 1484 1828 1562 1856; x_wconf 80' lang='lat' dir='ltr'><em>Marci,</em></span> <span class='ocrx_word' id='word_1_859' title='bbox 1580 1829 1645 1851; x_wconf 85' lang='lat' dir='ltr'><em>class.</em></span> <span class='ocrx_word' id='word_1_860' title='bbox 1669 1829 1704 1857; x_wconf 84' lang='lat' dir='ltr'><em>III,</em></span> <span class='ocrx_word' id='word_1_861' title='bbox 1726 1830 1776 1852; x_wconf 87' lang='lat' dir='ltr'><em>cod.</em></span> <span class='ocrx_word' id='word_1_862' title='bbox 1795 1831 1831 1852; x_wconf 71' lang='lat'><em>92.</em></span> 
     </span>
     <span class='ocr_line' id='line_1_97' title="bbox 986 1873 1831 1903; baseline 0.004 -8"><span class='ocrx_word' id='word_1_863' title='bbox 986 1873 1084 1895; x_wconf 89' lang='lat' dir='ltr'><em>membr.</em></span> <span class='ocrx_word' id='word_1_864' title='bbox 1101 1874 1123 1895; x_wconf 91' lang='lat' dir='ltr'><em>in</em></span> <span class='ocrx_word' id='word_1_865' title='bbox 1141 1874 1177 1896; x_wconf 76' lang='grc'>101.</span> <span class='ocrx_word' id='word_1_866' title='bbox 1195 1879 1254 1895; x_wconf 84' lang='lat' dir='ltr'><em>saec.</em></span> <span class='ocrx_word' id='word_1_867' title='bbox 1272 1873 1326 1896; x_wconf 83' lang='lat' dir='ltr'><em>XIII.</em></span> <span class='ocrx_word' id='word_1_868' title='bbox 1344 1877 1432 1896; x_wconf 82' lang='lat' dir='ltr'><em>exeunt.</em></span> <span class='ocrx_word' id='word_1_869' title='bbox 1452 1875 1530 1903; x_wconf 86' lang='lat' dir='ltr'><em>Incipit</em></span> <span class='ocrx_word' id='word_1_870' title='bbox 1547 1875 1584 1898; x_wconf 83' lang='lat' dir='ltr'><em>sol.</em></span> <span class='ocrx_word' id='word_1_871' title='bbox 1604 1877 1611 1897; x_wconf 88' lang='grc'><em>1</em></span> <span class='ocrx_word' id='word_1_872' title='bbox 1634 1882 1651 1898; x_wconf 86' lang='lat' dir='ltr'><em>r.</em></span> <span class='ocrx_word' id='word_1_873' title='bbox 1668 1878 1690 1898; x_wconf 87' lang='lat' dir='ltr'><em>et</em></span> <span class='ocrx_word' id='word_1_874' title='bbox 1708 1876 1779 1898; x_wconf 87' lang='lat' dir='ltr'><em>desin.</em></span> <span class='ocrx_word' id='word_1_875' title='bbox 1793 1876 1831 1899; x_wconf 85' lang='lat' dir='ltr'><em>sol.</em></span> 
     </span>
     <span class='ocr_line' id='line_1_98' title="bbox 987 1919 1832 1950; baseline 0.005 -9"><span class='ocrx_word' id='word_1_876' title='bbox 987 1919 1031 1941; x_wconf 81' lang='lat'><em>214</em></span> <span class='ocrx_word' id='word_1_877' title='bbox 1049 1926 1071 1942; x_wconf 88' lang='lat' dir='ltr'><em>v.</em></span> <span class='ocrx_word' id='word_1_878' title='bbox 1089 1919 1123 1942; x_wconf 80' lang='lat' dir='ltr'><em>Ad</em></span> <span class='ocrx_word' id='word_1_879' title='bbox 1141 1920 1227 1942; x_wconf 88' lang='lat' dir='ltr'><em>calcem</em></span> <span class='ocrx_word' id='word_1_880' title='bbox 1244 1919 1351 1943; x_wconf 84' lang='lat' dir='ltr'><em>additur:</em></span> <span class='ocrx_word' id='word_1_881' title='bbox 1369 1920 1474 1950; x_wconf 69' lang='lat' dir='ltr'><em>Explicit</em></span> <span class='ocrx_word' id='word_1_882' title='bbox 1491 1920 1548 1944; x_wconf 85' lang='lat' dir='ltr'><em>liber</em></span> <span class='ocrx_word' id='word_1_883' title='bbox 1565 1921 1648 1944; x_wconf 83' lang='lat' dir='ltr'><em>tertius</em></span> <span class='ocrx_word' id='word_1_884' title='bbox 1665 1922 1832 1945; x_wconf 76' lang='lat' dir='ltr'><em>Bonaventure</em></span> 
     </span>
     <span class='ocr_line' id='line_1_99' title="bbox 985 1965 1597 1996; baseline 0.002 -8"><span class='ocrx_word' id='word_1_885' title='bbox 985 1971 1058 1995; x_wconf 83' lang='lat' dir='ltr'><em>super</em></span> <span class='ocrx_word' id='word_1_886' title='bbox 1073 1965 1202 1989; x_wconf 67' lang='lat' dir='ltr'><em>sentenciis.</em></span> <span class='ocrx_word' id='word_1_887' title='bbox 1220 1966 1327 1995; x_wconf 86' lang='lat' dir='ltr'><em>Sequitur</em></span> <span class='ocrx_word' id='word_1_888' title='bbox 1344 1966 1411 1989; x_wconf 81' lang='lat' dir='ltr'><em>index</em></span> <span class='ocrx_word' id='word_1_889' title='bbox 1429 1968 1597 1996; x_wconf 82' lang='lat' dir='ltr'><em>quaestionum.</em></span> 
     </span>
    </p>

    <p class='ocr_par' dir='ltr' id='par_1_23' title="bbox 985 2011 1830 2228">
     <span class='ocr_line' id='line_1_100' title="bbox 1049 2011 1830 2041; baseline 0.004 -7"><span class='ocrx_word' id='word_1_890' title='bbox 1049 2012 1086 2034; x_wconf 78' lang='lat'><em>64.</em></span> <span class='ocrx_word' id='word_1_891' title='bbox 1105 2011 1203 2040; x_wconf 84' lang='lat' dir='ltr'><em>Ibidem,</em></span> <span class='ocrx_word' id='word_1_892' title='bbox 1217 2012 1287 2035; x_wconf 85' lang='lat' dir='ltr'><em>Class.</em></span> <span class='ocrx_word' id='word_1_893' title='bbox 1297 2013 1330 2035; x_wconf 88' lang='grc' dir='ltr'>ΙΙΙ.</span> <span class='ocrx_word' id='word_1_894' title='bbox 1340 2013 1399 2041; x_wconf 87' lang='lat' dir='ltr'><em>cod.,</em></span> <span class='ocrx_word' id='word_1_895' title='bbox 1409 2013 1460 2036; x_wconf 88' lang='lat' dir='ltr'><em>cod.</em></span> <span class='ocrx_word' id='word_1_896' title='bbox 1470 2013 1507 2036; x_wconf 80' lang='lat'><em>95.</em></span> <span class='ocrx_word' id='word_1_897' title='bbox 1517 2014 1615 2037; x_wconf 86' lang='lat' dir='ltr'><em>membr.</em></span> <span class='ocrx_word' id='word_1_898' title='bbox 1626 2015 1647 2036; x_wconf 92' lang='lat' dir='ltr'><em>in</em></span> <span class='ocrx_word' id='word_1_899' title='bbox 1658 2015 1694 2037; x_wconf 92' lang='grc'>101.</span> <span class='ocrx_word' id='word_1_900' title='bbox 1704 2021 1764 2037; x_wconf 83' lang='lat' dir='ltr'><em>sace.</em></span> <span class='ocrx_word' id='word_1_901' title='bbox 1775 2015 1830 2037; x_wconf 89' lang='lat' dir='ltr'><em>XIII.</em></span> 
     </span>
     <span class='ocr_line' id='line_1_101' title="bbox 985 2058 1828 2089; baseline 0.004 -9"><span class='ocrx_word' id='word_1_902' title='bbox 985 2061 1074 2080; x_wconf 86' lang='lat' dir='ltr'><em>exeunt.</em></span> <span class='ocrx_word' id='word_1_903' title='bbox 1093 2059 1171 2086; x_wconf 84' lang='lat' dir='ltr'><em>Incipit</em></span> <span class='ocrx_word' id='word_1_904' title='bbox 1187 2058 1225 2080; x_wconf 91' lang='grc'>101.</span> <span class='ocrx_word' id='word_1_905' title='bbox 1242 2059 1256 2080; x_wconf 77' lang='grc'>2</span> <span class='ocrx_word' id='word_1_906' title='bbox 1273 2065 1291 2081; x_wconf 90' lang='lat' dir='ltr'><em>r.</em></span> <span class='ocrx_word' id='word_1_907' title='bbox 1309 2059 1351 2081; x_wconf 86' lang='lat' dir='ltr'><em>col.</em></span> <span class='ocrx_word' id='word_1_908' title='bbox 1371 2060 1390 2081; x_wconf 89' lang='grc'><em>1.</em></span> <span class='ocrx_word' id='word_1_909' title='bbox 1410 2059 1471 2082; x_wconf 80' lang='lat' dir='ltr'><em>Deus</em></span> <span class='ocrx_word' id='word_1_910' title='bbox 1488 2061 1579 2088; x_wconf 84' lang='lat' dir='ltr'><em>autem,</em></span> <span class='ocrx_word' id='word_1_911' title='bbox 1599 2059 1641 2089; x_wconf 81' lang='lat' dir='ltr'><em>qui</em></span> <span class='ocrx_word' id='word_1_912' title='bbox 1655 2059 1719 2083; x_wconf 79' lang='lat' dir='ltr'><em>dives</em></span> <span class='ocrx_word' id='word_1_913' title='bbox 1735 2062 1769 2083; x_wconf 86' lang='lat' dir='ltr'><em>est</em></span> <span class='ocrx_word' id='word_1_914' title='bbox 1786 2063 1828 2083; x_wconf 83' lang='lat' dir='ltr'><em>etc.</em></span> 
     </span>
     <span class='ocr_line' id='line_1_102' title="bbox 986 2105 1830 2136; baseline 0.004 -10"><span class='ocrx_word' id='word_1_915' title='bbox 986 2105 1060 2127; x_wconf 85' lang='lat' dir='ltr'><em>Desin.</em></span> <span class='ocrx_word' id='word_1_916' title='bbox 1079 2105 1115 2127; x_wconf 85' lang='lat' dir='ltr'><em>sol.</em></span> <span class='ocrx_word' id='word_1_917' title='bbox 1135 2105 1178 2127; x_wconf 80' lang='grc'><em>157</em></span> <span class='ocrx_word' id='word_1_918' title='bbox 1195 2112 1218 2127; x_wconf 88' lang='lat' dir='ltr'><em>v.</em></span> <span class='ocrx_word' id='word_1_919' title='bbox 1236 2105 1278 2127; x_wconf 89' lang='lat' dir='ltr'><em>col.</em></span> <span class='ocrx_word' id='word_1_920' title='bbox 1297 2106 1318 2127; x_wconf 78' lang='lat'><em>2.</em></span> <span class='ocrx_word' id='word_1_921' title='bbox 1341 2106 1443 2133; x_wconf 79' lang='lat' dir='ltr'><em>Scriptor</em></span> <span class='ocrx_word' id='word_1_922' title='bbox 1459 2112 1518 2128; x_wconf 84' lang='lat' dir='ltr'><em>saec.</em></span> <span class='ocrx_word' id='word_1_923' title='bbox 1537 2106 1579 2128; x_wconf 89' lang='lat' dir='ltr'><em>XV</em></span> <span class='ocrx_word' id='word_1_924' title='bbox 1602 2106 1702 2129; x_wconf 82' lang='lat' dir='ltr'><em>addidit:</em></span> <span class='ocrx_word' id='word_1_925' title='bbox 1725 2106 1830 2136; x_wconf 68' lang='lat' dir='ltr'><em>Eoeplicit</em></span> 
     </span>
     <span class='ocr_line' id='line_1_103' title="bbox 985 2151 1830 2177; baseline 0.004 -3"><span class='ocrx_word' id='word_1_926' title='bbox 985 2151 1068 2174; x_wconf 82' lang='lat' dir='ltr'><em>tertias</em></span> <span class='ocrx_word' id='word_1_927' title='bbox 1091 2152 1264 2175; x_wconf 80' lang='lat' dir='ltr'><em>Bonaoenture.</em></span> <span class='ocrx_word' id='word_1_928' title='bbox 1290 2152 1345 2175; x_wconf 85' lang='lat' dir='ltr'><em>Inde</em></span> <span class='ocrx_word' id='word_1_929' title='bbox 1370 2152 1489 2175; x_wconf 75' lang='lat' dir='ltr'><em>exhibetur</em></span> <span class='ocrx_word' id='word_1_930' title='bbox 1511 2153 1587 2175; x_wconf 85' lang='lat' dir='ltr'><em>tabula</em></span> <span class='ocrx_word' id='word_1_931' title='bbox 1613 2153 1784 2176; x_wconf 87' lang='lat' dir='ltr'><em>distinctionum</em></span> <span class='ocrx_word' id='word_1_932' title='bbox 1808 2158 1830 2177; x_wconf 87' lang='lat' dir='ltr'><em>et</em></span> 
     </span>
     <span class='ocr_line' id='line_1_104' title="bbox 985 2200 1153 2228; baseline -0.006 -6"><span class='ocrx_word' id='word_1_933' title='bbox 985 2200 1153 2228; x_wconf 80' lang='lat' dir='ltr'><em>quaestionum.</em></span> 
     </span>
    </p>

    <p class='ocr_par' dir='ltr' id='par_1_24' title="bbox 985 2245 1829 2415">
     <span class='ocr_line' id='line_1_105' title="bbox 1048 2245 1828 2275; baseline 0.004 -8"><span class='ocrx_word' id='word_1_934' title='bbox 1048 2245 1085 2267; x_wconf 82' lang='lat'><em>65.</em></span> <span class='ocrx_word' id='word_1_935' title='bbox 1103 2245 1252 2269; x_wconf 85' lang='lat' dir='ltr'><em>Vindobonae</em></span> <span class='ocrx_word' id='word_1_936' title='bbox 1263 2247 1284 2268; x_wconf 91' lang='lat' dir='ltr'><em>in</em></span> <span class='ocrx_word' id='word_1_937' title='bbox 1297 2247 1397 2274; x_wconf 69' lang='lat' dir='ltr'><em>Austria,</em></span> <span class='ocrx_word' id='word_1_938' title='bbox 1411 2246 1548 2269; x_wconf 78' lang='lat' dir='ltr'><em>bibliotheca</em></span> <span class='ocrx_word' id='word_1_939' title='bbox 1561 2248 1657 2270; x_wconf 82' lang='lat' dir='ltr'><em>Palatina</em></span> <span class='ocrx_word' id='word_1_940' title='bbox 1666 2265 1671 2275; x_wconf 89' lang='lat'><em>,</em></span> <span class='ocrx_word' id='word_1_941' title='bbox 1684 2248 1710 2270; x_wconf 85' lang='lat' dir='ltr'><em>M.</em></span> <span class='ocrx_word' id='word_1_942' title='bbox 1724 2249 1746 2270; x_wconf 86' lang='lat' dir='ltr'><em>S.</em></span> <span class='ocrx_word' id='word_1_943' title='bbox 1764 2248 1828 2270; x_wconf 78' lang='grc'>1510.</span> 
     </span>
     <span class='ocr_line' id='line_1_106' title="bbox 985 2292 1829 2321; baseline 0.002 -7"><span class='ocrx_word' id='word_1_944' title='bbox 985 2292 1083 2314; x_wconf 88' lang='lat' dir='ltr'><em>membr.</em></span> <span class='ocrx_word' id='word_1_945' title='bbox 1096 2293 1117 2314; x_wconf 92' lang='grc'><em>111</em></span> <span class='ocrx_word' id='word_1_946' title='bbox 1130 2292 1166 2314; x_wconf 84' lang='lat' dir='ltr'><em>tot.</em></span> <span class='ocrx_word' id='word_1_947' title='bbox 1179 2298 1238 2315; x_wconf 86' lang='lat' dir='ltr'><em>saec.</em></span> <span class='ocrx_word' id='word_1_948' title='bbox 1251 2293 1306 2315; x_wconf 92' lang='lat' dir='ltr'><em>XIII.</em></span> <span class='ocrx_word' id='word_1_949' title='bbox 1319 2293 1396 2321; x_wconf 88' lang='lat' dir='ltr'><em>Incipit</em></span> <span class='ocrx_word' id='word_1_950' title='bbox 1409 2294 1445 2315; x_wconf 91' lang='grc'>101.</span> <span class='ocrx_word' id='word_1_951' title='bbox 1467 2294 1475 2315; x_wconf 91' lang='grc'><em>1</em></span> <span class='ocrx_word' id='word_1_952' title='bbox 1492 2300 1518 2321; x_wconf 75' lang='grc'><em>1.,</em></span> <span class='ocrx_word' id='word_1_953' title='bbox 1532 2294 1604 2316; x_wconf 78' lang='lat' dir='ltr'><em>dcsin.</em></span> <span class='ocrx_word' id='word_1_954' title='bbox 1617 2294 1653 2316; x_wconf 87' lang='grc'>101.</span> <span class='ocrx_word' id='word_1_955' title='bbox 1668 2295 1675 2316; x_wconf 89' lang='grc'><em>1</em></span> <span class='ocrx_word' id='word_1_956' title='bbox 1687 2295 1712 2316; x_wconf 91' lang='grc'><em>17</em></span> <span class='ocrx_word' id='word_1_957' title='bbox 1721 2301 1738 2316; x_wconf 83' lang='grc'><em>1.</em></span> <span class='ocrx_word' id='word_1_958' title='bbox 1750 2294 1771 2316; x_wconf 89' lang='grc'><em>111</em></span> <span class='ocrx_word' id='word_1_959' title='bbox 1785 2295 1829 2317; x_wconf 85' lang='lat' dir='ltr'><em>tine</em></span> 
     </span>
     <span class='ocr_line' id='line_1_107' title="bbox 986 2338 1828 2370; baseline 0.004 -9"><span class='ocrx_word' id='word_1_960' title='bbox 986 2339 1080 2367; x_wconf 83' lang='lat' dir='ltr'><em>legitur:</em></span> <span class='ocrx_word' id='word_1_961' title='bbox 1093 2339 1197 2368; x_wconf 71' lang='lat' dir='ltr'><em>Empticit</em></span> <span class='ocrx_word' id='word_1_962' title='bbox 1214 2338 1272 2362; x_wconf 77' lang='lat' dir='ltr'><em>liber</em></span> <span class='ocrx_word' id='word_1_963' title='bbox 1283 2339 1367 2362; x_wconf 83' lang='lat' dir='ltr'><em>tertius</em></span> <span class='ocrx_word' id='word_1_964' title='bbox 1382 2339 1467 2369; x_wconf 76' lang='lat' dir='ltr'><em>fratris</em></span> <span class='ocrx_word' id='word_1_965' title='bbox 1478 2341 1643 2363; x_wconf 81' lang='lat' dir='ltr'><em>Bonaventure</em></span> <span class='ocrx_word' id='word_1_966' title='bbox 1654 2347 1726 2370; x_wconf 73' lang='lat' dir='ltr'><em>super</em></span> <span class='ocrx_word' id='word_1_967' title='bbox 1740 2342 1828 2364; x_wconf 78' lang='lat' dir='ltr'><em>senten-</em></span> 
     </span>
     <span class='ocr_line' id='line_1_108' title="bbox 985 2385 1420 2415; baseline 0.002 -8"><span class='ocrx_word' id='word_1_968' title='bbox 985 2385 1030 2408; x_wconf 82' lang='lat' dir='ltr'><em>tiis.</em></span> <span class='ocrx_word' id='word_1_969' title='bbox 1049 2385 1131 2408; x_wconf 87' lang='lat' dir='ltr'><em>Omnis</em></span> <span class='ocrx_word' id='word_1_970' title='bbox 1149 2385 1202 2408; x_wconf 82' lang='lat' dir='ltr'><em>lans</em></span> <span class='ocrx_word' id='word_1_971' title='bbox 1218 2385 1243 2408; x_wconf 87' lang='lat' dir='ltr'><em>in</em></span> <span class='ocrx_word' id='word_1_972' title='bbox 1255 2385 1301 2415; x_wconf 75' lang='lat' dir='ltr'><em>fim-</em></span> <span class='ocrx_word' id='word_1_973' title='bbox 1318 2385 1420 2409; x_wconf 74' lang='lat' dir='ltr'><em>canitur.</em></span> 
     </span>
    </p>

    <p class='ocr_par' dir='ltr' id='par_1_25' title="bbox 983 2430 1829 2830">
     <span class='ocr_line' id='line_1_109' title="bbox 1048 2430 1827 2459; baseline 0.004 -6"><span class='ocrx_word' id='word_1_974' title='bbox 1048 2431 1084 2453; x_wconf 87' lang='lat'><em>66.</em></span> <span class='ocrx_word' id='word_1_975' title='bbox 1102 2430 1201 2459; x_wconf 83' lang='lat' dir='ltr'><em>Ibidem,</em></span> <span class='ocrx_word' id='word_1_976' title='bbox 1221 2431 1247 2453; x_wconf 78' lang='lat' dir='ltr'><em>M.</em></span> <span class='ocrx_word' id='word_1_977' title='bbox 1266 2432 1287 2453; x_wconf 86' lang='lat' dir='ltr'><em>S.</em></span> <span class='ocrx_word' id='word_1_978' title='bbox 1310 2432 1374 2454; x_wconf 80' lang='grc'>1531.</span> <span class='ocrx_word' id='word_1_979' title='bbox 1392 2432 1489 2454; x_wconf 83' lang='lat' dir='ltr'><em>membr.</em></span> <span class='ocrx_word' id='word_1_980' title='bbox 1503 2433 1523 2454; x_wconf 93' lang='lat' dir='ltr'><em>in</em></span> <span class='ocrx_word' id='word_1_981' title='bbox 1542 2433 1578 2455; x_wconf 85' lang='grc'>101.</span> <span class='ocrx_word' id='word_1_982' title='bbox 1591 2439 1650 2455; x_wconf 86' lang='lat' dir='ltr'><em>sacc.</em></span> <span class='ocrx_word' id='word_1_983' title='bbox 1668 2433 1727 2456; x_wconf 83' lang='lat' dir='ltr'><em>XIV.</em></span> <span class='ocrx_word' id='word_1_984' title='bbox 1739 2435 1827 2456; x_wconf 90' lang='lat' dir='ltr'><em>ineunt.</em></span> 
     </span>
     <span class='ocr_line' id='line_1_110' title="bbox 986 2477 1829 2509; baseline 0.006 -11"><span class='ocrx_word' id='word_1_985' title='bbox 986 2477 1065 2504; x_wconf 83' lang='lat' dir='ltr'><em>Incipit</em></span> <span class='ocrx_word' id='word_1_986' title='bbox 1082 2477 1118 2499; x_wconf 83' lang='lat' dir='ltr'><em>tot.</em></span> <span class='ocrx_word' id='word_1_987' title='bbox 1138 2478 1145 2498; x_wconf 90' lang='grc'><em>1</em></span> <span class='ocrx_word' id='word_1_988' title='bbox 1167 2484 1194 2505; x_wconf 80' lang='grc'><em>1.,</em></span> <span class='ocrx_word' id='word_1_989' title='bbox 1211 2477 1283 2499; x_wconf 81' lang='lat' dir='ltr'><em>desin.</em></span> <span class='ocrx_word' id='word_1_990' title='bbox 1301 2477 1337 2500; x_wconf 81' lang='lat' dir='ltr'><em>sol.</em></span> <span class='ocrx_word' id='word_1_991' title='bbox 1356 2478 1426 2499; x_wconf 86' lang='lat' dir='ltr'><em>ultim.</em></span> <span class='ocrx_word' id='word_1_992' title='bbox 1445 2485 1466 2500; x_wconf 85' lang='lat' dir='ltr'><em>v.</em></span> <span class='ocrx_word' id='word_1_993' title='bbox 1483 2481 1505 2501; x_wconf 84' lang='lat' dir='ltr'><em>et</em></span> <span class='ocrx_word' id='word_1_994' title='bbox 1522 2478 1626 2501; x_wconf 84' lang='lat' dir='ltr'><em>additur:</em></span> <span class='ocrx_word' id='word_1_995' title='bbox 1644 2479 1749 2509; x_wconf 60' lang='lat' dir='ltr'><em>Explicit</em></span> <span class='ocrx_word' id='word_1_996' title='bbox 1771 2480 1829 2503; x_wconf 80' lang='lat' dir='ltr'><em>liber</em></span> 
     </span>
     <span class='ocr_line' id='line_1_111' title="bbox 985 2515 1828 2553; baseline 0.005 -8"><span class='ocrx_word' id='word_1_997' title='bbox 985 2515 1075 2545; x_wconf 76' lang='lat' dir='ltr'><em>tertius.</em></span> <span class='ocrx_word' id='word_1_998' title='bbox 1093 2523 1170 2545; x_wconf 81' lang='lat' dir='ltr'><em>Scriba</em></span> <span class='ocrx_word' id='word_1_999' title='bbox 1188 2530 1247 2546; x_wconf 84' lang='lat' dir='ltr'><em>saec.</em></span> <span class='ocrx_word' id='word_1_1000' title='bbox 1268 2524 1326 2546; x_wconf 82' lang='lat' dir='ltr'><em>XIV.</em></span> <span class='ocrx_word' id='word_1_1001' title='bbox 1344 2524 1387 2546; x_wconf 85' lang='lat' dir='ltr'><em>sub</em></span> <span class='ocrx_word' id='word_1_1002' title='bbox 1400 2524 1477 2546; x_wconf 84' lang='grc'>11110111</span> <span class='ocrx_word' id='word_1_1003' title='bbox 1496 2525 1548 2547; x_wconf 87' lang='grc'>10110</span> <span class='ocrx_word' id='word_1_1004' title='bbox 1566 2526 1695 2553; x_wconf 75' lang='lat' dir='ltr'><em>particulari</em></span> <span class='ocrx_word' id='word_1_1005' title='bbox 1713 2532 1828 2549; x_wconf 83' lang='lat' dir='ltr'><em>commen-</em></span> 
     </span>
     <span class='ocr_line' id='line_1_112' title="bbox 986 2570 1828 2597; baseline 0.006 -6"><span class='ocrx_word' id='word_1_1006' title='bbox 986 2570 1042 2591; x_wconf 81' lang='lat' dir='ltr'><em>tario</em></span> <span class='ocrx_word' id='word_1_1007' title='bbox 1060 2570 1187 2597; x_wconf 80' lang='lat' dir='ltr'><em>pracmisso</em></span> <span class='ocrx_word' id='word_1_1008' title='bbox 1204 2571 1289 2592; x_wconf 83' lang='lat' dir='ltr'><em>notavit</em></span> <span class='ocrx_word' id='word_1_1009' title='bbox 1307 2571 1362 2592; x_wconf 83' lang='lat' dir='ltr'><em>hace</em></span> <span class='ocrx_word' id='word_1_1010' title='bbox 1375 2571 1458 2593; x_wconf 77' lang='lat' dir='ltr'><em>verba:</em></span> <span class='ocrx_word' id='word_1_1011' title='bbox 1478 2571 1570 2594; x_wconf 78' lang='lat' dir='ltr'><em>Tertius</em></span> <span class='ocrx_word' id='word_1_1012' title='bbox 1588 2572 1759 2595; x_wconf 69' lang='lat' dir='ltr'><em>Bonattenture.</em></span> <span class='ocrx_word' id='word_1_1013' title='bbox 1779 2573 1828 2596; x_wconf 79' lang='lat' dir='ltr'><em>Hae</em></span> 
     </span>
     <span class='ocr_line' id='line_1_113' title="bbox 984 2614 1828 2644; baseline 0.006 -8"><span class='ocrx_word' id='word_1_1014' title='bbox 984 2615 1041 2637; x_wconf 87' lang='lat' dir='ltr'><em>sunt</em></span> <span class='ocrx_word' id='word_1_1015' title='bbox 1057 2614 1204 2643; x_wconf 80' lang='lat' dir='ltr'><em>quaestiones</em></span> <span class='ocrx_word' id='word_1_1016' title='bbox 1220 2621 1292 2644; x_wconf 80' lang='lat' dir='ltr'><em>saper</em></span> <span class='ocrx_word' id='word_1_1017' title='bbox 1309 2615 1404 2638; x_wconf 78' lang='lat' dir='ltr'><em>tertium</em></span> <span class='ocrx_word' id='word_1_1018' title='bbox 1422 2615 1509 2639; x_wconf 86' lang='lat' dir='ltr'><em>libram</em></span> <span class='ocrx_word' id='word_1_1019' title='bbox 1526 2617 1697 2640; x_wconf 77' lang='lat' dir='ltr'><em>sententiarum</em></span> <span class='ocrx_word' id='word_1_1020' title='bbox 1709 2618 1828 2641; x_wconf 74' lang='lat' dir='ltr'><em>Benacen-</em></span> 
     </span>
     <span class='ocr_line' id='line_1_114' title="bbox 985 2660 1827 2692; baseline 0.007 -10"><span class='ocrx_word' id='word_1_1021' title='bbox 985 2661 1049 2688; x_wconf 84' lang='lat' dir='ltr'><em>ture,</em></span> <span class='ocrx_word' id='word_1_1022' title='bbox 1069 2662 1142 2690; x_wconf 85' lang='lat' dir='ltr'><em>empte</em></span> <span class='ocrx_word' id='word_1_1023' title='bbox 1153 2667 1168 2683; x_wconf 93' lang='lat' dir='ltr'><em>a</em></span> <span class='ocrx_word' id='word_1_1024' title='bbox 1180 2660 1274 2684; x_wconf 85' lang='lat' dir='ltr'><em>domino</em></span> <span class='ocrx_word' id='word_1_1025' title='bbox 1290 2661 1423 2685; x_wconf 80' lang='lat' dir='ltr'><em>Venerabili</em></span> <span class='ocrx_word' id='word_1_1026' title='bbox 1432 2662 1460 2685; x_wconf 73' lang='lat' dir='ltr'><em>tle</em></span> <span class='ocrx_word' id='word_1_1027' title='bbox 1471 2663 1576 2692; x_wconf 80' lang='lat' dir='ltr'><em>Hesptati</em></span> <span class='ocrx_word' id='word_1_1028' title='bbox 1593 2663 1626 2686; x_wconf 75' lang='lat' dir='ltr'><em>att</em></span> <span class='ocrx_word' id='word_1_1029' title='bbox 1640 2663 1760 2687; x_wconf 70' lang='lat' dir='ltr'><em>librariam</em></span> <span class='ocrx_word' id='word_1_1030' title='bbox 1779 2664 1827 2688; x_wconf 88' lang='lat' dir='ltr'><em>Col-</em></span> 
     </span>
     <span class='ocr_line' id='line_1_115' title="bbox 986 2706 1828 2739; baseline 0.005 -10"><span class='ocrx_word' id='word_1_1031' title='bbox 986 2706 1040 2736; x_wconf 74' lang='lat' dir='ltr'><em>lcyii</em></span> <span class='ocrx_word' id='word_1_1032' title='bbox 1056 2707 1147 2730; x_wconf 84' lang='lat' dir='ltr'><em>ducalis</em></span> <span class='ocrx_word' id='word_1_1033' title='bbox 1169 2707 1271 2738; x_wconf 74' lang='lat' dir='ltr'><em>II&#39;yenne</em></span> <span class='ocrx_word' id='word_1_1034' title='bbox 1286 2713 1331 2737; x_wconf 80' lang='lat' dir='ltr'><em>pro</em></span> <span class='ocrx_word' id='word_1_1035' title='bbox 1348 2707 1470 2732; x_wconf 75' lang='lat' dir='ltr'><em>duodecim</em></span> <span class='ocrx_word' id='word_1_1036' title='bbox 1486 2709 1568 2732; x_wconf 80' lang='lat' dir='ltr'><em>solidis</em></span> <span class='ocrx_word' id='word_1_1037' title='bbox 1584 2711 1606 2732; x_wconf 81' lang='lat' dir='ltr'><em>et</em></span> <span class='ocrx_word' id='word_1_1038' title='bbox 1624 2709 1708 2739; x_wconf 73' lang='lat' dir='ltr'><em>viyinti</em></span> <span class='ocrx_word' id='word_1_1039' title='bbox 1723 2710 1828 2733; x_wconf 77' lang='lat' dir='ltr'><em>denariis</em></span> 
     </span>
     <span class='ocr_line' id='line_1_116' title="bbox 984 2753 1828 2787; baseline 0.006 -11"><span class='ocrx_word' id='word_1_1040' title='bbox 984 2753 1069 2777; x_wconf 82' lang='lat' dir='ltr'><em>solutis</em></span> <span class='ocrx_word' id='word_1_1041' title='bbox 1086 2754 1113 2777; x_wconf 76' lang='lat' dir='ltr'><em>de</em></span> <span class='ocrx_word' id='word_1_1042' title='bbox 1128 2754 1228 2783; x_wconf 81' lang='lat' dir='ltr'><em>pecunia</em></span> <span class='ocrx_word' id='word_1_1043' title='bbox 1247 2754 1353 2778; x_wconf 81' lang='lat' dir='ltr'><em>Erltardi</em></span> <span class='ocrx_word' id='word_1_1044' title='bbox 1369 2754 1457 2784; x_wconf 81' lang='lat' dir='ltr'><em>bidelli,</em></span> <span class='ocrx_word' id='word_1_1045' title='bbox 1477 2756 1545 2780; x_wconf 82' lang='lat' dir='ltr'><em>cuius</em></span> <span class='ocrx_word' id='word_1_1046' title='bbox 1561 2756 1643 2780; x_wconf 86' lang='lat' dir='ltr'><em>anima</em></span> <span class='ocrx_word' id='word_1_1047' title='bbox 1659 2757 1828 2787; x_wconf 70' lang='lat' dir='ltr'><em>requirscatin</em></span> 
     </span>
     <span class='ocr_line' id='line_1_117' title="bbox 983 2800 1112 2830; baseline -0.008 -6"><span class='ocrx_word' id='word_1_1048' title='bbox 983 2807 1042 2830; x_wconf 80' lang='lat' dir='ltr'><em>pace</em></span> <span class='ocrx_word' id='word_1_1049' title='bbox 1058 2800 1112 2830; x_wconf 72' lang='lat' dir='ltr'><em>Xpi.</em></span> 
     </span>
    </p>

    <p class='ocr_par' dir='ltr' id='par_1_26' title="bbox 986 2846 1829 2972">
     <span class='ocr_line' id='line_1_118' title="bbox 1048 2846 1829 2878; baseline 0.004 -9"><span class='ocrx_word' id='word_1_1050' title='bbox 1048 2847 1085 2869; x_wconf 73' lang='lat'><em>67.</em></span> <span class='ocrx_word' id='word_1_1051' title='bbox 1104 2846 1202 2876; x_wconf 74' lang='lat' dir='ltr'><em>Ibidem,</em></span> <span class='ocrx_word' id='word_1_1052' title='bbox 1223 2848 1249 2870; x_wconf 77' lang='lat' dir='ltr'><em>M.</em></span> <span class='ocrx_word' id='word_1_1053' title='bbox 1267 2848 1288 2870; x_wconf 86' lang='lat' dir='ltr'><em>S.</em></span> <span class='ocrx_word' id='word_1_1054' title='bbox 1307 2847 1375 2871; x_wconf 69' lang='lat'><em>4846.</em></span> <span class='ocrx_word' id='word_1_1055' title='bbox 1387 2850 1485 2871; x_wconf 81' lang='lat' dir='ltr'><em>chartac.</em></span> <span class='ocrx_word' id='word_1_1056' title='bbox 1504 2850 1525 2871; x_wconf 94' lang='lat' dir='ltr'><em>in</em></span> <span class='ocrx_word' id='word_1_1057' title='bbox 1543 2850 1580 2871; x_wconf 86' lang='grc'>101.</span> <span class='ocrx_word' id='word_1_1058' title='bbox 1598 2856 1657 2872; x_wconf 80' lang='lat' dir='ltr'><em>saec.</em></span> <span class='ocrx_word' id='word_1_1059' title='bbox 1676 2850 1726 2872; x_wconf 86' lang='lat' dir='ltr'><em>XV.</em></span> <span class='ocrx_word' id='word_1_1060' title='bbox 1750 2851 1829 2878; x_wconf 79' lang='lat' dir='ltr'><em>lut-ipit</em></span> 
     </span>
     <span class='ocr_line' id='line_1_119' title="bbox 987 2893 1827 2924; baseline 0.004 -10"><span class='ocrx_word' id='word_1_1061' title='bbox 987 2893 1024 2915; x_wconf 89' lang='grc'>101.</span> <span class='ocrx_word' id='word_1_1062' title='bbox 1043 2894 1051 2914; x_wconf 69' lang='lat' dir='ltr'><em>vl</em></span> <span class='ocrx_word' id='word_1_1063' title='bbox 1074 2899 1090 2915; x_wconf 90' lang='lat' dir='ltr'><em>r.</em></span> <span class='ocrx_word' id='word_1_1064' title='bbox 1109 2894 1150 2915; x_wconf 88' lang='grc'>001.</span> <span class='ocrx_word' id='word_1_1065' title='bbox 1173 2894 1190 2916; x_wconf 84' lang='lat' dir='ltr'><em>t:</em></span> <span class='ocrx_word' id='word_1_1066' title='bbox 1209 2894 1270 2916; x_wconf 79' lang='lat' dir='ltr'><em>Deus</em></span> <span class='ocrx_word' id='word_1_1067' title='bbox 1287 2895 1378 2922; x_wconf 75' lang='lat' dir='ltr'><em>antem,</em></span> <span class='ocrx_word' id='word_1_1068' title='bbox 1395 2894 1510 2924; x_wconf 69' lang='lat' dir='ltr'><em>qutdtves</em></span> <span class='ocrx_word' id='word_1_1069' title='bbox 1527 2896 1560 2918; x_wconf 80' lang='lat' dir='ltr'><em>est</em></span> <span class='ocrx_word' id='word_1_1070' title='bbox 1572 2899 1625 2923; x_wconf 78' lang='lat' dir='ltr'><em>ctc.;</em></span> <span class='ocrx_word' id='word_1_1071' title='bbox 1643 2896 1714 2918; x_wconf 74' lang='lat' dir='ltr'><em>dcsin.</em></span> <span class='ocrx_word' id='word_1_1072' title='bbox 1733 2896 1770 2918; x_wconf 86' lang='grc'>101.</span> <span class='ocrx_word' id='word_1_1073' title='bbox 1783 2896 1827 2918; x_wconf 85' lang='grc'><em>386</em></span> 
     </span>
     <span class='ocr_line' id='line_1_120' title="bbox 986 2939 1828 2972; baseline 0.005 -11"><span class='ocrx_word' id='word_1_1074' title='bbox 986 2945 1008 2961; x_wconf 93' lang='lat' dir='ltr'><em>v.</em></span> <span class='ocrx_word' id='word_1_1075' title='bbox 1026 2939 1068 2962; x_wconf 90' lang='lat' dir='ltr'><em>col.</em></span> <span class='ocrx_word' id='word_1_1076' title='bbox 1087 2940 1116 2962; x_wconf 84' lang='lat'><em>2:</em></span> <span class='ocrx_word' id='word_1_1077' title='bbox 1133 2939 1163 2962; x_wconf 83' lang='lat' dir='ltr'><em>sit</em></span> <span class='ocrx_word' id='word_1_1078' title='bbox 1179 2939 1256 2963; x_wconf 75' lang='lat' dir='ltr'><em>ontnis</em></span> <span class='ocrx_word' id='word_1_1079' title='bbox 1278 2940 1355 2963; x_wconf 80' lang='lat' dir='ltr'><em>ltonor</em></span> <span class='ocrx_word' id='word_1_1080' title='bbox 1371 2942 1392 2963; x_wconf 81' lang='lat' dir='ltr'><em>et</em></span> <span class='ocrx_word' id='word_1_1081' title='bbox 1407 2940 1485 2970; x_wconf 74' lang='lat' dir='ltr'><em>qtoria</em></span> <span class='ocrx_word' id='word_1_1082' title='bbox 1508 2947 1551 2970; x_wconf 81' lang='lat' dir='ltr'><em>per</em></span> <span class='ocrx_word' id='word_1_1083' title='bbox 1575 2941 1667 2972; x_wconf 74' lang='lat' dir='ltr'><em>infinita</em></span> <span class='ocrx_word' id='word_1_1084' title='bbox 1692 2941 1772 2965; x_wconf 81' lang='lat' dir='ltr'><em>secula</em></span> <span class='ocrx_word' id='word_1_1085' title='bbox 1796 2948 1828 2965; x_wconf 83' lang='lat' dir='ltr'><em>se-</em></span> 
     </span>
    </p>
   </div>
  </div>
 </body>
</html>
