2166 3366
155 614 251 638 Sapientia

123 638 246 661 quadruplex.

182 708 251 727 Prima.

159 1087 251 1107 Secunda.

185 1557 254 1576 Tertia.

183 2076 258 2099 Quarta.

262 203 277 230 χ1

281 202 297 230 χ1

299 201 317 230 4>

576 283 787 305 CONCLUSIO.

264 373 449 409 Praecipuus
470 375 555 399 ttcttts
577 370 647 399 (Ioni
666 369 829 406 sapientiae
850 372 891 397 esc
912 377 946 397 ex
963 371 1050 405 parte
1065 366 1109 404 af-

341 410 479 456 fectione,
506 418 548 446 ita
570 421 602 445 nt
623 417 654 445 in
676 416 837 454 cogynt‘tz'one
859 414 1010 444 inchoetur
1032 418 1057 443 et
1078 414 1110 442 in

340 466 490 504 affectione
510 467 738 493 consummetur.

343 561 517 589 Rusrosnuo:
541 559 711 593 Dicendum,
733 557 808 595 quod
834 556 969 594 sapientia
990 556 1112 593 quadru-

263 609 372 646 pliciter
394 608 480 645 accipi
503 607 648 636 consuevit
668 610 723 634 tani
746 614 762 634 a
784 605 958 642 philosophis
983 612 1066 641 quam
1096 612 1112 632 a

264 655 386 690 Sanctis,
411 654 541 684 videlicet
569 653 762 682 communiter
784 655 811 681 et
832 652 932 680 minus
953 650 1113 680 eommuni-

265 709 307 733 ter
335 707 362 732 et
384 702 506 739 proprie
531 704 557 730 et
579 700 676 738 inagis
701 700 831 737 proprie.
852 715 891 719 —
914 697 1112 727 Commttniter

264 750 425 788 accipiendo
446 748 626 786 sapientiam,
655 748 694 776 sic
726 747 861 783 sapientia
889 746 956 774 dicit
984 744 1113 782 cognitio-

263 806 326 827 nem
350 805 446 826 rerum
469 795 643 833 generalem,
665 794 820 823 secundum
841 793 917 830 quod
932 800 993 821 eam
1016 791 1114 821 delinit

263 845 434 881 Augustinus
455 846 481 872 et
502 842 704 879 Philosophus,
726 841 801 878 quod
832 840 995 877 «sapientia
1016 842 1058 868 est
1073 848 1114 868 co-

265 892 350 930 gnitio
371 899 467 920 rernm
490 890 651 919 divinarum
673 892 699 917 et
721 888 909 916 humanarum
929 897 957 920 »3
979 889 1006 915 et
1027 886 1115 914 Philo-

265 939 371 976 sophus
392 938 418 966 in
440 937 532 965 Prima
554 935 730 972 Philosophia
744 934 751 947 ¹
775 934 857 968 dicit,
879 934 953 971 quod
976 933 1114 970 «sapiens

265 990 306 1015 est
328 986 374 1023 qni
397 984 491 1014 omnia
513 983 604 1017 novit,
626 982 781 1011 secundum
805 981 879 1018 quod
902 980 1073 1009 convenit».

345 1033 402 1062 Alio
419 1032 500 1061 modo
516 1031 618 1060 dicitur
635 1029 771 1066 sapientia
787 1029 885 1057 minus
900 1027 1115 1060 communiter,-

266 1085 293 1110 et
314 1081 353 1109 sic
375 1079 510 1117 sapientia
532 1078 598 1107 dicit
620 1076 803 1113 cognitionem
827 1084 879 1103 non
896 1082 1115 1112 quamcumque,

267 1128 315 1157 sed
337 1126 520 1164 cognitionem
544 1124 709 1157 sublimem,
731 1122 860 1151 videlicet
875 1121 1059 1158 cognitionem
1076 1128 1116 1149 re-

267 1183 329 1204 rum
352 1177 540 1203 aeternarum.
570 1172 601 1200 Et
629 1172 667 1200 sic
689 1170 789 1207 accipit
810 1177 871 1198 eam
894 1168 1041 1206 Apostolus
1062 1168 1116 1205 pri-

266 1230 328 1251 mae
342 1221 376 1249 ad
399 1219 556 1248 Corinthios
577 1217 781 1247 duodecimo²z
804 1216 867 1244 Atii
881 1216 972 1244 datur
984 1223 1038 1252 per
1055 1214 1116 1251 Spi-

267 1264 359 1297 rition
373 1275 468 1295 ,cornio
483 1265 655 1302 sapientiae,
671 1264 726 1292 citii
739 1271 835 1292 serino
849 1262 1005 1295 seientiam
1021 1269 1116 1290 secun-

267 1316 334 1344 dum
362 1313 582 1351 quod.exponit
609 1312 780 1348 Augustinus
809 1310 919 1343 dicens,
946 1309 1021 1346 qnod
1048 1317 1117 1337 «sa-

268 1362 370 1399 pientia
391 1365 432 1390 est
454 1360 574 1397 cognitio
589 1362 786 1391 aeternorum,
808 1357 922 1386 scientia
937 1364 1004 1385 vero
1019 1359 1061 1384 est
1076 1364 1117 1384 co-

268 1410 353 1447 gnitio
375 1411 534 1438 creatorum
549 1418 576 1440 »;
599 1410 626 1435 θῖ
648 1406 686 1434 sic
708 1406 790 1434 etiam
815 1405 881 1433 dicit
904 1403 1088 1440 Philosophus
1099 1403 1117 1438 ³,

267 1457 342 1494 quod
357 1454 493 1493 sapientia
507 1458 549 1483 est
565 1453 706 1490 «cognitio
717 1459 868 1481 causarum
880 1451 1116 1480 altissimarum».

347 1502 439 1532 Tertio
461 1501 544 1529 modo
565 1500 701 1537 accipitur
723 1499 859 1536 sapientia
878 1498 1016 1535 proprie,·
1038 1497 1118 1526 etsie

268 1551 393 1580 nominat
408 1549 592 1586 cognitionem
610 1547 656 1576 Dei
673 1546 828 1575 secundum
846 1546 975 1583 pietatem
989 1555 994 1578 ;
1008 1548 1034 1573 θῖ
1049 1544 1118 1573 haec

268 1598 382 1636 quidem
404 1596 523 1633 cognitio
545 1598 586 1624 est
608 1602 680 1632 quae
701 1593 856 1622 attenditur
872 1593 897 1620 in
914 1592 990 1621 cultu
1008 1591 1118 1625 latriae,

269 1654 352 1684 quem
368 1644 537 1673 exhibemus
552 1643 608 1672 Deo
623 1649 674 1679 per
690 1641 790 1675 tidem,
812 1648 890 1677 spem
913 1643 939 1669 et
961 1639 1118 1673 caritatem,

269 1692 425 1722 secundum
447 1698 529 1728 quem
553 1689 667 1718 modum
691 1688 791 1724 accipit
812 1687 983 1724 Augustinus
1011 1685 1119 1714 decimo

269 1742 369 1776 quarto
391 1738 425 1767 de
447 1736 615 1770 Trinitate⁴,
638 1742 781 1772 exponens
802 1734 873 1762 illud
895 1733 956 1762 lob:
982 1733 1051 1761 Eece
1062 1732 1120 1769 pie-

270 1790 316 1814 tas
344 1785 409 1822 ipsa
441 1787 481 1812 est
513 1782 798 1820 sapientictsdicens
820 1781 938 1814 ibidem,
962 1780 1037 1817 quod
1062 1779 1120 1816 pie-

271 1836 316 1861 ἕως
331 1835 358 1860 θῖ
375 1830 523 1868 sapientia
545 1830 617 1858 idem
641 1832 683 1857 est
703 1828 779 1865 quod
802 1826 960 1860 theosebia,
977 1830 1003 1855 et
1019 1825 1120 1854 theose-

271 1879 319 1908 bat
348 1879 421 1907 idem
444 1880 486 1906 est
507 1877 581 1914 quod
605 1876 698 1904 cultus
720 1875 847 1907 divinus,
870 1873 916 1910 qui
940 1873 1064 1902 consistit
1094 1873 1119 1900 in

272 1926 362 1954 tribus
384 1924 551 1957 virtutibus,
574 1922 730 1951 secundum
753 1921 827 1958 qnod
844 1921 903 1956 ipse
922 1920 989 1948 dicit
1004 1919 1029 1947 in
1047 1919 1120 1956 prin-

271 1973 342 2010 cipio
365 1970 514 2000 Euchiridii
536 1970 571 1998 ad
594 1969 784 1998 Laurentium.

351 2020 456 2055 Quarto
478 2017 560 2046 modo
582 2017 684 2045 dicitur
706 2015 841 2052 sapientia
862 2013 959 2051 mngyz's
981 2012 1119 2050 proprie,

273 2070 299 2096 et
321 2066 359 2095 sic
380 2065 504 2094 nominat
529 2063 713 2100 cognitionem
736 2062 782 2090 Dei
805 2060 1072 2098 experimentalem3
1094 2063 1121 2088 et

274 2114 326 2142 hoc
348 2112 430 2140 modo
451 2114 493 2140 est
514 2118 602 2139 unum
618 2110 651 2138 dc
668 2113 773 2146 septem
790 2108 870 2137 donis
885 2108 1004 2144 Spiritus
1020 2107 1119 2141 sancti,

272 2160 353 2189 cuius
373 2162 452 2188 actus
474 2157 598 2187 consistit
614 2157 639 2185 in
659 2155 834 2193 degustando
856 2155 978 2183 divinam
1002 2153 1121 2181 suavita-

273 2212 337 2236 tem.
361 2206 390 2234 Et
411 2205 541 2243 quoniam
564 2204 598 2232 ad
622 2206 736 2240 gustum
759 2202 938 2235 interiorem,
961 2201 987 2229 in
1009 2208 1064 2237 quo
1079 2203 1119 2228 est

272 2254 432 2287 delectatio,
454 2252 611 2281 necessario
633 2251 786 2288 requiritur
808 2253 887 2278 actus
908 2248 1070 2287 affectionis
1085 2248 1120 2276 ad

273 2300 498 2338 coniungendam
528 2302 555 2328 et
589 2302 668 2327 actus
697 2297 870 2334 counitionis
902 2296 938 2325 ad
967 2295 1121 2333 apprehen-

938 194 1191 224 SENTENTIARUM
1212 194 1272 222 LlB.
1293 193 1334 222 111.

1165 272 1306 306 dendum,
1322 271 1476 300 secundum
1492 270 1563 299 illud
1579 270 1736 307 Philosophi
1748 270 1773 304 ⁵,
1788 269 1835 307 qui
1851 269 1925 304 dicit,
1938 269 2013 306 quod

1171 319 1345 348 «delectatio
1373 322 1415 347 est
1443 318 1600 347 coniunctio
1621 317 1809 346 convenientis
1830 325 1895 346 cum
1917 325 2014 346 conve-

1166 366 1251 395 nienti
1272 374 1336 395 cum
1359 374 1443 395 sensu
1465 365 1591 394 eiusdem
1606 376 1634 399 »ς
1663 365 1727 393 hinc
1755 368 1810 399 est,
1839 364 1913 402 quod
1935 367 2013 393 actus
2027 370 2122 390 Conclusio
2133 372 2150 390 ι»

1167 413 1230 441 doni
1254 412 1405 449 sapientiae
1427 412 1528 449 partim
1551 415 1593 440 est
1614 411 1785 448 cognitivus,
1808 414 1834 439 et
1857 411 1958 447 partim
1973 413 2015 439 est

1168 459 1331 488 affectivus:
1362 460 1398 487 ita
1419 459 1492 496 quod
1517 459 1542 487 in
1565 458 1727 495 eoqnitione
1755 457 1912 486 inclzocttnr
1933 460 1960 486 et
1988 457 2015 485 in

1168 504 1317 542 affectione
1341 509 1582 538 consummatur,
1609 504 1765 533 secundum
1787 504 1862 541 quod
1888 504 1946 540 ipse
1969 511 2016 539 gu-

1168 557 1228 582 stus
1249 553 1292 582 vel
1315 553 1455 589 soporatio
1476 556 1517 581 est
1538 552 1766 589 experimentalis
1789 551 1851 580 boni
1874 555 1901 579 et
1925 550 2016 579 dulcis

1168 599 1287 636 cognitio
1298 600 1314 627 ⁶.
1339 600 1369 628 Et
1391 599 1452 628 ideo
1480 602 1559 628 actus
1588 599 1756 636 praecipuus
1779 598 1842 627 doni
1866 597 2043 635 sapientiaec

1168 647 1373 684 propriissime
1395 647 1485 675 dictae
1506 649 1548 675 est
1568 654 1604 674 ex
1626 650 1705 683 parte
1727 645 1889 678 affectivae,
1912 644 2018 673 ratione

1169 694 1250 723 cuius
1271 694 1337 723 dicit
1360 693 1583 727 Ecclesiasticus,
1605 693 1680 730 quod
1694 692 1842 729 sapientia
1856 691 2018 720 secandum

1170 750 1273 769 nomen
1293 749 1382 769 Sttttm
1410 745 1471 774 est;
1498 744 1525 769 et
1546 740 1696 777 Gregorius
1725 739 1806 774 dicit,
1836 739 1911 776 quod
1937 742 2016 767 actus

1169 789 1230 818 eius
1251 792 1292 817 est
1314 788 1448 822 reficere3
1470 791 1496 817 et
1518 788 1666 824 Dionysius
1681 787 1761 822 dicit,
1783 787 1858 824 quod
1881 787 1961 815 istius
1979 794 2019 815 sa-

1170 836 1289 873 pientiae
1311 839 1352 865 est
1373 839 1512 864 amentem
1538 843 1614 870 esse,
1642 838 1757 872 propter
1787 834 1838 863 hoc
1867 834 1941 871 quod
1964 841 2019 862 me-

1172 883 1226 912 lius
1246 882 1386 911 afficimur
1407 883 1481 911 circa
1503 882 1592 911 Deum
1613 881 1727 919 praevia
1749 881 1918 918 cognitione,
1947 887 2018 918 quae

1171 934 1213 959 θεῖ
1233 938 1283 968 per
1304 930 1473 959 ablationem
1502 933 1528 958 et
1557 929 1745 966 negationem,
1768 936 1852 966 quain
1874 936 1924 965 per
1946 927 2018 956 affir-

1172 979 1336 1012 mationem,
1360 978 1431 1006 sicut
1452 977 1532 1006 (locet
1553 977 1581 1005 in
1603 977 1674 1005 libro
1706 976 1740 1005 de
1769 975 1882 1013 Mystica
1904 976 2018 1005 Theolo-

1171 1026 1215 1063 gia
1225 1027 1242 1053 ⁷.
1266 1025 1378 1053 Ratione
1400 1025 1483 1053 etiam
1506 1024 1586 1053 istius
1608 1024 1734 1053 eiusdem
1757 1031 1857 1052 causae
1873 1023 1940 1052 dicit
1956 1023 2017 1052 Ber-

2045 604 2123 624 ouclusio
2132 606 2149 625 2.

1171 1073 1291 1106 nardus,
1313 1072 1454 1101 caritatem
1479 1071 1505 1099 in
1521 1071 1685 1107 sapientiam
1707 1070 1851 1107 proficere.
1873 1086 1913 1090 —-—
1932 1070 1962 1098 Et
1983 1077 2020 1098 ex
2031 1074 2153 1094 Corollariuru.

1174 1120 1224 1148 hac
1239 1119 1335 1148 eadem
1352 1126 1436 1147 causa
1451 1118 1599 1154 contingit,
1615 1117 1690 1154 quod
1706 1117 1839 1154 sapientia
1855 1125 1909 1145 non
1933 1120 2022 1154 potest

1172 1175 1233 1195 esse
1256 1166 1355 1198 nimia,
1378 1165 1443 1202 quia
1470 1172 1603 1193 excessus
1630 1164 1656 1192 in
1685 1164 1880 1200 experimento
1908 1163 2019 1192 divinae

1172 1213 1329 1242 dulcedinis
1361 1212 1453 1249 potius
1484 1215 1525 1240 est
1556 1211 1704 1240 laudabilis
1736 1219 1821 1248 qnam
1854 1211 2021 1247 vituperabi-

1174 1261 1219 1295 lis,
1242 1259 1397 1288 secundum
1420 1258 1495 1295 quod
1522 1262 1597 1295 patet
1623 1258 1649 1286 in
1679 1258 1746 1286 viris
1775 1258 1877 1286 sanctis
1905 1261 1931 1286 et
1960 1266 2022 1286 con-

1174 1306 1351 1343 templativis,
1366 1305 1413 1342 qni
1431 1313 1497 1342 prae
1509 1306 1594 1333 nimia
1609 1305 1757 1334 dulcedine
1773 1304 1855 1333 modo
1870 1305 2017 1333 elevantur

1174 1353 1200 1381 in
1223 1353 1366 1385 ecstasim,
1395 1352 1477 1380 modo
1506 1352 1690 1380 sublevantur
1722 1359 1811 1389 usque
1832 1352 1868 1380 ad
1890 1354 2020 1389 raptum,

1175 1400 1237 1429 licet
1259 1400 1310 1429 boc
1332 1400 1473 1436 contingat
1495 1399 1681 1436 paucissimis.
1696 1416 1735 1419 —
1750 1399 1965 1427 Concedendum
1981 1402 2022 1427 est

1174 1447 1275 1484 igitur,
1297 1446 1371 1483 quod
1394 1449 1474 1474 actus
1495 1445 1558 1474 doni
1581 1445 1732 1482 sapientiae
1747 1445 1916 1482 praecipuus
1931 1447 1972 1473 est
1987 1452 2023 1473 ex

1174 1498 1254 1532 parte
1275 1493 1436 1522 affectionis.
1468 1492 1666 1522 Concedendae
1698 1495 1764 1521 sunt
1788 1492 1870 1521 etiam
1903 1492 2024 1520 rationes

1176 1543 1228 1570 hoc
1249 1541 1435 1569 ostendentes.

1258 1590 1281 1616 l.
1304 1588 1341 1617 Ad
1364 1588 1434 1616 illud
1458 1595 1523 1615 vero
1545 1587 1620 1624 quod
1642 1587 1772 1615 obiicitur
1788 1587 1813 1615 in
1830 1586 2001 1615 contrarium
2014 1609 2021 1621 ,
2034 1589 2105 1617 Soluto
2118 1594 2147 1612 ⁰1³-

1177 1636 1251 1673 quod
1275 1635 1410 1672 sapientia
1432 1635 1531 1663 crescit
1547 1642 1595 1671 per
1611 1634 1756 1668 auditum3
1773 1633 1932 1667 dicendum,
1948 1633 2022 1670 quod
2036 1620 2047 1638 p

1176 1683 1323 1720 sapientia
1352 1682 1473 1710 sumitur
1507 1681 1542 1710 ihi
1575 1681 1762 1710 communiter
1791 1688 1841 1717 pro
1868 1679 2023 1717 cognitione

1177 1730 1316 1768 generali,
1338 1737 1410 1766 quae
1432 1729 1544 1766 quidem
1567 1732 1609 1757 est
1631 1736 1729 1756 rerum
1751 1728 1910 1756 divinarum
1934 1731 1960 1756 et
1975 1727 2025 1755 hu-

1178 1785 1341 1811 manarum,
1364 1784 1436 1814 qnae
1463 1783 1512 1812 per
1544 1775 1668 1804 studium
1701 1778 1727 1803 et
1757 1774 1885 1803 auditum
1908 1774 2024 1811 suscipit

1178 1825 1398 1857 incrementum3
1420 1826 1446 1851 et
1468 1823 1529 1851 ideo
1551 1830 1605 1850 non
1629 1821 1712 1850 habet
1733 1821 1778 1850 bic
1801 1821 1901 1850 locum.

1255 1872 1281 1899 Ξ.
1304 1871 1341 1899 ΑΓ]
1365 1870 1434 1898 illud
1456 1869 1584 1898 similiter
1606 1869 1680 1906 quod
1703 1868 1796 1897 obiicit
1811 1868 1846 1897 de
1860 1868 2025 1897 auctoritate

1178 1917 1338 1955 Augustini,
1362 1919 1435 1953 patet
1458 1916 1616 1952 responsio,
1632 1916 1697 1952 quia
1713 1915 1759 1943 illo
1783 1915 1884 1943 modoS
1899 1923 1960 1944 eam
1983 1923 2025 1943 ac-

1178 1966 1243 2003 cipit
1265 1965 1443 2002 Augustinus.

1257 2012 1283 2041 3.
1306 2012 1342 2040 Ad
1366 2011 1434 2039 illud
1459 2018 1525 2039 vero
1547 2010 1622 2046 quod
1645 2010 1774 2038 obiicitur
1796 2010 1831 2038 de
1861 2010 2025 2039 auctoritate

1178 2059 1318 2096 Gregorii,
1340 2058 1415 2095 quod
1438 2057 1573 2094 sapientia
1594 2060 1635 2085 est
1667 2060 1763 2085 contra
1786 2057 1949 2091 stultitiam;
1971 2057 2024 2086 dici

1178 2109 1282 2143 potest,
1305 2105 1379 2142 qnod
1404 2105 1455 2132 hoc
1486 2104 1553 2132 dicit
1584 2111 1636 2131 non
1666 2106 1801 2140 quantum
1824 2103 1857 2131 ad
1885 2103 2022 2131 uttinznnz

1177 2156 1270 2181 actum
1293 2151 1459 2188 sapientiae,
1481 2151 1528 2187 qui
1560 2150 1713 2178 attenditur
1745 2150 1770 2178 in
1794 2150 1953 2184 affectione,
1976 2150 2024 2178 sed

1177 2202 1313 2236 quantum
1346 2198 1380 2226 ad
1410 2198 1544 2235 primunt
1572 2200 1665 2225 actum
1698 2197 1756 2226 sive
1784 2197 1947 2233 praevium,
1977 2196 2023 2234 qni

1178 2246 1302 2275 consistit
1324 2246 1349 2274 in
1377 2245 1548 2282 cognitione3
1580 2244 1685 2272 donum
1717 2244 1790 2273 enim
1823 2244 1973 2281 sapientiae
1997 2243 2022 2272 in

1178 2302 1207 2323 se
1229 2293 1423 2330 complectitur
1447 2295 1608 2328 utrumque.

337 2459 343 2473 ¹
361 2458 423 2481 Libiu
442 2459 455 2480 l.
474 2458 570 2486 Metaph.
589 2464 608 2480 c.
627 2458 648 2479 2.

337 2499 346 2513 2
364 2499 428 2521 Vers.
446 2499 467 2519 S.
484 2510 515 2513 —
532 2497 647 2524 Expositio
666 2497 760 2524 August.
780 2496 869 2523 plonius
887 2494 984 2516 habetur
1002 2494 1038 2515 hic
1055 2494 1076 2514 in
1090 2493 1123 2515 lit.

274 2538 373 2566 Magistri
384 2556 389 2565 ,
408 2543 426 2559 c.
449 2537 465 2558 l.
478 2548 508 2552 —
521 2536 562 2557 l‘ro
580 2534 680 2564 coynilto
691 2535 828 2557 creatorum
846 2533 896 2555 «od.
910 2534 927 2554 Α
946 2532 1046 2562 coquiteo
1059 2537 1122 2555 crea·

274 2578 395 2599 turormn.

335 2615 345 2630 3
362 2615 422 2637 Libr.
442 2615 455 2636 i.
470 2614 566 2641 illetaph.
579 2620 598 2635 c.
621 2614 636 2635 Ι.
650 2619 714 2641 seqq.
730 2615 751 2634 rt
765 2612 796 2633 lll.
816 2614 867 2633 text.
881 2611 901 2633 3,
920 2611 956 2636 (ll.
970 2617 989 2632 c.
1008 2611 1047 2638 2.).
1060 2610 1121 2632 luem

275 2655 328 2677 ‹lit-it
345 2654 380 2675 Vt.
399 2654 468 2675 Ethic.
480 2659 499 2675 c,
512 2653 538 2680 7,
551 2653 686 2680 sapientiam
699 2657 750 2673 esse
765 2659 774 2671 a
785 2651 902 2673 scientiam
915 2656 993 2672 rerum
1008 2652 1122 2677 praestan-

275 2695 415 2716 tissimarum
429 2702 449 2714 ».

339 2732 347 2746 ⁴
364 2731 419 2760 Cap.
442 2732 458 2753 l.
477 2738 498 2753 n.
525 2732 542 2752 l.
561 2730 605 2753 Csr.
623 2736 693 2758 supra
716 2736 768 2757 pag.
788 2729 844 2751 ato.
868 2732 919 2750 uota
948 2727 964 2750 i.
983 2740 1014 2743 —
1031 2728 1073 2749 Pro
1095 2726 1123 2749 cle

278 2771 403 2799 Trinitate,
418 2776 489 2799 quam
506 2770 626 2792 lectionem
639 2775 665 2791 ex
683 2768 763 2791 Gulicl.
781 2769 853 2795 Mara⁷
867 2768 903 2789 hic
920 2773 942 2795 q.
960 2767 980 2794 l,
998 2768 1019 2789 in
1038 2768 1122 2788 textum

276 2811 418 2838 recepimus,
437 2809 504 2831 codd.
522 2811 543 2831 et
560 2808 612 2830 edd.
631 2807 738 2829 exhibent
755 2806 781 2829 cle
800 2806 895 2830 Ciuitate
914 2806 972 2833 Dei,·
988 2811 1121 2834 perperam,

277 2849 391 2877 siquidem
410 2848 440 2870 ihi
458 2848 512 2870 nihil
533 2847 561 2869 de.
583 2847 622 2869 lob
641 2847 735 2874 1‹›gitur;
753 2847 836 2868 rectius
854 2846 961 2867 lectorem
981 2845 1125 2873 delegassent

277 2888 306 2910 ad
323 2887 371 2910 Lib.
390 2888 417 2909 X.
436 2893 454 2909 c.
477 2887 494 2909 1.
513 2893 533 2908 n.
552 2887 573 2908 3.
597 2887 660 2908 istius
683 2885 733 2907 libri
753 2885 923 2912 Augustini-ani,
949 2884 977 2907 de
1001 2891 1047 2913 qno
1070 2885 1123 2907 vide

278 2932 346 2954 supra
366 2932 418 2954 pag.
437 2927 495 2953 213,
514 2929 565 2948 nota
584 2926 604 2947 ἕ).
624 2937 656 2941 -
673 2925 840 2947 Testimonium
857 2930 869 2946 e
887 2923 945 2946 libro
969 2923 1007 2946 lob
1031 2924 1122 2946 allatum

278 2965 375 2987 habetur
392 2965 423 2987 ibi
436 2965 477 2991 28,
496 2966 532 2987 28.
551 2965 593 2987 Pro
613 2964 668 2987 Ecce
678 2963 765 2993 pietas,
781 2969 840 2992 (luae
857 2963 922 2985 lectio
934 2966 968 2985 est
980 2964 1123 2991 septuaginta

279 3004 428 3030 interpretum
439 3020 444 3030 ,
462 3003 559 3030 Vulgata
577 3002 636 3026 Ecce
652 3002 723 3025 linior
740 3001 842 3024 Domini.
854 3014 884 3018 —-
897 3002 971 3024 Locus
983 3007 1010 3023 ex
1028 3003 1124 3028 August.

1179 2452 1308 2474 Eucliiridio
1326 2458 1378 2473 mox
1399 2452 1480 2473 citatus
1498 2450 1594 2472 habetur
1615 2450 1645 2472 ibi
1663 2456 1682 2472 c.
1702 2450 1721 2471 2.
1740 2456 1787 2478 seq.
1807 2455 1828 2471 n.
1857 2449 1872 2470 l.
1892 2448 1936 2471 Csr.
1955 2455 2025 2476 supra

1179 2498 1231 2520 pag.
1250 2491 1305 2518 215,
1325 2495 1376 2513 nota
1395 2490 1415 2512 4.

1242 2531 1252 2545 5
1269 2531 1358 2553 tir-aeter
1381 2531 1435 2552 loce.
1461 2533 1514 2552 tom.
1534 2530 1546 2551 l.
1571 2535 1623 2557 pag.
1647 2529 1687 2556 38,
1712 2532 1762 2550 nota
1783 2528 1802 2549 l».
1820 2528 1877 2554 eiu.;
1896 2527 1935 2549 cfr.
1955 2527 1976 2548 ll.
1995 2526 2024 2549 tle

1180 2572 1272 2597 Anima,
1291 2573 1341 2592 text.
1361 2570 1397 2592 20.
1416 2570 1444 2592 (ιτ.
1463 2569 1494 2597 3.)
1512 2571 1534 2591 et
1546 2570 1576 2590 lll.
1596 2571 1645 2591 text.
1660 2569 1696 2590 29.
1716 2568 1745 2596 (c.
1763 2568 1803 2596 7.).
1817 2580 1847 2583 a
1860 2568 1902 2589 l'ro
1919 2566 1961 2596 qttz'
1971 2566 2026 2589 dunt

1179 2609 1231 2631 edd.
1250 2614 1296 2638 qno
1314 2608 1378 2635 (licit,
1398 2608 1448 2630 eod.
1468 2608 1483 2629 ff.
1502 2607 1565 2637 quod
1581 2606 1642 2629 dicit

1241 2647 1250 2662 5
1268 2649 1372 2675 August,
1391 2647 1441 2669 XV.
1460 2647 1487 2669 (lo
1506 2647 1568 2668 Trin.
1587 2653 1605 2668 c.
1624 2647 1645 2668 7.
1664 2652 1685 2668 n.
1708 2647 1745 2668 12:
1765 2646 1857 2668 Dilectio
1875 2650 1967 2673 quoquc
1986 2643 2024 2665 ubi

1181 2687 1240 2709 nulla
1257 2690 1302 2714 cst,
1321 2687 1372 2715 quis
1390 2686 1458 2708 ullam
1476 2686 1534 2707 (licut
1553 2691 1603 2707 esse
1620 2685 1772 2712 sapientium?
1790 2684 1835 2707 Csr,
1854 2683 1910 2706 liber
1928 2683 1956 2705 de
1974 2683 2025 2710 Spi-

1180 2726 1223 2747 ritu
1241 2728 1263 2747 ct
1280 2726 1366 2752 anima,
1384 2731 1402 2746 c.
1426 2725 1458 2746 ll.
1477 2725 1574 2751 ,ai-istoc,
1594 2724 1621 2745 X.
1641 2724 1709 2746 Ethic.
1723 2730 1742 2745 c.
1760 2724 1780 2745 7.
1799 2724 1839 2745 ait:
1860 2722 2024 2744 Iucundissima

1180 2768 1256 2786 autem
1274 2771 1300 2786 ex
1318 2765 1407 2786 virtutis
1425 2763 1597 2791 operationibus
1613 2769 1639 2785 ea
1658 2763 1737 2790 procul
1755 2762 1826 2784 dubio
1843 2763 1886 2788 est,
1909 2767 1968 2789 quac
1993 2768 2024 2783 se-

1180 2803 1282 2825 cundum
1299 2803 1434 2831 sapientiam
1452 2803 1490 2828 sit;
1510 2802 1654 2829 philosophia
1671 2801 1701 2830 [i.
1719 2808 1738 2823 e.
1759 2806 1824 2823 amor
1845 2801 1968 2827 sapientiae
1986 2800 2021 2822 vel

1180 2843 1248 2864 etiam
1265 2843 1313 2870 ipsa
1332 2841 1454 2870 sapientia]
1472 2847 1528 2869 ergo
1546 2840 1661 2862 mirabiles
1678 2840 1762 2862 babere
1774 2842 1796 2861 et
1813 2839 1909 2866 puritate
1927 2842 1948 2860 ct
1963 2838 2024 2861 nobi—

1180 2883 1239 2905 litate
1257 2882 1385 2909 voluptates
1402 2881 1500 2903 videtur.
1516 2893 1547 2896 —
1567 2880 1635 2902 Paulo
1653 2879 1759 2906 superius
1779 2884 1820 2906 pro
1843 2879 2026 2901 consumuntur

1181 2921 1232 2944 cod.
1250 2921 1265 2942 F
1283 2920 1437 2947 ternu'nutur,
1458 2924 1479 2943 ct
1497 2925 1538 2947 pro
1555 2918 1675 2948 soporatio
1692 2917 1742 2940 cod.
1761 2918 1777 2938 Α
1796 2923 1875 2945 sopor.

1244 2960 1253 2974 ⁷
1270 2959 1324 2987 Cap.
1343 2960 1363 2982 2.
1382 2966 1446 2987 seqq.

1246 2999 1255 3013 ὃ
1271 3000 1360 3021 Scilicet
1377 2998 1538 3020 communiter.

2050 1615 2142 1633 ositorum.
