2166 3366
118 1342 254 1362 Fundamenta.

265 179 300 206 70
937 177 1192 206 SENTENTIARUM
1214 177 1273 205 LIB.
1295 177 1336 205 111.

263 256 438 285 imponebatur,
457 258 525 284 atque
543 255 651 278 horrebat
668 256 743 283 fateri,
757 255 840 277 diaboli
859 261 952 277 servam
970 256 1046 284 aliquo
1063 261 1112 277 mo-

262 299 340 319 mento
358 297 427 319 fuisse
444 296 534 317 Domini
552 296 653 317 illati-em.

328 335 364 357 lV.
383 336 441 357 inter
458 337 575 361 auctores⁷
588 340 647 362 quos
659 334 728 356 citare
741 334 856 361 solemus,
869 334 909 355 soli
931 333 1023 361 Dionys.
1036 332 1111 355 Carth.

262 377 285 396 et
305 375 349 396 Biel
369 374 475 401 (uterque
500 376 534 395 est
555 374 634 394 auctor
659 378 718 394 saec.
747 372 789 400 15.)
816 372 911 394 firmiter
934 375 1010 394 tenent
1032 378 1111 394 veram

263 414 406 436 sententiam.
425 412 517 439 Dionys.
536 415 613 434 autem
627 414 702 433 monet
722 412 767 437 (liic
780 417 801 439 q.
816 412 835 433 1,
849 412 870 433 in
889 411 958 438 sium:
973 420 981 430 n
995 411 1113 439 Quidquid

264 453 285 474 in
304 453 345 474 bac
363 458 387 474 re
405 450 563 478 sentiendum⁷
577 456 621 472 000
635 450 829 478 disputationibus
841 451 1002 474 contentiosisv
1020 450 1061 472 sed
1076 450 1113 472 de-

264 491 423 513 terminatione
440 490 553 512 Ecclesiae
571 490 707 517 catholicae,
725 490 761 511 cui
780 489 875 511 obedire
893 493 1013 516 tenemur,
1031 492 1065 511 est
1082 490 1113 511 in-

262 530 410 559 quirendum.
434 529 497 557 Quae
515 529 536 550 in
556 529 683 551 novissimo
701 528 801 551 Concilio
820 529 942 551 universali
960 528 1058 558 [scilicet
1074 529 1113 550 Ba-

266 569 367 596 511013ῃεί,
387 575 406 590 a.
429 567 497 596 1439,
517 568 582 589 cuius
600 570 675 589 tamen
693 567 786 589 decreto
804 567 868 590 deest
885 568 1007 590 auctoritas
1020 567 1112 590 Concilii

263 607 385 635 generalis]
404 607 485 634 finem,
504 610 528 628 ut
546 606 601 634 dixi⁷
626 607 660 628 tn's
686 606 868 629 dissensionibus
894 607 1015 634 imposuit,
1041 609 1063 628 ct
1082 606 1114 628 di-

262 647 397 674 gnissimam
423 646 462 668 Dei
489 646 583 668 Mati-ern
609 647 630 667 in
653 652 693 668 sua
715 646 864 674 conceptione
881 646 910 668 ab
928 646 990 668 omni
1008 646 1113 673 originali

263 688 313 710 labe
327 693 368 714 per
381 687 569 714 praevenientem
587 686 696 713 gratiam,
709 692 720 707 a
734 691 826 707 summo
839 686 913 713 capite
930 684 1019 708 Cbristo
1037 689 1113 708 ortum

263 727 399 753 habentem,
418 728 603 752 praesen-vatam,
616 728 685 753 atque
702 725 754 747 ideo
772 725 853 747 l'estum
873 725 901 747 de
920 731 944 747 ea
964 724 1008 747 sub
1021 725 1114 747 nomine

262 764 432 794 conceptionis,
452 767 474 786 et
491 770 535 785 non
554 763 739 786 sanctificationis
756 770 806 786 csse.
824 763 989 786 celebrantium
1009 763 1114 785 determi-

262 806 339 832 navit,
357 806 416 827 sicut
433 807 453 827 et
472 804 539 826 hodie
557 803 664 826 celebrat.
682 804 710 825 lta
732 804 800 825 etiam
813 802 875 825 Ordo
893 806 969 825 noster
986 802 1114 825 Cartbusia·

263 852 305 867 nus
323 844 448 867 observare
466 843 581 865 videtur»
602 845 644 865 etc.

325 883 419 906 lilii-abili
437 883 507 911 igitur
524 885 546 905 et
564 882 681 904 adoranda
699 882 738 904 Dei
757 882 833 904 onmia
851 882 953 904 suaviter
972 881 1114 909 disponentis

262 924 406 952 providentia
425 924 509 945 sactum
528 925 572 950 est,
591 924 615 944 ut
631 922 717 944 almum
730 922 774 943 hoc
786 922 921 949 mysterium
935 922 1000 950 quasi
1012 921 1114 949 quadam

1169 256 1279 283 germinis
1290 256 1421 277 evolutione
1433 256 1518 278 sensim
1532 256 1692 284 gradatimque
1705 257 1726 278 in
1740 257 1837 279 Ecclesia
1851 257 2016 286 effloresceret3

1169 297 1193 316 ut
1210 295 1274 322 prius
1292 300 1333 322 per
1345 294 1434 317 saccula
1453 296 1518 323 quasi
1537 301 1578 323 per
1595 296 1672 323 ignem
1691 296 1879 323 gravissimarum
1893 297 2018 324 oppositio-

1170 339 1224 355 num
1237 333 1374 361 probaretur
1391 336 1412 356 et
1429 334 1593 362 illustraretur3
1607 338 1631 356 ut
1643 334 1742 362 denique
1761 340 1804 356 non
1823 337 1868 357 tam
1887 335 2018 363 disputatio-

1170 372 1238 394 nibus
1250 373 1380 394 scholarum
1394 379 1464 402 quam
1478 374 1516 401 pio
1528 373 1666 395 devotorum
1680 373 1781 395 fidelium
1799 374 1861 396 cultu
1875 380 1964 403 usuque
1977 381 2018 397 nec

1170 417 1215 433 non
1228 412 1351 439 magisterii
1365 412 1509 434 ecclesiastici
1523 412 1608 439 favore,
1622 418 1714 439 semper
1726 413 1856 434 evidentius
1868 413 2017 442 manifestato,

1170 451 1269 478 perfecta
1288 450 1386 473 filiorum
1405 451 1517 473 Ecclesiae
1534 451 1657 473 concordia
1674 451 1696 472 in
1715 451 1850 473 celebranda
1869 452 1911 474 hac
1929 452 1953 474 B.
1971 452 2019 474 Vir-

1170 489 1230 516 ginis
1248 490 1407 517 praerogativa
1427 493 1530 517 tempore
1553 489 1715 517 praeordinato
1739 491 1840 512 suaviter
1863 490 2018 518 perficeretur.

1171 528 1221 556 Quo
1233 527 1312 549 divino
1325 529 1418 550 consilio
1431 530 1563 557 supposito,
1575 535 1618 551 non
1631 534 1664 551 cst
1678 529 1821 556 mirandum,
1835 530 1897 558 quod
1911 531 2019 553 anteactis

1171 567 1282 594 saeculis,
1301 567 1403 589 nondum
1426 567 1528 590 discussa
1547 568 1647 597 quadam
1665 568 1776 596 caligine,
1795 569 1863 590 ctiam
1881 569 2020 591 illuminatis-

1171 606 1222 628 simi
1239 609 1261 628 et
1279 605 1421 628 devotissimi
1439 607 1538 629 cultores
1555 607 1578 629 B.
1597 607 1699 635 Virginis
1717 607 1799 629 Mariae
1822 607 1851 629 do
1877 608 1920 630 noc
1938 611 2019 636 myste-

1171 645 1204 667 rio
1222 645 1385 667 insufficienter
1403 645 1470 667 locuti
1487 646 1539 667 sint.

1235 684 1262 706 V.
1280 684 1384 712 Sequens
1405 684 1447 713 (3.)
1471 685 1574 712 quaestio
1592 685 1721 707 secundum
1738 686 1854 713 praedicta
1873 687 2019 714 intelligenda

1172 726 1212 746 est.
1226 724 1256 745 De
1269 730 1295 745 ea
1308 726 1403 746 tractant
1415 726 1506 751 praeter
1518 724 1621 746 laudatos
1634 725 1655 746 in
1668 725 1754 747 scholio
1767 725 1795 747 ad
1813 726 1829 747 1.
1843 732 1877 754 q.:
1889 726 1951 748 Alex.
1964 726 2019 755 Hah,

1172 763 1194 785 S.
1213 763 1245 785 lli.
1272 769 1293 791 q.
1319 763 1340 785 9.
1367 768 1397 785 m.
1424 763 1444 784 2.
1468 769 1487 785 a.
1506 762 1527 784 4.
1544 775 1576 779 --
1593 763 1614 785 S.
1633 763 1729 791 Tuom,
1743 764 1779 786 liic
1796 771 1817 792 q.
1841 765 1857 786 1.
1875 771 1895 787 a.
1918 765 1934 786 1.
1953 771 2020 793 quae-

1172 803 1252 825 stiunc.
1272 802 1308 828 3.;
1326 803 1348 824 S.
1367 802 1397 824 111.
1416 808 1438 830 q.
1457 802 1493 824 27.
1512 808 1531 824 a.
1554 802 1570 824 1.
1588 814 1620 818 -
1638 802 1660 824 Β.
1679 802 1779 830 :tibet-t,
1797 803 1833 825 hic
1852 810 1871 825 a.
1885 803 1905 826 5’.
1919 816 1950 819 -
1963 804 2019 826 Petr.

1172 848 1184 864 a
1203 842 1269 870 Tan,
1287 842 1323 864 hic
1341 849 1362 870 q.
1385 843 1401 863 1.
1421 848 1440 864 a.
1463 842 1479 863 1.
1499 843 1640 870 quaestiunc.
1659 842 1679 864 2.
1697 854 1728 858 —
1746 842 1852 864 Richard.
1870 849 1881 865 a
1900 843 1970 871 Meet,
1984 844 2020 865 hic

1172 887 1192 903 a.
1211 882 1232 903 l.
1250 888 1272 910 q.
1291 882 1311 903 2.
1329 893 1360 897 —
1377 880 1451 908 AEgid.
1470 881 1506 908 lt,
1525 881 1561 903 nic
1579 887 1600 909 q.
1624 881 1640 902 l.
1658 886 1678 902 a.
1697 881 1717 903 2.

1031 1009 1194 1046 QUAESTIO
1215 1009 1255 1037 111.

668 1097 773 1125 Utrum
795 1096 878 1125 beata
906 1096 994 1134 Virgo
1015 1095 1204 1133 sanctificata
1224 1094 1318 1133 licerit
1338 1099 1405 1124 ante
1427 1095 1617 1124 nativitatem.

341 1197 433 1226 Tertio
455 1197 618 1233 quaeritur,
635 1199 730 1224 utrum
748 1196 828 1224 beata
843 1195 926 1232 Virgo
942 1194 1112 1224 sanctificata

262 1245 347 1274 fuerit
367 1248 431 1273 autc
452 1244 635 1272 nativitatem.
658 1244 688 1272 Et
710 1243 784 1280 qnod
807 1243 861 1278 sic,
885 1243 1004 1271 videtur.

343 1293 367 1320 1.
389 1291 549 1320 Bernartius
571 1291 606 1319 ad
630 1290 872 1326 Lugdunenses¹:
901 1290 991 1318 «Fuit
1013 1289 1111 1327 procui

262 1339 348 1368 dubio
369 1338 455 1366 Mater
476 1338 523 1366 Dei
547 1341 610 1366 ante
632 1340 727 1366 sancta
748 1345 833 1374 quam
856 1341 962 1365 nata».

341 1387 366 1414 ἓ.
389 1385 472 1419 item,
496 1384 692 1412 l3ernai·dus²:
714 1384 820 1420 «Quod
838 1383 934 1420 paucis
950 1383 1110 1411 mortalium

261 1436 369 1462 constat
390 1440 450 1461 esse
472 1432 622 1465 collatum,
645 1431 686 1460 sas
707 1435 782 1460 certe
798 1439 851 1459 non
867 1434 908 1459 est
924 1430 1040 1459 credere
1056 1432 1112 1458 tan-

263 1484 305 1509 tae
336 1480 441 1517 Virgini
464 1479 550 1508 fnisse
573 1482 705 1515 negatum
721 1489 748 1513 ”3
770 1478 818 1507 sed
843 1478 956 1507 loannes
985 1481 1011 1505 et
1044 1478 1113 1506 lere-

262 1527 332 1556 mias
360 1526 521 1555 sanctificati
545 1525 660 1554 fuerunt
682 1525 708 1553 in
731 1528 827 1558 utere,
849 1525 1006 1553 secundum
1036 1524 1111 1561 quod

262 1575 381 1603 liabetur
402 1573 534 1602 ieremiae
555 1572 665 1609 primo:
690 1572 856 1610 Antequam
877 1572 973 1600 exires
995 1575 1063 1607 etc.;
1085 1576 1112 1600 et

261 1623 350 1651 Lucae
372 1621 479 1658 primo:
503 1620 618 1657 Spiritu
640 1622 741 1647 sancto
769 1619 927 1656 replebitur
950 1618 1048 1647 cttlltttc
1077 1628 1112 1647 0:11

260 1673 342 1697 utero
373 1668 481 1697 matris
511 1675 603 1695 sitae:
635 1674 702 1703 ergo
735 1666 847 1695 vitietur
877 1667 965 1695 multo
992 1666 1111 1701 fortius,

259 1716 334 1753 quod
357 1716 440 1752 Virgo
462 1714 547 1743 Maria
569 1714 653 1743 suerit
675 1713 701 1741 in
724 1716 804 1742 utero
827 1713 1005 1742 sanctificata.

339 1762 363 1791 3.
387 1763 469 1797 item,
493 1761 613 1790 Ecclesia
629 1760 751 1789 celebrat
766 1764 792 1789 et
807 1760 970 1789 solemnizat
990 1761 1111 1797 Virginis

260 1810 452 1842 nativitateni;
484 1809 532 1838 sed
566 1808 649 1837 statui
672 1808 699 1835 in
722 1811 834 1845 peccato
863 1807 1024 1836 solemnitas
1055 1816 1109 1836 non

260 1857 396 1886 debetur:
419 1864 485 1893 ergo
508 1856 635 1889 videtur,
659 1855 734 1892 quod
750 1855 775 1882 in
792 1855 861 1882 bora
884 1854 1035 1882 nativitatis
1055 1854 1112 1883 fue-

260 1905 295 1933 rit
317 1903 487 1933 sanctificata
499 1903 517 1930 5.
958 1906 964 1907 ’

338 1951 364 1979 li.
388 1950 471 1984 item,
493 1950 515 1978 si
538 1949 632 1986 aliqua
658 1956 778 1986 persona
799 1948 833 1977 de
856 1948 1030 1985 plenitudine
1052 1956 1111 1985 gra-

262 1998 313 2027 tiae
336 1997 393 2026 Filii
416 1997 512 2025 beatae
534 1995 676 2033 Virginis*
699 1995 796 2024 debuit
818 1995 1002 2032 participare,
1026 1995 1111 2024 Mater

261 2045 322 2073 eius
344 2044 468 2072 maxime
488 2043 629 2080 particeps
650 2042 748 2071 debuit
770 2042 847 2071 lieri:
870 2050 937 2078 ergo
959 2042 1030 2071 sicut
1046 2045 1111 2071 tunc

261 2092 384 2120 maxime
406 2094 466 2120 erat
488 2091 602 2125 idonea,
624 2093 656 2118 ut
677 2098 740 2118 cum
765 2091 824 2126 ipsa
846 2092 872 2118 et
895 2089 921 2117 in
944 2089 1004 2126 ipsa
1023 2090 1111 2126 gratia

260 2142 505 2176 augmentaretur,
522 2146 585 2166 cuni
602 2145 661 2166 eam
686 2137 811 2174 gestabat
832 2137 904 2165 inter
926 2136 1053 2171 viscera,
1075 2137 1112 2164 vi-

1170 1195 1265 1229 detur,
1287 1195 1361 1232 quod
1379 1195 1404 1223 in
1428 1195 1487 1232 ipso
1502 1199 1582 1224 utero
1604 1195 1723 1232 Spiritus
1743 1196 1828 1224 sancti
1852 1197 1941 1233 gratia
1955 1196 2020 1226 fuis-

1170 1245 1212 1270 set
1233 1242 1347 1278 repleta.

1249 1289 1301 1316 Sicu
1323 1297 1443 1317 CONTRA:
1465 1290 1486 1317 l.
1502 1289 1540 1317 Ad
1557 1289 1693 1318 Romanos
1708 1293 1805 1318 octavo
1816 1290 1836 1317 5:
1858 1290 1893 1318 Ut
1906 1290 1944 1319 sit
1958 1290 2018 1327 ipse
2032 1297 2060 1315 Ad
2073 1297 2150 1320 opposi-

1167 1335 1397 1372 prisneyenitnae
1413 1335 1518 1364 Glossa:
1538 1336 1633 1372 «Quia
1649 1336 1756 1372 primns
1772 1336 1830 1365 sine
1846 1340 1958 1374 peccato
1973 1345 2019 1366 na-

1170 1386 1215 1411 tus
1240 1386 1267 1410 et
1288 1383 1397 1419 primus
1420 1382 1599 1419 impassibilis
1631 1391 1780 1420 resurgens
1800 1395 1829 1412 »2
1858 1392 1924 1421 ergo
1948 1385 2020 1413 vide-

1170 1433 1229 1463 tur,
1251 1429 1326 1466 quod
1350 1429 1429 1457 beata
1449 1429 1533 1466 Virgo
1555 1438 1608 1457 non
1628 1430 1712 1458 fuerit
1734 1434 1798 1459 nata
1814 1431 1872 1460 sine
1893 1435 2019 1468 peccato,

1169 1484 1233 1505 cum
1256 1479 1321 1504 nata
1344 1476 1427 1504 fuerit
1448 1479 1510 1505 ante
1531 1485 1616 1513 quam
1638 1477 1781 1506 Christus:
1804 1486 1870 1515 ergo
1892 1486 1947 1507 non
1968 1479 2020 1508 fuit

1170 1524 1339 1553 sanctificata
1361 1527 1424 1553 ante
1446 1533 1529 1561 quam
1553 1528 1624 1553 nata.

1248 1573 1275 1599 2.
1296 1571 1375 1605 item,
1398 1571 1569 1607 Augustinus
1590 1572 1625 1600 ad
1648 1571 1840 1600 Dardanumss:
1862 1583 1875 1598 «
1891 1572 1939 1601 iila
1960 1581 2020 1610 gra-

1169 1618 1218 1652 tia,
1241 1626 1297 1655 qua
1317 1617 1456 1646 efficimur
1479 1618 1615 1655 templum
1636 1618 1685 1646 Dei
1708 1618 1823 1655 singuli,
1839 1627 1894 1647 non
1910 1619 1962 1648 nisi
1979 1627 2018 1648 re-

1169 1668 1299 1693 natorum
1322 1668 1375 1697 est,
1398 1665 1473 1701 quod
1495 1673 1550 1692 non
1569 1664 1621 1693 nisi
1643 1665 1698 1693 nati
1723 1665 1849 1694 homines
1871 1673 1931 1694 esse
1959 1673 2019 1703 pos-

1169 1715 1234 1740 sunt
1248 1722 1278 1740 »:
1301 1719 1367 1748 ergo
1396 1720 1461 1740 cum
1482 1720 1532 1749 per
1561 1712 1807 1741 sanctificationem
1829 1713 1910 1741 beata
1935 1713 2019 1750 VIrgo

1169 1759 1205 1788 sit
1232 1759 1304 1787 facta
1333 1759 1468 1796 templum
1494 1759 1560 1794 Dei,
1583 1768 1636 1787 non
1658 1759 1711 1788 fuit
1732 1763 1795 1789 ante
1818 1763 1912 1789 sancta
1934 1768 2019 1797 quam

1171 1809 1242 1834 nata.

1248 1853 1273 1881 3.
1297 1853 1377 1887 item,
1405 1853 1483 1881 nulla
1504 1853 1661 1890 proprietas
1689 1853 1851 1890 perimitur,
1881 1854 2018 1890 quamdiu

1170 1900 1253 1929 habet
1275 1900 1485 1929 continuitatem
1507 1907 1572 1928 cuin
1593 1908 1645 1929 sua
1666 1908 1763 1934 causa3
1785 1901 1834 1929 sed
1850 1901 1943 1929 anima
1958 1909 2019 1930 con-

1170 1947 1255 1975 trahit
1276 1947 1411 1984 originale
1432 1955 1448 1975 a
1471 1947 1661 1984 parentibus⁷z
1686 1955 1753 1984 ergo
1768 1948 1905 1984 quamdiu
1926 1948 2019 1985 proles
2048 1975 2052 1976 .

1169 1994 1263 2023 iuncta
1278 1998 1319 2023 est
1335 1995 1430 2030 matri,
1450 2003 1504 2023 non
1522 1995 1645 2029 videtur,
1667 1995 1740 2032 quod
1757 1995 1792 2023 ab
1815 1995 1943 2032 originali
1958 2003 2019 2033 pec-

1169 2044 1230 2069 eato
1251 2041 1337 2078 possit
1359 2041 1502 2070 mundari:
1526 2049 1592 2078 ergo
1613 2049 1662 2070 nec
1685 2041 1860 2070 sanctificari.

1247 2089 1274 2117 [1.
1298 2089 1377 2120 item,
1399 2097 1458 2117 esse
1480 2089 1652 2117 ordinatum
1673 2089 1874 2126 praesupponit
1895 2098 1954 2118 esse
1980 2089 2020 2118 cti-

1168 2136 1309 2165 stinctum
1327 2137 1354 2170 ὃ;
1383 2136 1433 2165 sed
1455 2136 1543 2173 gratia
1572 2136 1796 2165 sanctificationis
1819 2137 2020 2174 praesupponit

328 2272 423 2301 ¹Epist.
443 2272 494 2294 lu.
513 2278 533 2294 n.
552 2272 573 2294 5.
598 2284 630 2288 —
655 2271 790 2299 Complures
816 2271 883 2293 codd.
909 2272 1017 2293 omittunt
1042 2272 1111 2299 paulo

260 2316 313 2335 ante.
330 2311 430 2335 videtur.

326 2352 335 2366 2
352 2352 404 2374 Loc.
423 2352 466 2379 cit,
485 2350 524 2373 ubi
542 2353 616 2373 textus
634 2350 751 2378 originalis
776 2350 808 2372 sic
826 2352 903 2372 sonat:
925 2349 1015 2378 «Quod
1032 2349 1112 2379 itaque

260 2391 297 2414 ‘uel
313 2391 392 2419 paucis
409 2390 541 2412 mortanum
558 2392 646 2412 constat
662 2388 736 2418 fnisse
753 2389 872 2417 collatum,
891 2390 924 2411 sas
941 2392 1002 2411 certe
1021 2395 1065 2411 non
1079 2391 1112 2411 est

260 2429 379 2459 suspicari
395 2432 469 2452 tantae
487 2429 575 2457 Virgini
602 2434 650 2451 esse
678 2430 818 2456 negatum».
838 2428 880 2451 Pro
906 2429 999 2451 constal
1016 2428 1069 2450 edd.
1088 2427 1112 2450 ἰη

261 2470 316 2492 orttt
334 2467 456 2498 conssrant,
484 2468 585 2490 nonnulli
612 2467 679 2490 codd.
706 2466 835 2490 conveniat.
855 2479 885 2483 —
902 2467 955 2496 Seq.
973 2467 1037 2489 locus
1055 2467 1113 2489 Scri-

262 2511 342 2536 pturae
359 2511 393 2530 ost
410 2508 488 2529 iorem.
511 2507 527 2534 l,
546 2507 572 2534 5;
591 2507 647 2529 alter
665 2507 718 2528 Luc.
742 2507 758 2534 l,
782 2506 813 2528 15.

326 2547 335 2561 3
352 2547 467 2574 Bet-nard„
485 2546 527 2568 loc.
546 2547 582 2568 cit.
607 2552 627 2567 n.
647 2546 674 2568 3:
699 2546 782 2573 Accepi
799 2551 854 2567 sane
871 2545 900 2567 ab
918 2545 1029 2573 Ecclesia,
1048 2545 1112 2567 illum

262 2587 323 2608 ‹liem
341 2592 393 2608 cum
420 2591 510 2607 summa
536 2585 684 2607 veneratione
710 2584 872 2612 recolendum⁷
899 2590 945 2613 quo
965 2587 1065 2607 assumta
1085 2584 1113 2606 de

261 2625 352 2646 sacculo
371 2630 493 2653 tit-quam...
512 2624 551 2646 sed
571 2626 593 2645 et
609 2626 686 2646 ortum
713 2624 813 2651 Virginis
834 2623 903 2645 didici
922 2623 1072 2645 nibilominus
1090 2624 1112 2644 in

262 2664 359 2685 Ecclesia
377 2666 399 2685 et
416 2663 444 2685 ab
463 2664 561 2685 Ecclesia
579 2662 735 2685 indubitanter
752 2662 838 2684 habere
855 2662 964 2684 festivum
982 2665 1051 2690 atque
1064 2668 1113 2684 san-

262 2706 331 2730 ctum,
350 2702 480 2724 firmissime
493 2708 545 2724 cum
559 2702 657 2724 Ecclesia
675 2702 775 2724 sentiens
784 2720 789 2730 ‚
808 2702 829 2723 in
843 2706 908 2724 utero
920 2707 971 2723 eam
984 2702 1112 2729 accepisse,

263 2744 287 2764 ut
304 2744 379 2763 sanc-ta
398 2741 507 2768 prodiret.

325 2779 334 2794 ⁴
352 2781 410 2801 loan.
434 2781 450 2805 1,
474 2781 511 2801 iti:
530 2780 554 2802 Et
573 2780 601 2802 (le
615 2780 755 2807 plenitudine
768 2780 817 2802 cius
831 2786 872 2802 nos
886 2786 967 2801 omnes
980 2780 1113 2807 accepimus

263 2822 285 2842 ct
299 2820 395 2847 gratiam
409 2825 450 2846 pro
468 2820 547 2846 gratia.
562 2832 591 2834 —
605 2820 646 2841 l’ro
658 2818 750 2848 qrtztiaeze
762 2818 817 2841 Filii
829 2818 908 2842 bealae.
929 2818 1032 2848 Virffl'nis
1045 2818 1112 2841 codd.

264 2858 282 2879 11
301 2864 327 2879 aa
345 2863 397 2879 cum
416 2857 469 2879 edd.
490 2858 516 2885 l,
535 2858 548 2879 ‘2
574 2858 667 2886 yrcttt‘tte
694 2858 793 2886 Christi,
819 2858 872 2880 cod.
898 2858 916 2880 11
941 2857 1035 2887 attitiae
1057 2857 1111 2885 Dei,

264 2897 331 2919 codd,
358 2898 374 2918 Α
385 2897 399 2918 F
409 2897 426 2918 G
436 2897 452 2918 L
462 2897 478 2918 N
489 2897 506 2918 T
519 2897 534 2918 U
547 2897 564 2918 V
574 2897 590 2918 Z
617 2903 740 2924 perperam
768 2897 861 2926 qraticte
887 2896 968 2919 bestiae
1001 2896 1113 2926 Viiffl‘nz's.

265 2936 314 2958 htux
332 2942 374 2963 pro
392 2941 447 2965 erqo
465 2935 527 2958 sicut
544 2936 611 2958 codd.
630 2936 700 2957 liLZ
719 2936 749 2958 bb
767 2942 823 2965 erqo
840 2935 876 2964 si;
895 2936 978 2958 deinde
997 2942 1038 2964 pro
1060 2942 1114 2959 enm

263 2974 370 3004 yeststbctt
387 2974 446 3004 [scil.
465 2975 631 3003 plenitudinem
650 2975 748 3004 gratiae]
765 2975 818 2998 cdd.
835 2982 889 2998 eum
906 2975 1018 3005 yestabal.

1231 2271 1240 2285 ⁵
1258 2271 1323 2293 Vers.
1342 2272 1379 2293 29.
1396 2283 1427 2287 —-
1444 2271 1522 2293 Glossa
1539 2273 1573 2293 est
1590 2270 1715 2293 ordinaria
1727 2274 1748 2292 ct
1766 2270 1863 2293 liabetur
1880 2271 1943 2299 apud
1961 2271 2019 2293 Stra-

1169 2310 1225 2332 bum
1243 2312 1265 2332 et
1281 2310 1404 2337 Lyranum.
1421 2322 1453 2326 —
1471 2310 1513 2332 Pro
1530 2309 1622 2338 primus
1640 2308 1791 2338 impassibilis
1804 2309 1858 2331 edd.
1876 2315 1929 2331 cum
1947 2310 2017 2338 pluri-

1169 2349 1213 2371 bus
1231 2349 1297 2371 codd.
1314 2348 1392 2378 primo
1410 2348 1569 2378 impassibilis.

1232 2387 1241 2401 ⁶
1259 2388 1328 2416 Epist.
1353 2388 1400 2410 187.
1420 2388 1484 2416 (alias
1502 2388 1549 2416 57.)
1567 2394 1585 2410 c.
1609 2388 1640 2410 l0.
1660 2394 1680 2409 n.
1699 2387 1790 2409 32:111a
1803 2387 1957 2415 sanctificatio,
1975 2393 2019 2416 qua

1170 2428 1284 2449 efficimur
1306 2430 1329 2449 et
1345 2427 1429 2455 singuli
1447 2427 1531 2455 templa
1550 2427 1589 2449 Dei
1615 2429 1637 2449 et
1662 2428 1683 2448 in
1710 2433 1781 2449 unum
1807 2433 1888 2448 omnes
1908 2427 2020 2454 templum

1170 2466 1209 2488 Dei
1221 2484 1226 2494 ‚
1245 2472 1290 2488 non
1308 2467 1341 2488 est
1359 2466 1400 2487 nisi
1418 2468 1563 2493 renatorum,
1582 2465 1645 2494 quod
1663 2466 1704 2487 nisi
1723 2465 1767 2487 nati
1786 2465 1890 2487 homines
1907 2471 1957 2487 esse
1974 2470 2019 2486 non

1172 2508 1274 2533 possunt.
1292 2517 1324 2521 —
1340 2505 1383 2527 Pro
1401 2504 1492 2534 siiiyult'
1509 2504 1558 2526 Vat.
1576 2503 1699 2533 sinyttlare
1724 2508 1745 2526 et
1770 2503 1869 2525 subinde
1891 2509 1933 2531 pro
1958 2502 2021 2533 quod

1171 2550 1230 2566 cum.
1242 2544 1294 2566 edd.
1317 2545 1334 2571 l,
1354 2545 1366 2566 2
1384 2543 1447 2573 (μιὶα.
1466 2544 1488 2565 ln
1508 2543 1551 2565 tine
1569 2550 1617 2571 arg.
1636 2549 1678 2571 pro
1694 2544 1779 2565 saneta
1797 2542 1846 2564 Vat.
1864 2541 2019 2572 sanctificata.

1233 2583 1242 2597 ⁷
1259 2582 1303 2605 etr.
1322 2583 1344 2604 11.
1363 2583 1423 2605 Sent.
1443 2582 1464 2604 d.
1482 2583 1518 2604 31.
1536 2589 1555 2604 a.
1575 2583 1595 2603 2.
1614 2588 1635 2610 q.
1659 2582 1675 2603 l.
1699 2588 1763 2610 seqq.
1782 2585 1804 2603 et
1822 2581 1844 2603 d.
1864 2581 1900 2602 33.
1919 2587 1938 2603 a.
1959 2581 1978 2603 1,
1997 2587 2019 2609 q.

1175 2623 1192 2644 l.
1211 2635 1241 2638 —
1259 2623 1327 2644 Paulo
1352 2623 1460 2650 superius
1484 2628 1526 2649 pro
1551 2621 1730 2645 continuitatem
1754 2620 1820 2642 codd.
1844 2620 1968 2642 FGKNZ
1987 2620 2019 2642 bb

1171 2661 1379 2685 continuationem.
1398 2662 1447 2683 Mox
1465 2668 1506 2689 pro
1524 2661 1605 2684 iuncta
1622 2661 1690 2683 codd.
1709 2662 1726 2682 Α
1737 2661 1752 2682 Ζ
1772 2659 1845 2682 nnita.

1234 2700 1244 2715 ⁸
1261 2701 1317 2723 Nam
1334 2701 1462 2723 secundum
1480 2702 1583 2728 August.⁷
1602 2700 1662 2722 th.
1681 2700 1709 2722 de
1727 2699 1774 2722 Civ.
1794 2699 1840 2727 Dei,
1859 2705 1878 2721 c.
1901 2699 1932 2721 13.
1954 2705 1974 2721 n.
1998 2700 2019 2727 l,

1172 2741 1229 2763 ordo
1247 2743 1281 2762 cst
1298 2741 1389 2768 parium
1408 2740 1582 2768 dispariumque
1600 2745 1677 2761 rerum
1695 2745 1735 2761 sua
1749 2739 1832 2767 cuique
1850 2738 1898 2760 loca
1918 2738 2019 2761 tribuens

1173 2779 1299 2807 dispositio.
1319 2791 1348 2794 —
1366 2780 1408 2801 l’ro
1426 2785 1475 2801 esse
1491 2778 1626 2801 distinctum
1653 2779 1674 2800 in
1692 2777 1780 2800 minori
1805 2778 1855 2800 cod.
1882 2784 1908 2799 aa
1931 2782 1952 2800 et
1971 2779 2020 2800 Vat.

1172 2818 1279 2840 exhibent
1296 2824 1345 2841 esse
1362 2817 1579 2841 ordinatum-Satis
1591 2817 1736 2839 manifestum
1755 2819 1799 2844 est,
1814 2816 1877 2844 quod
1889 2817 2020 2839 concinnior

1172 2858 1237 2880 lectio
1255 2859 1283 2880 sit
1300 2864 1326 2880 ex
1344 2859 1392 2880 istis
1409 2857 1500 2880 duabus
1522 2859 1543 2879 in
1565 2863 1634 2879 unam
1661 2860 1786 2879 contracta:
1813 2857 1853 2879 sed
1880 2858 1949 2884 gratia
1972 2863 2020 2879 san-

1173 2897 1313 2919 ctificationis
1330 2898 1496 2925 praesupponit
1513 2902 1562 2919 esse
1578 2896 1708 2918 ordinatum
1721 2898 1742 2918 ct
1755 2902 1796 2923 per
1813 2902 1957 2924 consequens
1971 2901 2020 2919 esse

1173 2936 1312 2959 distinctum.
