2166 3366
113 798 212 823 Conclusio
224 804 240 822 l.

113 898 211 918 Conclusio
223 899 240 916 2.

115 1087 213 1106 Conclusio
225 1087 242 1105 3.

258 157 297 185 8⁶2
934 151 1187 181 SENTENTIARUM
1210 151 1269 179 LIB.
1292 151 1331 179 111.

251 235 391 268 moralis,
414 235 451 263 sic
473 233 621 263 decimatio
642 232 745 261 dicitur
767 231 887 260 alicuius
901 234 993 259 certae
1009 230 1097 267 partis

251 282 362 311 donatio
384 282 419 310 ad
441 281 671 309 sustentationem
694 287 791 313 eorum
824 278 871 315 qui
901 278 1029 306 serviunt
1051 277 1100 304 Do-

252 330 327 358 mino
348 332 374 358 et
396 327 520 365 deputati
555 330 619 355 sunt
645 326 733 354 cultui
756 325 866 359 divino:
889 328 915 353 et
938 325 990 353 hoc
1018 324 1101 352 modo

252 376 400 406 decimatio
422 375 516 411 aliquo
539 374 622 402 modo
644 375 806 410 perseverat
828 379 918 408 usque
940 371 1102 399 modo¹.—a

252 423 412 452 Secundum
434 425 527 450 autem
551 421 625 458 quod
649 419 796 448 decimatio
828 421 870 448 est
901 422 980 447 actus
1001 426 1102 446 sacru-

251 469 404 502 mentalis,
437 469 476 497 sic
508 467 655 496 decimatio
676 469 718 495 est
739 466 859 495 alicuius
881 465 968 502 partis
990 464 1102 493 donatio

252 517 287 546 ad
310 516 483 545 curationem
506 514 595 543 morbi
612 513 763 551 originalis.
779 530 818 532 —
832 512 992 542 Secundum
1008 515 1102 540 autem

253 564 326 602 quod
350 562 497 592 decimatio
519 565 560 591 est
586 564 664 590 actus
695 560 852 598 figruralt'3,
885 560 923 589 sic
956 559 1102 588 decimatio

253 615 294 641 est
316 611 440 640 decimae
462 610 550 647 partis
572 609 683 638 donatio
705 608 739 637 ad
768 607 1033 645 praefigurationem
1059 615 1104 635 cu-

253 658 369 687 rationis
390 656 573 690 universalis‚
596 663 668 693 quae
694 655 790 683 futura
821 657 881 683 erat
913 661 963 691 per
991 652 1104 681 oblatio-

254 713 316 734 nem
340 704 451 733 Christi.

333 752 448 781 Duobus
480 751 578 788 primis
605 750 695 779 modis
716 752 829 786 accepta
851 748 998 778 decimatio
1020 747 1105 784 respi-

255 801 291 829 cit
313 802 420 828 tautum
445 797 616 836 praesens&
638 797 704 834 quia
725 804 779 825 non
802 796 886 825 datur
915 795 1023 824 decima
1051 794 1103 823 nisi

255 848 289 876 de
311 847 378 881 hoc,
401 846 475 883 quod
505 845 641 878 liabetur,
671 847 698 872 et
719 852 773 872 non
800 846 916 872 curatur
944 842 995 870 nisi
1028 841 1103 878 quod

256 895 308 923 iam
333 894 417 922 habet
450 892 588 920 morbum.
621 890 713 919 Tertio
735 894 829 918 autem
852 889 935 918 modo
957 887 1104 917 decimatio

255 944 368 978 accepta
390 948 443 968 non
466 942 574 967 tantum
597 941 639 966 est
653 937 823 974 praesentis,
840 936 887 964 sed
904 936 986 964 etiam
1002 934 1104 967 futuri,

256 997 307 1026 pro
329 996 361 1016 00
381 986 455 1024 quod
476 985 620 1023 ffiquratilo
635 987 677 1013 est
698 983 878 1020 significatio,
899 985 926 1010 et
941 981 1105 1018 significatio

256 1044 310 1064 non
334 1038 440 1063 tantum
464 1032 591 1062 extendit
613 1039 641 1060 se
663 1031 697 1059 ad
717 1030 890 1067 praesentia,
906 1029 955 1057 sed
970 1029 1053 1057 etiam
1069 1028 1104 1056 ad

256 1083 370 1116 sutura3
393 1084 419 1110 et
441 1081 493 1109 hoc
515 1079 598 1108 modo
620 1078 754 1107 dicuntur
769 1077 817 1105 tilii
833 1076 960 1105 Abrahae
976 1075 1104 1104 decimati

257 1130 284 1158 in
307 1129 462 1162 Abraham,
483 1126 549 1164 quia
571 1134 620 1163 per
640 1125 716 1153 illam
734 1124 946 1153 decimationem
969 1122 1107 1159 praefigu-

1158 229 1233 266 quod
1255 232 1296 258 est
1312 229 1466 262 decimari,
1482 228 1567 257 immo
1582 228 1674 265 potius
1690 236 1718 257 se
1733 228 1860 257 extendit
1874 228 1908 256 ad
1924 236 2006 257 omne

1159 279 1285 313 tempus,
1308 278 1334 304 et
1362 283 1414 312 pro
1442 275 1490 303 illo
1513 278 1637 312 tempore
1660 275 1753 303 reddit
1774 275 1941 303 locutionem
1964 283 2007 303 ve-

1159 331 1235 357 ram,
1257 323 1284 350 in
1307 331 1363 359 quo
1384 322 1554 359 implebatur
1576 322 1701 350 veritatis
1723 321 1822 358 figura.

1238 371 1263 398 ⁹2.
1286 370 1324 398 Ad
1347 369 1417 398 illud
1438 369 1513 406 quod
1536 369 1681 404 obiicitur,
1704 369 1778 406 quod
1794 377 1848 397 non
1864 369 1947 397 datur
1963 369 2007 398 de-

1159 416 1231 445 cima
1253 417 1287 445 de
1309 424 1411 453 grano,
1440 416 1515 453 quod
1538 424 1592 444 11011
1614 419 1656 444 οεῖ
1677 416 1704 444 111
1728 424 1773 450 re,
1795 416 1844 445 sed
1866 416 1957 444 solum
1980 417 2007 445 in

1160 463 1267 492 ratione
1299 463 1445 497 seminali3
1472 463 1635 497 dicendum,
1659 462 1734 500 quod
1750 457 1811 491 Yion
1832 466 1874 492 est
1901 463 2007 498 simile,

1161 511 1227 548 quia
1249 510 1414 544 decimatio,
1442 513 1527 547 prout
1548 513 1589 539 est
1617 513 1696 538 actus
1721 509 1880 547 fiyuralis,
1896 518 1950 538 non
1979 518 2009 539 se

1161 557 1288 586 extendit
1302 557 1337 585 ad
1353 557 1566 593 significandum
1587 557 1692 594 aliquid
1715 557 1788 585 circa
1809 565 1944 593 granum,
1960 557 2009 586 sed

1160 605 1195 633 ad
1228 604 1442 641 significandum
1475 604 1581 641 aliquid
1604 604 1678 633 circa
1709 612 1797 641 genus
1832 604 2009 639 humanum,

1161 652 1237 680 unde
1259 659 1379 688 granum
1402 651 1516 688 respicit
1537 655 1568 679 ut
1591 651 1753 685 materiam,
1775 651 1849 680 circa
1863 659 1948 688 quam
1965 651 2010 679 ha-

1161 700 1208 728 bet
1229 699 1371 732 exerceri.
1393 707 1448 727 non
1471 699 1545 727 circa
1567 698 1636 727 illud
1659 699 1734 735 quod
1754 706 1803 735 per
1818 698 1909 735 ipsum
1927 699 2011 727 habet

1162 746 1322 783 significari.
1355 746 1386 774 Et
1420 745 1485 783 quia
1517 745 1689 774 exercitium
1718 746 1836 782 requirit
1865 745 2010 774 materiam

1161 796 1354 830 praesentem,
1375 792 1553 830 sz'ynificcttz'o
1569 800 1598 821 se
1613 792 1739 821 extendit
1754 792 1789 821 ad
1810 792 1906 821 futura
1915 792 1933 827 ⁵,
1948 792 2010 821 ideo

1163 849 1216 868 non
1238 844 1280 869 est
1301 840 1399 869 simile.

1242 887 1267 915 3.
1291 887 1330 916 Ad
1353 887 1421 916 illud
1445 887 1519 923 quod
1542 886 1672 915 obiicitur
1694 887 1729 915 de
1751 886 1889 924 baptismo
1910 890 1937 915 et
1962 887 2013 915 cir-

1162 934 1348 968 cumcisione,
1371 934 1538 967 dicendum,
1561 933 1634 970 quod
1656 942 1711 961 non
1731 937 1773 962 est
1794 934 1901 968 simile,
1917 934 1968 963 nisi
1984 934 2011 962 in

1162 985 1298 1018 quantum
1315 981 1462 1010 decimatio
1477 985 1519 1010 est
1534 984 1613 1010 actus
1628 981 1855 1009 sacramentalis
1870 981 1949 1018 Legis
1968 989 2013 1009 na-

1164 1032 1244 1057 turae
1265 1029 1300 1057 ad
1324 1028 1479 1057 remedium
1496 1028 1640 1065 originalis
1655 1028 1758 1065 peccati
1768 1039 1775 1062 3
1792 1028 1843 1057 hoc
1858 1028 1943 1057 modo
1957 1036 2012 1057 non

1163 1079 1205 1104 est
1224 1076 1276 1104 nisi
1299 1075 1372 1104 circa
1400 1084 1549 1113 praesens,
1572 1076 1644 1104 sicut
1665 1075 1840 1104 circumcisio
1871 1078 1898 1104 et
1927 1076 2014 1113 bapti-

1164 1131 1251 1151 smus.
1273 1123 1432 1151 Secundum
1448 1126 1540 1151 autem
1558 1123 1632 1160 quod
1648 1126 1690 1151 cst
1709 1126 1788 1151 actus
1801 1122 1957 1160 figuralis,
1973 1123 2012 1152 sic

1164 1177 1218 1197 non
1240 1172 1281 1198 est
1303 1169 1400 1198 simile.
2161 1172 2162 1191 1

1244 1216 1270 1244 Si
1289 1220 1382 1245 antem
1399 1219 1566 1253 quaeratur,
1581 1224 1669 1253 quare
1684 1217 1840 1254 baptismus
1855 1220 1882 1246 et
1896 1217 2014 1246 circum-
2026 1225 2114 1252 Quaestio
2126 1213 2164 1252 inf>

1166 1264 1232 1292 cisio
1261 1272 1313 1291 non
1346 1267 1436 1300 potest
1457 1272 1518 1292 esse
1540 1267 1618 1293 actus
1640 1264 1782 1301 figuralis,
1803 1265 1876 1293 sicut
1895 1267 1922 1294 et
1943 1265 2014 1294 deci·
2027 1249 2165 1302 {dffffmfflss'ff

2164 1305 2165 1316 l

257 1177 308 1205 rati
332 1179 397 1205 sunt
417 1183 514 1203 omnes
530 1174 577 1202 filii
594 1173 734 1202 Abrabam
750 1171 867 1200 curandi
883 1178 943 1199 csse
969 1177 1020 1207 per
1041 1177 1106 1198 eum

257 1223 304 1260 qui
328 1221 537 1259 significabatur
560 1228 609 1257 per
639 1218 857 1252 Melchisedech,
880 1217 907 1245 id
929 1220 971 1245 est
992 1224 1042 1253 per
1064 1223 1107 1244 ve-

259 1278 322 1299 rum
355 1269 530 1298 sacerdotem
562 1267 713 1295 Christum.
749 1266 779 1294 Et
802 1266 853 1294 hoc
875 1264 1012 1301 estquod
1042 1263 1108 1291 dicit

258 1317 429 1354 Augustinus
461 1315 570 1344 decimo
602 1322 687 1350 super
719 1312 845 1341 Genesim
878 1312 914 1340 ad
947 1310 1106 1339 litteram³z

133 1841 206 1860 Solutio
218 1846 249 1864 op-

133 1865 243 1889 positorum.

264 1375 277 1390 «
291 1364 360 1392 Cum
384 1363 444 1400 ipsa
466 1361 613 1391 decimatio
628 1361 663 1389 ad
679 1359 926 1398 praefigurandam
942 1358 1107 1387 medicinam

259 1411 442 1450 pertinuerit,
472 1409 518 1438 ille
551 1409 577 1437 in
601 1408 740 1437 Abraham
763 1407 973 1440 decimabatur,
995 1405 1041 1442 qui
1065 1413 1110 1433 cu-

259 1459 376 1487 rabatur
392 1469 418 1492 »‚
441 1465 494 1485 11011
510 1456 622 1493 quando
644 1454 905 1492 praefigurabatur,
927 1453 976 1482 sed
998 1452 1111 1490 quando

261 1506 336 1534 illius
368 1504 476 1542 figurae
509 1504 611 1532 veritas
638 1502 817 1539 implebatur.
846 1518 884 1521 —
912 1499 1111 1528 Concedendae

261 1555 326 1581 sunt
347 1552 432 1589 igitur
454 1551 576 1580 rationes
597 1549 789 1583 ostendentes.
812 1548 886 1585 quod
909 1547 1004 1584 aliquo
1029 1546 1111 1575 modo

261 1603 352 1637 potest
384 1598 516 1628 decimari
543 1598 636 1635 proles
658 1597 685 1625 in
708 1599 838 1633 parente.
861 1595 1017 1624 secundum
1045 1602 1110 1622 enm

263 1647 392 1681 modum,
413 1654 468 1683 quo
491 1645 638 1674 decimatio
654 1644 723 1672 nihil
744 1643 822 1681 ponit
844 1643 870 1671 in
893 1645 956 1671 actu
978 1642 1051 1670 circa
1068 1641 1111 1669 de-

262 1695 392 1728 cimatos,
414 1693 463 1722 sed
486 1693 577 1721 solum
600 1691 755 1720 secundum
778 1689 1024 1727 significationem.
1040 1696 1112 1726 quae

262 1750 318 1770 non
340 1744 447 1769 tantum
470 1743 512 1768 est
533 1738 740 1777 praesentium,
762 1737 810 1767 sed
833 1737 915 1766 etiam
940 1736 1111 1765 futurorum.

346 1789 368 1816 l.
391 1787 430 1816 Ad
452 1787 521 1815 illud
544 1786 620 1823 quod
641 1785 771 1814 obiicitur
791 1784 882 1821 primo
898 1784 932 1812 de
947 1783 1113 1811 auctoritate

263 1835 424 1873 Augustini,
455 1834 622 1867 dicendum,
651 1832 726 1869 quod
755 1832 827 1860 sicut
856 1834 931 1868 patet
959 1839 994 1859 ex
1026 1830 1112 1859 verbo

263 1881 440 1919 praecedenti
455 1881 481 1915 ⁴,
514 1879 718 1908 decimabatur
751 1878 829 1917 quod
860 1877 1026 1906 curabatur
1058 1885 1111 1905 non

264 1929 330 1957 dicit
352 1926 593 1957 concomitantiam
615 1925 771 1954 secundum
795 1924 868 1953 idem
884 1927 996 1961 tempus
1010 1923 1045 1952 ad
1062 1924 1113 1952 lioc

1167 1310 1269 1344 matio3
1301 1310 1468 1344 dicendum,
1500 1311 1575 1347 quod
1601 1311 1671 1339 ratio
1693 1311 1778 1340 huius
1799 1315 1855 1346 est,
1878 1312 1943 1349 quia
1964 1312 2015 1341 cir-

1168 1357 1303 1386 cumcisio
1325 1360 1352 1386 et
1374 1357 1530 1394 baptismus
1562 1361 1604 1386 est
1624 1362 1704 1387 actus
1725 1358 1755 1386 ’111
1775 1367 1924 1394 peremta,-
1945 1359 2016 1388 deci-

1169 1404 1253 1432 matio
1282 1408 1391 1439 autem„
1421 1412 1484 1433 cum
1514 1404 1548 1433 sit
1574 1405 1698 1433 decimae
1720 1405 1806 1442 partis
1827 1406 1945 1441 oblatio,
1974 1409 2016 1435 est

1168 1454 1247 1479 actus
1266 1459 1322 1487 pro
1341 1459 1477 1487 persona.
1502 1451 1531 1479 Et
1552 1451 1618 1488 quia
1639 1452 1742 1480 oblatio
1764 1455 1854 1489 potest
1875 1452 1935 1481 fieri
1965 1461 2016 1490 pro

1168 1498 1297 1535 eoquod
1330 1501 1371 1526 est
1402 1502 1428 1526 et
1460 1499 1535 1535 quod
1568 1498 1695 1527 futurum
1721 1503 1777 1534 est,
1799 1499 1960 1529 circumcidi
1990 1503 2017 1529 et

1170 1545 1304 1582 baptizari
1326 1554 1380 1573 non
1403 1546 1453 1574 nisi
1468 1546 1477 1559 ⁶
1500 1546 1575 1583 quod
1598 1547 1652 1574 iam
1674 1550 1735 1579 est;
1767 1546 1831 1575 hinc
1859 1551 1916 1580 est,
1942 1547 2017 1584 quod

1169 1596 1248 1621 actus
1270 1593 1427 1621 decimandi
1451 1593 1540 1630 potuit
1562 1601 1591 1622 se
1613 1594 1766 1623 extendere
1787 1595 1823 1623 ad
1844 1594 1969 1629 futuros,
1992 1598 2019 1624 et

1170 1649 1223 1668 non
1245 1644 1325 1668 aetus
1347 1640 1581 1675 circumcidendi,
1604 1641 1647 1669 vcl
1670 1641 1836 1678 baptizandi.

1248 1688 1275 1716 4.
1297 1688 1334 1716 Ad
1358 1687 1428 1716 illud
1458 1688 1531 1725 quod
1565 1688 1726 1725 quaeritur,
1756 1689 1896 1725 quomodo
1925 1689 2019 1726 proles

1170 1735 1273 1764 dicitur
1301 1735 1434 1764 decimari
1458 1735 1483 1763 in
1506 1739 1639 1772 parente;
1661 1735 1828 1770 dicendum,
1850 1736 1925 1773 quod
1948 1736 2020 1765 deci-

1170 1782 1261 1810 matio
1283 1782 1356 1811 idem
1379 1785 1421 1810 est
1441 1782 1516 1819 qued
1538 1782 1738 1819 praefiguratio
1759 1783 1919 1812 curationis.
1942 1783 2019 1812 Unde

1171 1829 1248 1857 nullo
1269 1829 1382 1857 illorum
1406 1829 1554 1858 modorum
1576 1829 1728 1866 accipitur,
1747 1829 1793 1866 qui
1810 1830 1838 1858 in
1853 1830 2019 1867 opponendo

1171 1876 1424 1913 assignabantur⁷z
1447 1880 1473 1904 et
1496 1876 1557 1905 ideo
1573 1876 1774 1905 insufficienter
1788 1877 1958 1914 procedebat
1972 1877 2020 1906 illa

1171 1923 1296 1952 obiectio.

1013 2039 1276 2075 SOHOLION.

330 2159 343 2180 Ι.
362 2159 424 2180 Duae
437 2159 504 2180 huius
522 2157 608 2179 articuli
621 2157 766 2185 quaestiones
783 2156 876 2178 solvunt
887 2155 945 2177 (luas
958 2155 1113 2181 difficultates,

268 2205 327 2227 quac
344 2199 468 2220 occurrunt
485 2197 506 2218 in
525 2196 723 2224 argumentatione
749 2195 861 2222 Apostoli,
885 2194 953 2216 llebr.
971 2194 992 2221 7,
1015 2200 1114 2222 quarum

267 2239 340 2266 prima
364 2240 408 2264 est,
427 2236 545 2265 quomodo
569 2235 623 2257 Levi
641 2234 693 2256 ideo
715 2234 843 2256 decimatus
865 2234 933 2255 suerit
956 2234 977 2255 in
999 2233 1115 2255 Abraham

268 2276 313 2305 (ibi
331 2283 353 2298 r.
372 2277 393 2298 9.
414 2276 467 2303 ist),
492 2275 543 2303 quia
562 2275 584 2296 in
602 2273 687 2296 lumbis
704 2274 754 2295 eius
771 2277 830 2301 erat;
853 2276 875 2295 et
892 2273 973 2300 altera⁷
997 2272 1116 2300 quomodo

268 2316 382 2344 Christus,
402 2316 440 2344 qui
458 2315 560 2337 similiter
577 2315 599 2335 in
617 2313 732 2335 Abraham
752 2313 821 2335 fuisse
838 2312 943 2340 ridetur,
963 2313 984 2333 in
1003 2312 1053 2339 ipso
1072 2317 1116 2333 non

269 2356 336 2377 tuerit
353 2355 492 2382 decimatus,
512 2353 575 2382 quod
592 2352 715 2380 Apostolus
737 2352 855 2374 manifeste
881 2351 997 2379 supponit.
1018 2350 1116 2372 Primam

270 2395 424 2417 difficultatem
438 2394 506 2415 solvit
523 2399 544 2421 q.
562 2393 566 2413 1
578 2399 583 2420 ;
601 2392 695 2414 alu-ram
708 2398 730 2419 q.
744 2392 765 2413 2.
778 2404 808 2406 —
820 2391 907 2421 Solutio
920 2391 1008 2417 primae
1021 2389 1118 2411 difficul—

270 2434 320 2456 tatis
337 2433 424 2455 eruitur
441 2438 467 2454 ex
480 2433 523 2453 boc
541 2431 667 2459 principio,
688 2430 752 2458 quod
770 2429 891 2452 decimatio
908 2430 956 2451 sive
974 2429 1118 2450 decimarum

270 2473 365 2500 oblatio7
379 2478 437 2500 quae
456 2471 555 2493 instituta
568 2470 618 2497 t'uit⁷
638 2472 662 2491 ut
678 2466 786 2491 sacerdos
805 2474 846 2496 pro
860 2468 959 2496 peccatis
974 2468 1117 2489 otl'erentium

271 2512 443 2540 deprecaretur,
467 2516 510 2532 11011
532 2511 560 2532 sit
577 2512 664 2532 tantum
687 2512 750 2531 actus
774 2507 886 2536 inm-alis,
914 2508 953 2530 scd
975 2508 1043 2531 etiam
1060 2507 1119 2536 [1911-

271 2550 342 2578 ralis,
358 2554 381 2572 ut
393 2550 518 2578 explicatur
530 2556 541 2570 a
561 2552 637 2571 nostro
651 2548 747 2570 Doctore
764 2547 893 2570 secundum
906 2547 1041 2569 sententiam
1059 2552 1119 2568 00111-

1172 2160 1273 2176 munem.
1287 2155 1332 2176 lum
1345 2154 1397 2176 inde
1409 2157 1481 2182 patet,
1495 2154 1669 2176 decimationem
1683 2155 1776 2176 minime
1788 2155 1911 2177 convenire
1923 2154 2019 2177 Christo.
2033 2155 2035 2157 '

1173 2192 1220 2214 Alia
1233 2193 1289 2214 ratio
1302 2193 1400 2214 sumitur
1418 2199 1443 2214 ex
1462 2199 1497 2221 eoy
1510 2193 1573 2221 quod
1590 2193 1639 2220 ipse
1657 2195 1705 2215 erat
1717 2194 1738 2214 in
1756 2192 1871 2215 Abrabam
1889 2193 1932 2215 alio
1951 2193 2020 2215 modo

1173 2238 1199 2253 ac
1220 2232 1282 2254 Levi.
1299 2244 1331 2248 —
1348 2232 1378 2253 Dc
1402 2233 1444 2254 hae
1462 2234 1483 2254 et
1504 2239 1552 2260 seq.
1577 2233 1710 2260 quaestione
1733 2232 1775 2254 late
1799 2234 1877 2255 tractat
1894 2233 2021 2255 Gulielmus

1173 2271 1389 2293 Antissiodorrensis
1401 2271 1494 2299 (rectius
1506 2271 1638 2299 Autissiod.)
1651 2272 1672 2293 in
1685 2277 1726 2293 sua
1744 2271 1857 2300 Summa,
1872 2272 1930 2294 dicta
1946 2278 2022 2295 azirea

1174 2317 1196 2338 p.
1210 2311 1245 2337 tlt,
1260 2317 1319 2338 quae
1332 2311 1391 2338 typis
1403 2310 1462 2332 edita
1475 2313 1509 2332 est
1522 2311 1611 2332 Parisiis
1623 2317 1634 2332 a
1648 2310 1725 2332 Franc.
1742 2311 1854 2338 ltegnault
1867 2310 1924 2339 (sine
1943 2310 2021 2340 anno).

1238 2350 1260 2371 11.
1280 2350 1311 2371 De
1329 2353 1425 2378 utraque
1443 2350 1587 2378 quaestione:
1605 2350 1666 2371 Alex.
1684 2350 1740 2377 Hah,
1758 2350 1779 2371 S.
1792 2356 1814 2377 p.
1833 2350 1864 2371 111.
1882 2357 1904 2379 q.
1917 2351 1937 2372 9.
1956 2356 1986 2372 m.
2000 2350 2021 2372 3.

1175 2396 1194 2410 a.
1214 2388 1234 2410 l..
1247 2401 1277 2404 —
1289 2388 1356 2415 Scot.y
1380 2389 1471 2416 Report.
1490 2389 1526 2410 hic
1544 2395 1565 2417 q.
1584 2389 1605 2410 2.
1617 2389 1682 2410 -Ξ,
1702 2388 1792 2416 Thom.y
1815 2389 1850 2410 liic
1872 2395 1893 2417 q.
1919 2388 1939 2410 11.
1957 2395 1976 2410 a.
1995 2388 2021 2416 3;

1176 2429 1197 2450 5.
1217 2428 1247 2450 ΙΙΙ,
1267 2434 1288 2456 (1.
1307 2428 1342 2449 31.
1362 2435 1380 2449 a.
1400 2428 1421 2449 8.
1434 2440 1463 2443 --
1475 2428 1498 2449 B.
1517 2427 1609 2455 Albcrt„
1623 2428 1659 2449 hic
1676 2434 1695 2449 a.
1714 2428 1750 2449 26.
1769 2427 1804 2449 27.
1818 2440 1848 2442 —
1861 2427 1917 2449 Petr.
1935 2433 1947 2449 a
1961 2427 2021 2455 Tar.y

1177 2467 1212 2488 hic
1230 2473 1252 2494 q.
1271 2467 1291 2488 2.
1310 2473 1329 2488 a.
1348 2466 1531 2488 3,-111011111·(1.
1550 2472 1561 2488 a
1581 2466 1645 2493 111011,
1664 2467 1699 2488 1110
1717 2473 1736 2488 a.
1755 2466 1776 2488 3.
1794 2472 1816 2494 q.
1835 2467 1856 2487 2.
1874 2466 1895 2488 3.
1907 2465 2021 2494 —AEgiot

1177 2506 1209 2533 11.,
1228 2506 1264 2527 liic
1281 2512 1302 2534 q.
1322 2505 1341 2527 4.
1360 2512 1379 2527 a.
1398 2506 1419 2527 2.
1436 2509 1458 2527 et
1476 2505 1530 2527 dub.
1549 2505 1585 2527 lat.
1602 2518 1632 2520 —
1648 2505 1740 2533 Dionys,
1758 2504 1841 2532 Gardt,
1860 2505 1895 2527 hic
1918 2511 1940 2533 q.
1959 2504 1979 2527 4.
1992 2517 2023 2520 —

1176 2545 1237 2572 Biel,
1256 2545 1292 2566 hic
1309 2551 1331 2573 q.
1350 2545 1370 2566 2.

337 2696 342 2710 ¹
364 2696 420 2718 Vide.
443 2690 485 2718 lur.
509 2702 558 2717 can.
584 2695 672 2717 Decret.
699 2701 720 2722 p.
745 2695 767 2716 ll.
786 2700 848 2716 caus.
877 2694 909 2715 ¹3.
936 2700 957 2722 q.
980 2694 997 2714 1.
1015 2706 1044 2709 —
1064 2693 1119 2715 tidu.

273 2736 380 2758 omittunt
396 2734 476 2763 aliquo
494 2734 576 2762 modo,
595 2740 638 2762 1110
656 2740 702 2762 (1110
721 2734 771 2755 cod.
790 2734 806 2755 R
825 2732 919 2756 alicubt'.

335 2773 344 2786 ‘2
363 2773 419 2795 Edd.
442 2773 447 2794 l
460 2791 464 2800 ,
478 2773 491 2794 2
510 2773 601 2801 tempus
612 2778 737 2801 praesens,
752 2772 802 2794 Vat.
816 2770 927 2801 temporis
938 2777 1058 2800 praesens.
1071 2771 1120 2793 Mox

274 2812 324 2834 cod.
344 2812 361 2833 li
380 2810 427 2834 nisi
443 2810 485 2840 qui
502 2817 544 2838 pro
561 2810 608 2833 uisi
623 2809 694 2840 quod.

337 2850 346 2865 ³
363 2850 417 2878 Cap.
436 2850 472 2872 20.
491 2856 511 2871 n.
530 2850 572 2877 36,
591 2849 629 2871 ubi
648 2852 721 2872 textus
738 2850 819 2877 origin.
839 2855 880 2877 pro
898 2848 959 2871 ille...
972 2848 1014 2878 qui
1029 2848 1121 2871 exhibet

274 2889 356 2912 illud...
374 2888 438 2919 quod
466 2892 488 2918 01
518 2891 569 2916 post
594 2888 727 2911 curabatur
748 2888 811 2911 addit
827 2894 877 2911 11011
894 2887 955 2911 illud
971 2887 1033 2910 unde
1050 2893 1121 2911 cura-

275 2928 352 2951 batur.
371 2941 400 2944 —
418 2928 462 2951 Cir.
481 2927 550 2949 Hebr.
567 2927 593 2955 7,
620 2928 624 2949 1
652 2933 717 2956 seqq.
734 2940 766 2944 —
783 2928 895 2955 Superius
917 2927 984 2949 codd.
1002 2927 1046 2949 NU
1064 2926 1121 2949 det-z·-

275 2967 339 2990 1110νί
356 2974 398 2996 pro
416 2966 531 2991 decimali.

1240 2691 1248 2705 ⁴
1267 2692 1329 2714 Circa
1350 2692 1418 2713 tinem
1437 2698 1499 2719 corp.
1518 2694 1605 2720 quaest.
1624 2703 1653 2706 —
1672 2691 1693 2712 ln
1712 2691 1755 2712 tine
1773 2690 1839 2712 solut.
1858 2696 1900 2717 pro
1918 2688 2023 2712 veritatis

1175 2730 1256 2760 liqurtt
1275 2730 1323 2752 Vut.
1342 2736 1394 2751 (zum
1413 2730 1526 2752 nonnullis
1544 2729 1611 2752 codd.
1631 2729 1717 2752 rei-itas
1732 2728 1832 2758 fiqitrcw.

1240 2769 1249 2783 ⁵
1266 2768 1338 2791 Codd.
1356 2769 1399 2790 Fit
1410 2769 1451 2790 LN'
1463 2769 1481 2797 Q
1492 2769 1509 2790 'l'
1520 2769 1535 2790 Z
1552 2768 1677 2797 fututum,
1697 2768 1764 2790 codd.
1783 2769 1799 2789 ti
1811 2768 1827 2789 ll
1846 2774 1871 2789 aa
1888 2767 2006 2796 futuram.

1239 2808 1249 2822 θ
1267 2809 1316 2830 Vnt.
1334 2808 1410 2831 adiicit
1427 2808 1451 2831 in
1463 2814 1497 2836 eo,
1512 2811 1533 2831 01
1552 2812 1602 2836 post
1620 2814 1692 2836 pauca
1711 2813 1763 2829 cum
1776 2807 1937 2835 compluribus
1954 2806 2022 2828 codd.

1177 2850 1198 2870 01
1215 2848 1268 2870 edd.
1291 2848 1295 2869 1
1311 2866 1315 2875 ,
1335 2848 1348 2869 2
1367 2854 1408 2875 pro
1426 2854 1449 2870 se
1468 2847 1592 2870 offendere
1604 2848 1685 2869 vitlese
1697 2846 1800 2869 liabetse
1812 2845 1918 2874 eoetendi,
1939 2846 2023 2868 rectius

1177 2887 1244 2909 codd.
1263 2887 1306 2908 GL
1324 2894 1348 2908 aa
1368 2886 1463 2909 metendi
1479 2889 1579 2914 tantum,
1597 2887 1645 2908 sine
1662 2891 1693 2908 se.

1239 2926 1249 2940 ⁷
1267 2925 1340 2948 Codd.
1358 2925 1399 2948 BC
1410 2926 1451 2948 DN
1463 2926 1476 2947 Ι)
1487 2925 1562 2954 QUV
1580 2928 1601 2947 et
1623 2925 1659 2947 alii
1683 2924 1745 2954 quod
1762 2923 1898 2953 opponendo
1915 2923 2023 2953 assiqua-

1178 2964 1260 2993 butur,
1282 2965 1382 2987 nonnulli
1400 2966 1497 2987 istorum
1514 2964 1581 2987 codd.
1600 2963 1745 2993 assignatur.
