2166 3366
8 374 70 407 Mplef
88 378 125 391 mo-

12 397 125 440 Sttntssssffl·

11 746 124 766 Notandum.

749 193 830 221 ntS't'.
854 193 930 221 XXV.
954 193 1025 221 ΛΒΤ.
1049 193 1076 221 ΙΙ.
1099 193 1234 229 QUAEST.
1258 193 1273 220 Ι.

218 274 243 301 ὕ.
270 273 306 300 Ad
338 272 406 300 illud
435 272 509 309 quod
535 271 680 304 obiicitur,
702 272 776 308 quod
806 280 859 299 non
883 272 986 300 vitatur

138 320 243 348 malum
267 319 316 347 nisi
339 319 500 356 cognitum;
522 318 688 351 dicendum,
715 319 789 355 quod
813 326 911 347 verum
934 322 983 347 est.

137 366 189 395 Sed
212 366 360 403 coynz'tznn
383 369 471 403 potest
492 373 552 394 esse
571 365 676 402 aliquid
699 366 864 402 dupliciter:
888 366 930 393 vel
953 366 981 393 in

136 422 180 446 se,
203 413 246 441 vel
269 413 300 441 in
321 413 380 441 alio
395 413 418 445 ¹‚·
440 416 466 441 et
487 412 641 441 secundum
666 413 740 440 hunc
766 412 906 449 duplicem
930 420 984 440 mo-

138 460 206 489 dum
229 463 317 497 potest
338 460 439 496 aliquis
462 459 549 488 vitare
572 459 692 492 malum,
719 459 760 487 vel
784 467 833 496 per
859 460 981 488 notitiam

135 507 306 544 propriam,
323 506 365 534 vel
387 514 436 542 per
452 505 576 534 notitiam
592 505 729 534 alienam.
747 506 793 534 llle
813 510 919 537 autem.
935 507 982 543 qni

138 553 222 582 habet
238 553 319 582 tidem
348 552 508 589 implicitam
535 553 569 580 de
593 552 687 589 aliquo
708 552 838 585 articulo,
855 553 983 589 quamvis

138 608 262 629 errorem
285 603 381 628 contra
402 599 481 627 illum
503 599 653 627 articulum
681 607 734 627 non
765 600 851 636 possit
872 600 983 628 omnino

138 647 226 676 vitare
248 654 298 684 per
326 646 450 675 notitiam
478 646 634 683 propriam
663 650 752 683 potest
782 650 872 675 tamen
896 647 983 676 vitare

138 702 188 731 per
209 694 333 722 notitiam
356 693 504 725 alienam,-
533 693 659 722 innititur
687 693 761 721 enim
792 694 833 722 his
859 694 905 731 qni
928 702 984 722 rre-

137 742 208 770 dunt
228 740 362 769 articulos
382 740 521 777 explicite.
545 740 620 769 Unde
642 740 743 777 aliquis
765 741 884 778 simplex
902 742 984 769 homo

137 788 181 817 vel
198 788 304 818 vetula.
326 796 389 816 cum
405 788 484 816 audit
503 788 608 824 aliquid
625 796 727 816 novum
746 787 913 824 praedicari.
931 796 982 816 non

137 835 220 864 dehet
241 835 332 863 statim
349 835 498 869 assentire,
520 843 668 872 quousque
688 835 811 867 noverit,
834 835 902 863 illud
924 835 984 863 uni·

138 881 283 911 versaliter
298 882 333 910 ab
356 882 475 910 Ecclesia
494 881 590 910 teneri.
608 882 682 910 Unde
699 885 808 918 praeter
828 882 982 910 remedium

137 928 256 956 divinae
277 927 484 964 inspirationis
498 931 525 956 et
547 928 708 961 orationi-s,
724 928 757 956 ad
781 928 854 965 quod
872 936 983 965 semper

138 975 341 1004 recurrendum
358 978 415 1008 est.
432 975 534 1003 liabent
555 975 695 1011 simplices
711 974 866 1003 remedium
883 974 984 1002 lamna-

137 1030 193 1050 nae
214 1021 432 1054 instructionis,
455 1022 489 1049 ad
512 1022 585 1059 quod
613 1024 729 1058 possunt
750 1021 899 1057 confugere
912 1020 931 1053 ²¹,
954 1025 984 1050 ut

138 1076 249 1098 errores
270 1069 381 1097 valeant
400 1068 550 1097 declinare.
571 1069 685 1105 Semper
701 1068 773 1096 enim
798 1068 871 1097 Deus
887 1069 984 1097 habuit

137 1119 165 1144 et
186 1115 299 1144 habebit
320 1115 429 1152 aliquos
453 1115 539 1144 iustos
560 1119 586 1143 et
608 1116 744 1149 famosos,
766 1115 814 1152 qui
839 1115 982 1144 veritatem

1832 195 1847 221 ὃ
1851 195 1867 222 lt
1872 195 1887 221 ὕ

1044 271 1107 300 fidei
1130 280 1183 299 non
1200 271 1290 299 solum
1314 271 1339 299 in
1356 280 1397 304 se,
1419 271 1467 299 sed
1490 271 1571 299 etiam
1591 271 1615 299 in
1639 271 1813 308 simplicibus
1829 281 1889 300 con-

1042 321 1202 352 servarent,
1224 318 1291 346 duni
1315 318 1455 354 simplices
1478 318 1634 346 imittuntur
1655 318 1694 347 eis
1714 322 1740 347 et
1762 319 1888 347 credunt.

1121 367 1146 393 ti.
1169 366 1205 393 Ad
1230 365 1297 394 illud
1321 366 1393 402 quod
1411 365 1540 394 obiicitur
1562 366 1673 398 ultimo,
1695 366 1769 403 quod
1792 374 1888 395 omnes

1041 412 1150 440 articuli
1174 420 1202 440 se
1225 412 1327 440 liabent
1348 413 1503 449 aequaliter
1532 413 1566 441 ad
1589 421 1734 442 assensum
1765 417 1792 442 et
1812 414 1889 442 audi-

1042 464 1115 492 tum;
1138 459 1301 489 dicendum.
1328 460 1400 496 quod
1424 460 1474 488 etsi
1502 460 1690 489 indiflerenter
1712 470 1740 489 se
1770 461 1889 490 habeant

1040 514 1136 535 omnes
1158 506 1267 534 articuli
1290 506 1324 534 ad
1349 506 1436 542 ipsam
1464 506 1546 535 fidem
1570 512 1704 544 quantum
1735 509 1768 536 ad
1792 517 1887 537 assen-

1042 553 1132 581 tiendi
1146 552 1422 589 promptim[lolem.
1445 562 1498 581 non
1515 557 1606 582 tamen
1628 555 1783 591 atnplaliter
1798 564 1827 583 se
1844 555 1888 583 ha-

1042 600 1107 628 bent
1122 603 1258 636 quantum
1281 600 1315 627 ad
1334 599 1561 628 instructionem.
1578 601 1657 636 Quod
1673 602 1745 629 enim
1763 602 1890 639 frequen-

1043 647 1097 675 tius
1119 650 1248 675 versatur
1276 650 1339 674 ante
1360 647 1457 675 oculos
1482 651 1508 675 et
1532 647 1556 675 in
1578 649 1697 676 auribus
1719 649 1832 677 rudium
1862 654 1889 679 et

1041 693 1209 730 simplicium
1240 693 1340 721 melius
1371 693 1406 721 ab
1430 694 1483 721 illis
1504 694 1614 730 capitur
1636 698 1662 723 et
1688 696 1840 730 retinetm·;
1862 701 1888 725 et

1041 740 1125 777 aliqui
1148 740 1258 768 articuli
1285 743 1350 768 sunt
1374 740 1551 773 huiusmodi,
1579 742 1626 778 qni
1657 742 1693 770 ita
1714 742 1890 779 frequentan-

1042 791 1095 819 tur.
1119 787 1190 815 sicut
1211 790 1252 815 est
1273 787 1307 815 de
1330 788 1472 816 nativitate
1487 788 1587 816 Christi
1611 792 1635 817 et
1653 790 1780 826 passione
1805 794 1832 818 et
1857 791 1890 819 si—

1043 834 1171 868 milibus,
1193 834 1267 871 qnod
1291 843 1343 862 non
1371 838 1487 871 possunt
1509 835 1629 871 ignorari
1659 836 1717 864 sine
1739 837 1821 873 culpa
1845 846 1888 866 ne-

1041 881 1218 917 ¹eligendae&
1242 881 1297 909 Non
1319 882 1357 910 sic
1372 886 1466 910 autem
1489 885 1530 910 est
1551 883 1585 910 ‹le
1607 883 1737 912 omnibus
1758 884 1834 916 aliis.
1864 889 1890 913 et

1042 928 1104 956 ideo
1126 936 1179 956 non
1201 931 1326 965 oportet,
1352 936 1448 957 omnes
1474 930 1628 966 aequaliter
1650 930 1781 967 explicite
1803 931 1887 959 credi.

1041 975 1175 1012 Quamvis
1196 975 1269 1003 enim
1286 974 1403 1003 lutln'tns
1426 976 1489 1004 tidei
1512 977 1547 1005 sit
1562 985 1611 1013 per
1633 976 1828 1014 infusionem,
1844 987 1888 1006 ex.-

1040 1022 1160 1059 plc'catt'o
1182 1025 1274 1050 tamen
1290 1026 1329 1051 ost
1354 1032 1402 1060 per
1424 1024 1590 1052 doctrinam
1612 1028 1638 1053 ot
1661 1025 1888 1059 instructionem,

1041 1070 1074 1097 ad
1092 1078 1175 1106 quam
1192 1078 1244 1097 non
1268 1078 1365 1098 omnes
1379 1071 1490 1099 articuli
1513 1079 1542 1099 se
1559 1071 1658 1100 liabent
1680 1072 1857 1100 uniformiter
1870 1073 1888 1100 ⁴.

862 1203 1096 1237 ARTtCULUs
1124 1204 1159 1236 lt.

571 1286 609 1313 De
628 1285 763 1323 prosecta
784 1285 854 1321 sidet
873 1286 1032 1314 secnndmn
1058 1286 1257 1315 11151·m·.s·t'tatem
1280 1291 1451 1324 temporwn.

216 1372 423 1409 Consequenter
445 1372 591 1409 quaeritur
613 1372 647 1400 de
663 1373 787 1409 profectu
812 1372 874 1401 fidei
891 1381 986 1401 secun-

138 1418 206 1447 dum
228 1418 419 1447 diversitatem
443 1422 611 1456 temporum.
635 1419 665 1447 Et
686 1419 759 1447 circa
776 1419 826 1447 hoc
848 1428 986 1456 quaerun-

138 1469 185 1494 tur
209 1465 269 1494 tria.

218 1512 308 1541 Primo
329 1513 484 1549 quaeritur,
504 1516 599 1540 utrum
624 1512 692 1541 fides
707 1513 827 1541 creverit
849 1516 984 1550 quantuni

137 1560 170 1589 ad
195 1560 401 1588 credendorum
426 1559 644 1588 imiltitmlinem.

1122 1374 1262 1407 Secundo,
1292 1378 1387 1403 utrum
1417 1376 1537 1404 creverit
1559 1380 1696 1414 quantum
1718 1378 1751 1406 ad
1778 1378 1890 1407 ltnninis

1044 1420 1255 1457 plenitudinem.

1121 1468 1213 1496 'l'ertio
1235 1470 1390 1506 quaeritur,
1413 1474 1507 1498 utrum
1533 1472 1679 1507 profecerit
1701 1476 1837 1510 quantum
1853 1475 1886 1502 ad

1043 1514 1206 1550 cognitionis
1220 1514 1228 1527 ὓ
1251 1515 1456 1544 certitudinem.

913 1648 1076 1684 Qtntisrto
1098 1649 1114 1676 l.

549 1721 653 1750 Utrum
673 1721 745 1759 side-5
766 1722 889 1751 ereverit
903 1723 1001 1760 quoad
1021 1724 1232 1752 credentlorzmz
1254 1725 1478 1754 nentn'tmn'nem.

217 1796 295 1825 Circa
311 1797 432 1833 primum
450 1797 488 1825 sic
504 1797 666 1834 proceditur
681 1800 707 1826 et
719 1798 873 1834 quaeritur,
890 1801 985 1826 utrum

138 1843 208 1873 fides
229 1844 348 1874 creverit
373 1844 417 1873 vel
449 1844 596 1881 profecerit
618 1847 754 1881 quantum
780 1845 815 1873 ad
837 1845 987 1873 credendo-

139 1898 202 1919 rum
225 1890 442 1919 imiltitudiuem.
467 1890 497 1918 Et
517 1890 591 1927 quod
615 1891 667 1923 sic,
689 1890 808 1919 videtur.

221 1939 243 1966 l.
267 1937 351 1966 Exodi
368 1940 448 1966 sexto
461 1937 484 1965 ⁶:
503 1936 612 1965 Nomen
627 1945 723 1965 menni
740 1937 859 1965 Adonai·
871 1946 927 1966 non
945 1937 985 1965 in-

0 1984 241 2014 ‚vunaam0„m.‹tiea1>t
260 1984 322 2017 cis;
344 1984 428 2021 igitur
442 1992 479 2012 ex
501 1984 552 2013 hoc
575 1987 654 2012 textu
671 1987 760 2021 patet,
782 1984 856 2021 quod
879 1984 983 2022 aliquid

137 2034 327 2068 cognoverunt
344 2031 436 2059 Patres
451 2035 611 2068 sequentes,
633 2031 706 2068 quod
726 2040 778 2059 non
794 2036 984 2067 cognoverunt

138 2078 349 2116 praecedentes,
360 2078 426 2115 quia
439 2078 571 2107 revelavit
587 2078 722 2107 Dominus
734 2079 829 2115 Moysi,
842 2079 916 2116 quod
930 2088 983 2107 non

138 2124 273 2154 revelavit
288 2125 428 2153 Patribus:
445 2133 511 2162 ergo
524 2125 644 2158 videtur,
659 2126 733 2162 quod
748 2126 816 2154 fides
832 2129 923 2154 nostra
937 2126 983 2154 ali-

138 2172 205 2209 quid
221 2175 367 2208 eognoscat
382 2180 468 2206 nunc,
489 2172 564 2209 quod
587 2172 656 2201 fides
678 2172 789 2201 Patrum
810 2181 862 2200 non
888 2180 985 2209 cogno-

138 2218 243 2247 scebat:
267 2218 354 2247 crevit
377 2218 460 2255 igitur
482 2218 552 2247 fides
573 2219 665 2255 quoad
687 2219 839 2247 credibilia.

216 2266 242 2293 2.
265 2265 344 2299 Item.
359 2265 431 2293 sicut
446 2266 501 2293 Lex
518 2265 677 2301 evangelica
692 2274 721 2294 se
738 2266 820 2294 habet
834 2266 868 2294 ad
886 2266 983 2302 Legem

138 2311 283 2340 Mosaicam
304 2314 439 2348 quantum
456 2312 490 2340 ad
507 2312 649 2345 moralia,
666 2312 703 2340 sir
720 2312 789 2340 fides
805 2313 882 2348 Legis
898 2320 983 2341 novae

138 2358 173 2386 ad
196 2357 279 2386 fidem
302 2359 404 2387 veteris
427 2358 503 2395 Legis
525 2361 661 2396 quantum
683 2359 718 2387 ad
741 2359 909 2391 credibilite-
935 2359 983 2387 sed

140 2405 319 2442 Evangelium
342 2413 426 2442 super
442 2407 540 2443 Legem
563 2410 684 2435 veterem
700 2406 778 2435 addit
794 2406 881 2435 multa
900 2406 985 2435 consi-

139 2452 175 2480 lia
190 2452 213 2480 ἵ;
237 2460 303 2489 ergo
318 2453 438 2485 videtur,
460 2453 534 2490 quod
558 2453 627 2482 fides
642 2453 721 2489 Legis
742 2462 828 2481 novae
844 2461 872 2481 se
891 2456 984 2481 exten·

139 2498 185 2526 dat
207 2499 242 2527 ad
265 2499 344 2536 plura
368 2499 512 2527 credibilia
533 2507 617 2536 quam
641 2499 709 2528 fides
733 2500 809 2536 Legis
831 2500 940 2528 veteris.

1123 1800 1148 1827 3.
1172 1799 1254 1831 ltem,
1278 1801 1429 1829 incarnatio
1451 1802 1569 1835 Clu-isti,
1592 1804 1698 1840 passio,
1720 1807 1890 1834 resurrectio

1044 1849 1070 1874 et
1085 1847 1209 1875 ascensio
1234 1850 1261 1875 et
1287 1848 1447 1877 huiusmodi
1471 1854 1666 1886 proponuntur
1688 1852 1818 1881 omnibus
1833 1861 1891 1881 cre-

1043 1892 1149 1927 denda.
1171 1894 1217 1930 qni
1242 1898 1306 1922 sunt
1330 1895 1355 1922 in
1378 1903 1447 1923 nova
1472 1896 1556 1932 Lege:
1578 1897 1625 1925 sed
1651 1898 1716 1926 haec
1746 1907 1799 1927 non
1830 1908 1890 1936 pro-

1044 1939 1219 1975 ponebantur
1236 1940 1289 1968 illis
1304 1941 1351 1977 qui
1368 1945 1448 1970 erant
1465 1942 1490 1970 in
1508 1943 1576 1980 Lege
1593 1944 1709 1972 lllosaira
1720 1945 1742 1972 ⁵:
1760 1954 1826 1982 ergo
1837 1950 1888 1974 etr.

1121 1987 1147 2014 Ιι.
1171 1986 1250 2019 Item,
1265 1987 1369 2025 aliquid
1383 1989 1510 2025 rognovit
1527 1990 1645 2019 Ecclesia
1662 1995 1722 2028 post
1737 1993 1887 2021 adventtnn

1042 2031 1159 2066 Christi,
1182 2034 1255 2070 quod
1274 2034 1374 2063 latebat
1390 2036 1521 2072 Angelos,
1543 2045 1609 2073 ergo
1632 2039 1720 2066 multo
1736 2039 1834 2068 fortius
1849 2048 1890 2067 co-

1042 2079 1146 2114 gnoscit
1169 2080 1274 2117 aliquid
1297 2085 1323 2109 et
1345 2082 1448 2116 credit,
1470 2084 1544 2120 quod
1570 2084 1671 2113 latebat
1694 2086 1820 2115 homines
1843 2096 1890 2124 pu-

1042 2133 1105 2154 ros:
1130 2127 1240 2156 videtur
1263 2136 1341 2164 ergo,
1363 2130 1439 2165 quod
1461 2130 1529 2158 fides
1551 2133 1670 2160 creverit
1695 2138 1830 2170 quantum
1853 2136 1886 2162 ad

1041 2181 1073 2200 ea
1088 2181 1160 2210 quae
1173 2182 1222 2210 prr
1239 2175 1325 2211 ipsam
1343 2176 1499 2205 creduntur
1511 2181 1535 2205 et
1552 2184 1766 2214 cognoscuntur.
1782 2181 1886 2209 l’rz'mu.

1043 2219 1233 2249 manifestatur
1256 2230 1304 2258 per
1327 2222 1377 2251 hoc
1399 2224 1474 2260 quod
1503 2225 1605 2253 dicitur
1627 2226 1661 2254 ad
1686 2227 1817 2263 Ephesios
1840 2232 1890 2256 ter—

1042 2265 1079 2293 tio
1095 2265 1119 2293 ⁰:
1147 2267 1181 2294 [a
1202 2267 1362 2297 innotescat
1385 2270 1581 2299 Potestoen'lms
1609 2277 1633 2299 et
1664 2273 1888 2310 Princtpcttt'bns

1040 2321 1092 2348 per
1116 2313 1273 2342 Erotes-{mn
1295 2315 1489 2353 multiformis
1510 2318 1658 2354 sapientia
1680 2319 1738 2347 Det.

1120 2361 1172 2387 Sno
1194 2369 1314 2390 comen:
1344 2364 1366 2390 l.
1384 2364 1449 2392 Tota
1473 2364 1540 2393 fides
1556 2365 1707 2393 christiana
1729 2368 1886 2396 continetur

1042 2406 1068 2434 in
1086 2407 1155 2443 Lege
1177 2416 1259 2441 nova,
1275 2413 1301 2437 et
1324 2413 1379 2438 tota
1403 2412 1456 2439 Lex
1474 2420 1544 2439 nova
1566 2413 1722 2441 continetur
1739 2414 1763 2441 in
1787 2415 1887 2443 veteri.

1901 516 2002 534 Distinrtiu

1901 539 1991 557 notanda.

1900 2369 1928 2386 Ad
1944 2369 2019 2393 opposi-

1936 2395 1981 2411 turn.

1041 2454 1106 2490 quia
1127 2458 1193 2482 rota
1212 2459 1253 2482 ost
1275 2456 1304 2483 ln
1326 2461 1405 2490 rota,
1428 2459 1582 2487 secundum
1605 2460 1679 2496 quod
1702 2460 1805 2489 dicitur
1829 2462 1889 2490 Eze<
1933 2496 1936 2499 ¹

1041 2501 1137 2529 chielis
1153 2501 1243 2538 primo
1256 2503 1287 2530 ¹*2
1311 2504 1332 2532 si
1348 2512 1415 2541 ergo
1431 2505 1500 2533 fides
1516 2506 1670 2542 primorum
1684 2508 1795 2536 Palrnm
1812 2517 1889 2545 prae·

203 2593 210 2607 ¹
229 2593 286 2615 Vide
306 2593 327 2615 ll.
345 2594 408 2615 Sem.
425 2593 446 2616 d.
465 2594 502 2615 ⁴23.
520 2600 540 2615 a.
558 2595 579 2616 Ξ.
598 2601 619 2622 q.
638 2595 659 2616 3.
677 2595 736 2616 circa
755 2595 823 2616 finem
846 2601 922 2622 corp.7
946 2595 983 2617 ubi

138 2632 167 2654 de
184 2632 282 2654 diversis
300 2632 374 2654 modis
392 2633 546 2660 cognoscendi
566 2633 638 2655 Deum
656 2634 738 2661 agitur.

200 2671 209 2685 ²
226 2671 282 2693 Cod.
300 2673 316 2693 A
335 2671 442 2700 resapere
459 2676 480 2694 et
499 2678 550 2694 mox
569 2679 610 2700 pro
627 2673 648 2695 et
665 2672 757 2695 habebit
773 2679 826 2695 cum
844 2674 895 2696 cod.
921 2674 938 2695 ti
963 2675 984 2696 el

139 2709 214 2732 nabet.

201 2748 211 2762 3
227 2748 272 2771 Cfr.
290 2755 358 2776 supra
378 2749 399 2771 d.
418 2750 439 2771 9.
457 2757 477 2772 ει,
500 2750 516 2771 l.
535 2756 557 2778 q.
576 2751 596 2772 2.
615 2751 636 2772 in
654 2758 717 2780 corp.
734 2764 766 2768 —
790 2752 831 2774 Pro
854 2752 916 2782 qnod
936 2758 982 2774 non

137 2788 236 2815 possunt
253 2788 304 2809 cod.
322 2791 338 2809 A
356 2794 416 2817 qnae
434 2794 482 2811 non
498 2790 604 2817 possunt.

201 2825 211 2840 ⁴
227 2825 271 2848 Csr.
289 2833 358 2854 supra
377 2827 398 2849 d.
418 2827 454 2849 24.
473 2827 528 2849 dub.
547 2829 567 2850 Ξ.
584 2840 616 2844 -
634 2829 691 2851 Vide
708 2831 810 2852 scholion
837 2831 865 2853 ad
893 2837 984 2858 praeci:-

139 2864 230 2887 dentem
248 2868 336 2894 quaest.

200 2903 210 2918 ⁵
228 2904 269 2926 l‘ro
286 2904 425 2934 coynitionis
442 2906 492 2928 cod.
510 2906 526 2927 Z
544 2912 666 2935 assensus,
681 2914 739 2936 quae
753 2909 817 2930 lectio
830 2909 886 2931 infra
900 2910 921 2930 in
935 2909 982 2936 ipsa

140 2942 190 2970 (3.)
208 2947 295 2971 quaest.
313 2945 442 2966 communis
459 2947 499 2966 est.

202 2981 212 2995 ὓ
230 2982 293 3004 Vers.
306 2983 326 3004 3.
339 2982 410 3005 Codd.
423 2984 441 3005 G
451 2984 469 3005 ll
480 2984 484 3005 l
496 2984 511 3005 L
519 2984 536 3006 T
548 2985 576 3006 W
587 2991 612 3007 aa
625 2985 716 3008 Nomen
735 2992 822 3014 annm,
837 2986 930 3009 Adonai
940 2990 982 3008 etr.

269 3031 293 3054 S.
312 3032 401 3055 Bonan.
421 3046 450 3049 —
467 3034 533 3056 Tom.
552 3035 584 3057 tll.

1104 2595 1114 2610 ⁷
1131 2596 1174 2618 Cl'r.
1193 2597 1267 2620 Manli.
1285 2598 1311 2625 ὅ,
1335 2599 1367 2624 17,
1386 2605 1450 2628 seqq.
1468 2603 1490 2622 et
1511 2600 1547 2627 19,
1566 2601 1602 2622 21.

1104 2634 1113 2649 ⁸
1131 2635 1188 2657 Vide
1206 2642 1275 2664 snpra
1294 2643 1313 2659 a.
1336 2638 1352 2660 l.
1372 2645 1393 2666 q.
1413 2639 1433 2660 2.

1104 2674 1114 2688 9
1132 2674 1195 2696 Vei-s.
1218 2676 1250 2697 t0.
1268 2675 1312 2697 cn:
1330 2683 1398 2704 supra
1418 2684 1470 2705 pag.
1489 2678 1548 2701 5539.
1567 2682 1617 2700 nota
1641 2678 1657 2700 l.

1105 2713 1123 2727 ¹⁰
1142 2714 1205 2736 vers.
1223 2715 1260 2736 tfi:
1275 2714 1350 2742 Quasi
1365 2716 1395 2738 sit
1411 2717 1465 2738 rota
1482 2716 1504 2738 in
1519 2717 1593 2739 medio
1606 2719 1687 2746 ronan·
1699 2718 1727 2740 de
1740 2719 1826 2747 quibus
1839 2726 1886 2742 ver-

1041 2752 1077 2774 bis
1094 2753 1219 2780 Gregorius
1236 2754 1264 2780 (l.
1283 2754 1363 2777 llumil.
1382 2756 1403 2776 in
1420 2756 1499 2777 Ezocn.
1519 2757 1595 2778 homil.
1614 2757 1635 2779 G.
1649 2763 1669 2779 n.
1688 2758 1734 2785 te.)
1747 2758 1812 2780 dicit:
1826 2759 1886 2786 Quid

1041 2794 1074 2813 cst
1092 2792 1158 2813 hoe...
1177 2793 1218 2813 nisi
1236 2793 1299 2821 quod
1316 2794 1337 2814 in
1357 2794 1495 2816 Testamenti
1514 2796 1597 2817 veteris
1619 2796 1690 2818 littera
1714 2797 1886 2819 Testamentum

1042 2836 1128 2851 noxum
1147 2831 1209 2852 latuit
1226 2837 1267 2858 per
1283 2832 1434 2859 allegoriam?
1453 2832 1517 2855 Unde
1534 2836 1555 2855 et
1572 2837 1618 2856 rota
1637 2835 1730 2861 eadem.
1749 2842 1808 2864 quae
1826 2837 1885 2858 iuxta

1041 2869 1146 2890 annualia
1159 2871 1271 2897 apparuit,
1285 2871 1391 2899 quatuor
1408 2871 1476 2893 facies
1493 2872 1577 2894 habere
1590 2873 1727 2896 describitur
1739 2878 1781 2897 etc.
1795 2888 1824 2890 —
1838 2876 1886 2897 Mox

1042 2914 1083 2935 pro
1099 2907 1246 2936 primorum,
1267 2909 1331 2936 quod
1347 2909 1376 2931 ab
1394 2910 1446 2932 edd.
1464 2910 1540 2938 abest,
1558 2912 1626 2934 codd.
1650 2913 1666 2934 Α
1679 2913 1696 2934 Κ
1708 2913 1739 2935 bb
1760 2913 1883 2942 priorum,

1041 2950 1061 2968 et
1079 2946 1177 2968 subinde
1195 2953 1236 2974 pro
1254 2947 1321 2976 [χρῖε
1338 2948 1420 2971 celeris
1437 2952 1458 2971 et
1476 2949 1542 2978 Lem's
1563 2956 1637 2974 novae
1659 2952 1710 2974 cod.
1736 2953 1751 2974 7.
1778 2952 1800 2975 in
1828 2954 1886 2983 [κρυ

1042 2985 1113 3008 ceteri
1128 2990 1150 3008 et
1167 2985 1191 3008 ln
1209 2986 1267 3016 Leye
1283 2992 1352 3009 nora.

1731 3044 1760 3064 69
