2166 3366
42 1012 109 1031 Modus
121 1012 138 1031 2.

31 1059 138 1078 Distiuctio.

50 2187 116 2206 Modus
128 2187 146 2206 3.

39 2234 144 2253 Disuncuo.

47 2374 152 2393 subdistin-

738 177 820 205 DlST.
843 176 964 205 XXXVll.
987 177 1059 205 ART.
1082 177 1109 205 ll.
1133 177 1267 214 QUAEST.
1291 177 1307 205 Ι.

151 256 235 285 habet
256 255 315 284 fieri
338 255 364 284 in
384 264 512 292 persona
530 255 696 292 proximi¹,
724 258 765 283 est
789 255 855 283 illud
886 262 995 291 praece-

152 307 245 340 ptum:
269 302 333 331 Non
354 303 474 331 occides,
499 320 538 323 —
561 303 662 331 Contra
690 305 888 330 nocumentum
912 310 993 334 vero,

151 350 226 388 quod
256 350 339 378 habet
361 349 420 378 fieri
447 350 473 378 in
494 358 621 386 persona
649 349 826 382 coniuncta,
855 352 896 377 est
925 349 995 377 illud

152 400 349 434 praeceptum:
384 396 447 425 Non
480 395 696 429 moechaberis,
733 395 887 424 secundum
920 395 995 432 quod

151 447 301 472 exercetur
326 444 352 472 in
382 452 472 480 opere.
497 460 536 464 -—-
556 443 657 472 Contra
685 446 900 473 nocumentum,
921 442 995 479 quod

153 490 182 519 fii
204 490 230 519 in
253 490 353 523 rebus,
379 494 420 519 est
442 490 530 519 illud:
560 489 625 518 Non
646 488 763 527 furtum
784 488 884 527 facie-9.
906 505 946 510 —
967 489 997 517 Et

152 538 218 575 quia
232 541 431 566 nocumentum
454 537 522 565 illud
538 537 661 574 duplex,
684 536 811 565 videlicet
831 537 856 564 in
880 543 997 573 persona

153 585 299 613 coniuncta
319 588 347 612 et
369 585 394 612 In
417 584 515 615 rebus,
543 584 718 621 frequentius
747 583 777 612 fit
803 583 828 612 in
856 583 997 611 voluntate

153 639 203 668 per
223 631 491 668 concupiscentiam,
513 639 597 668 quam
620 630 667 659 fiat
683 631 709 659 in
731 638 827 667 opere;
850 630 911 658 ideo
933 632 998 658 sunt

152 677 207 706 alia
227 678 284 706 duo
306 678 450 711 mandata,
474 678 499 706 in
522 685 642 714 quorum
673 685 728 705 uno
750 676 916 714 prohibetur
937 684 998 704 con-

153 725 322 762 cupiscentia
345 725 463 758 axoris,
485 725 511 753 in
534 725 586 753 hoc
608 724 683 761 quod
704 723 821 752 dicitur:
845 722 910 751 Non
931 730 998 750 con-

154 772 283 809 cupisces
304 780 448 804 uxorem,-
470 772 496 800 in
518 772 573 800 alio
588 771 754 808 prohibetur
775 769 998 807 concupiscentia

154 827 272 853 rerum,
296 819 321 847 in
344 819 396 847 hoc
416 818 491 855 quod
513 818 627 847 dicitur:
651 817 716 846 Non
737 816 921 853 concupisces
935 823 997 843 rem

151 866 285 904 proximi
299 866 343 894 tui
363 869 414 895 etc.
429 865 471 894 Sic
494 865 578 902 igitur
594 868 667 902 patet
689 863 853 893 sufficientia
867 871 903 891 ex
920 865 997 899 parte

151 913 340 943 conditionum
363 912 472 941 obiecti.

233 961 272 989 Ex
293 963 373 997 parte
395 967 461 988 vero
481 958 604 987 subiecti
624 957 779 987 secundum
801 956 936 993 triplicem
954 963 998 992 po-

153 1008 265 1037 tentiam
281 1007 390 1036 animae
405 1006 537 1043 contingit
551 1005 633 1034 etiam
646 1003 839 1034 sufficientiam
855 1003 998 1039 assignare

154 1055 204 1084 hoc
226 1054 317 1083 modo,
342 1053 456 1090 Triplex
489 1053 563 1081 enim
593 1055 635 1080 est
657 1051 778 1088 potentia
806 1050 930 1083 animae,
960 1057 999 1078 se-

153 1101 277 1131 cundum
299 1108 383 1138 quam
406 1099 539 1136 contingit
560 1099 595 1127 ad
618 1098 780 1135 proximum
801 1096 940 1129 ordinari,
963 1095 999 1124 vi-

154 1149 254 1178 delicet
285 1147 462 1180 rationalis,
498 1145 732 1183 concupiscibilis
766 1148 794 1173 et
829 1143 997 1172 irascibilis.

154 1196 294 1233 Quantum
326 1197 419 1223 autem
452 1193 486 1222 ad
520 1193 669 1230 potentiam
702 1190 880 1220 irascibilem
916 1189 999 1218 habet

155 1243 238 1272 homo
259 1242 455 1271 convenienter
475 1240 598 1269 ordinari
621 1240 656 1268 ad
678 1239 852 1275 superiorem
883 1245 933 1274 per
959 1246 1000 1265 re-

153 1289 312 1318 verentiam
328 1292 353 1317 et
367 1287 519 1320 honorem,
537 1291 564 1316 et
585 1287 624 1316 sic
639 1291 681 1316 est
703 1286 787 1314 illud:
811 1285 932 1313 Honora
948 1293 1000 1321 pa-

155 1340 225 1365 trem
250 1340 332 1365 luam
354 1339 422 1368 etc.;
443 1335 478 1364 ad
501 1335 662 1372 proximum
686 1341 752 1361 vero
774 1341 824 1369 per
843 1340 946 1369 pacem
973 1335 1000 1360 et

154 1384 216 1412 odii
236 1382 471 1413 declinationem,
501 1385 528 1410 et
553 1382 592 1410 sic
613 1382 654 1410 est
677 1380 761 1408 illud:
793 1379 855 1408 Non
879 1379 999 1407 occides.

154 1430 362 1459 —Secundum
378 1432 471 1458 autem
493 1428 667 1457 rationalem
685 1427 816 1456 virtutem
836 1427 999 1455 ordinamur

155 1478 189 1506 ad
212 1477 374 1514 proximum
398 1484 446 1513 per
467 1475 601 1504 veritatis
623 1474 765 1512 loqaelam
780 1478 806 1502 et
829 1472 1001 1510 testificatio-

156 1532 235 1557 nem‚·
256 1527 283 1552 ct
304 1524 342 1552 sic
363 1527 404 1552 est
426 1523 496 1551 illud
513 1522 688 1550 mandatum:
711 1521 776 1550 Non
798 1521 923 1558 loqueris
939 1528 1001 1548 con-

156 1575 205 1600 tra
224 1571 396 1608 proaez'mum
419 1575 500 1598 tuam
527 1568 640 1606 falsum
667 1567 871 1596 testimonium.
897 1585 935 1590 —-
959 1567 1001 1597 Se-

156 1618 280 1647 cundum
298 1625 363 1646 vero
385 1616 534 1654 potentiam
550 1615 801 1652 concupiscibilem
820 1615 903 1643 habet
919 1615 1001 1644 homo

155 1665 278 1694 ordinari
301 1665 335 1693 ad
359 1664 521 1702 proximum
542 1671 592 1700 per
614 1663 701 1700 ipsius
719 1661 955 1700 refrenationem.
972 1662 1002 1691 Et

156 1712 287 1750 quoniam
310 1711 357 1740 illa
377 1715 420 1740 est
441 1710 630 1747 multipliciter
653 1713 786 1746 corrupta
802 1717 850 1745 per
869 1709 1003 1746 cupidita-

157 1764 211 1789 tem
233 1762 260 1788 et
281 1758 534 1796 concupiscentiam
548 1757 571 1789 ²;
594 1757 655 1786 ideo
678 1756 842 1793 prohibetur
863 1756 1002 1793 cupiditas

156 1810 184 1836 et
198 1805 421 1843 concupiscentia
436 1805 463 1833 in
484 1808 548 1833 actu
564 1803 704 1832 exteriori
718 1812 768 1841 per
786 1803 843 1832 duo
859 1803 1001 1837 mandata,

157 1861 207 1890 per
229 1853 280 1882 hoc
302 1852 445 1880 videlicet:
469 1851 534 1880 Non
555 1850 768 1883 moechaberis,
790 1853 829 1879 et:
853 1849 917 1878 Non
938 1848 1003 1887 fur-

158 1904 219 1929 tum
240 1898 350 1936 facies;
372 1898 537 1936 prohibetur
558 1898 640 1926 etiam
665 1897 690 1926 in
712 1900 776 1926 actu
800 1896 935 1925 interiori
952 1904 1002 1933 per

157 1947 212 1976 alia
233 1947 301 1980 duo,
324 1954 373 1982 per
396 1946 447 1974 hoc
468 1945 610 1974 videlicet:
635 1944 699 1973 Non
720 1943 905 1981 concupisces
933 1951 1003 1971 uaeo-

159 2002 219 2022 rem
239 1993 372 2031 proximi
386 1993 445 2026 tui‚·
465 2001 524 2020 non
545 2000 654 2030 agrum
669 2000 719 2020 nec
737 1991 870 2029 aliquam
884 1999 955 2019 rem.
973 1991 1003 2019 Et

159 2041 196 2069 sic
219 2044 308 2077 potest
329 2040 401 2068 sumi
423 2039 589 2068 sufficientia
607 2047 641 2067 ex
665 2042 743 2076 parte
769 2038 870 2066 virium
893 2037 1002 2066 animae

159 2088 184 2116 in
209 2087 346 2116 mandatis
368 2088 506 2115 secundae
529 2086 648 2114 tabulae.

239 2134 277 2162 Ex
294 2136 372 2170 parte
393 2137 486 2162 autem
501 2137 586 2161 actas
601 2135 689 2169 potest
705 2132 777 2161 sumi
800 2132 847 2161 sic.
872 2131 1002 2160 Ordinari

159 2181 232 2210 enim
250 2180 386 2208 habemus
400 2179 435 2208 ad
459 2179 618 2216 proximum
636 2179 790 2208 secundum
808 2178 1002 2206 innocentiam

159 2231 186 2256 et
207 2227 360 2256 secundum
384 2225 606 2262 beneficentiam.
628 2225 653 2254 Si
677 2225 831 2254 secundum
855 2224 1004 2261 beneficen-

160 2274 246 2307 tiam,
262 2274 300 2301 sic
321 2277 363 2302 est
378 2273 445 2301 illud
463 2273 637 2301 mandatum:
654 2273 776 2301 Honora
788 2276 905 2309 patrem
920 2275 1003 2300 litam

160 2325 185 2349 et
200 2325 323 2349 matrem
345 2324 436 2348 turim.
452 2321 477 2348 Si
499 2320 654 2348 secuudum
672 2319 880 2352 innocencium,
898 2319 948 2347 linc
963 2321 1005 2347 est

165 2367 323 2404 tripliciter:
345 2370 394 2395 aut
415 2367 569 2395 secundum
598 2369 691 2395 actum
714 2366 828 2398 cordis,
851 2369 898 2393 aut
926 2365 1004 2398 oris,

160 2418 208 2443 aut
230 2413 333 2451 operis.
356 2414 381 2441 Si
404 2413 558 2442 secundum
581 2417 673 2441 actum
697 2412 806 2449 operis,
828 2414 876 2439 aut
898 2411 949 2439 hoc
964 2414 1006 2439 est

163 2462 188 2490 in
221 2460 394 2498 prohibendo
427 2459 703 2493 deordinationem³,
734 2466 805 2495 quae
837 2461 879 2487 est
909 2461 1006 2486 contra

163 2509 250 2546 ipsius
271 2516 330 2536 esse
351 2506 516 2538 inclioidni,·
537 2497 563 2534 et
579 2506 617 2534 sic
638 2509 680 2534 est
702 2505 782 2534 illud:
808 2504 870 2533 Non
885 2504 1005 2533 occides.

163 2557 216 2584 Aut
236 2558 332 2583 contra
354 2554 474 2582 debitam
502 2552 747 2581 conseruationem
770 2552 875 2588 speciei
882 2562 891 2585 ;
912 2555 939 2579 et
967 2552 1005 2579 sic

163 2606 204 2631 est
221 2601 301 2630 illud:
319 2600 382 2629 Non
398 2599 600 2628 moechaberis.
618 2600 669 2627 Aut
689 2602 784 2627 contra
797 2598 1004 2635 pos-sessionem

165 2648 332 2685 temporalis·
353 2647 496 2679 subs-idid}
517 2650 543 2674 ct
566 2646 603 2674 sic
625 2650 665 2673 est
689 2645 773 2673 illud:
799 2644 861 2673 Non
888 2644 1006 2682 furtum

228 2766 233 2779 ¹
253 2765 308 2787 llud.
327 2765 344 2786 k
363 2765 426 2786 addit
443 2763 548 2793 propriu.
569 2764 688 2792 Aliquanto
706 2763 799 2785 iuti-rius
817 2768 867 2791 post
885 2770 1008 2786 nocumen-

165 2805 214 2826 lltm
232 2803 293 2826 illud
309 2803 375 2825 codd.
390 2804 514 2830 incongrue
532 2802 618 2823 utliluut
636 2803 680 2829 cxl,
700 2802 754 2823 cdd.
776 2802 793 2829 l,
812 2803 824 2823 ‘2
841 2801 873 2831 fil.

226 2843 235 2857 ²
253 2843 297 2865 (lrr.
316 2843 337 2864 ll.
356 2844 416 2864 Sciit.
434 2842 455 2863 (Ι.
475 2842 511 2863 5³2.
529 2848 548 2862 a.
568 2842 588 2862 2.
606 2848 626 2869 q⁴
651 2842 667 2862 Ι.

228 2881 238 2895 ³
253 2881 308 2903 (lod.
321 2881 337 2903 Z
350 2880 555 2907 inm'dimilimwm7
569 2880 621 2901 edd.
635 2879 657 2901 in
667 2878 812 2908 prohibenda
824 2879 1007 2901 dcordiuuliouc.

167 2920 234 2942 l¹auln
252 2920 345 2942 interius
358 2927 399 2947 pro
416 2919 514 2941 subsidii
531 2919 580 2940 rod.
600 2919 615 2940 7,
632 2918 783 2941 substantiae.

229 2959 237 2973 ⁴
255 2958 314 2980 Libr.
340 2959 353 2980 l.
376 2966 393 2980 r.
423 2959 454 2980 ll.
480 2965 500 2980 n.
527 2959 563 2979 lU:
587 2959 608 2979 lu
636 2957 778 2979 nunu-raudo
800 2958 860 2979 vniui
887 2957 1006 2985 pruzia-‹li-

1841 179 1897 207 823

1050 254 1151 292 facies.
1166 272 1205 276 —
1224 256 1249 284 Si
1265 259 1357 284 autem
1381 256 1544 285 ordinemur
1565 256 1600 285 ad
1617 257 1777 294 proximum
1801 265 1897 286 secuu-

1052 302 1119 331 dum
1141 306 1234 331 actum
1256 303 1334 336 oris,·
1356 303 1395 332 sic
1409 306 1450 332 est
1472 303 1540 332 illud
1559 303 1739 332 mandatum:
1765 303 1829 332 Non
1842 303 1899 341 fal-

1052 357 1118 377 sum
1134 350 1328 378 testimoninm
1349 350 1434 378 (lices.
1450 366 1488 370 —
1502 350 1527 378 Si
1551 358 1617 379 vero
1632 350 1787 379 secundum
1803 354 1895 379 actum

1053 395 1167 429 eoi-(lis,
1190 396 1235 433 qui
1259 396 1371 433 quidem
1394 397 1518 425 consistit
1540 397 1565 425 in
1580 397 1699 431 affectu,
1723 397 1775 426 hnc
1796 397 1898 426 contin·
1911 403 2017 431 subdistin-

1054 443 1092 479 git
1118 443 1279 479 dupliciter:
1310 447 1358 472 aut
1386 443 1545 472 liberaliter
1566 448 1662 473 contra
1690 444 1896 481 cupiditatem,
1947 430 1991 446 Μ’

1054 493 1103 518 aut
1130 489 1243 518 honeste
1270 494 1366 518 contra
1395 490 1586 527 uoluptatem:
1614 494 1641 520 et
1670 491 1823 520 secundum
1848 491 1898 520 hoc

1055 540 1120 565 sunt
1140 537 1196 565 duo
1220 536 1362 565 mandata:
1386 545 1472 565 unum
1496 541 1591 566 contra
1615 538 1770 574 voluptatis
1796 547 1898 566 conen-

1051 583 1242 620 piseentiam,
1264 587 1291 612 et
1312 584 1350 612 sic
1372 587 1413 612 est
1436 584 1519 612 illud:
1543 584 1606 612 Non
1630 585 1816 622 concupisces
1830 594 1898 613 uxo-

1055 639 1134 663 re1n;
1155 630 1231 659 aliud
1254 638 1321 659 vero
1342 634 1437 658 contra
1458 631 1646 668 cupiditatem
1668 636 1692 660 ct
1713 632 1877 660 auaritiam
1890 655 1896 665 ,

1055 681 1082 706 et
1103 677 1141 706 sic
1163 681 1204 706 est
1226 677 1308 706 illud:
1332 677 1396 705 Non
1417 678 1601 714 concupisces
1623 687 1691 706 rem.

1136 724 1165 753 Et
1186 724 1225 753 sic
1254 732 1302 761 per
1324 732 1434 753 omnem
1464 725 1578 753 modum
1608 729 1682 762 patet
1710 734 1846 755 numerus
1874 730 1900 755 et
1914 732 2020 752 Conclusio.

1055 770 1220 800 sufficientia
1234 771 1430 800 mandatorum
1447 771 1587 809 Decalogi:
1604 773 1735 810 quoniam
1755 773 1807 801 tria
1822 776 1899 807 sunt,

1055 826 1126 856 quae
1154 818 1284 846 ordinant
1314 818 1453 847 hominem
1485 822 1612 856 respectu
1639 828 1765 849 summae
1787 820 1902 849 Trinita-

1055 866 1101 899 tis;
1117 868 1144 894 et
1158 868 1264 902 septem
1279 869 1357 900 sunt,
1372 874 1443 903 quae
1464 866 1594 894 ordinant
1610 866 1749 895 hominem
1772 870 1901 904 respectu

1056 913 1139 941 totius
1161 912 1299 941 inferioris
1321 912 1526 946 universitatis;
1548 917 1579 941 ut
1600 912 1638 941 sic
1660 921 1714 941 non
1736 916 1844 941 tantum
1866 913 1901 941 sit

1055 959 1236 996 congruentia
1250 959 1361 988 numeri
1383 967 1419 988 ex
1434 962 1513 996 parte
1534 959 1592 993 rei,
1608 960 1656 988 sed
1672 960 1755 988 etiam
1771 968 1807 988 ex
1822 962 1900 996 parte
1918 967 2044 993 Congruencia

1055 1006 1143 1044 ipsius
1157 1005 1321 1034 numeralis
1333 1006 1549 1043 proportionis,-
1564 1014 1647 1043 quam
1671 1006 1824 1034 rectissime
1840 991 2043 1038 con-ssr‘lffir‘fisslss.

1056 1053 1135 1090 tingit
1166 1053 1193 1081 in
1215 1053 1330 1082 denario
1361 1053 1504 1087 invenire,
1537 1053 1691 1081 secundum
1726 1053 1800 1090 quod
1823 1053 1903 1082 docet

1056 1100 1226 1137 Augustinus
1254 1099 1280 1128 in
1305 1099 1374 1128 libro
1396 1100 1515 1129 Musicae
1528 1100 1547 1134 ⁴,
1571 1100 1618 1128 ubi
1645 1100 1780 1134 ostendit,
1810 1100 1837 1128 in
1859 1100 1904 1129 de-

1058 1147 1136 1175 nario
1157 1146 1298 1184 quandam
1327 1146 1509 1176 excellentem
1537 1154 1598 1175 esse
1624 1147 1839 1184 perfectionem,
1868 1147 1903 1175 ob

1056 1202 1141 1232 quam
1162 1197 1252 1223 status
1273 1197 1315 1223 est
1335 1194 1362 1222 in
1384 1202 1503 1223 numero
1525 1194 1586 1226 illo,
1614 1198 1641 1223 et
1663 1194 1737 1223 ultra
1753 1195 1785 1226 ¹in
1808 1202 1903 1223 nume-

1057 1242 1145 1270 rando
1167 1250 1219 1270 uon
1242 1241 1421 1278 procedimus
1444 1249 1515 1269 nova
1537 1242 1742 1275 numeratione,
1763 1241 1811 1270 sed
1834 1241 1904 1270 redi-

1057 1296 1120 1317 mus
1141 1288 1175 1317 ad
1198 1291 1295 1325 caput:
1319 1292 1346 1316 et
1368 1288 1429 1316 ideo
1451 1287 1477 1316 in
1500 1296 1619 1316 numero
1641 1288 1687 1316 illo
1709 1287 1824 1316 decebat
1854 1291 1905 1316 ter-

1058 1336 1155 1364 minari
1178 1339 1205 1364 et
1226 1335 1424 1372 comprehendi
1447 1335 1541 1364 divina
1563 1338 1724 1372 praecepta,
1745 1343 1817 1372 quae
1839 1338 1903 1364 sunt

1057 1384 1101 1411 via
1123 1382 1286 1411 deveniendi
1308 1382 1343 1410 ad
1366 1382 1561 1419 perfectionem
1584 1390 1734 1410 summam.
1749 1398 1787 1402 —
1806 1382 1904 1410 Conce-

1058 1430 1181 1459 dendum
1203 1433 1245 1458 est
1266 1429 1364 1465 igitur,
1394 1429 1468 1466 quod
1491 1429 1586 1457 decem
1616 1432 1682 1457 sunt
1703 1429 1834 1457 mandata
1856 1429 1905 1457 De-

1057 1476 1161 1513 calogi‚
1189 1475 1345 1504 secundum
1367 1475 1442 1512 quod
1472 1475 1532 1503 Lex.
1556 1474 1637 1508 (licit,
1663 1483 1712 1504 nec
1745 1475 1827 1512 plura
1855 1482 1903 1503 nec

1058 1523 1198 1560 pauciora.

1139 1571 1162 1598 l.
1185 1569 1222 1598 Ad
1244 1569 1314 1598 illud
1340 1577 1406 1597 vero
1430 1569 1503 1606 quod
1528 1569 1618 1606 primo
1639 1569 1769 1597 obiicitur
1795 1569 1822 1597 in
1843 1576 1990 1603 con-sonmo
2004 1581 2036 1600 op-

1059 1617 1191 1651 trarium,
1213 1616 1287 1654 quod
1310 1616 1356 1653 qui
1379 1616 1469 1653 diligit
1498 1617 1659 1653 proximum
1684 1617 1781 1653 Legem
1812 1601 2027 1652 imple-mmmmm

1060 1663 1116 1697 vit;
1138 1662 1304 1697 (licendum,
1326 1662 1400 1700 quod
1423 1662 1551 1699 quamvis
1567 1662 1594 1690 in
1610 1662 1757 1691 dilectione
1782 1662 1904 1699 proximi

1059 1709 1226 1738 claudantur
1242 1709 1372 1737 mandata
1387 1709 1544 1737 ordinantia
1565 1708 1598 1737 ad
1616 1708 1778 1746 proximum
1799 1708 1825 1737 in
1841 1717 1906 1746 qua-

1059 1757 1123 1785 dam
1144 1755 1348 1793 generalitate,
1378 1755 1559 1784 nihilominus
1582 1759 1695 1792 propter
1723 1755 1906 1784 obnubilatio—

1059 1811 1123 1832 nem
1138 1802 1241 1840 peccati
1257 1805 1446 1839 opportunum
1468 1805 1528 1831 erat
1542 1805 1569 1831 et
1591 1810 1760 1839 congruum,
1776 1803 1906 1831 mandata

1059 1850 1118 1885 illa,
1151 1858 1199 1887 per
1229 1858 1301 1887 quae
1323 1850 1464 1878 evitantur
1498 1849 1632 1886 speciales
1663 1850 1905 1880 deordinationes,

1059 1897 1194 1935 explicari
1218 1897 1244 1925 in
1265 1896 1414 1934 speciali⁵.
1430 1896 1506 1925 Unde
1528 1897 1599 1926 sicut
1614 1897 1706 1925 unitas
1728 1897 1836 1933 generis
1851 1905 1906 1925 non

1060 1945 1187 1974 excludit
1216 1944 1423 1973 multitudinem
1447 1944 1623 1981 specierum,
1652 1952 1702 1972 nec
1723 1944 1816 1973 unitas
1844 1944 1906 1973 finis

1060 1992 1187 2021 excludit
1209 1991 1416 2020 multitudinem
1439 1999 1536 2020 eorum
1560 1999 1631 2028 quae
1660 1994 1725 2020 sunt
1746 1991 1780 2019 ad
1805 1991 1906 2025 linem3

1060 2039 1099 2068 sic
1121 2047 1155 2067 ex
1174 2039 1279 2067 unitate
1301 2039 1424 2067 mandati
1447 2038 1603 2067 dilectionis
1626 2039 1651 2066 in
1675 2039 1835 2076 proximum
1853 2047 1906 2067 non

1061 2090 1150 2124 potest
1171 2086 1312 2119 concludi,
1328 2086 1401 2123 quod
1424 2094 1477 2114 non
1494 2086 1529 2114 sit
1547 2086 1694 2122 pluralitas
1709 2086 1905 2115 mandatorum

1060 2134 1095 2162 ad
1119 2133 1279 2171 proximum
1302 2133 1501 2161 ordinantium.

1140 2182 1166 2208 ⁶2.
1188 2180 1225 2208 Ad
1242 2180 1310 2208 illud
1327 2180 1400 2217 quod
1417 2179 1555 2210 obiicitur,
1570 2179 1644 2216 quod
1661 2179 1716 2207 Lex
1734 2179 1907 2215 prohibendo

1061 2227 1312 2264 concupiscentiam
1342 2226 1471 2263 prohibet
1499 2226 1591 2254 omnia
1624 2226 1714 2259 mala;
1743 2225 1905 2260 dicendum,

1061 2275 1135 2311 quod
1159 2273 1393 2310 concupiscentia
1414 2272 1536 2301 sumitur
1555 2272 1730 2309 qeneraliter
1752 2276 1778 2301 ει
1799 2273 1907 2309 specia-

1062 2321 1135 2349 liter.
1161 2319 1340 2348 Generaliter
1363 2319 1585 2356 concupiscentia
1606 2319 1709 2347 dicitur
1730 2319 1846 2356 quilibet
1862 2328 1907 2357 ap-
1923 2327 2035 2346 Notandum.

1063 2367 1165 2404 petitus
1188 2366 1352 2394 libidinosus
1373 2369 1399 2394 et
1422 2366 1638 2397 immoderatus,
1660 2366 1825 2403 specialiter
1841 2374 1907 2395 vero

1063 2414 1247 2442 dicitur-esse
1269 2413 1408 2450 appetitus
1430 2412 1601 2441 delectabilis
1616 2413 1770 2441 secundum
1793 2416 1907 2450 gustum

1063 2464 1090 2489 et
1121 2463 1224 2488 tactum
1237 2460 1256 2487 ⁶.
1291 2459 1319 2487 Et
1348 2459 1446 2496 primo
1479 2459 1591 2496 quidem
1621 2460 1703 2488 modo
1732 2460 1757 2488 iu
1788 2461 1908 2497 prohibi-

1065 2507 1136 2535 tione
1171 2506 1408 2543 concupiscentiae
1441 2505 1573 2534 dicuntur
1609 2507 1701 2534 omnia
1737 2507 1808 2535 mala
1844 2516 1908 2544 pro-

1065 2553 1173 2587 hiberi;
1200 2553 1325 2581 seeundo
1353 2555 1446 2581 autem
1476 2552 1558 2580 mollo
1585 2556 1658 2581 tenet
1687 2553 1821 2582 rationem
1851 2562 1908 2591 spc-

1064 2599 1140 2627 cialis
1160 2599 1281 2627 mandati
1297 2603 1323 2627 ct
1346 2602 1511 2627 numeratur
1528 2599 1598 2627 inter
1622 2599 1750 2627 inundata
1775 2600 1908 2637 [im-alogi.

1143 2646 1168 2673 :3.
1192 2646 1228 2673 ‚lu
1260 2646 1326 2674 illud
1350 2646 1423 2683 quod
1453 2646 1600 2679 obiicitur,
1629 2646 1702 2683 (pind
1736 2647 1782 2683 qui
1817 2651 1909 2684 peccat

1066 2770 1117 2785 uiui·
1134 2763 1163 2785 ab
1182 2770 1227 2785 uuo
1244 2770 1316 2792 usquc
1339 2763 1367 2785 ud
1391 2763 1482 2791 dcci-ui,
1505 2768 1572 2792 atquc
1599 2764 1650 2785 indo
1672 2764 1701 2786 nil
1725 2770 1795 2786 {innui
1820 2766 1910 2787 rou-rti-

1066 2808 1118 2824 mur
1133 2806 1174 2824 cic.

1127 2841 1137 2855 ⁵
1154 2841 1197 2862 (Ἰν,
1215 2848 1234 2863 u.
1257 2841 1273 2862 1.
1292 2848 1313 2869 q.
1333 2841 1353 2863 3.
1372 2842 1392 2863 iu
1411 2848 1474 2869 roi-p.
1488 2854 1516 2857 —
1530 2841 1559 2863 l)o
1578 2842 1625 2869 ipsu
1644 2842 1755 2863 solution«¹
1770 2842 1821 2864 viiic
1839 2849 1908 2871 supra

1065 2880 1086 2901 ιΙ.
1105 2880 1141 2901 27,
1160 2887 1178 2901 a.
1202 2880 1218 2901 l.
1237 2886 1257 2908 q.
1281 2880 1297 2902 1,
1316 2880 1344 2901 :id
1368 2880 1383 2902 l.
1402 2884 1421 2902 ct
1440 2880 1461 2902 d.
1481 2881 1516 2902 :3:3.
1535 2887 1557 2908 q.
1579 2881 1596 2903 1.
1615 2881 1643 2902 ad
1665 2882 1681 2903 1.
1699 2894 1724 2897 —
1742 2881 1763 2903 lu
1782 2882 1825 2904 line
1842 2883 1909 2905 solut,

1066 2919 1115 2940 Vnt.
1133 2919 1213 2941 anuuit
1230 2918 1399 2941 ordinantium.

1127 2957 1136 2971 ἢ
1153 2958 1197 2979 (Isr.
1218 2958 1239 2980 ll.
1257 2959 1316 2980 Sciit
1336 2958 1357 2980 ιΙ.
1376 2959 1412 2980 ³2.
1431 2965 1450 2980 u.
1469 2959 1489 2980 2.
1508 2965 1529 2987 ¹1·
1553 2959 1569 2980 l.
