2166 3366
116 1354 187 1380 Dupler
196 1358 244 1372 coni-

126 1379 205 1400 paratio.

115 1498 213 1517 Conclusio
226 1498 243 1516 1.

115 1686 212 1705 Conclusio
224 1686 242 1704 2.

116 2154 213 2172 Conclusio
225 2153 241 2172 3.

254 191 310 219 574

253 277 330 306 spes:
353 276 419 305 ergo
441 276 505 305 spes
520 269 640 304 gratuita
656 267 781 304 procedit
795 275 831 296 ex
853 275 949 296 amore
964 267 1096 304 gratuito:

253 316 337 353 igitur
359 315 513 344 secundum
537 314 693 343 naturalem
715 314 842 342 ordinem
864 313 965 342 caritas
993 316 1099 342 antece-

253 363 292 391 dit
314 370 400 399 spem.

333 409 358 436 5.
380 408 462 442 Item,
488 411 616 444 «quanto
638 407 744 444 aliquid
766 410 807 435 est
822 406 1007 440 communius,
1025 409 1099 434 tanto

253 455 387 492 prius³»;
409 455 457 483 sed
480 462 561 482 omne
583 454 753 490 sperandum
770 457 812 482 est
826 453 988 487 amandum,
1003 456 1030 481 et
1044 461 1098 481 non

253 501 439 531 convertitur:
462 509 529 538 ergo
559 501 734 530 communior
766 504 807 529 est
838 503 917 528 actus
945 499 1099 528 dilectionis

254 556 337 585 quam
359 552 438 576 actus
460 548 532 584 spei:
555 551 581 576 et
603 548 625 576 si
649 547 839 580 communior,
861 554 927 583 ergo
950 546 1035 583 prior.

333 596 358 623 6.
382 595 464 628 Item,
488 595 509 622 is
531 597 572 622 est
593 594 662 622 ordo
684 593 796 622 virtutis
822 593 856 621 ad
880 594 1029 627 virtutem,
1051 593 1098 630 qui

254 646 295 671 est
316 642 385 670 ordo
406 641 478 670 dotis
499 641 534 669 ad
556 641 666 675 dotem,
689 641 735 669 sed
759 640 882 677 perfecta
904 640 1005 673 tentio,
1027 647 1098 677 quae

254 693 295 718 est
316 689 366 717 dos
387 688 608 724 correspondens
631 687 702 724 spei,
734 687 861 724 sequitur
887 686 1038 724 perfectam
1062 686 1100 715 di-

255 736 415 769 lectionem,
437 743 509 772 quae
531 739 572 763 est
594 735 644 763 dos
659 734 880 771 correspondens
895 734 1016 763 caritati:
1033 741 1100 770 ergo

256 783 380 817 videtur,
403 782 478 819 quod
500 782 525 810 in
550 782 593 810 via
614 782 715 811 caritas
736 782 884 819 praecedat
907 789 984 818 spem
1006 788 1101 809 secun-

255 830 322 859 dum
346 829 501 858 naturalem
524 828 660 857 ordinem.

570 930 781 951 CONCLUSIO.

255 1018 337 1046 Actus
358 1016 420 1053 spei
447 1016 606 1044 secundnm
636 1015 768 1044 ordinem
801 1019 928 1043 naturae
959 1014 1101 1042 antecedit

334 1068 433 1092 actam
455 1063 611 1096 caritatis,·
632 1063 709 1090 uncte
734 1063 822 1091 etiam
855 1062 967 1090 habitus
988 1061 1050 1098 spei
1070 1061 1101 1089 in

334 1110 553 1147 comparatione
585 1110 625 1138 act
657 1109 743 1138 tatem
764 1113 863 1137 actum
883 1109 969 1146 prior
993 1112 1033 1137 est
1056 1117 1101 1137 ca-

334 1157 438 1191 ritate,
461 1157 525 1185 ticet
545 1156 706 1184 secundam
738 1164 767 1184 se
798 1156 1002 1184 consideratas
1032 1164 1098 1183 eam

335 1204 436 1233 habita
457 1203 594 1232 caritatis
617 1202 722 1231 habeat
741 1202 928 1231 simultatem.

335 1298 510 1326 RESPONDEO:
534 1296 704 1330 Dicendum,
720 1296 795 1333 quod
810 1296 959 1333 dupliciter
975 1299 1016 1325 est
1030 1304 1102 1325 com-

254 1353 354 1383 parare
377 1344 503 1372 habitum
535 1343 593 1380 spei
625 1343 660 1371 ad
684 1343 811 1371 habitum
833 1343 968 1377 caritatis,
990 1347 1039 1372 aut
1060 1352 1101 1372 ra—

255 1392 328 1421 tione
349 1391 514 1425 habituum,
535 1390 696 1418 secandum
725 1398 755 1417 se
776 1389 1030 1424 consideratorum,
1053 1393 1101 1419 aut

256 1439 362 1467 ratione
383 1437 530 1466 habituum
554 1439 780 1473 comparatorum
803 1436 843 1464 act
857 1440 950 1464 actas.
967 1436 993 1464 Si
1009 1436 1102 1473 loqua-

256 1493 320 1514 mur
342 1485 376 1514 de
398 1484 465 1521 ipsis
487 1483 644 1517 habitibus,
665 1483 826 1511 secandum
854 1491 883 1511 se
905 1483 1101 1517 consideratis,

256 1533 294 1561 sic
316 1540 370 1560 non
404 1530 505 1559 nabent
530 1530 674 1563 ordinem,
706 1529 754 1558 sed
788 1529 968 1558 simultatem.
998 1529 1101 1558 Omnes

256 1579 329 1608 enim
351 1579 470 1607 virtutes
501 1577 639 1614 gratuitae
671 1576 754 1605 simul
781 1576 984 1611 infunduntur,
1006 1584 1102 1605 secun-

256 1626 323 1655 dum
356 1625 431 1662 quod
462 1623 555 1652 insra²
579 1623 810 1652 manifestabitur.
834 1639 870 1643 -
892 1623 918 1651 Si
950 1626 1044 1651 autem
1066 1623 1103 1651 lo-

256 1681 378 1710 quamur
400 1672 434 1701 de
449 1671 516 1709 ipsis
531 1670 673 1699 habitibus
688 1671 714 1698 in
731 1670 937 1707 comparatione
952 1670 993 1698 act
1007 1674 1101 1704 actas,

256 1720 294 1749 sic
325 1727 400 1748 unus
432 1718 516 1747 habet
547 1717 674 1746 ordinem
706 1717 741 1746 ad
772 1717 909 1751 alterum,
936 1717 1002 1754 quia
1022 1720 1101 1746 actus

256 1767 339 1795 unius
371 1767 519 1803 praeparat
549 1768 576 1793 et
608 1763 729 1800 disponit
750 1763 785 1792 ad
807 1766 900 1792 actum
922 1763 1053 1797 alterius,
1075 1766 1102 1792 et

256 1812 450 1851 praeparando
472 1815 498 1841 et
520 1811 694 1848 disponendo
719 1813 761 1839 est
791 1811 852 1839 eius
873 1810 996 1846 quodam
1018 1810 1100 1838 modo

256 1860 423 1897 principium
440 1862 467 1887 et
481 1859 576 1895 orig03
592 1861 619 1887 et
641 1857 746 1886 ratione
762 1857 824 1885 taIIs
839 1856 1060 1894 praeparationis
1075 1859 1102 1885 et

256 1906 370 1943 originis
391 1910 433 1934 est
454 1905 491 1933 ibi
513 1905 591 1933 ordo.
607 1904 744 1940 Quoniam
758 1903 844 1940 igitur
857 1906 936 1932 actus
951 1903 1009 1939 spei
1024 1911 1102 1939 prae-

255 1956 335 1990 parat
356 1956 382 1981 et
414 1952 534 1988 disponit
565 1951 600 1979 ad
632 1954 726 1979 actum
758 1950 880 1978 caritatis
910 1952 1041 1986 tanquam
1064 1949 1099 1977 ad

256 1999 452 2036 perfectionem
487 2001 514 2026 et
541 1997 695 2034 spiritualis
718 1996 836 2025 aedificii
865 1996 1100 2032 complementum

257 2063 294 2067 ——
316 2053 397 2074 nemo
419 2045 492 2073 enim
514 2044 604 2080 diligit
625 2043 737 2080 aliquod
760 2043 865 2071 bonum
887 2045 1001 2079 propter
1022 2050 1052 2070 se
1074 2046 1101 2071 et

257 2100 342 2130 super
362 2091 469 2125 omnia,
485 2091 536 2119 nisi
553 2094 662 2127 speret,
679 2097 707 2118 se
723 2089 758 2117 ad
774 2089 843 2117 illud
860 2089 963 2117 bonum
987 2097 1101 2126 perven-

257 2143 352 2167 turum
375 2155 412 2158 —
436 2138 498 2165 liinc
519 2140 575 2171 est,
597 2136 672 2173 quod
695 2136 849 2164 secundum
876 2135 1003 2164 ordinem
1025 2140 1102 2164 natu-

258 2193 303 2214 rae
325 2189 403 2214 actus
425 2184 482 2220 spei
504 2183 642 2212 antecedit
655 2186 749 2211 actum
765 2182 903 2215 caritatis;
925 2185 952 2210 et
968 2182 1031 2210 hinc
1047 2185 1102 2216 est,

257 2231 331 2269 quod
354 2231 466 2259 habitus
488 2230 546 2267 spei
569 2230 596 2257 in
618 2229 824 2266 comparatione
845 2228 880 2257 ad
903 2228 986 2256 talem
1008 2232 1100 2256 actum

258 2278 371 2307 caritate
394 2277 470 2314 prior
492 2279 540 2305 est.
562 2292 601 2296 ——
625 2276 698 2304 Unde
720 2274 913 2304 concedendae
936 2278 1000 2303 sunt
1021 2274 1102 2302 ratio-

257 2333 305 2354 nes
327 2325 361 2353 ad
385 2324 465 2352 istam
488 2326 604 2359 partem.

340 2373 361 2399 l.
385 2371 420 2399 Ad
445 2370 515 2399 illud
538 2378 604 2398 vero
626 2369 701 2406 quod
723 2368 852 2397 obiicitur
882 2368 908 2396 in
931 2368 1102 2396 contrarium

929 189 1180 218 SENTENTIARUM
1201 189 1260 217 LlB.
1283 190 1322 217 ΙΙΙ.

1155 275 1190 295 ex
1212 268 1377 296 auctoritate
1399 267 1529 304 Magistri,
1552 267 1624 303 quod
1643 275 1719 304 spem
1736 270 1836 296 natura
1858 268 1997 304 praecedit
2009 275 2080 306 solutio
2094 281 2126 299 ορ-
2158 287 2159 292 ,

1156 315 1272 349 caritas,
1294 314 1460 348 dicendum,
1482 314 1555 350 quod
1578 322 1642 350 spes
1663 314 1797 350 accipitur
1824 315 1861 343 ibi
1884 315 1927 343 vel
1948 324 1998 352 pro
2011 300 2122 321 ¹³⁰⁵¹t⁰rm

1155 370 1187 389 re
1207 365 1344 398 sperata,
1366 360 1410 389 vel
1432 368 1483 397 pro
1505 361 1563 396 ipso
1577 363 1657 388 statu
1671 361 1747 397 spei,
1773 368 1826 389 non
1841 365 1934 390 autem
1950 370 2000 398 pro

1156 408 1246 444 primo
1268 408 1328 436 eius
1350 411 1435 441 actii,
1458 407 1501 435 vel
1524 406 1625 435 habita
1638 407 1656 434 ³.
1679 424 1716 428 —
1732 408 1824 436 Posset
1838 409 1919 437 etiam
1936 409 1998 443 dici,
2012 414 2052 433 Alia
2066 415 2139 434 sumno.
2160 418 2166 443 ³!

1156 454 1228 491 quod
1253 454 1328 482 istud
1360 453 1425 483 dicit
1457 453 1584 490 Magister
1610 454 1764 482 secundum
1798 462 1877 483 suam
1899 455 2001 491 opinio-

1156 508 1236 534 nem,
1267 508 1322 537 qua
1354 500 1487 533 credidit,
1519 500 1663 528 caritatem
1695 508 1749 528 non
1778 508 1838 529 esse
1872 501 1999 530 habitum

1156 550 1297 581 creatum,
1319 547 1368 575 sed
1390 546 1523 583 Spiritum
1547 550 1688 579 sanctum,
1705 547 1752 584 qui
1769 551 1809 576 est
1831 548 1998 585 principium

1156 594 1281 621 omnium
1312 593 1430 621 aliorum
1466 593 1611 621 bonorum.
1634 593 1710 622 Unde
1735 594 1800 630 quia
1823 594 1849 622 in
1872 594 1923 623 hac
1945 595 2000 631 opi-

1157 641 1237 668 nione
1259 640 1444 668 communiter
1467 639 1594 676 Magister
1616 648 1669 668 non
1692 640 1860 675 sustinetur,
1882 644 1908 669 et
1931 641 1999 670 illud

1157 690 1197 716 est
1230 686 1346 715 verbum
1380 694 1479 720 suum,
1510 687 1662 715 auctoritas
1694 687 1740 715 illa
1773 687 1883 716 nullum
1916 688 1999 718 habet

1157 733 1252 761 robur.

1236 780 1261 807 ᾖ.
1284 779 1322 807 Ad
1344 779 1414 807 illud
1437 779 1511 816 quod
1527 779 1673 814 obiicitur,
1689 780 1763 817 quod
1779 788 1858 809 arnor
1873 784 1914 810 est
1928 781 2001 818 prin-

1157 826 1259 863 cipium
1283 826 1407 854 omnium
1440 826 1617 854 affectionum
1627 838 1634 861 3
1667 826 1832 861 dicendum,
1862 828 1937 864 quod
1959 836 2001 857 ve-

1158 880 1220 900 rum
1244 875 1285 900 est
1306 872 1340 900 de
1361 880 1456 900 amore
1478 872 1633 900 secundum
1656 876 1759 901 statum
1781 872 2001 911 imperfectam;
2016 884 2130 904 Notandum.
2155 899 2156 904 ,

1159 919 1207 947 sed
1230 919 1301 947 sicut
1322 927 1400 947 amor
1416 919 1570 947 secundum
1587 918 1832 957 imperfectionem
1853 923 1941 949 status
1961 924 2002 949 est

1158 966 1281 994 omnium
1298 966 1476 994 affectionum
1488 966 1682 1002 principium,
1698 967 1737 995 sic
1749 967 1905 995 secundum
1921 975 2001 996 suam

1157 1012 1360 1050 perfectionem
1383 1016 1424 1042 est
1438 1013 1564 1041 omnium
1579 1013 1757 1042 affectionum
1773 1014 1915 1042 terminas
1929 1014 2002 1051 fina-

1158 1060 1193 1088 tis
1215 1063 1241 1088 et
1262 1060 1506 1097 complementum.
1534 1060 1610 1089 Unde
1640 1068 1736 1089 omnes
1767 1061 1925 1090 affectiones
1947 1062 2002 1090 ani-

1159 1115 1219 1135 mae
1241 1107 1325 1135 adid
1347 1107 1529 1141 ordinantur,
1557 1110 1588 1135 ut
1618 1107 1692 1136 Deus
1723 1111 1833 1136 ametur
1865 1109 2001 1145 perfecteg

1158 1153 1259 1182 caritas
1280 1157 1375 1182 autem
1398 1162 1451 1182 non
1473 1154 1597 1182 nominat
1618 1154 1852 1192 qualemcumque
1867 1163 2001 1191 amorem,

1141 1201 1207 1229 ‘sed
1228 1208 1352 1229 amorem
1375 1200 1566 1237 praecipuum.
1591 1201 1620 1228 Et
1642 1200 1702 1229 ideo
1718 1209 1754 1229 ex
1771 1201 1821 1230 hoc
1836 1209 1891 1230 non
1914 1205 2002 1238 potest

1158 1247 1300 1281 concludi,
1321 1247 1396 1283 quod
1412 1247 1512 1275 caritas
1527 1247 1682 1276 secundum
1697 1248 1855 1277 naturalem
1876 1249 2001 1277 ordinem

1158 1294 1307 1331 praecedat
1330 1293 1418 1331 ipsam
1440 1301 1517 1330 spem
1532 1293 1551 1321 ⁴.

1238 1340 1263 1369 3.
1286 1341 1324 1368 Ad
1347 1340 1416 1369 illud
1438 1340 1513 1377 quod
1535 1340 1680 1374 obiicitur,
1703 1341 1777 1378 quod
1793 1341 1888 1371 nullus
1909 1346 2003 1379 sperat

1159 1387 1209 1415 nisi
1233 1387 1307 1424 quod
1339 1390 1427 1421 amat;
1459 1387 1625 1422 dicendum,
1654 1388 1729 1424 quod
1755 1395 1854 1416 verum
1875 1391 1932 1422 est;
1954 1389 2003 1417 sed

1159 1437 1251 1462 tamen
1273 1442 1309 1462 ex
1331 1434 1383 1462 lioc
1414 1442 1468 1462 non
1501 1434 1644 1471 sequitur,
1677 1434 1750 1471 quod
1774 1442 1838 1471 spes
1859 1435 2002 1464 caritatem

1159 1484 1312 1517 sequatur,
1334 1489 1384 1517 pro
1406 1488 1438 1509 eo
1459 1481 1535 1518 quod
1556 1481 1670 1509 caritas
1690 1481 1768 1510 addit
1789 1481 1873 1510 talem
1889 1482 2004 1511 circum-

1159 1527 1288 1556 stantiam
1311 1535 1396 1565 super
1418 1536 1566 1561 amorem,
1589 1536 1661 1565 quae
1682 1529 1838 1557 necessario
1860 1528 2004 1566 subsequi-

1160 1577 1206 1602 tur
1226 1577 1320 1603 actum
1336 1574 1466 1611 sperandi
1488 1577 1514 1603 et
1529 1574 1589 1603 eius
1606 1574 1814 1609 rectitudinem,
1837 1575 1908 1604 sicut
1924 1576 2002 1612 prius

1160 1624 1264 1650 tactum
1286 1624 1335 1650 est.
1359 1621 1428 1649 Cum
1449 1621 1523 1650 enim
1546 1621 1653 1658 duplex
1675 1621 1710 1650 sit
1732 1624 1823 1650 motus
1844 1622 1948 1651 amoris
1962 1631 2089 1660 ca-Dup1ex
2106 1642 2144 1655 mo.

1159 1668 1263 1703 ritatis,
1286 1668 1414 1697 videficet
1434 1676 1513 1697 amor
1534 1668 1684 1697 amicitiae
1714 1671 1742 1697 et
1762 1676 1841 1696 amor
1872 1660 2143 1706 concitpi-“ffiffl‘i‘AEiS‘

1158 1715 1298 1748 scentiae;
1330 1715 1431 1744 caritas
1462 1723 1557 1743 amore
1589 1715 1840 1752 concupiscentiae
1860 1716 2002 1745 desiderat

1158 1763 1247 1791 Deum
1269 1770 1354 1799 super
1375 1762 1480 1796 omnia,
1503 1770 1598 1790 amore
1619 1769 1686 1790 vero
1706 1762 1856 1791 amicitiae
1877 1763 2004 1792 similiter

1159 1809 1248 1845 diligit
1269 1808 1357 1837 Deum
1379 1812 1493 1845 propter
1507 1816 1537 1837 se
1552 1811 1578 1837 et
1593 1816 1678 1845 super
1699 1809 1800 1837 onmia.
1823 1809 1899 1838 Unde
1914 1809 2003 1838 Deum

1158 1856 1336 1893 concupiscit
1367 1855 1431 1892 plus
1461 1863 1545 1892 quam
1577 1855 1654 1884 aliud
1686 1856 1808 1890 bonum,
1841 1856 1897 1885 Deo
1920 1857 2003 1886 etiam

1159 1902 1265 1930 bonam
1296 1905 1376 1939 optat
1406 1902 1486 1939 plus,
1508 1910 1593 1939 quam
1625 1902 1731 1931 habens
1764 1902 1908 1931 caritatem
1929 1907 2004 1940 optet

1159 1949 1210 1978 sibi
1233 1949 1283 1986 ipsi
1297 1948 1316 1977 ⁵.
1340 1950 1420 1977 Amor
1441 1951 1536 1977 autem
1559 1949 1808 1986 concupiscentiae
1829 1950 1898 1978 adeo
1920 1950 2006 1979 inten-

1159 2003 1207 2024 sus
1227 2003 1288 2024 esse
1320 2003 1374 2024 non
1399 1998 1488 2032 potest
1509 1995 1560 2024 nisi
1584 1995 1766 2032 praeambula
1788 1997 2003 2033 exspectatione.

1159 2042 1291 2070 Similiter
1313 2050 1363 2071 nec
1384 2050 1463 2071 amor
1484 2042 1634 2070 amicitiae
1660 2045 1750 2079 potest
1781 2050 1841 2072 esse
1863 2043 1932 2072 adeo
1953 2043 2006 2072 ele-

1159 2092 1257 2124 vatus,
1278 2089 1331 2117 nisi
1355 2089 1502 2126 praecedat
1531 2089 1706 2118 confidentia.
1728 2090 1827 2119 Nullus
1849 2090 1922 2119 enim
1944 2090 2004 2119 vult

1159 2136 1223 2173 plus
1244 2136 1348 2165 bonum
1371 2136 1417 2164 alii
1439 2144 1523 2173 quam
1546 2136 1611 2170 sibi,
1644 2136 1695 2165 nisi
1728 2136 1755 2164 in
1781 2136 1861 2165 illum
1885 2136 2005 2165 totaliter

1159 2182 1294 2215 confidat3
1319 2182 1415 2211 nullus
1436 2182 1519 2210 etiam
1542 2182 1657 2219 aliquod
1678 2183 1784 2211 bonum
1805 2191 1890 2220 super
1910 2183 2003 2212 omnia

1159 2229 1344 2265 concupiscit,
1367 2229 1417 2258 nisi
1440 2229 1487 2266 qui
1511 2237 1539 2258 se
1561 2229 1596 2258 ad
1628 2229 1699 2258 illud
1719 2229 1869 2267 aliquando
1891 2238 2006 2267 perven-

1161 2278 1254 2303 turum
1278 2276 1441 2312 praesumit.
1738 2299 1741 2301 Α

1239 2322 1264 2349 [ι.
1287 2322 1325 2350 Λᾶ
1349 2322 1418 2351 illud
1439 2322 1514 2359 quod
1537 2322 1682 2357 obiicitur,
1704 2323 1779 2360 quod
1809 2323 1891 2351 timor
1913 2330 2006 2352 conse-

1160 2369 1256 2405 quitur
1277 2377 1417 2403 amorem,
1444 2377 1509 2406 ergo
1540 2372 1567 2397 et
1589 2377 1651 2406 spes
1673 2370 1816 2403 similiter;
1839 2370 2006 2406 responden-

322 2505 327 2519 1
346 2505 478 2527 Secundum
496 2505 594 2531 aristot„
614 2504 642 2526 dc
661 2503 800 2525 Praedicam.
825 2508 844 2524 c.
862 2502 889 2525 cle
907 2501 996 2529 Simul,
1017 2501 1056 2524 ubi
1074 2502 1102 2523 le-

258 2546 331 2573 gitur:
349 2545 436 2566 Genera
454 2543 576 2571 speciebus
594 2549 686 2570 sempor
703 2543 780 2570 priora
798 2544 861 2570 sunt;
880 2547 955 2570 noque
972 2542 1032 2563 enim
1051 2547 1102 2562 con-

258 2588 378 2605 xertunuu·
395 2582 523 2605 secundum
541 2583 590 2604 cius
609 2581 671 2610 quod
689 2584 723 2603 est
739 2587 789 2603 esse
801 2580 1000 2608 conseqtientian13
1014 2582 1037 2601 ut
1048 2585 1102 2601 cum

259 2623 352 2651 quidem
370 2622 468 2650 aquatile
485 2622 524 2649 sn,
542 2621 625 2643 animal
644 2624 689 2648 cst;
707 2626 760 2642 uum
778 2626 834 2642 vero
851 2621 879 2642 sit
890 2619 984 2646 animal,
1004 2625 1048 2640 non
1066 2624 1102 2640 ne-

258 2667 321 2684 cesse
338 2666 382 2688 est,
401 2665 425 2682 ut
442 2660 539 2689 aquatile
558 2660 591 2682 sit.
609 2660 653 2682 tjfr.
673 2659 727 2681 ibid.
746 2666 764 2681 c.
783 2658 809 2681 de
823 2658 908 2681 Priori.
921 2658 965 2680 Cfr.
984 2659 1051 2680 etiam
1064 2657 1101 2679 Xl.

258 2701 353 2728 Metaph.
372 2708 391 2722 c.
414 2701 430 2721 l.
449 2699 488 2727 (X.
506 2705 524 2721 r.
548 2700 587 2727 Ι.>;
606 2700 725 2726 Pon-pliyr„
749 2698 777 2720 do
804 2697 935 2720 praedic-ab.
953 2703 972 2719 c.
990 2696 1017 2719 cle
1035 2696 1103 2719 Com-

259 2738 412 2761 annularibus
430 2740 452 2761 et
467 2737 604 2767 differentiis
621 2737 729 2766 yeneris;
747 2737 785 2759 lilJ.
803 2737 832 2759 de
855 2736 946 2765 Causts,
966 2742 1059 2764 propos.
1083 2736 1099 2757 l.

257 2790 288 2794 —
306 2778 374 2799 Paulo
392 2778 484 2799 interius
503 2783 544 2804 pro
562 2777 629 2799 actus
647 2776 696 2805 spei
712 2776 780 2798 codd.
799 2776 845 2798 AR
863 2776 931 2798 actus
954 2774 1101 2804 sperationis.

321 2816 329 2830 ‘2
347 2816 400 2838 Dist⁴
420 2816 455 2837 36.
475 2822 496 2844 q.
519 2816 535 2836 1.

322 2854 330 2868 3
346 2854 389 2877 css.
408 2858 494 2882 quaest.
514 2853 619 2881 praeced.
646 2855 667 2875 iu
691 2860 753 2881 corp.
772 2866 803 2869 —
828 2854 859 2875 De
876 2854 985 2881 opinione
1003 2853 1102 2880 Magistri

259 2899 310 2915 mox
328 2893 391 2915 allata
410 2893 462 2914 vide
480 2892 493 2914 l.
512 2894 572 2914 sont.
590 2892 611 2914 d.
644 2892 675 2914 17.
699 2898 721 2920 p.
750 2892 762 2913 Ι.
781 2898 802 2920 q.
825 2893 841 2919 1,
860 2896 881 2914 et
905 2892 927 2914 ll.
946 2892 1006 2914 Seni.
1026 2891 1047 2913 d.
1065 2891 1101 2912 26.

260 2939 280 2960 q.
300 2933 319 2953 2.
338 2944 367 2947 —
386 2932 426 2953 f‘ro
451 2931 528 2960 prz'mo
554 2931 606 2953 edd.
629 2931 728 2960 proprio
753 2934 775 2953 ct
803 2934 853 2958 post
878 2937 952 2958 pauca
970 2929 1042 2953 credit
1060 2935 1102 2957 pro

260 2970 363 2993 credidit.
383 2971 434 2992 Post
451 2970 505 2993 <licit
522 2969 636 2999 „ltaqtster
654 2970 721 2992 codd.
740 2971 786 2991 Al<
805 2970 907 2992 subdunt
924 2969 949 2992 [n
967 2969 1051 2992 littera.

1222 2502 1230 2516 ⁴
1249 2502 1306 2524 Vide
1324 2503 1380 2525 infra
1398 2503 1420 2524 d.
1439 2503 1474 2525 27.
1493 2509 1512 2524 a.
1532 2504 1552 2525 2.
1571 2509 1592 2531 q.
1615 2504 1631 2525 l.
1649 2506 1671 2525 et
1697 2502 1751 2525 dub.
1785 2504 1800 2525 l.
1819 2503 1840 2525 3.
1858 2509 1900 2526 nec
1918 2509 1963 2525 non
1982 2503 2004 2525 d.

1160 2541 1196 2562 36.
1215 2547 1236 2569 q.
1255 2542 1276 2562 li.
1295 2541 1362 2569 Quod
1380 2544 1455 2563 autem
1475 2547 1540 2563 amor
1558 2542 1580 2563 in
1599 2543 1716 2564 communi
1733 2542 1761 2564 sit
1779 2543 1853 2570 prima
1870 2544 1891 2563 et
1913 2541 2005 2564 nobilis-

1159 2580 1215 2601 sima
1234 2582 1254 2601 et
1272 2580 1337 2602 radix
1355 2581 1458 2602 omnium
1476 2581 1573 2602 aliarum
1590 2581 1774 2608 emanationum,
1794 2580 1889 2603 docetur
1902 2581 1971 2603 etiam
1989 2580 2003 2602 Ι.

1159 2618 1219 2640 Sent.
1237 2618 1259 2640 d.
1283 2619 1314 2640 ΙΟ.
1333 2625 1352 2641 a.
1375 2620 1391 2641 1.
1411 2626 1432 2648 (1.
1452 2620 1476 2648 2,
1494 2622 1515 2641 et
1533 2620 1589 2641 infra
1608 2620 1629 2642 d.
1648 2620 1684 2641 33.
1703 2626 1722 2642 a.
1745 2620 1760 2641 1.
1780 2626 1802 2648 q.
1825 2620 1840 2641 l.
1858 2619 1887 2641 ad
1905 2621 1926 2641 2.

1220 2657 1230 2671 ⁵
1247 2657 1290 2679 Ctr.
1308 2659 1412 2687 August.y
1430 2659 1502 2681 Serm.
1529 2659 1581 2681 385.
1608 2659 1672 2685 (alias
1698 2659 1734 2681 38.
1762 2660 1819 2681 inter
1841 2659 1870 2681 50
1889 2659 2003 2687 homilias)

1160 2702 1178 2717 c.
1197 2696 1216 2717 3.
1236 2702 1256 2717 n.
1280 2697 1295 2718 ἱ.
1314 2703 1378 2726 seqq.
1405 2699 1502 2725 Ariston,
1528 2698 1550 2719 ll.
1578 2698 1668 2720 lllielor.
1688 2703 1707 2720 c.
1725 2697 1747 2719 ὃ.
1771 2698 1799 2723 (r.
1819 2697 1862 2725 t.):
1881 2698 1918 2719 Est
1935 2698 2004 2725 igitur

1158 2740 1241 2756 amare
1259 2736 1316 2757 velle
1332 2736 1398 2757 alicui
1425 2737 1484 2758 bona
1509 2737 1613 2764 evenire,
1641 2742 1684 2758 non
1708 2742 1761 2764 sua,
1790 2736 1830 2758 sed
1856 2736 1915 2758 illius
1933 2736 2004 2763 ipsius

1159 2779 1240 2800 causa,
1259 2780 1328 2802 quem
1347 2774 1429 2802 diligit,
1447 2778 1479 2802 ot,
1498 2776 1644 2803 quantulum
1661 2781 1688 2797 eo
1701 2778 1744 2802 est,
1763 2775 1864 2802 efficere⁷
1879 2778 1902 2796 ut
1920 2775 1954 2796 illa
1968 2781 2004 2796 ve-

1160 2813 1228 2834 niant.
1241 2825 1271 2827 —
1285 2807 1306 2834 ln
1325 2813 1368 2835 {ine
1385 2814 1450 2836 solut.
1470 2815 1590 2841 respicitur
1603 2813 1704 2836 definitio
1721 2814 1783 2841 spei,
1796 2819 1855 2841 quae
1873 2813 1929 2835 iufra
1948 2813 2003 2835 dub.

1160 2851 1180 2872 ⁴2.
1199 2857 1225 2873 ex
1242 2852 1337 2879 August.
1356 2853 1454 2874 affertur.
1470 2865 1498 2867 —
1516 2853 1637 2880 Aliquanto
1654 2853 1760 2879 superius
1784 2858 1826 2879 pro
1849 2850 2001 2880 subsequitur

1160 2889 1226 2912 codd⁴
1244 2890 1287 2911 GZ
1309 2889 1479 2920 subsequatur,
1508 2891 1576 2913 codd.
1595 2891 1641 2912 ΑΚ
1666 2891 1796 2919 sequano-,⁴
1824 2890 1892 2918 paulo
1911 2891 2003 2912 inferius

1160 2934 1203 2956 pro
1220 2927 1309 2951 Nullus
1327 2928 1388 2951 enim
1412 2929 1462 2952 vult
1483 2928 1538 2958 plus
1563 2929 1630 2951 codd.
1652 2929 1699 2951 AR
1722 2932 1810 2956 ponunt
1832 2928 1919 2951 Nullus
1941 2928 2002 2951 enim

1162 2966 1211 2989 riclt
1228 2966 1303 2995 prius.
