2166 3366
129 1244 159 1262 Ad
172 1245 247 1268 opposi-

258 174 295 202 88
939 173 1193 202 ΞΕΝΤΕΝΤΙΑΒΠΜ
1215 173 1275 202 LIB.
1298 173 1338 201 111.

338 253 364 280 2.
386 252 470 286 Item,
493 252 545 280 hoc
570 251 662 288 ipsum
685 251 843 280 ostenditur
863 251 988 279 ratione.
1011 251 1107 280 Media-

259 302 320 328 tum
351 299 522 336 principium
554 298 701 327 reducitur
727 298 762 327 ad
792 298 1030 331 immediatum¹;
1059 298 1108 327 sed

259 346 387 375 Christus
408 346 563 375 secundum
586 345 674 374 alium
696 345 812 373 modum
831 345 1005 382 propagandi
1020 345 1109 373 exivit

259 394 294 422 de
314 396 396 422 utero
417 393 553 429 Virginis,
575 400 660 429 quam
681 392 727 420 alii
750 392 799 420 filii
822 392 856 421 de
871 395 969 420 ventre
984 395 1107 420 matrum

260 448 392 473 suarum,
414 447 466 476 pro
487 447 519 468 60
538 439 613 476 quod
629 447 683 467 non
705 439 740 467 de
762 438 836 466 virili
857 438 981 467 semine:
1004 438 1027 467 si
1042 446 1109 475 ergo

259 487 399 516 mediante
420 486 501 515 beata
526 486 640 523 Virgine
662 486 765 514 dicitur
786 486 872 515 fuisse
894 486 921 514 in
944 485 1109 522 parentibus

258 533 506 571 praecedentibus,
528 533 656 567 videtur,
679 533 754 570 quod
769 533 823 561 alio
838 533 921 562 modo
943 533 1028 561 fuerit
1043 540 1109 561 caro

259 581 319 610 eius
351 581 378 609 in
410 580 574 618 parentibus
602 580 759 609 secundum
788 580 878 617 legem
899 580 1108 617 propagationis

258 635 343 665 quam
365 627 486 656 aliorum
508 627 663 656 hominum.

338 674 364 703 3.
386 675 469 709 Item,
491 674 513 703 si
535 674 633 703 eodem
654 674 737 702 modo
758 674 856 703 fuisset
877 682 942 703 caro
964 674 1064 703 Christi
1081 674 1108 702 in

258 721 423 759 parentibus
434 721 506 750 sicut
521 721 621 758 reliqui
638 721 791 756 homines&
807 721 845 749 ita
859 724 1010 758 peccasset,
1022 721 1108 749 Adam

258 772 406 806 peccante,
439 769 510 797 sicut
541 768 587 797 alii
610 768 755 803 homines;
778 768 826 797 sed
848 768 901 797 hoc
922 768 1025 797 16151116
1048 770 1107 796 est:

258 823 325 853 ergo
345 818 397 845 616.

338 864 364 891 [ι.
387 863 470 898 Item,
496 871 528 892 60
559 863 643 891 modo
674 863 759 891 habet
787 871 832 892 res
859 862 940 891 educi
973 862 1001 890 in
1032 870 1108 896 esse,

258 918 309 948 per
330 917 414 947 quem
436 909 551 938 modum
574 910 658 938 habet
679 909 706 938 16
729 918 780 938 5110
795 909 933 947 principio
947 909 1109 943 existere²³3

259 957 308 986 sed
330 957 458 986 Christus
487 965 541 985 non
569 957 622 985 t'uit
643 957 753 994 genitus
774 957 819 986 vel
841 960 992 994 conceptus
1014 965 1110 985 secun-

259 1004 326 1032 dum
350 1004 438 1040 legem
460 1007 593 1038 naturae,
615 1004 664 1032 sed
683 1004 776 1041 potius
799 1004 980 1039 mirabiliter,
1001 1004 1048 1032 alii
1064 1003 1110 1032 ho-

259 1051 348 1080 mines
369 1051 529 1080 educuntur
551 1051 736 1080 naturaliter:
759 1051 841 1080 aliter
862 1051 949 1088 igitur
970 1051 1023 1079 fuit
1044 1059 1109 1080 caro

259 1098 320 1127 61115
341 1102 477 1135 quantum
500 1098 535 1127 ad
558 1098 646 1135 legem
669 1098 877 1135 propagationis
898 1098 926 1126 in
946 1098 1050 1127 lumbis
1066 1106 1110 1135 pa-

259 1149 370 1175 rentum
393 1154 477 1183 quam
500 1145 621 1174 aliorum
643 1146 799 1174 hominum.

338 1193 390 1221 SED
406 1201 529 1222 CONTRA:
549 1194 573 1221 1.
588 1193 717 1230 Magister
732 1193 799 1222 dicit
820 1193 847 1222 in
869 1193 996 1222 littera4:
1015 1194 1109 1222 «Caro

259 1240 323 1275 illa,
345 1243 495 1277 antequam
517 1240 609 1269 Verbo
630 1240 728 1269 suisset
749 1240 843 1274 unita,
865 1237 977 1277 peccato
991 1240 1044 1269 fuit
1064 1241 1109 1269 ob-

259 1288 344 1316 noxia
366 1287 394 1315 in
415 1287 516 1321 Maria,
538 1287 610 1315 sicut
637 1287 746 1324 reliqua
773 1287 895 1324 Virginis
923 1295 1030 1322 car0»;
1059 1288 1107 1317 sed

259 1343 337 1368 caro⁷
352 1342 424 1372 quae
439 1334 591 1363 consimilis
607 1337 649 1363 est
664 1335 819 1364 secundum
835 1335 1039 1364 traductionem
1056 1335 1108 1363 ori-

259 1381 373 1418 ginalis,
395 1381 547 1410 consimilis
569 1384 610 1410 est
632 1382 788 1410 secundum
821 1382 911 1419 legem
936 1383 1110 1419 propagatio-

258 1429 318 1457 nis:
342 1436 408 1465 ergo
430 1429 452 1457 si
474 1436 539 1457 caro
561 1428 662 1457 Christi
692 1429 719 1457 in
750 1429 854 1457 lumbis
879 1433 1028 1466 parentum
1057 1430 1109 1458 fuit

258 1475 380 1504 obnoxia
411 1479 537 1512 peccato,
559 1483 626 1512 ergo
647 1478 674 1504 et
696 1476 793 1504 cadem
817 1476 877 1513 lege
898 1484 914 1504 a
936 1476 1035 1513 primis
1064 1485 1109 1513 pa-

258 1522 385 1551 rentibus
406 1526 447 1551 est
468 1523 603 1551 traducta.

338 1571 363 1598 2.
386 1570 468 1604 item,
484 1578 567 1599 omne
582 1570 657 1607 quod
673 1570 818 1599 descendit
833 1570 868 1599 ab
884 1571 969 1599 Adam
986 1571 1013 1599 11]
1030 1571 1108 1605 Seth,

258 1617 402 1647 descendit
424 1617 579 1646 secundum
601 1617 795 1654 corpulentam
817 1617 1002 1646 substantiam
1025 1622 1052 1647 et
1070 1626 1110 1647 se-

258 1665 383 1694 cundum
405 1664 570 1694 seminalem
603 1665 757 1693 rationem:
779 1673 846 1701 ergo
868 1665 891 1693 si
912 1673 977 1693 caro
1006 1664 1109 1694 Christi

258 1712 402 1741 descendit
423 1712 458 1740 ab
479 1712 565 1741 Adam
589 1712 615 1740 in
631 1712 710 1746 Seth,
725 1714 752 1740 et
773 1720 789 1740 a
803 1712 869 1740 Seth
885 1712 913 1740 in
928 1711 997 1741 alios
1011 1719 1110 1749 paren-

260 1763 315 1794 tes,
336 1760 464 1794 videtur,
487 1759 562 1796 quod
591 1759 746 1788 secundum
780 1759 868 1796 legem
901 1759 1109 1796 propagationis

257 1807 342 1836 fuerit
364 1807 390 1835 in
414 1807 517 1836 lumbis
539 1809 689 1844 parentum
710 1806 809 1835 eodem
831 1806 927 1841 modo,
950 1807 1022 1835 sicut
1043 1815 1109 1835 caro

257 1854 378 1883 aliorum
399 1854 544 1882 hominum
556 1854 575 1882 ⁵.

338 1902 363 1930 3.
386 1902 468 1935 Item,
501 1910 611 1935 semen,
644 1901 719 1930 unde
751 1902 903 1930 formatum
935 1904 978 1930 est
1006 1910 1109 1938 corpus

259 1950 339 1984 Seth,
361 1950 389 1978 in
411 1949 475 1978 totis
496 1949 661 1986 parentibus
683 1949 804 1977 habebat
826 1949 963 1978 rationem
993 1950 1110 1978 semina-

259 1997 331 2025 lem:
354 2004 420 2034 ergo
443 1996 512 2024 nihil
534 1996 598 2024 inde
620 1996 748 2024 futurum
771 1999 846 2030 erat,
867 1996 944 2033 quod
967 2004 1020 2024 non
1036 1999 1109 2025 esset

259 2043 297 2072 ibi
318 2046 345 2072 et
367 2043 522 2072 secundum
545 2042 739 2079 corpulentam
761 2042 945 2071 substantiam
962 2043 1010 2071 et⁰
1029 2043 1110 2071 ratio-

258 2099 323 2120 nem
356 2090 539 2125 seminalem3
560 2090 607 2119 sed
631 2090 653 2118 51
676 2098 740 2119 6610
772 2090 874 2119 Christi
906 2090 1010 2119 exinde
1038 2090 1109 2119 facta

259 2141 315 2172 est,
338 2138 465 2172 videtur,
487 2138 560 2175 quod
585 2137 621 2166 ihi
638 2137 722 2166 1116111
737 2137 772 2166 611
788 2137 904 2166 1110111161
919 2137 1036 2166 alterius
1052 2146 1111 2166 car-

258 2185 302 2214 nis
323 2185 471 2213 humanae.

338 2233 364 2260 [ι.
387 2232 470 2266 Item,
492 2235 549 2260 tota
579 2240 644 2260 caro
673 2232 794 2268 Virginis
814 2232 867 2260 11111
888 2232 915 2260 in
939 2232 1043 2261 lumbis
1065 2240 1110 2269 pa-

258 2282 371 2308 rentum
403 2279 558 2308 secundum
585 2279 675 2316 legem
697 2279 920 2316 propagationis,
943 2279 1016 2308 sicut
1045 2288 1109 2308 6610

259 2327 378 2355 aliorum
402 2326 547 2355 hominum
560 2337 567 2360 ;
589 2326 638 2355 sed
660 2334 724 2355 caro
746 2326 848 2355 Christi
876 2326 929 2355 fuit
950 2334 986 2355 ex
1015 2326 1110 2364 aliqua

1166 254 1244 288 parte
1266 252 1357 281 carnis
1379 252 1517 289 Virginis:
1539 260 1606 289 ergo
1628 253 1785 281 secundum
1808 253 1896 290 legem
1918 262 2015 291 propa-

1165 299 1282 335 gationis
1304 299 1343 328 sic
1363 299 1416 328 fnit
1438 300 1464 328 in
1488 300 1591 328 lumbis
1612 302 1778 336 parentum,
1800 300 1872 329 sicut
1893 308 1958 329 caro
1978 304 2016 329 to-

1166 345 1222 374 tius
1244 345 1359 374 humani
1383 346 1501 383 generis.
2037 342 2039 345 ’

1483 448 1498 468 6
1508 448 1524 469 0
1532 449 1552 469 N
1560 449 1576 468 6
1584 449 1600 468 L
1608 449 1626 469 u
1635 449 1648 469 5
1657 449 1665 468 1
1673 448 1699 469 0.

1168 533 1245 562 Caro
1269 532 1380 562 Christi·
1399 542 1444 562 sec
1449 534 1509 562 and
1512 543 1561 563 am
1580 534 1668 572 leyem
1679 534 1907 572 propagationis
1929 534 2014 563 aliter

1243 578 1304 617 fait
1334 581 1364 609 in
1391 581 1582 618 parentibus,
1604 590 1695 620 qactm
1717 590 1790 610 caro
1812 581 1943 610 aliorum
1971 581 2016 610 Ιιο-

1244 635 1368 656 omnam.

1245 721 1425 750 Respouneo:
1455 721 1626 756 Dicendum,
1648 722 1724 759 quod
1746 722 1896 759 dupliciter
1917 725 1959 751 est
1980 722 2016 750 lo·
2027 729 2130 772 3533an

1166 768 1213 805 qui
1236 768 1271 796 de
1292 776 1382 797 carne
1410 768 1530 797 Christi:
1553 772 1603 797 aut
1623 772 1761 806 quantum
1782 769 1818 798 ad
1840 769 2014 804 materiam,
2028 781 2077 795 uem.

1167 815 1262 843 unde⁷
1288 818 1381 844 sumta
1402 819 1459 850 651,
1480 818 1529 844 aut
1550 818 1686 853 quantum
1706 816 1741 845 ad
1755 815 1905 853 formam,
1921 824 2017 845 secun-

1167 862 1235 891 dum
1257 870 1341 899 quam
1364 863 1473 891 animae
1494 863 1596 891 Christi
1618 862 1766 892 coniuncta
1786 866 1828 892 est
1848 865 1876 891 et
1894 871 1910 891 a
1924 862 2016 892 Verbo

1167 908 1194 937 in
1216 909 1351 938 unitatem
1374 917 1510 946 personae
1524 912 1658 938 assumta.
1674 910 1701 938 Si
1718 910 1867 947 loquamur
1882 909 1917 938 de
1932 917 2015 938 66166

1166 956 1268 985 Christi
1296 956 1454 986 secundum
1475 957 1648 990 materiam,
1670 957 1724 985 1106
1745 959 1787 985 651
1809 956 1844 985 de
1865 964 1911 991 eo,
1939 956 2014 985 unde

1166 1003 1238 1032 sacta
1259 1007 1300 1032 est
1321 1012 1386 1032 caro
1407 1003 1529 1038 Cliristi;
1551 1004 1590 1033 sic
1612 1003 1791 1039 conceditur,
1812 1003 1888 1041 quod
1903 1006 2015 1041 peccato
2028 1012 2141 1031 Conclusioi

1166 1050 1251 1079 suerit
1272 1050 1409 1085 obnoxia,
1431 1051 1498 1088 quia
1519 1054 1582 1080 ante
1604 1051 1813 1088 conceptionem
1835 1050 1936 1079 Christi
1958 1052 2015 1078 tota

1166 1105 1258 1126 massa
1280 1097 1396 1126 1111111661
1418 1098 1529 1135 generis
1551 1101 1683 1135 corrupta
1705 1100 1780 1132 erat,
1796 1097 1868 1126 sicut
1889 1097 1916 1125 in
1939 1104 2016 1134 prae-

1166 1144 1273 1173 cedenti
1297 1144 1470 1182 problemate
1491 1148 1678 1174 monstratum
1700 1148 1749 1173 est.
1765 1160 1804 1165 ——
1818 1144 1844 1172 Si
1866 1146 1961 1173 autem
1980 1143 2016 1171 lo-

1165 1200 1288 1229 quamur
1316 1192 1351 1221 de
1379 1200 1463 1221 carne
1491 1192 1594 1221 Christi
1623 1192 1779 1221 secundum
1805 1190 1954 1229 formam,
1977 1190 2015 1219 516

1165 1239 1316 1268 1116661166]
1338 1242 1380 1268 651
1395 1240 1419 1274 ²³,
1441 1247 1586 1277 nunquam
1608 1243 1721 1277 peccato
1742 1239 1828 1268 fuisse
1850 1238 2015 1272 obnoxiam,
2029 1247 2143 1267 Conclusio&
2164 1258 2166 1262 ι

1165 1287 1232 1323 quia
1263 1295 1407 1324 nunquam
1440 1287 1540 1316 habuit
1570 1287 1646 1316 illam
1678 1287 1814 1322 1011116111,
1847 1286 1915 1323 quin
1943 1288 2016 1314 esset

1165 1334 1271 1363 munda
1292 1337 1319 1363 61
1339 1334 1527 1363 immaculata.

1245 1381 1406 1410 Secundum
1428 1384 1522 1410 autem
1543 1382 1618 1419 quod
1634 1390 1705 1410 caro
1728 1381 1831 1410 dicitur
1853 1379 2015 1417 dupliciter,

1166 1428 1205 1456 sic
1226 1431 1253 1457 et
1269 1428 1303 1456 de
1315 1428 1531 1466 propayatione
1546 1428 1695 1465 dupliciter
1711 1427 1845 1464 contingit
1859 1426 1950 1464 loqui:
1967 1429 2016 1455 aut

1166 1476 1273 1504 ratione
1295 1475 1338 1504 sui
1360 1475 1542 1513 materiatis,
1565 1478 1614 1504 aut
1636 1475 1742 1504 ratione
1763 1473 1911 1512 formalis.
1933 1473 1959 1502 Si
1975 1481 2016 1502 ra-

1166 1523 1240 1551 tione
1262 1522 1444 1557 materialis,
1467 1523 1506 1551 sic
1521 1526 1673 1560 propagata
1695 1522 1747 1551 suit
1768 1522 1803 1550 ab
1825 1521 1910 1550 Adam
1926 1528 2015 1557 usque
2028 1532 2142 1550 eonciusms

1166 1570 1202 1599 ad
1223 1570 1366 1607 Virginem
1388 1570 1415 1598 in
1440 1573 1494 1598 tota
1517 1569 1563 1598 illa
1585 1569 1760 1606 genealogia,
1780 1572 1807 1597 et
1822 1571 1879 1597 tota
1894 1567 1941 1596 illa
1956 1575 2016 1604 pro-

1167 1617 1277 1654 pagatio
1298 1617 1350 1645 fuit
1371 1617 1526 1646 secundum
1544 1617 1632 1654 legem
1648 1620 1765 1645 naturae
1780 1619 1807 1645 61
1822 1615 2016 1652 concupiscen-

1167 1665 1229 1693 tiae.
1251 1664 1277 1692 Si
1299 1667 1437 1701 quantum
1458 1664 1494 1693 ad
1516 1673 1575 1692 csse
1606 1663 1722 1692 actuale
1753 1666 1780 1692 et
1811 1662 1954 1700 formale,
1976 1661 2015 1690 sic
2028 1673 2155 1694 6016631011

1167 1714 1298 1749 concepta
1326 1711 1379 1740 fuit
1399 1719 1416 1739 a
1437 1711 1550 1748 Virgine
1571 1715 1683 1748 praeter
1704 1710 1794 1747 Iegem
1817 1708 2016 1739 communem⁹

1166 1762 1284 1788 naturae
1305 1761 1332 1788 et
1352 1758 1601 1796 concupiscentiae.

1246 1806 1277 1834 Et
1298 1806 1337 1835 sic
1358 1808 1452 1842 patet,
1475 1805 1549 1842 quod
1572 1813 1629 1834 uno
1660 1804 1744 1833 modo
1769 1803 1879 1833 dicendi
1901 1802 2014 1832 concedi

1166 1856 1271 1890 potest,
1293 1853 1369 1890 quod
1391 1860 1456 1882 caro
1485 1852 1602 1886 Christi,
1631 1851 1827 1880 materialiter
1855 1849 2014 1887 loquendo,

1166 1901 1205 1929 516
1227 1900 1278 1929 11111
1301 1900 1327 1928 16
1357 1900 1462 1928 lumbis
1494 1903 1642 1937 parentum
1664 1899 1821 1928 secundum
1842 1896 2016 1935 propagatio-

1166 1956 1245 1983 nem,
1278 1948 1349 1977 sicut
1381 1955 1446 1976 caro
1476 1947 1597 1976 allorum
1630 1946 1784 1975 hominum.
1807 1945 1860 1974 Sed
1882 1943 2014 1982 quoniam
2029 1956 2137 1975 Notandum.
2165 1943 2166 1946 ’

1166 2004 1254 2029 caro,
1277 1997 1413 2032 quantum
1436 1997 1477 2023 est
1500 1994 1534 2023 de
1556 1994 1662 2023 ratione
1685 1993 1727 2023 sui
1750 1993 1886 2026 nominis,
1901 1999 1956 2020 non
1971 1998 2016 2019 no-

1167 2043 1254 2071 minat
1275 2042 1434 2070 materiam
1456 2041 1552 2078 ipsam
1574 2044 1698 2073 tantum,
1717 2041 1766 2069 sed
1782 2040 1940 2068 materiam
1961 2038 2014 2067 sul)

1167 2089 1221 2118 tali
1240 2088 1363 2126 formem
1385 2089 1443 2118 61ιο
1462 2088 1639 2126 propaqatio
1664 2091 1691 2117 et
1720 2088 1767 2116 lex
1789 2086 2015 2124 propagationis,

1166 2137 1293 2166 additum
1315 2137 1340 2165 ei
1362 2136 1437 2173 quod
1459 2139 1501 2165 est
1515 2144 1587 2164 caro
1605 2135 1724 2169 Christi,
1747 2134 1860 2172 respicit
1875 2134 1935 2163 eius
1950 2133 2016 2162 edu-

1166 2185 1285 2214 ctionem
1318 2184 1474 2213 secundum
1506 2192 1565 2211 esse
1596 2182 1731 2211 actuale:
1763 2182 1828 2211 hinc
1850 2184 1909 2215 est,
1938 2180 2013 2217 quod
2031 2190 2156 2219 propositio-l

1166 2233 1235 2261 haec
1256 2234 1298 2260 est
1318 2230 1490 2268 impropria:
1513 2238 1578 2259 caro
1600 2230 1702 2258 Christi
1723 2229 1775 2258 fuit
1795 2232 1908 2266 peccato
1934 2216 2156 2264 obno-ssisspriaff',

1166 2279 1232 2313 xia;
1255 2282 1282 2307 61
1302 2278 1388 2307 11666;
1411 2285 1476 2307 6610
1497 2277 1598 2306 Christi
1621 2277 1673 2305 fuit
1694 2284 1730 2305 ex
1752 2275 1916 2313 parentibus
1936 2274 2016 2304 semi-

1167 2326 1267 2354 naliter
1289 2325 1436 2359 traducta;
1458 2328 1485 2353 et
1506 2325 1575 2353 haec
1597 2324 1743 2353 similiter:
1766 2331 1831 2352 caro
1847 2322 1948 2351 Christi
1963 2321 2015 2350 fuit

323 2469 329 2483 ¹
348 2469 393 2492 Csr.
410 2469 508 2497 Ariston,
535 2470 549 2491 1.
568 2470 652 2491 Ρο516ι·.
675 2475 693 2491 6.
712 2470 732 2492 2.
759 2481 791 2486 —
816 2470 885 2492 Paulo
910 2471 1019 2498 superius
1037 2469 1109 2492 verbo

260 2508 392 2532 ostenditur
408 2508 475 2531 codd.
494 2509 511 2530 G
521 2508 537 2530 L
547 2508 563 2530 N
573 2509 588 2530 S
605 2515 630 2530 aa
644 2515 670 2531 cc
688 2508 818 2537 praefigunt
834 2514 895 2537 esse,
913 2512 936 2531 et
947 2509 1046 2531 subinde
1059 2511 1110 2537 post

225 2545 229 2548 '
260 2547 389 2571 Mediatmn
407 2548 457 2570 cod.
476 2548 494 2569 U
512 2548 617 2570 interiicit
633 2547 791 2577 propayamli.

323 2587 332 2600 2
350 2586 400 2608 Vat.
417 2586 490 2608 verbo
508 2585 614 2609 hemines
632 2587 755 2614 praemittit
766 2586 815 2615 alii,
831 2589 853 2609 et
864 2587 916 2609 dein
929 2587 992 2609 addit
1006 2586 1041 2610 uel
1052 2592 1109 2610 caro

260 2624 365 2648 filioram
382 2624 512 2648 hominum.
531 2625 586 2647 Cod.
605 2626 624 2647 K
645 2628 696 2653 post
712 2625 819 2648 homines
836 2626 914 2647 inserit
932 2631 996 2655 erqo.

323 2663 333 2678 ³
349 2664 406 2692 Quia
424 2664 509 2686 modus
526 2664 639 2686 educendi
657 2665 767 2692 supponit
784 2664 881 2687 modum
893 2664 984 2687 essendi
1001 2665 1050 2687 sive
1063 2670 1110 2686 mo-

261 2703 329 2731 dum,
348 2710 394 2732 quo
411 2709 449 2726 res
466 2704 487 2725 in
505 2704 582 2732 aliquo
600 2704 670 2732 inest,
688 2704 725 2726 vol
743 2704 871 2731 actualiter,
889 2704 925 2726 vel
944 2704 1108 2731 potentialiter,

260 2746 282 2765 ct
299 2744 343 2765 1106
360 2742 454 2770 quidem
472 2745 511 2764 6111
527 2742 656 2765 secundum
674 2743 798 2771 potentiam
818 2743 955 2771 naturalem,
974 2746 1014 2765 aut
1030 2749 1109 2765 secun-

261 2782 318 2805 dum
336 2783 460 2810 polentiam
478 2782 661 2804 obedientialem.

325 2820 333 2835 ⁴
350 2822 391 2843 Hic
408 2827 426 2844 c.
449 2822 466 2843 l.
483 2824 505 2843 et
523 2822 543 2843 3.
556 2834 587 2837 —
599 2821 663 2844 Circa
677 2822 746 2844 tinem
758 2828 806 2850 arg.
825 2824 877 2849 post
893 2821 975 2844 eadem
989 2821 1038 2851 leqe
1056 2821 1108 2843 edd.

261 2866 314 2883 cum
333 2860 446 2882 nonnullis
463 2860 531 2882 codd.
549 2861 687 2883 interiiciunt
703 2866 758 2883 cum
775 2860 837 2883 aliis.

323 2900 332 2914 5
349 2900 454 2928 August„
472 2900 500 2921 X.
518 2899 547 2922 de
564 2900 619 2922 Gen.
638 2900 667 2922 ad
685 2901 715 2922 lit.
733 2906 751 2922 c.
771 2900 807 2922 20.
826 2906 847 2922 6.
867 2900 908 2922 35:
926 2899 984 2922 Cum
1003 2901 1065 2922 enim
1082 2901 1110 2922 sit

261 2940 282 2961 111
300 2940 387 2961 semine
404 2943 426 2961 et
443 2939 539 2961 visibilis
556 2940 697 2967 corpulentia
714 2942 736 2962 et
753 2939 874 2961 invisibilis
890 2940 948 2961 ratio
961 2938 1109 2968 [seminalis]y

261 2982 386 3007 utrumque
403 2979 504 3000 cucurrit
520 2984 547 3000 ex
559 2978 687 3006 Abraham,
700 2978 736 3000 vel
748 2979 815 3001 etlam
828 2984 855 3001 ex
868 2979 919 3006 ipso
931 2978 1005 3000 Adam
1017 2996 1022 3006 ‚
1036 2984 1110 3006 usquc

1167 2469 1195 2491 ad
1213 2475 1299 2497 corpus
1316 2469 1408 2496 Mariae,
1428 2468 1481 2496 quia
1499 2470 1521 2489 et
1537 2468 1614 2495 ipsum
1632 2472 1659 2488 60
1678 2466 1747 2488 niodo
1765 2468 1903 2493 conceptum
1916 2467 1938 2487 et
1954 2471 2016 2487 exor-

1167 2511 1215 2530 tum
1233 2511 1274 2530 est.
1666 2528 1670 2529 .

1228 2547 1238 2561 ⁶
1256 2547 1311 2570 (jod.
1329 2547 1348 2569 1<
1367 2547 1403 2569 hic
1420 2547 1501 2574 repetit
1518 2544 1658 2569 secundam.
1677 2545 1726 2567 Mox
1744 2550 1787 2572 pro
1800 2543 1841 2566 scil
1852 2543 1903 2566 cod.
1921 2543 1939 2565 U
1951 2548 2014 2572 erqo.

1167 2587 1210 2609 Pro
1227 2586 1392 2616 corpulentam
1409 2585 1476 2608 codd.
1495 2585 1535 2607 ΕΗ
1546 2585 1588 2606 LN
1599 2585 1617 2606 T
1629 2584 1645 2606 U
1663 2590 1689 2606 66
1707 2590 1749 2606 666
1767 2589 1812 2605 1106
1830 2583 1883 2605 edd.
1905 2583 1928 2611 l,
1942 2583 1954 2604 2
1972 2583 2014 2610 hic,

1166 2628 1188 2648 et
1205 2626 1241 2648 alii
1259 2625 1327 2648 codd.
1346 2625 1432 2653 pluries
1449 2625 1518 2652 insi-a,
1537 2624 1684 2652 corruptum.

1229 2665 1239 2679 ⁷
1257 2665 1298 2687 Pro
1315 2664 1377 2687 unde
1395 2664 1462 2687 codd.
1481 2664 1498 2686 K
1511 2664 1526 2685 Z
1544 2663 1571 2686 tle
1588 2669 1643 2692 qua.
1656 2663 1706 2684 Mox
1722 2661 1803 2690 proin
1819 2660 1934 2684 mitialem
1947 2660 2016 2683 codd.

1166 2704 1210 2726 ΗΖ
1228 2704 1260 2727 bb
1277 2703 1302 2726 in
1318 2703 1415 2726 unitate.
1432 2715 1464 2719 —
1480 2703 1511 2725 De
1528 2702 1671 2725 distinctione
1689 2702 1775 2729 carnis,
1794 2702 1815 2722 in
1834 2703 1946 2729 quantum
1964 2705 2016 2721 con-

1166 2743 1280 2766 sideratur
1296 2746 1321 2766 ut
1336 2742 1439 2766 materia
1456 2744 1479 2764 et
1495 2743 1517 2764 in
1543 2744 1655 2770 quantum
1681 2744 1705 2763 ut
1720 2740 1813 2769 forma,
1839 2739 1894 2761 vide
1911 2740 2013 2767 Aristot.y

1167 2783 1181 2804 1.
1199 2783 1303 2804 Generat.
1322 2785 1344 2805 et
1361 2785 1463 2809 corrupt.
1482 2784 1533 2803 text.
1552 2781 1588 2803 35.
1606 2786 1671 2808 seqq.
1689 2779 1719 2808 (c.
1737 2779 1776 2807 ὃ).

1229 2821 1239 2836 ⁸
1258 2822 1305 2844 Vnt.
1324 2822 1417 2849 supplet
1433 2820 1509 2850 ipsam
1527 2825 1631 2843 earnem.

1230 2860 1239 2874 ⁹
1256 2860 1306 2882 Vat.
1325 2865 1425 2883 omnem.

1231 2899 1250 2913 10
1266 2900 1316 2921 Vat.
1334 2899 1397 2922 addit
1414 2898 1457 2922 1106
1474 2899 1549 2921 lolam
1566 2897 1630 2927 qaod
1646 2896 1739 2919 (licitur.
1757 2896 1807 2918 Mox
1821 2902 1863 2924 pro
1875 2895 1982 2918 additum
1995 2894 2016 2917 ei

1167 2938 1235 2961 codd.
1253 2938 1298 2960 NU
1316 2937 1347 2960 bb
1366 2938 1421 2966 (KZ
1438 2943 1450 2959 6
1469 2936 1569 2959 secunda
1596 2937 1675 2963 1116611)
1698 2938 1719 2957 61
1742 2935 1795 2957 edd.
1819 2935 1840 2962 l,
1860 2935 1873 2956 2
1891 2933 1971 2957 addita
1988 2932 2014 2956 ei.
