2166 3366
116 1515 249 1534 Fundamenta.

253 203 309 231 818

253 281 388 303 affirmativa
402 283 523 308 praecepta
537 280 625 306 possint
637 279 735 301 diversis
748 278 892 306 temporibus
907 278 935 300 ad
953 280 1028 300 actum
1046 278 1101 300 obli-

253 326 321 348 gare,
339 320 398 342 bene
415 319 463 341 fieri
481 320 570 346 potest,
588 318 651 346 quod
669 318 751 346 aliquis
768 318 867 345 implens
885 321 992 346 quartum
1011 324 1101 345 pracce-

253 362 319 387 ptum
337 360 385 381 sine
403 358 472 380 modo
491 358 590 380 caritatis
608 363 652 379 non
671 360 757 385 peccet.
775 357 835 379 Haec
853 358 963 380 sententia
975 358 1102 380 communi-

253 401 286 420 ter
304 404 364 419 nunc
382 397 540 425 approbatur;
558 397 651 423 Dionys.
669 399 746 418 autem
764 396 839 419 Carth.
857 397 956 424 primam
969 397 1101 424 opinionem

253 443 303 459 esse
320 437 434 458 veriorem
453 436 569 458 iudicavit.

317 475 348 497 De
365 476 408 497 hae
425 475 559 503 quaestione
576 477 667 502 praeter
684 474 705 495 S.
725 474 839 496 Thomam
857 474 893 495 alii
907 473 1029 496 Lombardi
1043 480 1102 496 com-

254 517 392 536 mentatores
410 516 505 536 tractant
522 514 544 535 in
564 513 595 535 111.
614 513 675 535 Sent.
694 513 745 535 dist.
767 513 806 535 36:
821 513 844 534 B.
857 512 949 540 Albert„
962 512 993 534 ibi
1006 519 1025 534 a.
1039 513 1059 534 6.
1071 525 1103 528 -

255 554 311 575 l‘etr.
330 560 341 575 a
360 553 421 581 Tar.‚
439 552 470 574 ibi
488 559 508 574 a.
526 553 547 574 6.
565 552 714 574 —ltiehard
733 558 744 574 a
762 551 828 580 Med,
846 552 877 574 ibi
895 558 917 580 q.
935 552 961 579 6,
979 551 1018 574 ubi
1037 551 1103 574 lecto-

253 598 303 614 rem
321 592 412 614 remittit
431 592 460 613 ad
479 592 492 613 1.
511 592 572 613 Sent.
591 591 612 613 d.
631 590 667 613 48.
685 597 705 613 a.
725 592 745 613 2.
770 598 791 620 q.
815 592 836 613 2.
853 603 885 607 —
901 591 994 619 Dionys.
1018 590 1101 618 Carth.⁷

254 631 284 653 ibi
303 638 325 659 q.
345 631 365 653 3.

317 670 352 692 111.
369 671 421 699 Seq.
440 670 482 698 (3.)
496 670 600 698 quaestio
617 669 646 691 (le
659 668 799 698 obliyatione
817 669 979 691 mandatorum
993 669 1100 696 Decalogi

254 709 307 730 satis
324 708 420 730 solvitur
438 709 459 730 in
478 708 620 736 generaliore
634 708 767 736 quaestione
785 708 807 729 S.
825 708 929 730 'rhomae
947 708 978 735 (S.
1001 708 1015 729 l.
1038 707 1061 729 ll.
1080 714 1101 736 q.

258 748 307 769 100.
325 754 344 769 a.
367 748 406 775 l.):
431 755 441 768 «
456 747 537 769 Utrum
559 747 635 769 omnia
659 751 781 775 praecepta
803 746 906 769 moralia
930 746 1013 769 veteris
1036 745 1103 775 Layis

253 787 382 814 pertineant
404 786 433 808 ad
456 787 531 814 legem
549 790 644 808 naturae
660 794 680 814 »,
699 788 721 808 et
738 787 759 808 in
778 786 848 809 altera
866 787 999 815 quaestione
1018 786 1064 813 (ibi
1082 793 1102 808 a.

255 826 298 855 3.):
320 834 329 845 a
343 826 423 848 Utrum
440 826 517 847 omnia
536 829 657 853 praecepta
676 826 772 847 moralia
784 826 869 848 veteris
882 826 949 853 Legis
961 825 1102 848 reducantur

255 865 282 887 ad
302 865 381 887 decem
400 868 523 893 praecepta
542 865 649 892 Decalogi
662 874 683 887 n.
701 865 803 887 Eandem
826 867 902 887 autem
926 871 975 887 rem
996 866 1029 887 sic
1052 871 1102 893 pro-

255 905 319 932 ponit
344 905 405 927 Alex.
424 905 471 926 Hal.
490 904 563 933 (Sum.
582 911 604 932 p.
624 905 655 927 lll.
673 911 696 933 q.
719 905 756 926 29.
781 911 812 927 m.
840 905 860 926 l.
878 911 898 926 a.
917 904 962 933 fl.):
988 906 1021 926 An
1039 904 1102 926 radix

255 944 290 966 vel
313 945 379 972 origo
401 943 562 972 (Deealogi)...
586 945 607 966 in
634 944 684 972 lege
710 947 805 966 naturae
827 943 948 966 radicetur.
973 944 994 965 S.
1019 944 1101 966 Thon).

929 200 1181 230 SENTENTIARUM
1203 201 1262 229 LlB.
1286 201 1325 229 ill.

1158 278 1187 300 ad
1206 279 1304 306 primam
1323 284 1388 301 suam
1406 280 1564 307 quaestionem
1581 279 1718 307 respondet,
1739 287 1750 299 «
1762 279 1825 308 quod
1846 280 1922 302 omnia
1941 285 2004 307 prae—

1159 321 1223 344 cepta
1242 317 1334 339 moralia
1354 318 1482 345 pertineant
1499 318 1528 340 ad
1540 318 1615 345 legem
1634 320 1738 345 naturae,
1756 318 1797 340 sed
1810 317 2001 346 diversimode»,

1159 359 1184 378 ut
1200 356 1229 378 ibi
1249 356 1321 378 fusius
1337 356 1469 384 explicatur.
1486 357 1528 378 Alii
1547 360 1740 379 commentatores
1758 357 1868 384 principia
1883 358 1918 379 hic
1930 357 2003 384 posita

1159 397 1255 423 tangunt
1272 396 1293 417 in
1312 397 1445 424 quaestione
1457 396 1485 418 de
1497 396 1667 424 dispensatione
1684 396 1743 418 cIrca
1756 398 1877 424 praecepta
1889 396 2003 424 Decalogi.

1160 434 1182 455 ln
1200 439 1297 463 utraque
1315 437 1391 457 autem
1409 436 1543 464 quaestione
1560 435 1671 458 solvenda
1689 435 1748 457 Scot.
1767 434 1813 463 (hic
1831 441 1852 463 q.
1868 436 1935 457 unica
1947 441 1969 457 n.
1983 435 2004 457 2.

1159 474 1234 502 seqq.)
1252 480 1297 496 non
1315 475 1434 502 convenit,
1452 475 1532 497 saltem
1550 475 1572 496 in
1584 475 1655 497 modo
1673 474 1796 503 loquendi,
1809 480 1862 496 cum
1880 474 1901 496 S.
1915 474 2004 496 Thoma

1160 512 1211 539 (loc.
1230 513 1266 534 cit.
1289 520 1308 534 a.
1331 513 1356 534 8:
1381 513 1461 535 Utrum
1485 516 1606 541 praecepta
1630 513 1736 541 Decalogi
1758 514 1803 535 sint
1823 512 2004 541 dispensabilia).

1159 552 1180 573 S.
1199 552 1286 574 Bonav.
1299 552 1323 580 (1.
1342 552 1402 574 Sent.
1416 553 1437 574 d.
1451 552 1486 574 47.
1500 559 1522 581 q.
1536 552 1566 581 4.)
1580 553 1646 575 docet
1658 559 1711 575 cutn
1730 553 1751 575 S.
1764 553 1881 575 Bernardo
1893 556 1915 575 et
1926 553 2004 581 scoto,

1158 590 1223 619 quod
1234 591 1294 613 Deus
1306 591 1327 612 in
1341 592 1469 619 praeceptis
1488 591 1606 614 secandae
1619 592 1709 614 tabulae
1721 592 1794 620 possit
1805 592 1947 620 dispensare,
1959 597 2004 613 non

1158 631 1181 652 in
1207 631 1337 658 praeceptis
1361 630 1454 659 primae
1475 630 1572 653 tabulae.
1595 630 1659 653 Circa
1682 631 1808 653 doctrinam
1831 632 1853 653 S.
1877 631 1959 653 Thom.
1982 631 2004 652 in

1159 668 1261 692 Summa
1278 670 1317 691 cfr.
1335 670 1436 692 scholion
1454 670 1484 692 ad
1501 671 1537 692 cit.
1556 670 1631 692 locum
1650 671 1663 692 l.
1683 671 1743 692 Sent.
1761 670 1784 692 d.
1804 670 1838 692 47.

1222 709 1328 731 Rationes
1346 710 1367 730 in
1391 715 1451 736 resp.
1474 709 1553 731 allatae
1575 715 1617 737 pro
1638 710 1807 737 opportunitate
1829 709 1886 737 legis
1907 709 2005 736 scriptae

1159 747 1323 770 confirmantur
1338 754 1351 769 a
1364 748 1385 769 S.
1399 747 1489 769 Thoma
1502 747 1552 774 (hic
1569 754 1588 770 a.
1611 748 1616 769 1
1630 755 1635 775 ;
1649 748 1671 770 S.
1690 748 1704 770 1.
1719 748 1740 770 11.
1759 754 1780 776 q.
1795 749 1831 770 99.
1844 754 1864 770 a.
1883 749 1903 770 2.
1921 747 1951 770 ad
1964 747 2004 775 2.).

1159 799 1190 803 -
1206 787 1264 808 lnter
1282 787 1420 814 posteriores
1438 787 1557 814 theologos
1569 788 1651 815 agitata
1668 790 1702 810 est
1713 787 1755 809 alia
1768 788 1884 815 quaestio,
1897 793 1951 809 cum
1963 788 2006 809 hac

1158 832 1272 854 connexa,
1286 828 1363 848 utrum
1376 826 1504 854 Decalogus
1516 826 1601 854 obliget
1613 826 1753 849 Christianos
1765 833 1810 849 non
1824 827 1899 849 solum
1913 827 1935 848 vi
1948 827 2005 854 legis

1159 869 1253 888 naturae
1270 868 1292 888 et
1308 865 1468 893 evangelicae,
1487 866 1529 888 sed
1541 867 1608 888 etiam
1622 867 1643 887 vi
1658 866 1848 894 promulgationis
1859 872 1900 894 per
1913 866 2004 893 Moysen

1159 906 1237 927 sactae.
1262 905 1388 932 Responsio
1411 906 1517 932 negativa
1540 909 1574 927 est
1598 905 1756 933 communior,
1779 906 1815 927 eui
1839 905 1915 927 favent
1937 905 2006 927 etiam

1159 943 1229 965 verba
1249 944 1270 965 S.
1290 943 1393 965 Thomae
1411 944 1432 965 S.
1451 944 1465 965 l.
1484 943 1507 965 ll.
1526 950 1547 972 q.
1567 944 1603 965 98.
1622 950 1641 965 a.
1660 943 1681 965 5.

1014 1034 1178 1071 quasrto
1200 1035 1240 1062 111.

479 1122 584 1150 Utrum
606 1122 744 1159 oblt'qcttio
764 1122 976 1150 mandatorum
999 1121 1138 1159 Deealoyz'
1158 1122 1329 1150 accendatur
1350 1122 1510 1150 secandum
1533 1122 1620 1159 leyem
1643 1126 1787 1155 naturae,

875 1181 915 1201 an
936 1173 1097 1200 secundam
1119 1172 1206 1210 leyem
1228 1173 1380 1210 scriptam.

335 1272 427 1301 Tertio
447 1272 610 1309 quaeritur,
632 1275 727 1299 utrum
751 1271 883 1307 obligatio
904 1271 1101 1299 mandatorum

256 1319 383 1356 Decalogi
412 1319 573 1347 attendatur
602 1318 757 1347 secundum
788 1318 876 1354 legem
907 1321 1039 1352 naturae,
1068 1326 1102 1346 an

256 1367 411 1396 secundum
429 1367 517 1403 legem
534 1366 675 1403 scriptam.
693 1366 722 1394 Et
737 1365 812 1403 quod
834 1365 990 1394 secundum
1014 1365 1101 1402 legem

256 1417 389 1448 naturae,
411 1413 531 1442 videtur.

338 1462 361 1489 1.
383 1460 455 1489 Illud
477 1460 549 1489 enim
572 1463 614 1489 est
635 1459 779 1493 naturale,
795 1459 869 1496 quod
893 1461 935 1487 est
955 1466 1105 1487 commune

256 1507 330 1544 apud
353 1506 489 1539 omnes¹;
511 1506 559 1535 sed
581 1506 616 1535 ad
639 1506 770 1534 mandata
792 1505 920 1542 Decalogi
943 1504 1104 1541 obligantur

257 1562 371 1583 omnes:
393 1561 460 1590 ergo
482 1553 613 1590 obligatio
635 1553 681 1581 illa
704 1556 744 1582 est
766 1553 922 1581 secundum
950 1552 1038 1588 legem
1060 1560 1106 1580 na-

257 1604 345 1629 turae.

335 1650 361 1677 2.
383 1648 465 1683 item,
487 1647 633 1684 obligatio,
665 1655 737 1684 quae
758 1655 787 1676 se
809 1647 936 1675 extendit
957 1647 990 1675 ad
1022 1655 1104 1676 omne

256 1699 384 1732 tempus,
416 1694 570 1723 attenditur
602 1694 757 1723 secundum
790 1693 865 1722 illam
889 1693 995 1730 legem,
1024 1694 1105 1722 cuius

256 1742 395 1771 dictamen
411 1741 500 1770 currit
515 1742 541 1770 in
557 1741 630 1769 omni
649 1745 792 1777 tempore3
814 1741 861 1769 sed
884 1740 1015 1777 obligatio
1031 1748 1105 1768 man-

257 1789 387 1817 datorum
411 1788 537 1825 Decalogi
561 1791 654 1817 manet
680 1788 707 1816 in
735 1791 809 1816 statu
838 1787 906 1824 legis
934 1790 1051 1815 naturae
1079 1790 1105 1815 et

260 1836 329 1873 legis
345 1837 464 1873 scriptae
479 1836 589 1872 etjegis
604 1835 727 1872 gratiae:
750 1843 817 1872 ergo
838 1835 969 1871 obligatio
991 1834 1103 1862 illorum

257 1883 454 1911 mandatorum
469 1882 624 1911 attenditur
639 1882 793 1910 secundum
811 1881 899 1917 legem
916 1884 1032 1909 naturae
1045 1880 1065 1907 2.

336 1930 362 1958 3.
385 1930 468 1963 item,
490 1929 637 1963 mandata,
660 1937 732 1965 quae
751 1928 875 1964 obligant
890 1927 1040 1961 hominem,
1056 1927 1106 1955 cir-

260 1976 431 2013 cumscripta
452 1975 597 2012 Scriptura
619 1979 646 2003 et
667 1975 771 2012 gratia,
794 1974 897 2003 habent
921 1974 1044 2010 obligare
1065 1967 1106 2002 se-

258 2022 382 2051 cundum
406 2021 495 2058 legem
518 2025 656 2056 naturae3
678 2021 726 2050 sed
744 2021 809 2049 talia
824 2024 889 2049 sunt
911 2021 1042 2048 mandata
1057 2020 1106 2048 De-

258 2069 346 2106 calogi
357 2085 395 2089 -
407 2072 472 2097 sunt
487 2068 559 2097 enim
576 2068 611 2096 de
626 2067 775 2096 dictamine
791 2067 905 2096 rationis
927 2070 1034 2101 rectae,
1056 2067 1106 2095 cir-

258 2116 428 2152 cumscripta
450 2115 510 2152 lege
525 2115 609 2152 Moysi
624 2118 651 2143 et
667 2115 727 2151 lege
743 2114 881 2151 Evangelii
893 2114 903 2129 ³
916 2131 955 2134 —
966 2122 1032 2150 ergo
1054 2116 1104 2142 etc.

1240 1272 1265 1300 [1.
1289 1272 1371 1305 item,
1394 1272 1532 1308 quaedam
1555 1276 1619 1300 sunt
1641 1271 1793 1308 prohibita,
1822 1271 1888 1308 quia
1917 1271 2006 1305 mala3

1161 1318 1298 1355 quaedam
1323 1318 1410 1352 mala,
1432 1318 1498 1355 quia
1517 1318 1696 1355 probibita⁴3
1718 1318 1846 1347 similiter
1867 1318 2005 1355 quaedam

1162 1368 1227 1393 sunt
1249 1364 1336 1399 bona,
1365 1365 1430 1402 quia
1451 1368 1517 1393 sunt
1538 1365 1564 1393 in
1587 1368 1751 1401 praecepto;
1773 1365 1912 1402 quaedam
1940 1372 2007 1393 vero

1163 1411 1225 1440 ideo
1246 1414 1311 1439 sunt
1333 1411 1359 1439 in
1381 1414 1545 1448 praecepto,
1568 1411 1634 1448 quia
1655 1411 1727 1439 bona
1749 1414 1814 1440 sunt
1825 1422 1833 1446 ς
1848 1419 1881 1440 ea
1896 1414 2006 1446 autem,

1162 1466 1233 1494 quae
1256 1458 1281 1486 in
1303 1458 1438 1494 Decalogo
1460 1458 1646 1495 prohibentur
1667 1457 1711 1486 vel
1734 1457 1957 1495 praecipiuntur,
1973 1458 2007 1486 de

1162 1513 1191 1534 se
1213 1509 1278 1534 sunt
1301 1505 1373 1533 mala
1395 1505 1437 1533 vel
1460 1505 1545 1540 bona,
1568 1505 1724 1534 secundum
1746 1505 1820 1542 quod
1837 1505 1922 1534 dictat
1937 1505 2008 1533 ratio

1162 1555 1237 1580 recta
1252 1568 1290 1571 —-
1305 1551 1377 1579 sicut
1398 1552 1485 1580 Deum
1508 1559 1569 1580 esse
1591 1551 1754 1585 colendum,
1776 1555 1804 1579 et
1818 1554 1947 1588 parentes
1962 1551 2008 1579 ho-

1164 1598 1318 1631 norandos.
1340 1599 1392 1627 hoc
1414 1599 1511 1636 utique
1534 1599 1637 1627 bonum
1660 1602 1701 1627 est
1722 1598 1757 1627 de
1779 1606 1827 1633 se;
1848 1598 1949 1626 salsum
1972 1601 2008 1626 te-

1163 1646 1323 1674 stimonium
1346 1649 1373 1674 et
1395 1646 1593 1679 homicidium,
1615 1645 1668 1674 hoc
1683 1645 1780 1682 utique
1795 1645 1829 1673 de
1850 1653 1879 1673 se
1901 1644 2007 1673 malum

1162 1696 1204 1721 est
1225 1709 1263 1713 -—
1284 1692 1331 1721 sed
1355 1693 1420 1720 talia
1451 1696 1576 1729 spectant
1597 1693 1631 1721 ad
1654 1692 1742 1729 legem
1766 1692 1899 1720 inditam:
1924 1691 2008 1728 igitur

1162 1739 1293 1776 obligatio
1315 1740 1511 1768 mandatorum
1534 1739 1661 1776 Decalogi
1677 1739 1830 1767 attenditur
1851 1738 2007 1767 secundum

1163 1786 1306 1815 vinculum
1329 1786 1397 1823 legis
1419 1786 1562 1814 naturalis.

1241 1833 1293 1861 SED
1314 1840 1441 1861 CONTRA:
1468 1834 1490 1860 t.
1514 1833 1600 1861 Exodi
1618 1832 1770 1870 vigesimo5
1793 1832 1909 1869 legitur,
1931 1832 2006 1869 quod
2020 1837 2140 1880 Adtgffimsi·

1162 1880 1253 1916 primo
1269 1879 1399 1907 mandata
1414 1879 1465 1908 ista
1480 1879 1594 1908 fuerunt
1609 1880 1643 1908 de
1658 1879 1733 1908 caelo
1748 1880 1858 1912 auditam
1871 1883 1898 1908 et
1912 1883 2008 1916 postea

1163 1925 1359 1962 subiungitur,
1381 1926 1522 1962 quomodo
1543 1926 1658 1955 fuerunt
1680 1926 1706 1955 in
1729 1926 1832 1955 tabulis
1846 1927 1964 1963 scripta:
1985 1927 2007 1956 si

1162 1981 1229 2009 crgo
1250 1972 1286 2001 ibi
1310 1973 1474 2001 tradebatur
1497 1973 1542 2002 lex
1565 1974 1682 2010 scripta,
1706 1974 1832 2008 videtur,
1854 1974 1928 2011 quod
1943 1974 2010 2002 obli-

1162 2020 1236 2056 gatio
1258 2019 1453 2047 mandatorum
1484 2019 1612 2056 Decalogi
1642 2020 1797 2048 secundum
1827 2020 1917 2057 legem
1945 2020 2010 2049 scri-

1163 2069 1237 2103 ptam
1261 2066 1451 2103 principaliter
1473 2066 1574 2095 habeat
1594 2067 1707 2095 attendi.

1242 2114 1267 2141 ⁹2.
1291 2113 1373 2147 item,
1395 2113 1430 2141 ad
1453 2113 1590 2142 Romanos
1619 2114 1773 2151 septimo⁶:
1805 2114 2010 2152 Concupiscen-

322 2249 328 2263 ¹
347 2250 431 2278 Hoetu,
450 2250 478 2272 de
497 2249 624 2271 Divisione:
642 2249 697 2271 Nam
721 2249 783 2278 quod
805 2249 868 2277 apud
885 2255 966 2271 omnes
988 2248 1049 2270 idem
1072 2250 1107 2270 est

258 2291 353 2311 naturae
370 2293 419 2316 est;
432 2289 604 2311 consuetudinis
622 2295 677 2311 vero
695 2292 729 2311 est
746 2289 808 2317 quod
825 2288 889 2316 apud
906 2288 995 2317 aliquos
1012 2294 1107 2315 permu-

257 2330 323 2350 tatur.
342 2327 386 2350 Cir.
405 2334 475 2356 supra
494 2335 547 2356 pag.
570 2328 621 2356 114,
640 2332 692 2350 nota
711 2328 731 2349 3.
744 2328 898 2355 —Superius
910 2333 953 2355 pro
970 2326 1107 2349 attendatur

258 2367 335 2395 plures
352 2367 419 2389 codd.
437 2366 582 2390 intrudatur.

320 2405 329 2419 Ξ
346 2405 451 2428 Naturale
469 2407 529 2428 enim
547 2406 677 2428 secundum
699 2406 797 2432 Ariston,
816 2405 928 2427 Problem.
951 2408 1006 2427 sect.
1026 2405 1061 2427 15.
1085 2410 1106 2426 n.

258 2444 284 2472 3,
303 2446 336 2466 est
353 2444 417 2473 quod
433 2450 526 2472 semper
544 2448 612 2473 atque
629 2444 716 2473 ubique
734 2444 793 2466 effici
805 2444 867 2466 solet.
881 2444 945 2465 —ln
962 2442 1050 2465 *majori
1065 2449 1107 2470 pro

258 2482 335 2505 currit
351 2483 401 2505 cod.
420 2483 438 2504 li
457 2484 497 2505 esi.

323 2522 332 2536 ³
348 2522 423 2550 ililar.,
442 2522 516 2544 Tract.
538 2523 561 2544 in
578 2523 613 2544 Ps.
636 2523 684 2544 118.
702 2523 732 2544 lit.
754 2523 786 2545 15.
806 2529 827 2544 n.
848 2523 886 2550 11,
905 2528 1021 2550 exponens
1039 2521 1106 2548 illud,

258 2561 458 2584 Praevaricantes
469 2561 580 2590 deputavi
595 2561 652 2591 [sic]
664 2567 745 2584 ontttcs
759 2563 893 2591 peccatores
911 2562 989 2584 terrae
1006 2564 1048 2583 etc.
1066 2561 1107 2582 ait:

259 2601 305 2623 Sed
316 2601 353 2622 hic
369 2600 573 2630 praevaricatores
585 2607 635 2623 esse
653 2602 810 2623 existimantur
822 2606 902 2623 omlnes
916 2601 1051 2629 peccatores
1063 2600 1109 2622 ter-

260 2645 310 2666 rae,·
321 2639 397 2661 nullus
409 2640 526 2667 excipitur,
539 2640 675 2667 generaliter
684 2639 713 2661 ad
723 2645 803 2661 omnes
813 2639 1014 2667 praevaricationis
1024 2643 1107 2659 nomen

260 2679 364 2700 retertur.
382 2679 425 2700 Lex
443 2680 504 2701 enim
522 2680 591 2701 vetuti
608 2678 729 2701 'natttralis
746 2681 778 2701 est
791 2679 897 2700 iniuriam
910 2678 994 2700 nemini
1012 2678 1106 2705 inferre,

261 2717 291 2739 nil
303 2717 404 2739 alienum
417 2719 560 2745 praeripere,
574 2718 654 2739 fraude
667 2724 693 2739 ac
705 2718 805 2745 periurio
821 2717 936 2739 abstinere
947 2719 989 2739 etc.
1002 2718 1106 2745 August.,

261 2756 361 2778 Enarrat.
380 2758 401 2778 in
421 2757 454 2778 l‘s.
473 2756 509 2778 57.
528 2763 549 2778 n.
569 2757 593 2778 l:
611 2757 668 2784 Quia
686 2757 791 2779 homines
808 2759 941 2784 appetentes
958 2762 985 2778 ea
1002 2763 1061 2785 quae
1079 2757 1109 2778 so-

261 2796 292 2817 ris
313 2799 375 2823 sunt,
398 2797 466 2818 etiam
490 2802 502 2817 a
524 2802 548 2818 se
565 2796 621 2823 ipsis
643 2796 732 2818 exsules
754 2796 804 2818 iacti
825 2798 888 2823 511111,
910 2795 961 2817 data
984 2798 1018 2817 est
1040 2796 1108 2817 etiam

262 2834 393 2863 conscripta
417 2834 535 2867 lexhnon
559 2835 612 2863 quia
633 2835 654 2856 in
677 2834 787 2857 cordibus
809 2835 892 2861 scripta
917 2840 961 2856 non
985 2836 1044 2861 erat,
1067 2834 1109 2855 sed

263 2873 315 2900 quia
334 2875 357 2894 tu
375 2873 486 2900 fugitivus
503 2879 554 2895 eras
571 2873 647 2895 cordis
665 2874 708 2900 tui,
726 2873 755 2895 ab
773 2873 810 2895 illo
828 2874 867 2901 qui
889 2872 975 2901 ubique
993 2875 1026 2894 est
1048 2878 1108 2894 eom-

263 2911 413 2937 prehenderis
430 2914 452 2933 et
469 2911 498 2933 ad
516 2914 536 2933 te
553 2912 630 2939 ipsum
648 2912 706 2933 intro
728 2911 851 2933 revocaris.
876 2911 997 2938 Propterea
1020 2909 1109 2938 scripta

263 2948 297 2970 lex
320 2949 376 2977 quid
394 2950 475 2971 clamat
496 2951 530 2972 cis
547 2951 586 2978 qui
605 2950 756 2972 deseruerunt
772 2950 847 2978 legem
865 2950 973 2977 scriptam
994 2950 1016 2971 in
1035 2948 1109 2971 cordi-

264 2986 309 3009 bus
326 2988 392 3009 suis?
414 2988 491 3011 Redite
511 2989 717 3017 praevaricatores
738 2989 770 3011 ad
787 2994 828 3012 cor
845 2989 909 3016 (lsai.
930 2988 973 3016 46,
991 2989 1030 3016 8.).
1053 2988 1109 3016 Quis

1163 2248 1225 2269 enim
1243 2251 1262 2269 te
1285 2247 1385 2269 docuit...
1404 2247 1475 2274 nolle,
1494 2247 1533 2269 tibi
1552 2248 1637 2269 furtum
1657 2247 1722 2269 fieri?
1744 2248 1796 2276 quis
1813 2251 1833 2270 te
1851 2247 1928 2270 docuit
1951 2248 2009 2270 nolle

1163 2287 1269 2308 iniuriam
1282 2287 1327 2313 pati
1341 2289 1382 2307 ete.
1396 2285 1439 2308 Ctr.
1454 2286 1475 2307 ll.
1489 2286 1517 2308 de
1534 2286 1607 2307 Sei-m.
1621 2286 1710 2308 Domini
1728 2287 1749 2307 in
1763 2289 1852 2314 monte,
1871 2293 1889 2308 c.
1903 2287 1924 2308 9.
1936 2293 1958 2308 n.
1972 2286 2008 2312 32.

1163 2329 1185 2347 et
1202 2325 1305 2347 Glossam
1323 2324 1472 2347 ordinariam
1489 2325 1510 2346 in
1530 2325 1595 2346 Rom.
1614 2326 1638 2352 2,
1656 2324 1688 2352 14,
1706 2327 1728 2346 et
1746 2325 1768 2346 11.
1781 2325 1840 2347 Sent.
1860 2325 1881 2347 d.
1900 2326 1936 2347 39.
1955 2332 1974 2347 a.
1992 2326 2008 2347 1.

1164 2370 1185 2392 q.
1205 2365 1225 2385 2.
1238 2377 1268 2379 —
1281 2364 1348 2389 Paulo
1366 2366 1417 2386 ante
1434 2363 1588 2391 plorationis
1606 2365 1694 2391 rectae,
1713 2364 1776 2392 quod
1789 2364 1895 2386 exhibent
1912 2364 1979 2386 codd.
1992 2364 2010 2386 A

1165 2403 1179 2424 1)
1189 2403 1208 2430 Q
1218 2402 1234 2424 U
1246 2403 1264 2425 V
1275 2402 1317 2430 bh,
1335 2403 1371 2424 alii
1388 2408 1442 2424 cum
1458 2402 1511 2425 edd.
1530 2402 1586 2432 leyz's
1602 2403 1686 2425 rectae.

1228 2441 1236 2455 ⁴
1253 2443 1357 2469 August„
1374 2442 1388 2463 l.
1407 2442 1436 2464 de
1453 2442 1500 2464 Lib.
1518 2442 1571 2464 Arb.
1590 2448 1609 2463 c,
1628 2441 1648 2463 3.
1667 2448 1689 2463 n.
1707 2442 1732 2463 6:
1752 2441 1798 2463 Non
1817 2447 1871 2463 sane
1894 2441 1946 2463 ideo
1964 2447 2010 2463 ma-

1165 2482 1211 2503 lum
1236 2484 1270 2503 cst
1291 2480 1476 2510 [adulterium]‚
1499 2482 1551 2509 quia
1574 2484 1663 2503 vetatur
1684 2481 1760 2509 Lege,
1783 2480 1823 2502 sed
1848 2480 1900 2502 ideo
1920 2484 2011 2503 vetatur

1165 2520 1236 2547 Lege,
1255 2521 1308 2548 quia
1326 2520 1412 2542 malum
1430 2524 1471 2542 est.

1227 2559 1237 2573 ⁵
1254 2558 1318 2581 Vers.
1337 2559 1381 2581 118:
1404 2558 1504 2581 Cunctas
1521 2561 1596 2581 autem
1610 2559 1710 2587 populus
1727 2558 1821 2581 videbat
1832 2564 1901 2581 voces
1918 2560 1940 2581 et
1957 2559 2011 2580 lam-

1165 2598 1237 2626 pades
1254 2600 1309 2625 etc.;
1326 2601 1348 2620 et
1365 2605 1387 2619 v.
1410 2599 1450 2620 22:
1470 2599 1515 2620 Vos
1532 2598 1631 2625 vidistis,
1651 2597 1714 2626 quod
1731 2597 1760 2619 de
1777 2597 1840 2619 eaelo
1857 2597 1946 2620 locutus
1967 2598 2009 2619 sim

1165 2636 1239 2659 vobis.
1257 2637 1312 2659 ibid.
1334 2637 1375 2663 31,
1402 2637 1438 2658 18:
1461 2636 1573 2665 Deditque
1594 2637 1705 2658 Dominus
1726 2636 1819 2664 Moysi...
1841 2635 1899 2657 duas
1922 2635 2010 2658 tabulas

1166 2676 1287 2697 testimonii
1305 2675 1421 2703 lapideas,
1439 2676 1535 2703 scriptas
1552 2675 1624 2703 digito
1642 2675 1688 2697 Dei.
1707 2674 1751 2697 Cl'r.
1770 2674 1809 2701 34,
1831 2675 1848 2696 l.
1866 2677 1887 2696 et
1905 2674 1969 2696 Deut.
1983 2674 2009 2701 9,

1170 2715 1203 2736 10.
1215 2715 1280 2736 —ln
1297 2714 1342 2736 fine
1354 2721 1403 2742 arg.
1421 2721 1463 2741 pro
1478 2713 1643 2743 principaliter
1659 2713 1710 2736 cod.
1727 2714 1743 2735 Z
1759 2713 1843 2742 potius.

1228 2753 1237 2768 ⁵
1256 2753 1319 2775 Vcrs.
1337 2754 1358 2775 7.
1371 2766 1401 2768 —
1413 2754 1517 2775 Glossam
1538 2753 1629 2775 exhibet
1646 2753 1702 2775 Petr.
1726 2752 1848 2774 Lombard.
1865 2754 1887 2773 et
1907 2751 2010 2779 Lyranus

1166 2796 1192 2814 ut
1208 2791 1391 2815 interlinearem.
1410 2792 1509 2820 llaymo,
1527 2792 1549 2813 in
1568 2793 1629 2813 hunc
1646 2791 1737 2818 locum⁷
1756 2792 1800 2812 ait:
1822 2789 1886 2812 Nam
1903 2789 2010 2818 concupi-

1165 2831 1279 2854 scentiam
1296 2831 1396 2854 libidinis
1413 2831 1557 2859 aliarumque
1574 2830 1687 2852 malarum
1700 2834 1777 2851 reruni
1795 2827 1938 2856 nesciebam,
1958 2828 2010 2851 sub-

1166 2871 1247 2892 audis:
1269 2874 1389 2898 peccatum
1406 2876 1468 2896 esse,
1486 2869 1533 2892 nisi
1553 2869 1602 2891 Lex
1620 2868 1722 2891 diceret:
1739 2867 1794 2890 Non
1811 2867 1968 2896 concupisces.
1980 2880 2010 2883 —

1166 2910 1188 2931 ln
1206 2909 1353 2931 conclusione
1375 2915 1424 2936 arg.
1446 2911 1498 2936 post
1514 2908 1569 2931 Non
1591 2905 1740 2935 concupisces
1757 2905 1807 2927 Vat.
1825 2905 1895 2928 addit.
1913 2905 2010 2929 domam

1163 2947 1272 2977 proatimi
1288 2947 1337 2976 tui,
1357 2953 1399 2971 uae
1416 2945 1557 2970 desiderabis
1574 2951 1676 2968 uxorem
1693 2944 1743 2967 eius
1759 2950 1801 2968 nec
1818 2951 1914 2968 servum.
1931 2949 1973 2967 etc.
