2166 3366
132 315 245 333 Notandum.

142 2262 222 2280 Dubium
239 2262 254 2279 l.

262 182 317 212 396

257 264 329 290 terat
350 261 438 289 Deum
458 259 595 296 placare,
610 257 739 294 quamvis
762 257 918 285 voluntarie
940 256 1106 293 perferendo

260 311 378 337 mortem
410 309 503 344 posset
534 306 591 334 Deo
609 304 733 341 placere.
756 304 883 332 Christus
909 306 1019 337 autem,
1041 303 1106 339 quia

263 356 321 384 sine
343 354 436 383 debito
458 353 556 381 mortis
584 351 699 388 pertulit
722 354 856 381 mortem,
878 353 905 379 et
925 349 1041 387 placere
1062 358 1107 386 po-

260 403 313 430 tuit
333 405 360 430 et
377 400 517 438 placare:
537 399 670 436 placere,
692 399 758 435 quia
786 406 823 426 ex
851 398 923 426 bona
944 397 1107 430 voluntate;

259 449 380 486 placare
402 455 486 481 vero,
506 448 571 483 quia
592 448 704 483 praeter
727 444 928 473 necessitatem.

338 494 377 523 Ad
398 494 469 522 illud
493 501 558 522 vero
580 493 654 530 quod
671 492 761 529 primo
776 491 906 520 obiicitur
920 491 954 519 de
969 490 1107 524 Anselmo,

262 541 428 575 dicendum.
450 540 541 578 quod,
563 540 635 568 sicut
656 542 731 576 patet
752 546 787 567 ex
822 539 881 575 ipsa
903 538 975 566 serie
996 540 1106 571 textus,

260 589 406 618 Anselmus
439 587 563 625 loquitur
596 587 631 615 ibi
664 586 698 615 de
729 586 852 618 Christo;
883 589 1022 619 attamen,
1049 587 1108 613 esto

260 636 335 674 quod
358 635 427 664 illud
450 635 484 664 de
505 634 567 663 aliis
589 633 807 669 intelligeretur,
829 640 883 661 non
899 632 1026 669 sequitur
1047 639 1109 668 pro-

261 687 323 721 pter
345 684 413 717 hoc,
435 682 510 719 quod
539 681 623 709 homo
644 688 697 709 non
721 680 755 708 sit
776 680 885 708 debitor
907 679 1017 713 mortis,
1043 679 1109 715 quia

260 734 351 768 potest
372 730 456 758 homo
488 729 578 757 facere
609 735 660 765 per
691 727 790 756 bonam
814 727 985 755 voluntatem
1009 726 1043 754 de
1065 733 1110 754 ne-

261 778 388 807 cessitate
409 776 551 805 virtutem.
579 791 612 795 —
627 775 784 808 Praeterea,
799 774 900 811 aliquis
915 776 957 802 est
972 772 1108 801 moriendi

261 825 379 859 modus,
401 824 437 852 ad
458 831 542 860 quem
565 830 619 851 uon
641 829 741 850 sumus
763 821 920 849 necessario
941 819 1062 856 obligati.

340 872 371 900 Et
393 879 443 908 per
466 871 517 899 hoc
539 872 614 907 patet
636 876 770 906 sequens7
803 868 868 904 quia
899 867 1025 896 debitum
1055 874 1108 895 non

264 919 335 948 tollit
356 918 488 947 meritum
510 916 699 953 simpliciter,
722 915 769 943 sed
795 914 926 943 meritum
954 913 1028 942 illius
1046 921 1110 950 per-

262 965 355 1004 fectae
375 964 554 1003 placationis,
577 972 633 1000 qua
664 963 739 991 Deus
772 961 967 990 reconciliatus
998 964 1039 989 est
1061 960 1108 988 toti

262 1015 386 1043 humano
408 1012 501 1049 generi
515 1012 530 1039 ¹.

342 1061 380 1089 Ad
402 1059 471 1088 illud
493 1059 569 1096 quod
591 1057 720 1086 obiicitur
742 1056 776 1085 de
798 1055 966 1089 obedientia,
990 1055 1044 1082 iam
1067 1062 1111 1091 pa-

263 1111 300 1137 tet
321 1106 465 1144 responsio
486 1114 536 1142 per
557 1113 590 1134 ea
611 1112 682 1142 quae
705 1103 777 1132 dicta
799 1103 892 1131 sunt‘2.

626 1198 694 1225 Dt'ss.
716 1197 745 1225 V.

342 1295 408 1322 Item
432 1292 578 1330 quaeritur
600 1292 634 1320 de
657 1291 708 1319 hoc
737 1290 813 1327 quod
842 1289 908 1318 dicit
934 1289 1110 1317 Ambrosius:

266 1341 389 1371 Sctlvctrt'
415 1348 473 1368 uon
498 1347 667 1376 possemus,
699 1337 760 1365 msa?
789 1336 960 1374 unigenitus
987 1335 1039 1364 Det
1068 1335 1113 1363 Fi-

265 1389 322 1417 lius
344 1391 509 1416 moreretur
527 1394 584 1423 pro
605 1384 688 1413 *uobis
710 1383 887 1412 debitoribus
908 1382 1021 1411 mortis.
1045 1382 1114 1411 Con-

266 1440 331 1464 tra:
354 1434 449 1463 nullus
471 1433 581 1462 debitor
603 1431 700 1460 mortis
722 1434 763 1459 est
785 1430 886 1467 dignus
908 1430 978 1458 vita:
1001 1437 1068 1466 ergo
1090 1429 1111 1458 si

266 1482 404 1511 Abraham
427 1481 479 1509 fuit
501 1480 609 1509 debitor
638 1478 752 1512 mortis,
773 1486 827 1506 non
849 1485 915 1514 ergo
936 1476 989 1505 fuit
1010 1476 1112 1513 dignus

266 1530 331 1558 vita.
353 1546 391 1550 —
423 1529 489 1557 Item
521 1527 682 1564 quaeritur:
715 1526 749 1554 de
782 1533 836 1562 qua
867 1528 956 1553 morte
988 1523 1114 1560 intelligi-

938 179 1190 207 SENTENTIARUM
1212 178 1271 207 Ltss.
1293 178 1332 206 111.

1164 259 1232 284 tur?
1254 259 1302 286 aut
1323 256 1358 285 de
1381 259 1468 285 morte
1491 255 1657 292 corporali,
1679 259 1727 284 aut
1749 255 1783 284 de
1805 259 1893 284 morte
1920 256 2009 293 spirt-

1166 303 1248 331 tuctlt‘.
1264 303 1291 331 Si
1313 303 1348 332 de
1364 306 1452 332 morte
1474 302 1645 340 spirituali,
1661 302 1763 331 falsum
1774 302 1783 317 ³
1804 306 1854 337 est,
1869 303 1935 340 quia
1956 303 2008 331 viri

1164 349 1228 379 iusti
1252 358 1306 378 non
1339 353 1403 378 sunt
1435 349 1511 386 digni
1533 353 1624 378 morte
1646 349 1798 386 spirituali;
1820 349 1841 377 si
1864 349 1898 378 de
1921 353 2008 378 morte

1164 397 1331 434 corporali:
1353 400 1402 425 aut
1423 397 1560 425 naturali
1567 419 1576 430 ,
1598 399 1647 425 aut
1667 395 1800 424 violenta.
1822 396 1861 425 De
1884 396 2009 425 violenta

1164 451 1218 471 non
1241 448 1282 472 est
1305 451 1420 478 verum,
1442 443 1507 481 quia
1530 451 1584 472 non
1611 451 1708 472 omnes
1739 443 1879 472 debitores
1910 450 2009 483 sumus

1164 489 1227 518 talis
1250 490 1354 518 mortis.
1377 490 1403 518 Si
1433 490 1467 518 de
1496 490 1648 524 naturali,
1679 493 1744 519 tunc
1776 490 1903 524 videtur,
1934 489 2009 527 quod

1164 536 1234 564 nihil
1265 536 1347 564 faciat
1378 537 1414 565 ad
1445 537 1637 574 propositum,
1665 537 1731 574 quia
1759 545 1835 565 mors
1866 536 1913 565 illa
1933 540 2011 565 natu-

1165 582 1232 611 ralis
1253 591 1306 611 non
1329 583 1445 620 impedit
1467 583 1616 618 meritum,
1637 591 1687 612 nec
1709 583 1810 621 aliquis
1830 583 1866 611 ab
1885 583 1932 611 illa
1946 583 2011 612 libe-

1165 632 1245 658 ratur
1267 638 1316 666 per
1337 630 1495 664 Christum;
1516 638 1613 659 omnes
1633 630 1707 659 enim
1730 631 1897 659 moriuntur.

1244 677 1420 705 Rusrouneo:
1444 676 1611 711 Dicendum,
1633 677 1706 714 quod
1729 686 1810 705 mors
1824 677 1926 706 dicitur
1942 678 2011 706 mul-

1165 714 1305 760 tipliciter.
1339 724 1383 752 Est
1414 723 1488 752 euim
1520 731 1597 752 mors
1624 724 1762 761 separatio
1783 724 1891 753 animae
1913 732 1929 753 a
1950 733 2011 752 cor-

1163 779 1255 807 pore;
1277 774 1303 799 et
1325 773 1366 798 est
1388 778 1463 798 mors
1491 771 1629 807 separatio
1649 771 1759 800 animae
1779 779 1795 799 a
1818 771 1874 799 Deo
1896 774 2010 808 propter

1167 821 1329 855 peccatum:
1350 821 1377 847 et
1397 822 1439 846 est
1461 825 1537 846 mors
1571 819 1709 855 separatio
1736 818 1845 847 animae
1866 826 1882 846 a
1902 818 2012 847 visione

1169 865 1222 894 Det
1242 865 1272 893 iu
1291 869 1466 902 perpetuum
1474 876 1484 898 ‚·
1505 869 1531 894 et
1552 868 1594 894 est
1617 874 1692 894 mors
1714 866 1852 903 separatio
1873 866 1981 894 animae
1996 874 2012 894 a

1167 912 1277 941 visione
1298 912 1352 940 Dei
1371 912 1412 941 cut
1433 916 1544 949 tempus
1555 912 1572 940 ⁴.
1594 912 1663 941 Cum
1679 921 1745 950 ergo
1760 912 1826 941 dicit
1840 912 2012 947 Ambrosius,

1167 959 1242 997 quod
1270 970 1283 985 (t
1297 959 1424 988 Christus
1453 962 1583 988 mortuus
1611 963 1652 988 est
1678 967 1727 996 pro
1749 959 1922 988 debitoribus
1943 967 2014 988 mor-

1167 1008 1202 1035 tis
1213 1018 1226 1032 »
1234 1018 1241 1041 3
1262 1007 1399 1043 accipitur
1422 1015 1502 1035 mors
1523 1007 1614 1044 primo
1636 1010 1663 1035 et
1683 1009 1783 1043 quarto
1799 1006 1888 1035 modo.
1911 1006 2013 1035 Omnes

1167 1054 1241 1083 enim
1264 1061 1363 1082 sumus
1384 1053 1525 1081 debitores
1540 1053 1637 1082 mortis
1652 1054 1743 1090 primo
1758 1053 1853 1088 modog
1875 1056 1902 1082 et
1917 1061 2013 1082 omnes

1168 1101 1308 1130 debitores
1339 1103 1420 1129 erant
1452 1100 1548 1128 mortis
1580 1104 1681 1137 quarto
1702 1101 1800 1135 mod03
1833 1104 1859 1129 et
1890 1108 1940 1129 nos
1962 1100 2014 1137 ipsi

1168 1147 1308 1176 debitores
1328 1155 1466 1181 essemus,
1487 1147 1540 1175 nisi
1562 1147 1684 1183 pretium
1707 1147 1830 1176 solutum
1852 1151 1933 1176 esset.

1248 1195 1279 1222 Et
1300 1202 1351 1231 per
1371 1195 1423 1223 hoc
1456 1197 1530 1231 patet
1561 1194 1705 1231 responsio
1736 1194 1771 1223 ad
1803 1202 1835 1222 ea
1856 1202 1928 1232 quae
1949 1194 2015 1223 obii-

1169 1242 1296 1275 ciuntur‚
1319 1241 1384 1278 quia
1406 1241 1530 1270 debitum
1564 1241 1626 1270 talis
1660 1242 1757 1270 mortis
1788 1250 1841 1270 non
1864 1242 2014 1279 opponitur

1169 1288 1295 1324 dignitati
1320 1288 1390 1316 vitae
1421 1291 1560 1316 aeternae.
1595 1288 1668 1316 Patet
1694 1288 1792 1322 etiam,
1815 1288 1896 1317 cuius
1917 1288 2015 1317 mortis

1169 1343 1268 1363 sumus
1290 1334 1438 1363 debitores.
1462 1335 1492 1363 Et
1513 1335 1540 1373 si,
1559 1334 1667 1368 obiicit,
1689 1335 1764 1372 quod
1781 1343 1857 1364 mors
1878 1335 2015 1364 naturalis

1170 1390 1224 1410 non
1260 1381 1330 1410 tollit
1366 1381 1561 1418 perfectionem
1598 1382 1705 1416 meriti3
1741 1382 1908 1417 dicendum,
1944 1382 2015 1412 sicut

1170 1429 1268 1466 prius⁵
1290 1428 1395 1457 dictum
1418 1428 1482 1463 suit,
1504 1428 1579 1465 quod
1602 1436 1656 1456 non
1672 1428 1742 1457 tollit
1758 1429 1953 1466 perfectionem
1969 1438 2016 1458 eu-

1170 1476 1342 1513 iuseumque
1364 1475 1471 1509 meriti,
1493 1475 1541 1504 sed
1564 1475 1654 1504 meriti
1682 1474 1830 1512 perfectae
1858 1476 2017 1505 satisfactio-

1170 1522 1213 1551 nis
1233 1530 1285 1559 pro
1306 1522 1395 1550 salute
1417 1522 1527 1559 generis
1548 1522 1673 1550 humani.

933 1620 1222 1657 DISTINOTIO
1250 1618 1354 1654 XIX.

642 1732 703 1758 CAP.
723 1732 739 1757 1.

349 1820 471 1853 Qualiter
489 1828 505 1846 a
525 1818 633 1845 diabolo
654 1823 676 1844 et
696 1826 711 1844 u
729 1821 835 1852 peceato
855 1816 968 1842 redemi!
986 1823 1035 1841 nos

526 1860 649 1888 Christus
668 1869 716 1895 per
735 1864 855 1886 mortem.

339 1950 415 1976 Nune
445 1949 524 1983 igitur
552 1954 732 1982 quaeramus,
761 1946 897 1981 quomodo
926 1953 974 1979 per
1002 1949 1114 1972 mortem

269 1993 354 2027 ipsius
374 2000 388 2019 a
408 1991 516 2018 diabolo
536 1995 562 2017 et
582 1998 594 2017 a
626 1993 739 2024 peccato
768 1993 793 2015 et
821 1996 836 2015 a
868 1996 955 2023 poena
985 1988 1116 2022 redempti

269 2044 369 2063 sumus.
389 2050 425 2055 —-
443 2036 463 2062 A
484 2034 591 2061 diaholo
619 2034 698 2068 igitur
717 2036 741 2060 et
762 2040 775 2058 a
796 2035 908 2067 peccato
941 2039 990 2066 per
1018 2031 1114 2058 Christi

270 2082 381 2106 mortem
402 2078 506 2105 liberati
521 2085 627 2109 sumus,
641 2077 717 2111 quia,
732 2080 759 2102 ut
773 2076 809 2102 ait
823 2075 965 2109 Apostolus
976 2074 994 2107 ¹,
1010 2074 1038 2101 in
1057 2082 1116 2101 scm-

267 2122 349 2159 yut‘ne
378 2121 464 2157 ipsius
490 2120 628 2156 iustificati
647 2128 755 2150 szmzus,
777 2122 802 2145 et
823 2119 846 2144 in
867 2126 912 2150 eo,
932 2118 1003 2152 quod
1025 2125 1117 2144 sumus

270 2165 422 2197 iustificati,
443 2165 467 2191 i‹l
498 2168 535 2191 est
565 2171 579 2190 a
601 2163 720 2197 peccatis
739 2162 832 2194 soluti,
862 2170 876 2188 a
896 2161 1004 2187 diabolo
1024 2169 1117 2188 sumus

270 2209 389 2236 liberati.
410 2208 454 2242 qui
477 2215 524 2234 nos
545 2206 658 2233 vinculis
672 2209 845 2239 peccatorum
861 2205 974 2231 tenebat.
989 2204 1040 2231 Sed
1055 2212 1118 2239 quo-

269 2252 348 2279 modo
369 2259 383 2278 a
403 2251 522 2286 peccatis
542 2258 589 2284 per
609 2250 667 2276 eius
689 2252 799 2275 mortem
820 2248 899 2274 soluti
920 2249 1032 2274 sumus?
1051 2247 1116 2278 Quia

270 2303 318 2330 per
338 2295 395 2321 eius
416 2297 540 2325 mortem,
562 2296 589 2319 ut
609 2292 645 2319 ait
672 2291 824 2326 Apostolus,
850 2290 1054 2317 eommemlutm-
1073 2298 1117 2316 no-

272 2337 310 2364 bis
330 2336 429 2363 caritas
448 2335 511 2366 Det,
533 2335 558 2361 id
579 2338 630 2366 est,
651 2337 763 2369 apparet
783 2334 881 2360 eximia
905 2337 930 2360 et
950 2333 1118 2360 commenda-

271 2380 332 2407 bilis
352 2380 450 2406 caritas
465 2379 509 2405 Dei
532 2385 594 2411 erga
609 2385 657 2404 nos
681 2377 705 2403 in
727 2377 792 2408 hoc.
815 2376 887 2411 quod
911 2376 1015 2403 Filium
1037 2384 1118 2403 suum

273 2422 385 2450 tradidit
406 2422 436 2449 tn
455 2426 569 2448 mortem
590 2429 638 2456 pro
670 2420 746 2447 nobis
774 2419 971 2455 peecatoribus.
991 2419 1117 2446 Exhibita

272 2470 360 2493 autem
382 2469 469 2492 tautae
490 2472 551 2499 erga
572 2472 619 2490 nos
639 2463 790 2490 dilectionis
810 2463 898 2494 arrha,
919 2466 944 2489 et
964 2470 1011 2489 uos
1031 2470 1119 2489 move-

1173 1742 1233 1761 mur
1253 1734 1481 1769 accendimurque
1495 1734 1527 1760 ad
1543 1734 1712 1767 diligendum
1726 1735 1820 1768 Deum,
1840 1735 1885 1769 qui
1905 1743 1954 1770 pro
1975 1743 2017 1762 no-

1173 1778 1213 1804 bis
1234 1777 1326 1804 tanta²
1346 1777 1421 1807 feeit:
1442 1781 1468 1803 et
1487 1784 1535 1811 per
1556 1777 1606 1803 hoc
1620 1777 1809 1810 iustificamur,
1830 1778 1855 1803 id
1879 1781 1918 1804 est
1937 1778 2015 1805 soluti

1173 1829 1186 1847 a
1208 1821 1339 1855 peccatis,
1361 1821 1420 1847 iusti
1442 1820 1581 1847 efficimur.
1602 1821 1672 1846 Mors
1698 1820 1777 1854 igitur
1797 1820 1894 1847 Christi
1913 1829 1961 1847 uos
1982 1822 2018 1848 iu-

1172 1865 1281 1893 stificat,
1310 1864 1373 1890 dum
1405 1871 1453 1898 per
1481 1871 1538 1890 eam
1568 1864 1667 1890 caritas
1692 1864 1825 1890 excitatur
1845 1864 1870 1890 in
1890 1864 2018 1891 cordibus

1172 1907 1276 1933 uostris.
1293 1921 1328 1926 --
1342 1907 1462 1933 Dicimur
1476 1913 1584 1940 quoque
1604 1909 1630 1932 et
1643 1905 1720 1932 aliter
1732 1913 1781 1940 per
1794 1910 1907 1933 mortem
1921 1906 2018 1933 Christi

1173 1950 1326 1981 iustificari,
1346 1949 1409 1983 quia
1429 1956 1478 1983 per
1496 1948 1575 1975 fidem
1596 1950 1688 1975 mortis
1708 1949 1765 1975 eius
1779 1956 1794 1975 a
1812 1950 1931 1983 pec-eatis
1946 1957 2019 1977 mun-

1173 1992 1276 2019 damur.
1306 1992 1381 2018 Unde
1411 1991 1588 2026 Apostolus³z
1614 1991 1722 2018 Iustitia
1750 1991 1801 2018 Dei
1818 1996 1854 2019 est
1872 2001 1921 2027 per
1936 1992 2018 2028 fidem

1173 2036 1233 2062 lesu
1255 2034 1368 2067 Christi,¹
1389 2039 1414 2062 et
1434 2035 1549 2062 ibidem:
1571 2036 1653 2068 Quem
1677 2036 1747 2062 Deus
1768 2035 1910 2071 proposuit
1924 2035 2020 2071 propi-

1174 2078 1296 2105 tiatorem
1308 2087 1357 2113 ρει·
1369 2078 1449 2113 fidem
1472 2078 1500 2105 iu
1514 2078 1647 2113 suuyut‘ne
1667 2078 1767 2114 ipsius,
1782 2079 1806 2105 id
1821 2082 1861 2105 est
1873 2087 1921 2114 per
1940 2079 2018 2106 tidem

1173 2121 1319 2155 passionis,
1340 2124 1368 2147 ut
1382 2121 1444 2147 olim
1459 2121 1619 2155 aspicientes
1638 2121 1663 2147 in
1678 2124 1827 2155 serpentem
1848 2129 1973 2154 aeneum,
1994 2122 2019 2148 iu

1174 2163 1245 2196 ligno
1266 2167 1398 2195 erectum,
1427 2171 1440 2190 a
1471 2164 1605 2190 morsibus
1624 2167 1778 2198 serpentum
1801 2164 1972 2191 sanabantur.
1992 2164 2019 2191 Si

1175 2214 1237 2240 ergo
1258 2211 1329 2233 recte
1350 2207 1409 2233 fidei
1438 2207 1532 2233 intuitu
1554 2207 1579 2233 in
1609 2207 1682 2234 illum
1712 2207 1884 2241 respicimus,
1904 2208 1949 2242 qui
1970 2215 2019 2242 pro

1175 2250 1252 2277 nobis
1271 2250 1399 2285 pependit
1419 2251 1444 2276 in
1474 2251 1556 2283 ligno,
1577 2258 1591 2277 a
1621 2251 1734 2277 vinculis
1753 2251 1852 2277 diaboii
1877 2251 2019 2283 solvimur.

1175 2293 1200 2319 id
1221 2296 1260 2319 cst
1280 2300 1295 2319 a
1314 2293 1445 2327 peccatis,
1465 2296 1488 2319 et
1510 2294 1545 2319 ita
1564 2301 1579 2320 a
1606 2293 1712 2320 diabolo
1740 2293 1903 2326 liberamur,
1923 2297 1951 2320 ut
1970 2301 2019 2320 nec

1175 2339 1235 2370 post
1254 2335 1323 2362 hane
1345 2335 1424 2362 vitam
1446 2336 1471 2361 in
1492 2336 1569 2362 nobis
1582 2336 1697 2362 iuveniat
1711 2336 1783 2370 quod
1797 2337 1898 2370 puniat.
1915 2347 1925 2359 «
1936 2336 2020 2363 Morte

1175 2378 1277 2412 quippe
1297 2386 1344 2405 sua
1374 2386 1426 2405 uno
1456 2378 1595 2405 verissimo
1614 2378 1747 2405 sacrificio
1771 2378 1902 2413 quidquid
1931 2379 2021 2413 culpa-

1175 2428 1233 2448 rum
1254 2424 1325 2452 erat,
1345 2421 1416 2448 unde
1436 2429 1483 2447 nos
1503 2421 1626 2448 diabolus
1645 2421 1678 2448 ad
1693 2421 1789 2448 luenda
1803 2421 1936 2456 supplicia
1957 2422 2020 2449 deti-

1176 2464 1269 2495 nebat,
1299 2464 1419 2490 Christus
1448 2464 1595 2491 exstinxit⁴
1609 2476 1632 2497 υ,
1653 2468 1681 2491 ut
1701 2465 1726 2491 iu
1746 2465 1797 2492 hac
1817 2465 1869 2491 vita
1895 2465 2020 2492 tentando

337 2597 343 2611 ¹
361 2596 405 2619 Cl'r.
424 2597 479 2618 infra
499 2596 520 2618 d.
540 2596 576 2618 ⁶20.
595 2602 616 2624 q.
636 2596 656 2617 3.
675 2601 722 2623 seq.
740 2599 761 2617 et
779 2595 877 2616 Anselm.
897 2595 952 2617 loce.
970 2595 1015 2617 citt.

335 2636 344 2650 2
362 2636 417 2658 Cod.
437 2636 454 2657 tu
474 2635 552 2657 addit:
571 2636 681 2663 quoniam
699 2637 731 2656 est
749 2633 852 2656 debitum
870 2633 977 2656 bonitatis
998 2635 1046 2656 sive
1064 2635 1118 2656 cari-

273 2677 335 2703 taus,
354 2679 376 2697 et
393 2675 496 2697 debitum
523 2675 668 2696 necessitatis.
688 2674 788 2695 Primum
808 2679 851 2695 non
870 2677 903 2696 est
921 2673 1051 2701 0110011105,
1077 2674 1118 2696 sed

273 2721 335 2736 mera
355 2714 487 2740 liberalitas;
506 2714 548 2736 tale
566 2714 607 2734 t‘uit
623 2713 644 2734 in
663 2712 759 2735 Christo.
778 2712 910 2734 Secundum
924 2712 1026 2734 debitum
1044 2713 1084 2734 suit
1097 2713 1118 2734 iu

273 2752 351 2780 nobis,
371 2759 415 2774 non
433 2753 454 2773 ]“ι]
473 2753 530 2779 ipso.
548 2763 580 2768 -—-
598 2751 644 2773 lloc
666 2750 763 2773 dubium
790 2750 881 2772 solvunt
898 2751 965 2772 etiam
984 2751 1008 2772 Β.
1026 2751 1118 2778 Α11>εψι.,

274 2793 309 2814 hic
327 2799 346 2813 a.
370 2792 406 2818 Ι3;
424 2791 446 2812 S.
466 2791 556 2817 Tuom.y
575 2791 611 2812 hic
628 2791 686 2812 circa
706 2790 735 2811 lit.

335 2829 344 2844 3
362 2830 417 2852 Cod.
437 2830 450 2851 F
468 2830 591 2857 praemittit
607 2829 647 2852 sir.

338 2868 346 2882 ⁴
363 2868 406 2891 Ct'r.
426 2869 529 2896 August.‚
549 2868 603 2889 xitt.
621 2868 649 2890 cle
668 2867 716 2890 civ.
735 2868 781 2895 Dei,
799 2874 818 2889 c.
837 2868 857 2889 2.

337 2907 347 2921 ⁵
364 2907 438 2928 Dubio
457 2907 563 2934 praeced.
580 2919 611 2922 —
629 2907 659 2928 De
679 2907 721 2928 hoe
738 2906 810 2928 dubio
827 2906 880 2928 vide
898 2907 959 2928 Alex.
977 2906 1035 2933 flat,
1057 2907 1079 2928 S.
1098 2913 1119 2934 p.

275 2946 307 2967 tit.
326 2952 347 2973 q.
370 2946 402 2967 18.
422 2952 451 2967 11].
469 2947 489 2967 s).
510 2953 529 2967 a.
549 2945 577 2973 Δίς
596 2946 619 2968 Β.
640 2946 739 2972 Albert.y
759 2947 794 2967 hit·
811 2952 830 2967 a.
853 2945 890 2969 14:
915 2946 972 2968 petr.
995 2952 1006 2967 a
1029 2946 1081 2967 Tar.
1099 2948 1120 2967 et

274 2984 381 3006 Ricliurd.
399 2990 410 3005 a
429 2984 493 3011 tiled.⁷
512 2985 547 3006 hic
564 2985 621 3006 cirea
641 2985 670 3007 lit.

1347 2593 1442 2617 NOTAE
1460 2593 1497 2617 AD
1514 2594 1590 2617 LIBR.
1610 2594 1847 2618 SENTENTIARUM.

1239 2634 1245 2648 ¹
1265 2634 1330 2656 iloni.
1349 2634 1375 2661 3,
1395 2633 1431 2655 24.
1449 2633 1485 2655 25.
1504 2634 1555 2662 Seq.
1578 2634 1641 2656 locus
1662 2637 1695 2655 est
1717 2634 1782 2656 Rom.
1801 2634 1826 2662 5,
1845 2635 1866 2656 8.
1890 2635 1910 2656 9.
1933 2634 2020 2656 Tamen

1177 2674 1198 2695 lii
1218 2674 1259 2695 loci
1277 2674 1408 2700 scripturae
1425 2673 1483 2694 sicut
1500 2677 1522 2695 et
1540 2679 1605 2701 seqq.
1622 2673 1765 2701 aliquatenus
1782 2674 1890 2695 contracti
1907 2677 1970 2701 sunt,
1983 2674 2019 2695 vel

1175 2720 1187 2734 a
1208 2713 1302 2740 Vulgata
1322 2712 1434 2734 differunt.

1237 2751 1247 2765 2⁷
1264 2751 1336 2773 Codd.
1355 2750 1449 2773 BCDE
1466 2755 1488 2773 et
1504 2751 1557 2773 edd.
1580 2751 1601 2777 l,
1621 2751 1646 2778 3,
1664 2751 1678 2772 7
1696 2752 1795 2773 tuntum.

1238 2790 1248 2804 ³
1266 2791 1331 2812 Rom.
1350 2791 1374 2818 3,
1393 2791 1429 2812 22.
1448 2790 1484 2812 25.
1503 2791 1630 2818 tiespicttur
1647 2791 1739 2812 Numer.
1757 2791 1797 2817 21,
1816 2791 1836 2812 9.

1239 2827 1247 2842 ⁴
1265 2830 1374 2856 August.⁷
1392 2829 1428 2850 lv.
1453 2828 1481 2850 de
1499 2829 1562 2850 Trin.
1580 2835 1598 2850 c.
1621 2829 1653 2850 13.
1672 2835 1693 2850 n.
1716 2829 1752 2853 17,
1770 2827 1809 2850 ubi
1827 2828 1893 2849 etiam
1911 2834 1970 2856 quae
1988 2835 2020 2850 se-

1177 2871 1279 2896 quuntur
1296 2868 1447 2889 insinuantur.
1471 2867 1546 2889 verba
1565 2868 1684 2895 Augustini
1702 2869 1755 2888 sunt
1770 2867 1837 2888 eliam
1856 2867 1876 2887 in
1895 2866 1973 2888 Glossa
1991 2867 2019 2889 ad

1177 2906 1252 2929 Colos.
1270 2907 1296 2929 ⁴2,
1320 2907 1357 2933 12,
1375 2906 1438 2933 apud
1456 2906 1579 2933 Lyn-unum.
1593 2906 1660 2927 rauto
1672 2905 1765 2926 iuferius
1782 2905 1901 2932 respicitur
1914 2905 1967 2927 Luc.
1980 2906 2019 2933 2⁴2,

1178 2945 1215 2967 56.
1232 2951 1296 2974 seqq.
1315 2945 1354 2972 (de
1371 2946 1491 2972 negatione
1508 2945 1575 2972 Petri)
1588 2947 1609 2965 et
1621 2944 1674 2965 Luc.
1698 2943 1734 2970 ll,
1752 2943 1781 2964 2‘2
1799 2942 1837 2971 (de
1848 2943 1899 2965 sorti
1911 2946 2019 2972 armato),

1177 2983 1277 3011 denique
1295 2984 1328 3005 Ps.
1347 2984 1389 3011 68,
1407 2983 1428 3004 5.

2026 729 2075 748 Mors
2084 730 2149 749 dicitur
2158 719 2164 750 ,Ἴ

2023 753 2149 795 ἱζέιιξιᾰτιιρηεί-
2159 773 2160 776 ¹

2032 1911 2098 1930 1111111.
2136 1904 2139 1905 ’

2032 1957 2114 1976 Dubium
2128 1957 2145 1975 ⁴2.

2030 2339 2150 2362 Augustinus.
