2166 3366
730 174 813 202 DIST.
836 174 875 202 Ill.
897 174 924 202 P.
946 174 975 202 11.
997 174 1070 203 ΛΒΤ.
1090 174 1109 202 Ι.
1131 174 1267 211 QUAEST.
1290 174 1307 203 l.
1856 176 1888 205 81

793 288 979 316 TffiCTATIO
1000 288 1242 325 QUAESTIONUM.

222 375 260 404 .th
283 375 492 412 intelligentiam
514 375 599 403 huius
620 374 708 411 partis
729 374 810 402 iuxta
824 374 893 408 tria,
915 383 987 411 quae

144 422 272 459 Magister
294 421 476 455 determinat,
498 421 594 449 incidit
615 420 661 449 hic
682 420 817 458 quaestio.

223 468 313 497 Primo
334 468 480 505 quaeritur
500 467 535 496 de
556 467 658 496 Christi
678 467 869 496 decimatione.

221 515 348 544 Secundo
369 514 516 552 quaeritur
530 514 565 542 de
580 514 672 543 carnis
686 513 787 542 Christi
804 514 987 543 traductione.

221 561 313 590 Tertio
328 560 473 598 quaeritur
484 560 518 589 de
530 560 661 588 dominici
672 560 797 597 corporis
813 559 985 589 formatione.

1123 375 1201 404 Circa
1222 375 1345 412 primum
1367 380 1544 413 quaeruntur
1566 377 1631 406 duo.

1124 422 1214 450 Primo
1235 423 1398 459 quaeritur,
1420 428 1516 452 utrum
1532 424 1634 462 aliquis
1650 424 1736 462 possit
1757 425 1890 455 decimari

1045 468 1072 496 in
1094 469 1266 506 parentibus.

1123 515 1251 544 Secundo
1271 516 1433 553 quaeritur,
1454 520 1550 546 utrum
1566 517 1694 547 Christus
1709 519 1736 547 in
1752 519 1890 549 Abraham

1044 561 1129 590 fuerit
1149 562 1314 591 decimatus.

872 647 1108 681 ARTICULUS
1134 648 1145 681 Ι
1150 675 1156 681 .

823 741 862 769 De
885 740 995 770 Clo-isti
1015 742 1214 771 decimatione.

918 828 1081 865 Qutsssrio
1102 829 1120 857 1.

633 914 737 943 Utrum
759 914 868 952 aliquis
885 915 980 952 possit
1001 915 1146 944 decimari
1166 916 1197 944 in
1215 917 1398 953 parentibus.

222 1003 300 1031 Circa
314 1002 438 1039 primum
452 1002 491 1030 sic
506 1001 667 1039 proceditur
682 1004 709 1030 et
723 1001 878 1038 quaeritur,
890 1004 987 1030 utrum

143 1049 244 1087 aliquis
265 1049 397 1078 decimari
420 1049 521 1077 habeat
542 1048 569 1076 in
591 1048 763 1085 parentibus.
787 1049 817 1077 Et
838 1049 913 1086 quod
935 1049 987 1083 sic.

143 1097 297 1135 probatur:

223 1145 246 1172 1.
262 1143 313 1172 Per
327 1143 396 1172 illud
412 1142 532 1180 Apostoli
548 1142 583 1171 ad
600 1142 736 1171 Hebraeos
750 1143 868 1179 septimo
880 1142 889 1158 ¹
903 1153 908 1170 :
928 1143 987 1171 Per

0 1183 296 1227 ι,ι-ἰιιιᾱειιιιεηιιΑῖ))·ιιΙιαηι
318 1194 343 1218 ec
363 1190 444 1224 Levi,
466 1189 518 1228 qui
548 1190 677 1218 decimas
708 1190 834 1227 accepit,
864 1189 987 1219 decima-

0 1283 2 1295 i

143 1241 190 1266 tus
210 1241 258 1266 est.

221 1285 247 1312 2.
270 1284 352 1319 item,
373 1284 425 1312 hoc
454 1284 546 1320 ipsum
575 1283 687 1312 videtur
709 1292 759 1321 per
780 1284 965 1320 Augustinum
979 1307 986 1319 ,

142 1331 249 1360 decimo
278 1338 363 1368 super
393 1330 520 1359 Genesim
541 1331 577 1359 ad
600 1330 736 1365 litteram,
768 1334 794 1359 et
816 1331 936 1360 habetur
958 1331 986 1360 in

142 1378 277 1407 Glossa²:
304 1389 318 1404 «
332 1378 422 1412 Sicut,
444 1378 529 1406 Adam
551 1381 700 1415 peccante,
722 1381 910 1415 peccaverunt
938 1379 985 1416 qui

142 1425 170 1454 in
191 1425 295 1454 lumbis
315 1425 376 1453 eius
397 1428 494 1458 erant3
510 1425 561 1458 sic,
576 1424 714 1453 Abraham
737 1424 819 1453 dante
844 1425 985 1460 decimas,

142 1473 190 1510 qui
218 1472 245 1501 in
268 1471 371 1500 lumbis
392 1472 452 1500 eius
473 1474 553 1500 erant
573 1471 702 1500 decimati
724 1475 789 1500 sunt
803 1483 830 1506 »;
851 1472 899 1501 sed
926 1481 986 1501 con-

142 1523 211 1554 stat,
233 1519 308 1557 quod
332 1519 427 1556 proles
448 1519 537 1555 potuit
557 1526 673 1556 peccare
696 1518 723 1546 in
744 1518 847 1547 Adam:
871 1527 937 1556 ergo
959 1523 986 1548 et

142 1566 274 1595 decimari
296 1566 323 1593 in
344 1565 493 1593 Abraham.

221 1612 247 1641 3.
270 1612 352 1646 item,
374 1612 426 1640 hoc
447 1611 539 1648 ipsum
561 1611 673 1640 videtur
687 1611 821 1640 ratione:
843 1613 910 1649 quia
925 1621 987 1649 pro-

142 1660 182 1689 les
204 1660 230 1688 in
253 1658 416 1696 parentibus
436 1661 527 1695 potest
548 1658 661 1687 liberari
682 1662 709 1687 et
724 1658 750 1687 in
766 1659 928 1688 servitutem
946 1668 986 1688 re-

142 1706 214 1743 digi,
236 1706 302 1743 quia
323 1713 424 1734 servus
455 1708 538 1733 natus
568 1708 610 1734 est
641 1705 751 1734 servilis
782 1706 984 1735 conditionis&

141 1761 208 1790 ergo
229 1752 288 1790 pari
310 1752 416 1780 ratione
437 1752 565 1786 videtur,
586 1752 662 1789 quod
684 1752 711 1780 in
737 1753 900 1789 parentibus
921 1753 987 1781 dan-

142 1800 216 1829 tibus
237 1799 360 1828 decimas
380 1798 430 1827 filii
452 1799 573 1828 habeant
594 1798 737 1827 decimari.

219 1847 246 1876 [ι.
268 1847 351 1880 Item,
372 1846 520 1875 decimatio
545 1849 586 1875 est
616 1849 695 1875 actus
724 1846 909 1883 fiyut·ctlis⁴;
936 1847 985 1876 sed

141 1894 232 1932 figura
251 1902 306 1922 non
327 1896 434 1922 tantum
450 1896 492 1922 est
507 1896 635 1930 respectu
650 1893 820 1930 praesentis,
842 1894 890 1922 sed
909 1902 987 1931 prae-

142 1940 215 1969 teriti
236 1943 264 1969 et
283 1940 389 1968 futuri:
411 1947 478 1976 ergo
499 1939 626 1974 videtur,
642 1940 717 1977 quod
733 1948 787 1968 non
803 1943 911 1969 tantum
926 1948 986 1977 pos-

142 1987 177 2016 sit
197 1987 330 2016 decimari
362 1986 389 2014 in
420 1986 534 2023 propria
565 1994 685 2023 persona
717 1986 806 2021 filius,
829 1987 878 2016 sed
900 1988 983 2015 etiam

142 2042 206 2063 cum
227 2037 268 2062 est
289 2033 315 2061 in
338 2036 452 2070 parente
475 2036 606 2070 tanquam
629 2033 655 2061 in
678 2041 762 2062 causa
784 2037 810 2062 et
832 2034 956 2063 materia.

218 2081 270 2109 SED
292 2088 418 2109 CONTRA:
444 2081 467 2108 l.
489 2080 659 2117 AugustInus
675 2080 782 2109 decimo
802 2088 888 2118 super
903 2081 986 2110 Gene-

11 2136 40 2156 Λα
53 2137 124 2161 opposi-
139 2129 192 2158 sim
206 2128 241 2157 ad
257 2128 377 2156 litteram
389 2127 415 2155 ⁵:
437 2138 450 2153 «
465 2127 493 2155 In
515 2127 619 2156 lumbis
640 2127 766 2156 Abrahae
782 2128 851 2156 iilud
867 2128 986 2157 decima-

47 2162 92 2178 tuin.

139 2175 222 2204 batur
243 2175 317 2212 quod
340 2174 493 2203 curabatur
507 2185 540 2206 »ς
560 2174 608 2202 sed
624 2174 673 2202 filii
697 2174 821 2203 Abrahae
843 2184 897 2203 non
920 2179 985 2205 sunt

139 2222 227 2251 curati
250 2221 285 2250 ab
306 2220 450 2258 originali,
473 2221 558 2249 immo
571 2221 626 2249 nati
643 2224 708 2250 sunt
723 2229 788 2250 cum
804 2225 916 2258 peccato
932 2223 985 2251 ori-

139 2269 241 2306 ginali:
263 2276 330 2305 ergo
350 2276 404 2296 non
428 2268 555 2303 videtur,
576 2268 649 2306 quod
674 2268 700 2296 in
722 2269 861 2297 Abraham
880 2270 984 2298 suerint

139 2315 277 2346 decimati.

218 2363 244 2390 ξ).
266 2362 349 2396 Item,
370 2369 434 2389 cum
455 2361 539 2389 datur
560 2361 667 2390 decima
696 2361 730 2390 de
752 2362 908 2396 frumento,
930 2371 982 2391 non

139 2412 253 2446 propter
275 2409 327 2437 hoc
348 2409 432 2437 datur
452 2409 560 2437 decima
584 2409 619 2438 de
648 2409 694 2437 illo
722 2409 878 2443 frumento,
908 2410 981 2446 quod

204 2530 210 2544 ¹
229 2529 293 2552 Vors.
311 2530 332 2552 9.

202 2569 210 2583 2
228 2569 302 2596 Super
320 2568 387 2591 llcbr.
405 2569 427 2591 7.
445 2570 471 2596 9,
490 2575 548 2597 quac
573 2569 651 2591 Glossa
674 2573 708 2592 est
725 2569 853 2592 secondum
871 2570 982 2599 August.y

140 2608 168 2630 X.
185 2608 213 2630 de
231 2609 286 2629 (jen.
304 2608 332 2629 ud
351 2608 380 2629 lit.
398 2614 416 2629 c.
439 2608 472 2629 19.
490 2613 538 2635 seq.
557 2614 577 2629 n.
597 2606 632 2629 34.
656 2614 719 2636 seqq.
739 2608 795 2630 Vide
814 2609 850 2631 liic
867 2609 897 2631 lit.
916 2609 983 2637 Magi-

139 2648 190 2675 stri,
208 2653 227 2669 c.
245 2647 266 2669 3.

200 2685 210 2700 3
227 2685 271 2708 Ct'r.
289 2686 392 2713 Ariston,
412 2686 425 2707 l.
445 2685 506 2706 l¹olit.
524 2691 543 2707 ιτ.
559 2685 580 2707 3.
599 2692 646 2714 seq.
665 2685 693 2709 (c.
713 2686 758 2713 2.),
776 2688 798 2708 et
816 2686 937 2714 Iasonion„
967 2687 981 2709 Ι.

140 2724 231 2746 Institnt.
257 2724 313 2746 luris
334 2725 377 2746 civ.
399 2731 418 2746 c.
437 2724 458 2746 13,
481 2728 503 2746 ct
522 2723 541 2746 si.
562 2724 618 2746 Vide
643 2724 664 2746 ΙΙ.
688 2725 748 2746 Scnt.
767 2724 788 2746 d.
818 2724 852 2746 ii.
870 2732 889 2746 a.
914 2726 934 2747 2.
959 2733 981 2755 q.

144 2763 161 2785 1.
179 2769 226 2791 seq.

202 2801 210 2815 ⁴
227 2801 271 2824 Csr.
289 2802 325 2824 liic
342 2808 405 2830 corp.
423 2802 481 2824 circo
500 2802 576 2824 ssncm.
603 2814 632 2817 —
650 2802 719 2823 l'aulo
744 2802 838 2824 inii-rius
862 2809 888 2824 cx
914 2803 981 2826 codd.

139 2841 156 2863 Α
167 2841 211 2863 ΚΖ
229 2842 364 2864 resarsimus
381 2847 435 2864 cam
452 2842 497 2869 est,
518 2841 580 2870 quod
597 2840 626 2863 ab
644 2841 696 2863 edd.
714 2841 784 2864 ahos-1.
798 2843 838 2864 Alii
856 2842 924 2865 codd.
943 2843 984 2865 scd

139 2886 193 2903 cum
210 2879 280 2903 etiam
304 2881 350 2908 est,
378 2887 437 2909 quae
464 2881 608 2908 transpositio
635 2880 759 2903 verborum
783 2882 859 2903 minos
885 2882 982 2910 proban-

140 2918 167 2941 ‹ln
185 2922 226 2941 est.

202 2958 212 2973 ⁵
228 2957 283 2986 Cap.
301 2959 337 2980 20.
356 2965 377 2981 n.
395 2959 431 2981 36.

266 3008 291 3031 S.
309 3009 396 3031 Bonan.
414 3021 445 3026 -
463 3010 529 3032 Tom.
548 3010 578 3032 ΙΙΙ.

1047 1002 1129 1031 debet
1149 1003 1261 1032 nasci⁶z
1277 1011 1344 1041 ergo
1359 1005 1419 1042 pari
1442 1005 1567 1041 ratione,
1589 1015 1653 1036 cum
1677 1007 1760 1037 datur
1782 1008 1891 1038 decima

1046 1058 1097 1086 pro
1118 1050 1245 1085 homine,
1266 1059 1321 1080 non
1342 1052 1470 1087 videtur,
1492 1054 1566 1090 quod
1593 1054 1639 1083 ille
1661 1055 1709 1092 qui
1731 1057 1890 1085 nasciturus

1045 1100 1087 1125 est
1111 1104 1147 1125 ex
1179 1105 1227 1132 e0‚
1259 1098 1414 1127 decimetur
1443 1099 1470 1127 in
1499 1108 1531 1128 eo
1553 1117 1591 1120 —
1612 1101 1777 1131 sicutenim
1807 1103 1890 1132 homo

1045 1146 1087 1172 est
1107 1144 1135 1172 in
1157 1144 1268 1173 homine
1289 1146 1475 1180 seminaliter,
1497 1147 1536 1175 sic
1558 1155 1675 1184 granum
1698 1148 1725 1176 in
1748 1157 1834 1186 grano
1852 1167 1891 1171 —

1044 1198 1110 1227 ergo
1133 1191 1202 1219 ratio
1224 1191 1276 1220 ista
1297 1192 1369 1220 bona
1390 1193 1510 1222 videtur.

1124 1237 1149 1266 3.
1171 1238 1253 1273 Item,
1275 1239 1346 1267 sicut
1368 1239 1543 1269 circumcisio
1565 1242 1721 1271 remedium
1737 1247 1779 1272 est
1794 1247 1891 1273 contra

1044 1284 1178 1322 originale
1200 1285 1226 1314 in
1244 1286 1312 1323 Lege
1328 1286 1451 1323 figurae,
1473 1290 1500 1316 et
1520 1288 1677 1325 baptismus
1698 1290 1725 1318 in
1746 1291 1816 1328 Lege
1831 1300 1891 1328 gra-

1044 1331 1112 1366 tiae,
1135 1332 1174 1361 sic
1194 1332 1341 1361 decimatio
1363 1333 1390 1362 in
1413 1334 1482 1371 Lege
1504 1338 1635 1370 naturae,
1665 1340 1697 1365 ut
1718 1337 1784 1366 dicit
1812 1338 1890 1376 Ilugo

1044 1378 1080 1407 de
1100 1383 1194 1407 sancto
1216 1379 1363 1414 Victore73
1385 1381 1434 1409 sed
1456 1382 1552 1410 nullus
1576 1382 1601 1410 in
1618 1386 1715 1412 ventre
1731 1385 1828 1414 matris
1843 1394 1889 1423 po-

1044 1425 1097 1454 tuit
1118 1425 1252 1463 baptizari
1274 1435 1324 1456 nec
1346 1427 1526 1457 circumcidi:
1549 1437 1616 1466 ergo
1638 1438 1687 1459 nec
1708 1431 1851 1460 decimari.

1122 1473 1149 1501 [ι.
1170 1473 1253 1507 Item,
1274 1477 1324 1502 aut
1344 1474 1490 1503 ‹lecimari
1509 1479 1550 1504 est
1565 1484 1615 1513 per
1631 1477 1768 1506 decimam
1784 1479 1888 1514 curari,

1043 1522 1093 1547 aut
1112 1519 1257 1548 decimari
1276 1523 1317 1549 est
1332 1521 1366 1550 ad
1382 1522 1519 1550 decimam
1535 1523 1668 1560 obligari,
1683 1528 1732 1553 ant
1746 1525 1891 1554 decimari

1043 1570 1085 1595 est
1106 1566 1140 1595 de
1161 1567 1255 1604 aliquo
1281 1567 1417 1597 decimam
1440 1572 1546 1606 partem
1570 1570 1653 1605 dare,
1675 1574 1724 1599 aut
1745 1572 1890 1601 decimari

1044 1616 1085 1641 est
1106 1621 1156 1650 per
1177 1613 1314 1642 decimam
1346 1615 1550 1651 praefigurari3
1582 1617 1631 1645 sed
1663 1617 1740 1646 nullo
1771 1619 1889 1648 istorum

1043 1660 1192 1688 modorum
1215 1660 1266 1689 suit
1288 1662 1351 1690 Levi
1373 1662 1399 1689 in
1414 1662 1553 1691 Abraham
1569 1663 1739 1697 decimatus,
1759 1666 1824 1702 quia
1839 1674 1889 1695 nec

1043 1715 1094 1744 per
1115 1707 1252 1736 decimam
1274 1711 1405 1742 curatus,
1426 1717 1476 1738 nec
1490 1710 1526 1738 ad
1542 1710 1666 1739 dandum
1686 1711 1808 1741 decimas
1823 1713 1890 1741 obii-

1044 1757 1140 1790 gatus,
1171 1762 1236 1782 cum
1257 1755 1350 1791 potius
1372 1756 1543 1793 reciperet⁸,
1566 1765 1615 1786 nec
1637 1758 1772 1787 decimam
1796 1760 1888 1795 dedit,

1044 1808 1095 1829 nec
1114 1809 1164 1838 per
1185 1801 1322 1830 decimam
1338 1801 1510 1839 significatus
1531 1804 1601 1832 suit:
1623 1812 1690 1841 ergo
1711 1805 1887 1835 nullomodo

1044 1847 1156 1876 videtur
1177 1848 1332 1877 decimatus
1353 1849 1438 1878 suIsse
1460 1850 1487 1878 in
1509 1850 1664 1879 Abraham:
1687 1855 1714 1880 et
1735 1852 1757 1881 si
1773 1853 1818 1881 ille
1835 1861 1888 1882 non

1044 1894 1096 1922 fuit
1117 1894 1286 1930 decimatus,
1308 1896 1368 1932 pari
1391 1896 1496 1925 ratione
1518 1905 1567 1926 nec
1593 1898 1679 1935 aliqui
1701 1899 1756 1927 alii.

1359 1998 1569 2020 CONCLnsro.

1046 2082 1146 2110 Proles
1167 2082 1266 2120 aliquo
1287 2084 1371 2112 modo
1391 2088 1481 2121 potest
1497 2085 1527 2113 in
1541 2086 1714 2122 parentibus
1729 2087 1887 2121 decimari,

1122 2130 1283 2158 secundum
1314 2140 1379 2159 citui
1400 2131 1538 2165 modam,
1560 2141 1616 2170 ([ιιο
1638 2133 1792 2162 decimatio
1814 2134 1888 2163 nillil

1121 2176 1202 2213 ponit
1224 2177 1255 2205 z'n
1276 2181 1345 2206 (ictu
1370 2178 1452 2207 circa
1474 2179 1649 2213 decimatos,
1670 2180 1722 2209 sed
1741 2185 1781 2209 esi
1803 2186 1887 2210 (ictas

1120 2223 1277 2261 fiyuralis,
1298 2224 1471 2262 significans
1492 2225 1631 2262 saturam
1655 2228 1847 2256 curationem.

1123 2317 1301 2346 Resposnsso:
1324 2318 1362 2347 Ad
1384 2319 1591 2355 praedictorum
1615 2320 1824 2357 intelligentiam
1846 2324 1887 2350 est

1043 2364 1212 2399 notandum⁷
1234 2365 1308 2402 quod
1331 2365 1477 2394 decimatio
1498 2366 1549 2394 suit
1569 2370 1648 2395 actus
1676 2367 1820 2401 oneratis,
1841 2369 2026 2411 ‘⁵'‘⁶·ct.]s5'⁴³d'2¹fss'.l..2ss

1042 2411 1232 2439 crctmmztalis
1253 2415 1280 2439 et
1299 2411 1447 2449 fiyltrctlis.
1463 2413 1621 2441 Secundum
1637 2414 1710 2450 quod
1735 2414 1786 2442 suit
1807 2418 1886 2444 actus
1896 2416 1958 2434 ΜΝΞ·

1101 2532 1111 2547 ⁵
1128 2532 1183 2555 Cod.
1202 2532 1219 2554 O
1237 2533 1340 2560 adiungit
1357 2533 1384 2555 de
1406 2540 1445 2561 νο,
1467 2534 1514 2567 Vnt.
1533 2534 1560 2557 (Ic
1585 2541 1670 2564 mutuo.
1698 2536 1765 2557 Panlo
1792 2537 1885 2559 insci-ius

1040 2578 1082 2599 pro
1099 2571 1161 2593 sicut
1176 2571 1261 2594 enim...
1274 2571 1307 2594 sic
1318 2578 1423 2601 qratiam
1435 2573 1485 2595 rod.
1504 2573 1519 2594 Z
1535 2573 1569 2595 sin·
1586 2573 1671 2596 enim...
1695 2574 1756 2597 sicut
1771 2581 1884 2603 ymnum.

1042 2609 1096 2631 Dein
1115 2616 1156 2637 pro
1174 2615 1230 2638 erqo
1247 2610 1309 2632 ratio
1327 2610 1394 2632 codd.
1412 2611 1429 2632 ti
1441 2611 1458 2632 li
1470 2611 1485 2632 L
1497 2611 1511 2632 Ι)
1522 2611 1540 2639 Q
1551 2612 1567 2633 7.
1585 2619 1609 2633 aa
1637 2611 1687 2634 ideo
1705 2612 1778 2640 rullo,
1799 2613 1849 2635 rod.
1868 2614 1884 2635 N

1040 2650 1061 2671 el
1078 2648 1127 2671 ideo
1145 2648 1213 2671 ruzin.
1233 2649 1334 2677 Denique
1354 2656 1395 2677 pro
1414 2649 1506 2672 villelm·
1522 2651 1569 2672 sol-¹1
1589 2651 1638 2672 Vnt.
1658 2657 1704 2673 nnn
1722 2651 1820 2674 videtur.

1103 2687 1113 2702 ⁷
1129 2689 1192 2710 Sum.
1211 2689 1271 2711 Sciit.
1290 2692 1315 2710 tr.
1334 2688 1354 2710 li.
1374 2695 1392 2710 r.
1422 2689 1444 2715 l;
1463 2689 1476 2711 Ι.
1502 2689 1530 2711 de
1548 2690 1648 2712 Sacram.
1675 2697 1697 2718 p.
1724 2691 1760 2713 XI.
1779 2699 1798 2714 c.
1818 2693 1839 2719 6,
1863 2695 1883 2713 ct

1040 2727 1069 2749 de
1086 2728 1186 2750 Sacram.
1205 2728 1271 2755 Legis
1289 2728 1383 2751 natural.
1401 2731 1423 2750 ct
1440 2729 1551 2757 scriptae,
1574 2730 1632 2752 circa
1654 2730 1730 2752 novin.
1748 2743 1777 2746 —
1797 2731 1827 2753 De
1844 2731 1885 2754 mi-

1040 2766 1095 2790 nori
1111 2767 1150 2789 cfr.
1168 2774 1237 2795 supra
1256 2774 1308 2795 pag.
1327 2768 1364 2794 68,
1383 2771 1433 2790 nou·
1456 2769 1473 2795 l,
1491 2772 1513 2790 vt
1530 2769 1565 2791 IV.
1584 2770 1644 2791 Seni.
1663 2769 1685 2791 d.
1703 2771 1724 2791 6.
1743 2776 1764 2797 p.
1783 2771 1805 2792 ΙΙ.
1824 2777 1844 2792 a.
1867 2771 1883 2792 l.

1040 2813 1062 2834 q.
1084 2807 1101 2828 I.
1118 2818 1150 2822 —
1167 2807 1209 2828 I‘ro
1224 2806 1301 2835 poluit
1318 2807 1385 2828 codd.
1404 2807 1421 2829 Κ
1434 2807 1450 2828 Ν
1466 2808 1554 2836 potest,
1574 2808 1627 2830 cdd.
1642 2808 1735 2837 pulerit.

1102 2844 1111 2859 Β
1128 2844 1195 2867 Ilebr.
1213 2845 1239 2873 7,
1257 2845 1283 2867 li:
1302 2846 1327 2867 Et
1343 2846 1437 2874 quidem
1456 2846 1483 2868 de
1502 2847 1552 2869 liliis
1577 2847 1630 2870 Levi
1653 2848 1807 2870 sacerdotium
1826 2849 1884 2870 arri-

1041 2884 1138 2910 pientes,
1157 2883 1289 2906 mandatum
1309 2884 1392 2907 liabent
1404 2884 1505 2907 decimus
1517 2892 1608 2908 sumere
1620 2893 1631 2908 a
1651 2887 1737 2914 populo
1755 2887 1882 2909 seminudum

1040 2922 1113 2949 legem
1122 2939 1127 2949 ‚
1140 2922 1162 2943 id
1174 2925 1207 2944 ost
1219 2929 1230 2944 a
1243 2922 1350 2945 fratribus
1362 2924 1421 2950 suiS,
1434 2930 1575 2953 quamquam
1588 2927 1610 2946 rt
1622 2926 1664 2952 ipsi
1677 2926 1769 2948 exii-rint
1782 2925 1810 2946 di·
1829 2926 1883 2947 lum-

1040 2960 1075 2982 bis
1093 2960 1203 2982 Abi-anno.
1222 2961 1266 2983 Cir.
1285 2962 1348 2984 Dent.
1371 2962 1403 2989 1⁸,
1427 2963 1443 2984 l.
1462 2970 1525 2991 seqq.
