2166 3366
19 468 88 489 Salutio
100 474 132 492 op-

18 493 124 517 positorum.

0 711 2 715 ν
11 700 76 727 triplex
87 706 131 727 con-

15 726 114 743 vomentia.

0 1860 85 1903 &aa
96 1866 127 1879 ‘³¹'

8 2229 123 2249 Notandum.

750 199 832 227 DlST.
854 199 918 228 XlV.
941 199 1013 227 ART.
1038 199 1056 227 1.
1078 199 1212 235 QUAEST.
1234 199 1273 227 Ill.

145 277 262 311 dicitur,
284 277 350 314 quia
370 284 424 305 non
456 276 613 304 manifestat
643 276 718 313 quod
740 276 824 304 habet
846 276 871 304 in
893 284 931 305 se.
956 277 985 305 Et

145 324 183 353 sic
198 324 264 352 dicit
279 323 508 359 Chrysostomus,
523 323 597 359 quod
613 322 705 359 Angeli
722 330 776 350 non
791 323 900 357 vident,
916 323 984 360 quid

144 370 179 398 sit
200 370 283 399 Deus.

226 418 249 444 1.
271 418 297 444 Ξ.
321 417 350 445 Et
365 416 403 444 sic
419 419 512 453 patent
526 415 598 444 duae
613 415 799 449 auctoritates,
814 416 880 452 quia.
895 416 985 452 prima

144 463 233 492 currit
253 463 407 492 secundum
440 463 563 499 primum
596 462 727 497 modum,
755 465 782 491 et
803 463 925 491 secunda
947 470 985 491 se-

143 510 266 539 cundum
288 513 419 547 quartum
444 509 575 543 modum,
597 509 641 537 vel
662 509 801 546 quintum.

221 556 247 584 3.
269 556 295 584 [ι.
318 556 356 584 Ad
377 555 446 584 illud
468 555 542 592 quod
564 555 706 589 obiicitur,
721 555 796 592 quod
817 558 924 584 tantum
947 556 986 584 di-

142 605 195 631 stat
216 602 326 631 finitum
341 602 376 630 ab
395 602 501 630 infinito
522 605 590 635 etc.;
606 602 771 635 dicendum,
787 602 860 639 quod
876 602 985 630 distan-

144 649 185 677 tia
206 649 308 677 dicitur
330 651 425 677 contra
446 648 693 681 convenientiam;
720 648 917 676 convenientia
938 656 984 677 au-

143 698 198 723 tem
230 695 370 723 invenitur
401 695 427 722 in
459 694 559 731 triplici
591 694 764 728 differentia,
790 698 924 731 quantum
947 695 982 722 ad

142 748 274 777 praesens
289 740 398 769 sufficit.
416 741 460 769 Est
475 741 547 769 enim
564 741 754 769 convenientia
768 749 982 769 commensura-

142 787 228 815 tionis
253 787 310 815 sive
331 787 552 823 adaequationis,
574 790 601 815 et
621 787 809 816 convenientia
824 787 984 824 participa-

143 833 229 861 tionis
250 833 379 861 alicuius
400 833 578 867 communis,
600 837 627 862 et
648 834 838 862 convenientia
859 834 981 862 ordinis.

141 880 207 908 Dico
228 880 321 917 igitur,
343 881 417 917 quod
440 881 460 909 si
484 880 627 908 distantia
648 881 758 909 dicatur
784 889 834 918 per
855 881 983 917 privatio-

141 934 205 955 nem
226 927 432 955 convenientiae
447 926 673 964 atlacq'ttationis
687 930 714 954 et
726 926 981 963 participationis,

140 973 247 1002 infinita
268 976 310 1002 est
331 973 461 1002 distantia
482 974 565 1002 creati
598 973 632 1002 ad
659 974 830 1007 increatum,
852 973 924 1002 sicut
944 974 982 1001 iu-

140 1020 209 1049 finiti
230 1020 265 1048 ad
287 1020 404 1048 finitum.
427 1021 453 1048 Si
475 1028 542 1049 vero
563 1020 672 1049 dicatur
693 1020 836 1049 distantia
857 1028 907 1058 per
929 1021 982 1057 pri-

141 1067 279 1095 vationem
309 1067 515 1095 convenientiae
544 1067 681 1099 ordinis,-
709 1067 874 1101 dicendum,
906 1068 981 1104 quod

140 1113 241 1142 salsum
262 1116 320 1146 est,
340 1113 405 1149 quia
426 1117 571 1142 creaturae
592 1113 750 1142 immediate
765 1114 930 1142 ordinantur
945 1114 980 1143 ad

139 1159 229 1188 Deum
251 1159 322 1188 sicut
342 1159 376 1187 ad
405 1159 572 1196 principium
605 1163 631 1188 et
660 1159 731 1188 sicut
751 1160 786 1188 ad
808 1160 904 1193 finem,
927 1168 982 1189 ma-

141 1207 217 1235 xime
238 1209 366 1235 creatura
381 1206 547 1234 rationalis¹.
569 1206 607 1234 Ad
629 1206 788 1243 simplicem
803 1211 896 1236 autem
918 1216 981 1235 con-

141 1253 247 1282 tuitum
268 1252 385 1287 sufficit,
407 1252 480 1289 quod
503 1252 538 1281 sit
566 1254 757 1282 convenientia
778 1254 909 1288 ordinis,
931 1255 979 1283 sed

140 1299 176 1328 ad
197 1299 387 1336 coynitionem
415 1298 678 1335 comprehensionis
709 1300 863 1336 requiritur
884 1308 981 1329 conve-

140 1346 243 1375 nientia
267 1345 420 1374 secundum
443 1345 584 1382 quandam
604 1345 810 1383 aequalitatem
831 1346 888 1375 sive
902 1347 982 1376 adae-

140 1392 308 1429 quationem.
325 1392 354 1420 Et
369 1392 431 1420 ideo
446 1400 499 1420 non
516 1392 651 1429 sequitur,
666 1393 765 1429 quodsi
781 1393 873 1421 anima
888 1397 980 1422 creata

140 1447 194 1467 non
223 1439 309 1476 possit
339 1437 578 1476 comprehendere
610 1438 787 1473 infinitatem,
819 1440 894 1476 quod
926 1448 981 1469 non

140 1485 226 1522 possit
247 1485 357 1520 intueri
377 1485 490 1513 luminis
510 1485 622 1513 sontem.
645 1502 683 1506 ——
705 1486 734 1514 Et
756 1494 806 1522 per
828 1487 879 1514 hoc
906 1490 981 1523 patet

140 1539 267 1568 sequens.
288 1531 368 1567 Quod
389 1531 463 1559 enim
484 1531 559 1565 dicit,
580 1532 655 1568 quod
677 1532 711 1560 ad
734 1532 916 1569 cognitionem
939 1541 981 1562 re-

141 1577 262 1614 quiritur
289 1577 468 1610 assimilatio;
489 1577 655 1611 dicendum,
677 1578 751 1614 quod
777 1586 830 1606 non
852 1583 979 1616 oportet,

141 1624 214 1661 quod
236 1623 271 1652 sit
292 1623 467 1652 assimilatio
488 1623 519 1651 in
540 1628 652 1652 natura
675 1625 777 1658 tertia,
799 1625 847 1654 sed
869 1626 979 1659 sufficit,

140 1670 215 1706 quod
236 1678 324 1698 unum
346 1670 381 1698 sit
398 1669 559 1698 similitudo
580 1670 719 1704 alterins,
741 1672 812 1700 sicut
833 1672 859 1700 in
889 1673 979 1709 primo

140 1716 211 1745 libro
226 1716 277 1744 fuit
292 1716 516 1750 determinatum,
532 1716 706 1746 distinctione
727 1718 830 1755 prima,
851 1719 932 1747 tertia
953 1723 979 1748 et

138 1763 281 1800 trigesima
302 1763 398 1800 quinta
409 1762 426 1790 ².

219 1811 244 1837 5.
265 1809 303 1838 Ad
325 1809 395 1838 illud
416 1809 492 1846 quod
520 1810 665 1845 obiicitur,
686 1811 761 1848 quod
783 1812 895 1840 excedit
916 1820 979 1841 ocu-

139 1855 197 1884 lum
219 1856 313 1885 lumen
344 1856 428 1889 illud;
462 1856 624 1890 dicendum,
653 1857 728 1893 quod
750 1861 792 1886 est
813 1858 978 1887 excellentia

138 1911 332 1936 conservans,
354 1906 380 1931 et
408 1906 450 1931 est
476 1903 642 1932 excellentia
662 1912 862 1941 corrumpens
886 1905 978 1934 Excel-

138 1949 219 1978 lentia
242 1958 419 1978 conservans
440 1952 482 1978 est
503 1950 530 1978 in
545 1950 754 1986 spiritualibus,
776 1951 825 1980 sed
846 1960 977 1980 corrum-

134 2004 206 2033 pens
227 1996 254 2024 in
269 1996 382 2025 obiectis
396 1997 602 2033 corporalibus;
617 1999 644 2025 et
659 1997 729 2026 ratio
744 1998 829 2027 huius
844 1999 871 2027 in
886 1998 976 2036 primo

137 2042 209 2071 libro
221 2042 230 2055 ³
252 2045 293 2071 est
315 2043 424 2071 reddita
443 2047 470 2071 et
491 2051 507 2071 a
528 2046 605 2079 parte
621 2043 722 2072 obiecti
734 2047 761 2072 et
775 2052 791 2072 a
806 2048 884 2081 parte
900 2045 979 2073 modi

136 2089 405 2126 comprehendendi:
426 2092 454 2117 et
475 2089 536 2118 ideo
558 2098 611 2118 nou
633 2093 676 2118 est
696 2090 795 2119 simile.

217 2136 241 2164 6.
264 2135 301 2163 Ad
324 2135 391 2164 illud
415 2136 489 2172 quod
520 2135 665 2171 obiicitur,
694 2136 768 2173 quod
790 2137 898 2165 finitum
922 2146 976 2166 non

136 2184 226 2218 potest
253 2189 339 2218 supra
370 2181 523 2216 infinitum;
552 2182 717 2217 dicendum,
739 2183 813 2220 quod
835 2184 927 2212 anima
948 2184 976 2212 in

137 2228 327 2264 cognoscendo
354 2228 442 2257 Deum
475 2229 538 2265 plus
559 2232 601 2257 est
629 2229 655 2257 in
686 2229 870 2266 suscipiendo
891 2238 975 2267 quam

1827 200 1882 229 305

1042 277 1067 304 in
1091 277 1219 314 ayendO,
1244 277 1328 305 immo
1358 277 1448 305 omnis
1479 277 1600 314 potentia
1625 278 1733 306 animae
1756 281 1882 314 respectu

1041 322 1089 351 Dei
1111 331 1140 351 se
1162 323 1245 351 habet
1268 324 1293 351 in
1316 323 1421 352 ratione
1442 324 1557 360 passivi
1577 340 1615 344 ——
1636 324 1739 352 nedum
1762 325 1883 361 potentia

1042 370 1180 406 cognitiva
1201 370 1308 403 active,
1330 378 1401 407 quae
1423 371 1458 399 de
1479 378 1530 399 sua
1545 371 1651 399 ratione
1672 371 1739 399 dicit
1760 372 1883 408 quodam

1042 416 1125 444 modo
1155 417 1325 453 passionem,
1357 417 1428 445 sicut
1456 417 1522 445 dicit
1555 417 1758 454 Philosophus⁴
1781 420 1808 446 et
1830 417 1884 446 Pri-

1042 463 1160 491 scianus.
1184 480 1222 483 —
1245 464 1274 492 Et
1295 463 1367 498 ideo,
1391 472 1454 492 cum
1478 464 1605 500 intelligit
1627 464 1729 499 Deum,
1751 473 1804 493 non
1826 465 1883 502 agit

1042 508 1133 536 anima
1155 509 1182 537 in
1205 509 1308 543 Deum,
1330 509 1378 538 sed
1411 510 1484 539 Deus
1516 511 1606 539 influit
1638 511 1664 539 in
1693 511 1828 546 animam,
1855 511 1882 540 in

1042 562 1097 591 qua
1119 555 1262 584 influentia
1294 556 1367 584 Deus
1396 557 1591 585 condescendit
1622 565 1671 594 per
1703 558 1834 594 gratiam,
1856 562 1883 587 et

1041 601 1134 629 anima
1155 602 1281 630 elevatur
1302 605 1329 630 et
1350 602 1468 631 efficitur
1484 604 1635 633 deiformis.
1652 605 1681 632 Et
1703 605 1762 641 ipsa
1783 605 1881 634 deifor-

1041 646 1122 676 mitas
1143 651 1185 676 est
1205 648 1355 685 dispositio
1377 649 1497 677 reddens
1518 650 1630 678 oculum
1655 651 1763 679 animae
1785 655 1881 688 aptum

1040 693 1073 721 ad
1097 693 1249 722 videndum
1271 695 1372 728 Deum,
1405 703 1457 723 non
1490 696 1555 732 quia
1576 697 1640 725 facit
1665 698 1883 734 proportionabi-

1041 739 1094 767 lem
1116 741 1322 777 quantitatem,
1344 742 1409 777 quia
1431 750 1541 778 semper
1563 743 1632 771 illud
1656 744 1748 772 lumen
1771 746 1882 774 excedit

1041 785 1067 813 in
1090 786 1244 820 infinitum,
1266 787 1314 815 sed
1337 788 1402 824 quia
1424 788 1487 817 facit
1518 790 1781 825 proportionabilem
1813 800 1882 828 qua-

1041 832 1163 865 litatem,
1184 833 1249 870 quia
1271 833 1354 862 datur
1376 834 1426 871 ipsi
1456 835 1565 863 animae
1586 836 1705 873 aliquid,
1732 840 1827 873 utpote
1849 839 1881 865 si-

1040 878 1183 913 militudo,
1205 880 1300 916 (μιοιἸ5
1328 880 1414 916 ipsam
1444 882 1564 909 animam
1586 886 1613 910 et
1635 883 1804 912 intellectum
1827 885 1881 912 ani-

1042 932 1117 957 mae,
1141 933 1203 953 cum
1227 926 1283 954 Deo
1312 926 1375 955 facit
1397 927 1530 962 similem,
1560 929 1651 957 reddit
1674 929 1880 966 intelligentem.

1039 987 1077 991 —
1090 972 1120 1000 Et
1140 972 1169 1000 si
1183 976 1213 1000 tn
1228 972 1365 1007 obiicias,
1388 975 1462 1011 quod
1479 974 1541 1003 licet
1556 975 1624 1004 visio
1639 979 1665 1004 et
1680 976 1798 1012 cognitio
1819 977 1882 1006 inci-

1040 1019 1096 1055 piat
1117 1028 1133 1047 a
1151 1020 1302 1056 passione,
1324 1021 1479 1057 completur
1502 1025 1593 1051 tamen
1617 1023 1641 1051 in
1664 1023 1793 1057 actione,
1816 1032 1879 1052 cum

1039 1066 1074 1093 ad
1097 1066 1229 1095 visionem
1252 1067 1308 1095 duo
1329 1072 1508 1096 concurrant:
1525 1070 1647 1106 receptio
1662 1073 1689 1098 et
1704 1070 1880 1105 iudicium&

1041 1111 1066 1139 in
1090 1112 1167 1140 illum
1190 1116 1283 1142 autem
1315 1114 1416 1143 fontem
1450 1115 1563 1144 luminis
1591 1116 1668 1144 nulla
1689 1120 1778 1153 potest
1808 1125 1881 1146 crea-

1040 1161 1103 1186 tura
1133 1167 1236 1196 ayerc,
1268 1161 1399 1196 quoniam
1430 1161 1521 1198 ipsum
1549 1170 1565 1190 a
1591 1162 1667 1191 nullo
1689 1166 1778 1200 potest
1796 1164 1880 1200 pati;

1040 1204 1166 1233 similiter
1198 1206 1232 1234 de
1264 1206 1310 1235 illo
1341 1207 1413 1236 fonte
1446 1207 1558 1237 luminis
1579 1212 1606 1237 et
1633 1209 1749 1238 veritate
1770 1218 1880 1238 summa

1039 1251 1134 1280 nullus
1165 1256 1255 1289 potest
1286 1253 1437 1288 indicare,
1467 1255 1538 1284 sicut
1559 1256 1625 1284 dicit
1653 1257 1823 1293 Augustinus
1845 1258 1879 1287 de

1039 1298 1110 1327 Vera
1142 1299 1308 1336 Religione⁷,
1336 1304 1363 1329 et
1395 1301 1453 1337 ipsa
1485 1302 1555 1330 ratio
1586 1303 1682 1338 dictat,
1715 1312 1778 1332 cum
1811 1304 1879 1333 iudi-

1039 1352 1104 1373 cans
1124 1345 1217 1382 aliquo
1240 1346 1321 1375 modo
1352 1347 1509 1383 praesideat
1541 1349 1673 1382 iudicat03
1698 1350 1776 1378 nullo
1798 1351 1879 1379 modo

1039 1390 1149 1420 videtur
1171 1393 1300 1421 sustineri
1324 1401 1416 1429 posse,
1432 1395 1505 1431 quod
1522 1395 1614 1423 anima
1629 1396 1745 1431 Christi,
1767 1397 1810 1425 vel
1826 1397 1879 1425 alia

1038 1437 1130 1465 anima
1151 1438 1231 1466 beata
1261 1439 1403 1468 intueatur
1434 1441 1524 1477 ipsum
1554 1442 1666 1478 superni
1690 1442 1802 1471 luminis
1824 1443 1880 1471 fon-

1039 1487 1107 1512 tem:
1130 1485 1164 1513 ad
1187 1485 1238 1513 hoc
1260 1486 1485 1522 respondendum
1508 1491 1564 1521 est,
1593 1489 1668 1525 quod
1689 1489 1738 1517 etsi
1761 1489 1796 1518 :ul
1818 1498 1876 1526 per-

1038 1530 1181 1559 tectionem
1213 1533 1375 1568 cognitionis
1405 1533 1499 1570 aliquo
1531 1535 1612 1563 modo
1645 1540 1793 1565 concurrat
1824 1545 1876 1565 non

1038 1577 1127 1605 solum
1146 1578 1264 1614 passio,
1287 1579 1334 1607 sed
1357 1580 1440 1608 etiam
1462 1580 1557 1613 actim
1578 1589 1630 1609 non
1655 1585 1744 1610 tamen
1765 1590 1878 1612 concur-

1038 1623 1073 1652 rit
1094 1625 1186 1657 actio,
1208 1633 1279 1662 quae
1301 1626 1413 1662 quidem
1436 1626 1466 1655 fit
1481 1635 1530 1663 per
1551 1627 1672 1664 aliquam
1693 1628 1876 1665 influentiam.

1037 1670 1081 1698 vel
1102 1671 1312 1707 impressionem
1334 1672 1420 1709 ipsius
1439 1674 1627 1710 cognoscentis
1642 1675 1668 1702 in
1684 1676 1876 1712 cognoscibile,

1036 1717 1085 1745 sed
1107 1717 1196 1745 solum
1219 1726 1269 1754 per
1290 1718 1430 1754 quandam
1454 1721 1675 1756 protensionem.
1698 1722 1773 1750 Sicut
1794 1722 1876 1750 etiam

1036 1767 1111 1800 patet
1126 1764 1152 1792 'm
1168 1764 1332 1798 dilectione,
1349 1773 1413 1794 cum
1429 1774 1491 1794 anio
1506 1767 1636 1804 aliquem,
1652 1769 1744 1797 anima
1759 1770 1878 1798 amando

1035 1810 1129 1847 aliquo
1152 1811 1233 1839 modo
1254 1811 1325 1848 agit,
1347 1812 1415 1840 nihil
1448 1815 1540 1841 tamen
1574 1813 1663 1842 influit
1689 1815 1714 1843 in
1737 1820 1878 1850 amatum,

1035 1865 1086 1886 nec
1107 1857 1238 1886 dilectum
1261 1857 1365 1895 aliquid
1389 1859 1494 1895 patitur
1516 1860 1560 1888 vel
1586 1861 1683 1897 recipit
1698 1861 1733 1890 ab
1754 1866 1876 1891 amante:

1035 1904 1074 1932 sic
1088 1904 1299 1940 intelligendum
1314 1909 1355 1933 est
1371 1905 1397 1933 in
1413 1906 1647 1943 coyozz'tione8.—
1658 1908 1797 1943 Similiter,
1813 1917 1875 1938 cum

1035 1951 1169 1985 dicimus,
1192 1951 1324 1980 visionem
1347 1948 1404 1981 sive
1426 1953 1609 1989 cognitionem
1632 1954 1727 1991 perfici
1750 1956 1776 1983 in
1802 1955 1877 1984 insti-

1034 1997 1078 2026 cio
1086 2008 1096 2031 ;
1117 1997 1282 2032 dicendum,
1304 1999 1378 2035 quod
1401 2007 1499 2028 verum
1521 2003 1577 2031 est:
1599 2001 1647 2029 sed
1668 2001 1702 2029 ad
1726 2002 1786 2036 hoc,
1801 2003 1875 2039 quod

1035 2044 1180 2073 videamus
1202 2045 1303 2078 Deum,
1324 2053 1379 2073 non
1400 2049 1524 2083 oportet,
1545 2047 1620 2083 quod
1637 2048 1671 2076 de
1693 2048 1753 2084 ipso
1775 2049 1876 2078 iudice-

1035 2098 1097 2119 mus
1118 2091 1149 2119 in
1169 2100 1212 2124 se,
1234 2091 1283 2120 sed
1306 2091 1407 2120 sufficit
1428 2093 1463 2121 ad
1485 2092 1588 2121 claram
1607 2094 1741 2123 visionem
1763 2095 1798 2123 ab
1814 2095 1873 2132 ipso

1033 2137 1107 2166 sonte
1129 2137 1241 2166 luminis
1274 2138 1424 2167 illuminari
1456 2142 1482 2167 et
1504 2139 1691 2168 illuminatum
1713 2142 1824 2170 oculum
1850 2142 1874 2170 in

1035 2185 1125 2220 ipsum
1155 2185 1325 2221 protendere
1358 2186 1505 2220 intuendo,
1539 2190 1565 2215 et
1597 2187 1731 2216 indicare
1759 2188 1875 2225 (teipso

1034 2231 1158 2263 intuitu,
1188 2239 1252 2260 cuni
1281 2239 1334 2259 non
1358 2232 1444 2268 possit
1465 2233 1600 2269 attingere
1632 2234 1667 2262 ad
1697 2234 1760 2268 hoc,
1783 2238 1813 2263 ut
1841 2235 1874 2263 cle

137 2350 213 2370 contra
232 2349 326 2371 Manich.
344 2355 362 2371 c.
381 2349 417 2371 22.
435 2355 456 2371 n.
475 2349 516 2377 34,
535 2356 576 2372 nec
593 2351 671 2372 nonin
690 2350 748 2372 loan.
761 2351 847 2379 Evang.
865 2355 891 2374 tr.
905 2351 940 2373 43.
954 2358 974 2374 n.

137 2387 162 2414 6,
179 2386 218 2408 ubi
236 2387 258 2408 S.
275 2387 358 2409 Doctor
375 2388 416 2410 ait:
434 2387 500 2410 Fossa
519 2393 588 2411 caeca
605 2388 697 2417 dicitur,
710 2395 753 2411 non
766 2390 818 2418 quia
831 2391 880 2418 ipsa
897 2390 976 2412 ocutos

137 2426 245 2453 perdidit,
263 2426 303 2448 sed
321 2427 374 2455 quia
391 2426 481 2449 latendo
503 2433 547 2449 non
565 2427 669 2450 videntes
691 2428 748 2450 facit.
768 2440 800 2444 —
819 2428 974 2456 chrysostomi

136 2465 244 2487 sententia
262 2465 359 2487 habetur
375 2466 396 2487 in
414 2466 463 2488 eius
481 2466 557 2488 homil.
583 2466 616 2488 15.
638 2467 706 2494 (alins
727 2466 770 2495 14.)
792 2468 813 2489 in
833 2468 890 2490 loan.
915 2474 935 2489 n.
956 2468 974 2490 1.

136 2503 180 2526 cfr.
193 2503 221 2526 de
234 2504 416 2532 incomprehens.
430 2504 468 2526 Dci
487 2508 577 2532 natura,
590 2505 666 2527 homil.
680 2506 701 2527 3.
719 2512 740 2527 n.
754 2506 774 2528 3.
787 2512 851 2534 seqq.
864 2510 886 2528 et
898 2507 974 2528 homil.

136 2542 157 2564 4.
175 2549 196 2564 n.
215 2543 235 2564 3.

198 2581 205 2595 ¹
224 2581 268 2604 Csr.
286 2588 354 2609 supra
373 2582 395 2604 d.
415 2582 434 2604 l.
451 2588 472 2604 a.
491 2582 510 2604 1.
529 2588 551 2610 q.
570 2583 589 2604 1.
607 2582 636 2604 nd
655 2582 674 2604 1.
693 2585 714 2604 et
731 2583 755 2609 5,
774 2583 797 2605 ΙΙ.
815 2584 874 2605 Sent.
898 2583 920 2605 d.
939 2584 974 2605 16.

135 2626 155 2642 a.
175 2620 195 2642 1.
213 2626 235 2648 q.
249 2620 269 2642 1.
281 2632 312 2635 -
324 2620 392 2642 Paulo
404 2620 510 2647 superius
527 2626 570 2647 pro
581 2619 643 2643 sicut
654 2620 739 2650 infiniti
754 2620 787 2643 ad
796 2621 889 2651 finitum
908 2621 974 2643 codd.

135 2657 178 2679 FG
188 2658 205 2679 l(
217 2657 233 2679 t.
245 2657 265 2679 V
283 2657 322 2684 (aa
340 2658 458 2686 primitus)
476 2657 508 2679 bb
524 2657 585 2681 sicut
600 2657 662 2686 finiti
677 2657 709 2681 ad
724 2658 849 2688 infinitum.

197 2695 207 2710 ²
224 2695 277 2717 Dist.
298 2696 316 2717 1.
333 2702 353 2717 a.
371 2696 392 2717 3.
410 2702 432 2724 q.
453 2696 513 2718 had
532 2697 552 2724 l,
570 2696 625 2718 (1.3.
643 2702 664 2724 p.
684 2697 696 2718 Ι.
715 2703 737 2725 q.
754 2697 770 2719 Ι.
789 2697 817 2719 ad
840 2698 895 2726 1,,(1.
913 2699 933 2720 2.
946 2698 975 2720 ad

136 2734 156 2756 3.
174 2737 196 2756 et
213 2733 238 2761 15,
257 2734 279 2756 d.
297 2733 333 2756 35.
351 2740 373 2762 q.
394 2735 412 2756 1.

196 2772 206 2787 ³
225 2773 277 2795 Uist.
293 2773 310 2794 1.
324 2779 344 2794 a.
356 2773 377 2794 3.
390 2779 412 2801 q.
426 2773 445 2794 1.
459 2772 488 2794 ad
501 2773 521 2795 2.
533 2785 565 2790 —
575 2773 677 2795 Subinde
689 2776 740 2796 ante
757 2773 838 2797 obiecti
849 2775 898 2797 cod.
914 2775 930 2796 U
943 2776 975 2797 in-

136 2811 224 2833 terserit
239 2809 336 2834 subiecti
344 2819 353 2838 ,·
365 2814 386 2833 et
399 2817 442 2833 non
455 2811 604 2839 vituperanda
617 2815 651 2834 cst
669 2812 724 2834 naec
737 2813 888 2841 interpositio,
905 2814 975 2842 siqui-

136 2849 188 2871 dem
207 2849 248 2871 loc.
267 2849 303 2871 cit.
326 2852 416 2877 praeter
436 2850 547 2871 rationem
569 2856 580 2871 a
600 2852 663 2877 parte
685 2850 766 2872 obiecti
783 2855 806 2873 ct
828 2851 889 2873 modi
906 2852 974 2874 ctiam

135 2888 192 2909 ratio
209 2893 221 2909 a
239 2890 302 2915 parte
318 2887 414 2910 subiecti
433 2888 575 2915 proponitur.

197 2924 206 2939 ⁴
223 2925 283 2948 Libr.
302 2926 324 2948 ll.
343 2926 371 2948 de
388 2926 480 2953 Anima,
498 2929 548 2948 text.
568 2926 618 2948 118.
632 2927 660 2954 (c.
682 2927 737 2955 th),
755 2930 776 2948 ct
797 2927 828 2949 ΙΙΙ.
847 2930 896 2950 text.
915 2928 935 2950 2.
953 2931 975 2950 et

137 2963 172 2985 12.
190 2970 254 2992 seqq.
272 2963 304 2992 (c.
323 2963 344 2986 t.
362 2965 430 2993 seq.).
449 2971 496 2993 quo
513 2965 563 2987 loro
575 2965 639 2993 dicit,
657 2966 739 2988 sentire
751 2968 772 2987 ct
789 2966 912 2994 intelligere
924 2973 974 2988 esse

262 3013 286 3037 S.
304 3014 392 3037 Bonav.
410 3027 440 3030 —
458 3015 523 3037 Tom.
542 3015 574 3037 lll.

1036 2360 1046 2372 α
1059 2353 1104 2380 pati
1122 2352 1239 2380 quoddam
1252 2361 1272 2373 a».
1290 2351 1334 2374 Cfr.
1353 2354 1406 2374 tom.
1424 2352 1446 2373 ll.
1465 2358 1518 2380 pag.
1535 2353 1591 2380 825,
1612 2356 1662 2376 nota
1681 2355 1701 2376 2.
1720 2354 1807 2377 Dictum
1831 2356 1874 2377 Pii-

1032 2391 1101 2413 seiani
1119 2396 1187 2418 supra
1211 2390 1302 2412 allatum
1319 2394 1353 2412 est
1370 2396 1422 2418 pag.
1449 2391 1485 2417 10,
1509 2394 1559 2413 nota
1582 2392 1602 2413 6.
1619 2404 1649 2408 —-
1668 2392 1736 2414 Paulo
1758 2395 1809 2415 ante
1832 2400 1874 2421 pro

1031 2428 1119 2451 nedum
1136 2427 1258 2457 [intellige:
1276 2428 1347 2450 multo
1366 2429 1442 2450 minus
1458 2434 1482 2450 se
1501 2429 1590 2458 habet],
1610 2430 1672 2458 quod
1684 2437 1711 2452 cx
1724 2432 1790 2454 codd.
1808 2434 1824 2454 A
1843 2432 1874 2455 bb

1032 2467 1065 2494 (A
1084 2466 1161 2488 scribit
1177 2466 1291 2495 necdum)
1310 2467 1460 2494 restituimus,
1479 2468 1514 2489 alii
1535 2468 1602 2490 codd.
1619 2475 1661 2492 nec
1678 2469 1742 2497 dicit,
1762 2470 1815 2493 edd.
1832 2477 1875 2494 nec

1032 2504 1124 2527 dicitur.

1094 2543 1104 2557 ⁵
1120 2542 1192 2566 Codd.
1210 2545 1226 2565 Λ
1237 2543 1269 2566 bb
1292 2550 1357 2573 quae.
1381 2544 1436 2567 Edd.
1459 2548 1510 2572 post
1531 2546 1594 2575 quod
1614 2548 1731 2574 superflue
1751 2548 1873 2571 subiiciunt

1032 2588 1101 2608 cunm
1118 2583 1248 2609 superflue,
1267 2583 1394 2611 inquimus,
1419 2584 1505 2611 quippe.
1522 2590 1574 2606 cum
1593 2585 1648 2607 hare
1665 2587 1794 2608 cunjunctio
1813 2587 1871 2613 (non

1033 2621 1180 2648 praepositio)
1197 2624 1274 2648 postea
1293 2621 1403 2644 habeatur
1420 2624 1471 2643 unte
1485 2622 1537 2644 Deo.
1556 2623 1604 2645 Mox
1617 2623 1689 2645 verbo
1707 2623 1870 2654 intelligentem

1032 2658 1084 2680 cdd.
1102 2658 1231 2686 praefigunt
1248 2660 1282 2685 et:
1301 2659 1351 2681 cod.
1364 2660 1382 2681 K
1401 2660 1492 2682 exhibet
1503 2662 1524 2683 cl
1540 2664 1591 2683 ante
1603 2661 1686 2684 reddit.
1704 2663 1824 2691 Aliquanto
1837 2670 1872 2686 su-

1033 2697 1110 2724 perius
1128 2703 1170 2724 pro
1187 2697 1242 2726 qnia
1259 2703 1351 2727 semper
1366 2698 1426 2721 illud
1443 2699 1506 2721 mutu·
1524 2699 1591 2721 codd.
1608 2699 1648 2722 sed
1664 2706 1736 2729 snper
1752 2700 1818 2723 illud.

1094 2735 1103 2750 Β
1120 2735 1163 2758 Csr.
1182 2739 1235 2758 tom.
1254 2737 1275 2758 ΙΙ.
1294 2743 1347 2764 pag.
1365 2738 1417 2764 221,
1436 2741 1486 2760 nota
1506 2737 1565 2759 t.—
1577 2738 1628 2760 t‘ost
1645 2744 1716 2766 pauca
1736 2746 1778 2767 pro
1794 2739 1871 2768 ipsum

1032 2773 1085 2795 edd.
1103 2773 1157 2803 ipse.

1094 2812 1103 2827 ⁷
1120 2812 1175 2840 Cnp.
1194 2813 1230 2835 29.
1248 2820 1268 2836 η.
1287 2813 1323 2835 53.
1341 2816 1363 2835 et
1379 2820 1398 2836 c.
1416 2814 1452 2836 31.
1472 2820 1492 2836 η.
1510 2814 1546 2836 57.
1565 2821 1611 2844 seq.
1626 2815 1700 2838 Verba
1713 2816 1766 2838 vide
1784 2820 1838 2839 tom.
1857 2818 1869 2839 Ι,

1033 2857 1085 2878 pag.
1103 2851 1144 2878 68,
1162 2854 1213 2873 notu
1232 2852 1253 2873 3.
1270 2855 1292 2874 ct
1310 2858 1362 2879 pag.
1380 2853 1420 2879 69,
1439 2856 1490 2880 unta
1512 2853 1545 2875 12.
1562 2854 1606 2876 Cir.
1626 2854 1649 2876 ΙΙ.
1668 2854 1696 2876 dc
1714 2854 1761 2877 Lib.
1780 2855 1832 2877 Arb.
1851 2862 1869 2878 c.

1036 2889 1068 2911 12.
1087 2896 1107 2911 n.
1128 2889 1162 2911 34.
1181 2892 1200 2911 ct
1219 2896 1237 2912 c.
1260 2889 1293 2912 14.
1312 2896 1332 2912 η,
1351 2891 1387 2913 38.

1093 2927 1103 2942 ⁸
1119 2928 1174 2950 Cod.
1187 2929 1204 2949 (i
1222 2928 1249 2951 de
1260 2929 1396 2958 coqnitioue.
1410 2930 1458 2952 Mox
1476 2936 1518 2958 pro
1530 2930 1554 2953 in
1569 2931 1654 2954 iudicio
1665 2932 1718 2954 cdd.
1730 2932 1869 2955 substituunt

1030 2973 1045 2989 a
1063 2966 1147 2989 iudicio
1165 2970 1186 2990 et
1204 2969 1271 2995 patilo
1289 2969 1381 2991 interius
1398 2973 1449 2997 post
1465 2969 1562 2993 oculum
1576 2970 1677 2993 subdunt
1693 2971 1770 2994 etiam.

1715 3022 1743 3043 31)

1900 616 1926 634 De
1940 615 2009 634 lumine

1895 639 1970 662 gloriae.

1895 990 1992 1008 Oblinitur.

1892 1500 1998 1523 Responde-

1913 1526 1950 1542 tur.

1893 1685 2003 1704 Notandum.

1888 2106 2000 2124 Notandum.
