2166 3366
253 174 310 202 ⁶282
931 173 1182 201 SENTENTIARUM
1205 173 1264 201 LlB.
1286 173 1326 200 Ill.

253 252 370 285 sumsit,
392 255 423 280 ut
445 252 524 279 daret
556 251 635 279 nobis
667 251 831 287 exemplum
861 250 1043 287 perveniendi
1065 251 1098 279 ad

254 298 388 335 patriarn;
411 298 458 326 sed
475 297 536 325 ‘via
569 297 748 334 perveniendi
781 297 816 325 ad
848 296 964 333 gloriam
988 299 1030 325 est
1051 304 1101 333 per

253 353 398 374 ascensum
423 345 457 372 de
481 345 583 372 virtute
605 344 631 372 in
655 344 823 377 virtutem13
851 343 900 371 sed
922 343 969 380 qui
992 343 1026 371 de
1049 343 1101 371 vir-

253 394 312 420 tute
334 392 360 419 in
384 391 515 419 virtutem
549 390 673 419 ascendit
705 390 814 427 proficit
836 390 977 427 paulative
999 392 1025 418 et
1047 398 1101 417 non

254 438 337 466 habet
359 438 464 474 gratiae
479 437 697 474 plenitudinem:
714 445 781 474 ergo
796 440 846 465 etc.
863 436 896 465 Si
910 437 1010 470 dicas,
1026 436 1102 473 quod

254 485 382 513 Christus
405 484 553 512 videbatur
568 484 705 521 proficere
720 484 855 517 exterius,
872 484 943 512 sicut
958 484 1024 512 dicit
1040 483 1103 512 Gre-

253 531 348 568 gorius
360 535 386 559 et
402 531 559 568 Magisteri',
574 535 601 559 et
613 531 675 560 ideo
690 531 854 568 exemplum
870 531 967 563 dabat;
983 534 1101 559 eontra.-

253 582 301 607 aut
323 586 390 615 ergo
412 578 566 607 secundum
585 578 749 606 -ucritatent
783 578 947 614 proficiebat
968 578 1100 610 interius,

253 628 389 653 autnon.
412 625 437 653 Si
460 625 519 653 sic:
543 633 609 662 ergo
641 633 694 653 non
727 629 787 653 erat
817 625 916 661 plenus
945 624 1042 661 gratia.
1076 624 1100 651 Si

1158 254 1216 279 tum
1239 250 1290 279 fuit
1311 251 1338 278 in
1361 258 1393 279 eo
1409 251 1553 287 plenitudo
1574 250 1782 289 sufficientiae,
1798 251 1869 279 sicut
1891 252 1916 280 in
1940 252 2004 280 San—

1158 298 1222 331 ctis,
1254 297 1289 325 de
1320 306 1374 334 qna
1410 297 1583 334 plenitudine
1615 298 1718 326 dicitur
1746 299 1861 326 Actuum
1885 299 2003 327 sexto⁵z

1159 343 1324 380 Stephanus
1336 344 1440 381 plenus
1453 344 1557 381 qratia
1572 348 1596 372 ct
1610 343 1803 381 fortitudine,·
1824 353 1874 373 nec
1897 348 2004 373 tantum
2148 372 2149 377 ,

1159 390 1303 426 plenitudo
1325 391 1564 428 praeroyatioac,
1580 391 1651 419 sicut
1667 391 1692 419 in
1717 391 1828 428 Virgine
1851 392 1948 426 Maria,
1970 392 2005 421 de
2030 398 2127 426 Plenitudp
2148 389 2149 400 ³

1159 445 1215 474 qua
1237 437 1409 474 plenitudine
1439 438 1542 466 dicitur
1565 439 1653 466 Lucae
1675 439 1780 475 primo:
1804 440 1864 467 Ave
1885 439 2003 473 Maria,
2017 424 2129 464 ffiffmgau'
2148 433 2149 437 ¹

1156 484 1260 521 pratia
1281 484 1368 520 plena
1390 488 1450 518 etc.;
1472 493 1523 513 nec
1546 488 1652 513 tantum
1676 486 1821 522 plenitudo
1842 486 2006 514 numerosi-

1160 530 1229 558 tatis
1250 534 1277 559 et
1298 531 1414 567 copiae,
1446 531 1518 559 sicut
1539 535 1580 560 est
1603 532 1628 560 in
1652 535 1708 560 tota
1731 532 1865 566 Ecclesia,
1892 533 1926 561 de
1949 541 2005 570 qua
2039 539 2135 567 Plenitudo

1160 577 1332 614 plenitudine
1353 578 1388 606 ad
1406 578 1537 615 Ephesios
1552 583 1666 615 quarto:
1683 580 1821 607 Ascendit
1835 589 1924 617 super
1946 589 2006 608 cae·
2017 566 2136 605 agneramu-

1160 624 1215 658 tos,
1238 628 1270 652 ut
1291 624 1462 661 adtnzpteret
1483 626 1583 654 omnia
1605 630 1672 659 etc.;
1695 627 1742 655 sed
1760 627 1843 655 etiam
1860 627 2005 663 plenitudo
2018 634 2152 661 cunensium

2046 257 2139 278 Plenitudo

2014 281 2139 302 sufficientiae.

111 2046 210 2065 Conclusio
222 2045 239 2064 1.

252 680 325 700 non.-
348 680 414 709 ergo
436 672 516 700 aliter
538 672 718 706 ostendebat,
741 679 824 708 qnam
852 679 897 699 res
919 679 948 699 se
970 671 1100 699 haberet:

253 726 319 755 ergo
342 718 464 747 mendax
487 722 554 747 erat.
577 718 630 747 Sed
653 719 705 747 hoc
737 722 779 746 est
800 718 997 746 inconveniens
1029 716 1103 745 circa

253 766 342 803 ipsam
366 765 511 794 veritatem
534 766 711 794 mendacium
735 773 853 802 ponere:
876 772 943 802 ergo
964 768 1016 793 etc.

332 814 358 842 [ι.
382 814 463 846 ltem,
485 813 613 842 Christus
635 813 724 842 multa
756 813 828 841 bona
859 820 945 850 opera
968 812 1103 846 faciebat,

253 864 302 889 aut
323 869 389 898 ergo
412 861 548 889 veraciter
580 861 606 889 in
629 868 661 889 eo
683 860 829 888 erescebat
850 860 955 888 donum
979 860 1102 896 gratiae,

253 912 301 936 aut
321 916 388 936 non.
411 908 436 936 Si
458 916 533 936 nou:
557 916 624 944 ergo
656 916 719 936 cum
751 907 859 936 bonitas
891 915 1007 944 operum
1031 906 1103 935 ordi-

253 958 335 984 netur
357 955 391 983 ad
414 955 569 992 profectum
592 954 724 991 spiritus,
747 955 853 983 frustra
874 954 1052 991 operabatur.
1076 953 1102 982 Si

250 1001 439 1039 proficiebat:
463 1010 529 1039 ergo
551 1010 566 1030 a
589 1001 763 1038 plenitudine
785 1001 939 1030 deficiebat.

332 1050 357 1077 5.
373 1049 449 1083 item.
465 1049 537 1077 sicut
551 1049 644 1077 anima
659 1048 761 1077 Christi
776 1048 853 1076 unita
871 1048 924 1076 fuit
940 1048 1048 1081 Deitati,
1065 1048 1102 1075 ita

253 1099 280 1125 et
294 1104 412 1133 corpus;
428 1099 455 1124 et
470 1096 541 1124 sicut
556 1096 591 1124 ad
609 1096 803 1132 perfectionem
820 1095 932 1124 unionis
947 1095 1102 1132 requiritur

254 1143 386 1180 perfectio
408 1143 526 1180 gratiae,
558 1143 595 1171 ita
627 1143 660 1171 ad
685 1143 882 1179 perfectionem
906 1146 1022 1170 naturae
1045 1149 1104 1178 per-

253 1191 334 1220 fectio
354 1191 468 1222 aetatis;
491 1190 538 1218 sed
562 1190 689 1218 Christus
711 1190 866 1218 secundum
882 1197 985 1226 corpus
1000 1197 1104 1217 cresce—

253 1237 301 1266 bat
323 1238 457 1266 veraciter
480 1240 507 1265 et
529 1237 699 1274 implebatur
732 1237 856 1274 quotidie
888 1244 937 1265 nec
967 1236 1065 1265 habuit
1087 1244 1107 1267 a

253 1284 390 1321 principio
423 1284 625 1321 plenitudinem
658 1287 790 1317 naturae,
823 1284 881 1312 sive
903 1284 1012 1312 aetatis:
1036 1291 1103 1320 ergo

253 1339 304 1360 nec
325 1331 527 1368 plenitudinem
551 1331 655 1367 gratiae
668 1331 686 1358 ³.

334 1379 358 1407 6.
383 1378 464 1411 ltem,
487 1378 521 1406 de
544 1378 621 1406 nulla
644 1386 673 1406 re
690 1380 778 1414 potest
794 1378 932 1414 capacitas
946 1377 1040 1414 aliqua
1056 1377 1104 1405 im-

253 1425 340 1463 pleri,
362 1433 398 1453 ex
420 1425 502 1453 cuius
523 1425 646 1453 adventu
662 1425 800 1461 capacitas
816 1432 868 1452 non
894 1424 1038 1458 minuitur,
1054 1424 1102 1453 sed

253 1476 387 1509 augetur;
410 1472 457 1500 sed
481 1472 569 1508 gratia
590 1471 742 1500 adveniens
772 1480 823 1499 non
849 1472 964 1505 minuit,
986 1471 1033 1500 sed
1057 1480 1104 1499 au-

254 1522 298 1556 get
320 1519 500 1555 capacitatem
523 1519 647 1546 animae:
680 1526 747 1555 ergo
777 1518 903 1552 videtur,
929 1519 1003 1555 quod
1037 1526 1104 1546 nun-

253 1575 338 1604 quam
362 1570 454 1603 posset
487 1566 574 1602 ipsam
609 1565 740 1602 implere:
774 1574 840 1601 crgo
872 1566 971 1594 necin
994 1566 1104 1594 Christo

254 1622 304 1643 nec
326 1614 353 1642 in
375 1613 429 1641 alio
451 1616 492 1641 est
515 1613 639 1650 reperire
662 1613 767 1650 gratiae
790 1612 1004 1650 plenitudinem.

571 1715 785 1735 CONCLUSIO.

259 1802 367 1830 Gratia
391 1800 502 1830 Christi
523 1801 559 1829 ab
582 1801 707 1829 instanti
733 1810 806 1829 suae
828 1801 1024 1838 conceptionis
1045 1800 1106 1838 fuit

329 1848 462 1886 perfecta
484 1853 508 1876 et
530 1852 736 1876 consummata
768 1848 930 1876 seeundum
950 1848 1104 1885 plenitudi-

332 1904 396 1924 nem
419 1895 720 1932 superat)anduntiae.

334 1991 509 2018 Respounno:
532 1989 703 2024 Dicendum,
736 1989 811 2027 quod
840 1990 947 2026 absque
969 1989 1054 2017 dubio
1077 1990 1103 2017 in

254 2037 364 2067 Christo
386 2037 540 2066 secundum
566 2037 716 2065 humanam
733 2039 861 2065 naturam
879 2036 914 2065 ab
934 2036 1021 2073 ipsius
1043 2044 1105 2065 con-

255 2084 389 2122 ceptionis
416 2083 571 2121 primordio
592 2083 645 2112 fuit
673 2083 793 2121 gratiae
813 2082 965 2120 persecta⁴
996 2087 1021 2112 et
1042 2092 1105 2111 con-

255 2135 407 2160 summata
425 2130 583 2168 ptem'cmlo.
607 2131 663 2159 Non
687 2131 759 2159 enim
783 2130 899 2159 decebat
920 2130 1044 2159 Verbum
1067 2130 1105 2158 in-

256 2181 380 2207 creatum
404 2177 479 2206 uniri
507 2177 616 2206 animae
649 2177 851 2214 perfectissima
873 2177 990 2211 unione,
1013 2177 1104 2214 qualis
1125 2187 1135 2190 Α

255 2229 297 2254 est
318 2224 385 2254 unio
407 2225 433 2253 in
466 2224 600 2253 unitatem
633 2231 785 2261 personae,
817 2224 884 2260 quin
906 2223 999 2251 anima
1031 2227 1104 2251 esset

256 2272 413 2306 deiformis,
446 2272 601 2300 secundum
633 2271 707 2308 quod
740 2274 800 2299 erat
826 2271 966 2307 possibile.
990 2271 1020 2299 Et
1042 2270 1104 2299 ideo

256 2328 310 2348 non
334 2323 440 2348 tantum
463 2318 679 2347 deiformitatem
701 2317 800 2346 habuit
815 2318 920 2354 gratiae
942 2321 969 2346 et
990 2317 1103 2354 gloriae,

257 2367 305 2395 sed
324 2366 407 2395 etiam
422 2374 510 2401 saper
526 2373 635 2394 omnem
659 2364 777 2402 gratiam
793 2367 820 2393 et
836 2364 963 2401 gloriam.
979 2363 1033 2392 Nee
1049 2367 1105 2392 tan-

1159 671 1466 707 saperitbundantiac,
1489 672 1523 700 de
1539 680 1595 708 qua
1611 672 1718 701 Ioannis
1740 673 1845 710 primo:
1874 673 2006 702 Vidimus

1157 718 1287 755 {storiam
1310 718 1389 752 cius,
1419 718 1549 756 gloriani
1572 720 1660 757 quasi
1685 720 1832 757 Utizssqem'ct
1858 729 1877 749 a
1899 721 2006 755 Patre,

1159 765 1277 802 plenum
1295 766 1415 803 gratiae
1436 770 1462 794 ct
1482 766 1634 800 veritatis,·
1653 767 1786 804 plenum,
1810 768 1937 805 inquam,
1953 768 2009 805 ple-

1160 812 1285 840 nitudine
1307 813 1617 849 superabundantiae,
1634 818 1748 851 propter
1763 815 1838 851 quod
1861 815 1956 844 subdit
1971 815 2006 844 ad

1161 860 1212 888 hoc
1234 859 1430 896 probandum:
1456 861 1491 887 Et
1511 860 1545 888 tle
1563 860 1744 897 plenitudine
1758 862 1821 889 eius
1835 871 1887 890 nos
1909 871 2007 891 omnes

1159 907 1333 943 accepimus.
1358 924 1394 927 —
1416 907 1614 936 Concedendae
1636 912 1701 936 sunt
1717 909 1801 945 igitur
1817 909 1937 938 rationes
1952 909 2004 938 hoc

1159 954 1349 988 ostendentes,
1370 954 1512 982 Christum
1535 955 1569 982 ab
1586 955 1695 983 instanti
1719 956 1906 993 conceptionis
1920 956 2007 985 fuisse

1159 1001 1248 1036 gratia
1260 1000 1373 1037 plenum
1397 1005 1423 1029 et
1442 1001 1573 1030 habuisse
1589 1002 1615 1029 in
1632 1010 1661 1030 se
1676 1002 1877 1039 plenitudinem
1893 1003 2007 1039 gratiae.

1241 1049 1264 1076 t.
1287 1048 1324 1076 Ad
1342 1048 1411 1076 illud
1427 1057 1493 1085 ergo
1510 1049 1584 1085 quod
1601 1050 1692 1086 primo
1707 1049 1846 1083 obiicitur,
1861 1050 1935 1087 quod
1953 1058 2007 1079 non
2020 1059 2136 1106 {gssffiffluff'
2155 1052 2157 1082 ἶ

1159 1095 1258 1123 habuit
1279 1095 1362 1123 fidem
1386 1101 1412 1123 et
1427 1103 1521 1132 spem3
1537 1096 1704 1128 dicendum,
1720 1097 1794 1133 quod
1812 1096 1880 1125 fides
1902 1100 1929 1125 et
1944 1105 2007 1134 spes

1160 1142 1263 1170 habent
1295 1150 1389 1171 secum
1425 1143 1545 1171 iunctam
1580 1143 1833 1179 imperfectionem,
1856 1144 1959 1172 habent
1981 1148 2008 1173 et

1161 1189 1342 1218 nihilominus
1357 1190 1462 1227 aliquid
1479 1190 1670 1226 perferdonis3
1693 1195 1719 1219 et
1735 1191 1841 1219 ratione
1856 1192 1916 1220 eius
1932 1192 2007 1229 quod

1161 1236 1264 1264 habent
1285 1237 1319 1265 de
1341 1235 1573 1273 imperfectione,
1597 1237 1761 1273 plenitudini
1790 1238 1853 1275 plus
1875 1238 2007 1273 obviant,

1160 1291 1245 1319 quam
1268 1283 1303 1311 ad
1325 1283 1527 1320 plenitudinem
1550 1284 1650 1312 saciant
1672 1301 1709 1304 —
1731 1285 1806 1313 unde
1834 1289 2008 1313 evacuantur

1160 1329 1187 1357 in
1200 1329 1307 1366 gloria⁵
1323 1347 1361 1350 -—
1373 1330 1420 1358 sed
1437 1330 1542 1359 ratione
1557 1331 1617 1359 eius
1632 1332 1705 1368 quod
1719 1330 1908 1368 perfectionis
1924 1336 1965 1360 est
1980 1332 2007 1360 in

1161 1377 1215 1411 eis,
1239 1377 1259 1405 si
1283 1377 1351 1414 quid
1373 1380 1414 1405 est
1437 1377 1571 1414 reperiri,
1594 1378 1699 1419 habent
1711 1386 1771 1407 esse
1794 1379 1820 1406 in
1843 1378 1960 1407 Christo.
1977 1379 2008 1407 Et

1161 1423 1223 1452 ideo
1246 1424 1358 1452 illarum
1384 1425 1519 1452 virtutum
1543 1425 1669 1453 absentia
1700 1425 1764 1462 plus
1785 1429 1933 1454 attestatur
1954 1426 2009 1463 ple-

1161 1470 1280 1499 nitudini
1303 1479 1386 1508 quam
1409 1471 1596 1499 diminutioni.

1240 1519 1266 1546 ⁹2.
1290 1518 1325 1546 Ast
1350 1518 1418 1547 illud
1442 1518 1515 1555 quod
1540 1518 1688 1553 obiicitur,
1710 1520 1784 1556 quod
1807 1519 1935 1548 Christus
1956 1520 2009 1548 fuit

1162 1565 1187 1593 in
1211 1569 1283 1593 statu
1308 1565 1438 1599 viatoris3
1460 1565 1630 1600 dicendum,
1657 1566 1731 1603 quod
1755 1566 1882 1595 Christus
1904 1566 1955 1595 suit
1976 1566 2009 1595 si-

1162 1612 1219 1640 mul
1244 1612 1270 1639 in
1303 1615 1376 1640 statu
1408 1612 1533 1640 viatoris
1566 1616 1592 1641 et
1613 1612 1881 1650 comprehensoris,
1909 1614 1958 1642 sed
1980 1613 2007 1642 in
2022 1623 2136 1642 Notandum.
2165 1630 2166 1643 t

1161 1662 1235 1687 statu
1257 1658 1507 1695 comprehensoris
1523 1660 1678 1688 secundum
1700 1663 1807 1697 partem
1825 1660 2009 1697 superiorem,

1162 1705 1187 1733 in
1211 1709 1285 1733 statu
1316 1705 1441 1734 viatoris
1473 1706 1627 1735 secundum
1662 1711 1767 1743 partem
1802 1707 1959 1735 inferiorem
1983 1710 2010 1735 et

1161 1753 1316 1780 secundum
1350 1760 1461 1781 carnem
1477 1753 1494 1780 ⁷.
1519 1753 1549 1781 Et
1571 1754 1701 1790 quoniam
1734 1755 1823 1791 gratia
1851 1755 2009 1783 secundum

1162 1807 1242 1828 suam
1264 1800 1410 1828 essentiam
1444 1803 1471 1828 et
1501 1800 1737 1837 complementum
1767 1801 1879 1838 respicit
1900 1805 2009 1838 partem

1161 1847 1335 1884 superiorem
1359 1850 1385 1875 et
1407 1851 1544 1881 mentem,
1568 1847 1631 1876 hinc
1646 1851 1699 1881 est,
1715 1848 1789 1885 quod
1805 1848 1933 1877 Christus
1955 1857 2010 1877 ma-

1161 1894 1203 1930 gis
1225 1893 1324 1922 habuit
1345 1894 1462 1931 gratiam
1480 1894 1629 1930 perfectam
1646 1903 1730 1931 quam
1753 1895 1928 1930 diminutam,
1944 1896 2010 1933 quia

1162 1941 1251 1978 gratia
1273 1942 1361 1978 magis
1384 1941 1549 1978 respiciebat
1570 1945 1673 1970 statum
1697 1942 1860 1978 perfectum.

1241 1987 1267 2016 3.
1289 1988 1327 2016 Ad
1350 1988 1420 2016 illud
1446 1996 1512 2025 ergo
1544 1988 1619 2025 quod
1651 1988 1781 2017 obiicitur
1812 1989 1847 2017 de
1878 1989 2009 2026 exemplo

1162 2034 1279 2069 Christi,
1302 2034 1469 2069 dicendum,
1491 2035 1566 2071 quod
1582 2034 1710 2063 Christus
1732 2035 1808 2064 dedit
1822 2035 1902 2064 nobis
1917 2043 2010 2064 exem-

1162 2081 1240 2118 plum
1264 2082 1290 2110 in
1313 2082 1445 2118 operibus
1459 2082 1467 2095 ⁵
1491 2081 1686 2110 exterioribus
1707 2085 1734 2110 et
1756 2082 1781 2110 in
1798 2082 1931 2119 operibus
1952 2082 2010 2110 vir·
2021 2093 2136 2112 Notandum.

1162 2129 1232 2157 tatis
1250 2128 1398 2166 perfectae
1406 2140 1416 2162 ,·
1437 2129 1486 2157 sed
1509 2129 1555 2157 illa
1577 2137 1661 2166 opera
1683 2129 1709 2157 in
1725 2129 1835 2157 Christo
1850 2133 1929 2158 erant
1951 2137 2011 2166 per-

1161 2175 1307 2204 fectionem
1332 2175 1516 2210 indicantia,
1549 2176 1575 2204 in
1610 2176 1688 2204 nobis
1709 2184 1776 2205 vero
1797 2180 1862 2205 sunt
1893 2176 1928 2205 ad
1950 2184 2011 2213 per-

1161 2223 1306 2251 fectionem
1327 2223 1529 2259 perducentia.
1554 2223 1583 2251 Et
1604 2223 1734 2260 quamvis
1761 2231 1847 2260 opera
1868 2223 2010 2252 exteriora

1161 2269 1377 2306 praetenderent
1398 2270 1459 2298 eius
1481 2270 1649 2306 profectum,
1672 2278 1726 2298 non
1748 2274 1839 2298 tamen
1855 2273 1915 2298 erat
1937 2278 2011 2298 men-

1161 2316 1233 2349 dax,
1265 2316 1330 2352 quia
1359 2316 1463 2344 nullam
1497 2316 1693 2353 perfectionem
1723 2317 1904 2351 inchoabant,
1937 2325 2009 2354 quae

1161 2371 1213 2391 non
1230 2365 1302 2391 esset
1317 2363 1344 2390 in
1367 2370 1406 2391 eo.
1423 2363 1449 2391 Si
1466 2371 1532 2391 vero
1548 2371 1597 2399 per
1612 2371 1697 2400 opera
1712 2371 1765 2391 non
1788 2363 1928 2392 indicabat
1949 2372 2009 2401 per-

321 2548 326 2562 ¹
348 2548 428 2570 Psatm.
447 2548 489 2575 83,
508 2548 533 2570 S:
552 2548 618 2570 ibunt
634 2547 663 2570 de
680 2549 764 2570 virtute
782 2548 803 2569 in
823 2548 939 2570 virtutem.

319 2588 328 2602 ²
346 2588 398 2615 Hic,
416 2591 468 2610 ante
491 2587 608 2615 medium,
631 2587 670 2609 ubi
694 2588 783 2609 invenis
800 2590 822 2609 et
839 2587 910 2609 verba
933 2588 1036 2615 Gregorii
1055 2587 1105 2614 (re—

257 2634 312 2650 vera
329 2630 382 2649 sunt
400 2627 494 2655 Bedac).
518 2626 561 2648 Pro
585 2625 716 2656 Greqorius
735 2626 783 2648 Vnt.
802 2626 918 2648 substituit
935 2625 1032 2654 Glossa,
1051 2625 1104 2648 edd.

259 2667 267 2689 -1
280 2685 285 2694 ,
299 2667 312 2689 2
329 2666 436 2688 exhibent
447 2665 594 2688 Bernardus.
610 2678 637 2681 —
652 2666 720 2687 Paulo
733 2666 827 2687 interius
839 2671 880 2692 pro
893 2664 1027 2688 ostendebat
1038 2664 1105 2687 codd.

259 2705 291 2727 lL
304 2712 329 2727 aa
348 2704 524 2732 ostendebatur,
545 2704 596 2726 cod.
614 2703 632 2726 O
650 2710 674 2727 se
691 2703 831 2727 ostendebat.

298 2740 302 2742 ’
322 2744 331 2758 ³
349 2744 379 2766 De
396 2744 514 2772 principiis
532 2744 600 2765 huius
617 2749 665 2771 arg.
683 2742 737 2765 vide
754 2749 823 2770 supra
843 2742 865 2764 d.
884 2743 904 2765 2.
923 2749 943 2765 a.
962 2743 981 2765 3.
1000 2749 1021 2771 q.
1048 2743 1065 2764 l.
1084 2744 1106 2764 et

259 2783 280 2806 d.
299 2783 320 2805 3.
338 2789 360 2810 p.
379 2783 401 2804 ll.
420 2789 439 2804 a.
458 2783 478 2804 3.
497 2789 519 2810 q.
541 2783 559 2804 l.
577 2782 687 2810 Fulgent.⁷
706 2782 719 2804 l.
737 2782 766 2804 ad
784 2782 882 2804 Trasim.
904 2787 923 2803 c.
942 2782 967 2809 8,
989 2787 1105 2809 exponens

258 2822 313 2844 illud
330 2822 384 2844 Luc.
403 2822 428 2849 2,
447 2821 492 2843 52:
510 2822 576 2843 Iesus
592 2820 728 2851 proficiebat
744 2820 860 2849 sapientia
877 2824 927 2848 etc.r
940 2821 985 2843 ait:
1003 2820 1058 2842 Nam
1076 2820 1106 2842 si-

258 2864 296 2883 cut
313 2862 387 2883 curnis
404 2863 437 2883 est
455 2863 527 2883 aetate
544 2860 668 2888 proficere,
687 2861 719 2882 sic
736 2863 770 2882 est
787 2861 877 2882 animae
895 2860 1005 2888 sapientia
1023 2861 1045 2881 et
1056 2865 1106 2887 gra-

259 2901 287 2922 tiu
305 2900 441 2928 profecisse,
460 2906 520 2928 quae
532 2902 608 2921 tamen
626 2900 648 2920 in
666 2899 776 2926 sapientia
790 2899 918 2921 nullatenus
935 2898 1068 2926 proficeret,
1087 2898 1105 2919 si

259 2939 385 2961 naturalem
403 2939 586 2966 intelligentium,
610 2944 669 2966 quae
692 2938 824 2960 hominibus
846 2938 939 2960 rationis
962 2944 1030 2960 causa
1054 2943 1105 2959 con-

259 2984 321 3001 cessa
339 2981 385 3006 est,
404 2984 448 2999 non
466 2977 561 2999 haberet
577 2980 619 2999 etc.
637 2976 682 2999 Cfr.
700 2977 756 2999 ibid.
774 2977 806 2999 ΙΙΙ.
825 2983 844 2999 c.
866 2978 899 2999 l8.

1226 2546 1233 2559 ⁴
1252 2546 1301 2567 Vnt.
1320 2549 1341 2567 et
1359 2546 1458 2567 nonnulli
1477 2546 1544 2568 codd.
1563 2545 1672 2568 adiiciunt
1688 2546 1710 2568 et
1726 2545 1843 2568 ordinata.
1862 2545 1911 2567 Mox
1930 2551 1972 2573 pro
1983 2545 2010 2568 in

1162 2584 1278 2607 unitatem
1295 2584 1362 2607 codd.
1381 2585 1396 2606 Α
1408 2585 1426 2606 Κ
1445 2584 1468 2606 in
1486 2583 1586 2607 unitate.

1225 2625 1235 2637 ⁵
1254 2624 1317 2646 Vers.
1336 2624 1356 2645 8.
1380 2624 1432 2652 Seq.
1450 2624 1531 2651 Script.
1557 2624 1712 2645 testimonium
1730 2626 1765 2645 est
1780 2623 1832 2646 Luc.
1855 2624 1876 2652 l,
1901 2624 1942 2652 ‘28;
1968 2627 2010 2646 ter-

1164 2664 1219 2685 tium
1238 2663 1294 2690 Eph.
1314 2662 1339 2690 t,
1361 2663 1400 2690 103
1418 2666 1525 2691 ‹pini-tum
1544 2663 1604 2685 ioan.
1627 2663 1648 2691 l,
1671 2662 1708 2690 14;
1726 2663 1831 2685 ultimum
1851 2663 1909 2685 lonn.
1932 2663 1952 2690 l,
1975 2663 2009 2684 t6.

1163 2702 1310 2724 —Proxime
1328 2705 1379 2724 ante
1397 2702 1440 2724 hoo
1458 2702 1528 2724 ultim.
1546 2702 1658 2724 testimon.
1676 2701 1726 2724 cod.
1739 2702 1758 2724 K
1776 2708 1818 2729 pro
1833 2703 1931 2731 propter
1947 2701 2011 2731 quod

1163 2741 1279 2763 substituit
1293 2742 1392 2770 propter
1409 2747 1489 2770 qttum.

1225 2779 1235 2793 ⁶
1253 2778 1297 2801 Cfr.
1316 2779 1373 2801 infra
1391 2779 1413 2801 d.
1432 2780 1468 2802 31.
1486 2786 1506 2801 a.
1525 2780 1544 2801 2.
1563 2786 1585 2808 q.
1608 2780 1624 2801 Ι.
1643 2786 1690 2808 seq.
1703 2792 1733 2794 —
1746 2779 1797 2801 Post
1814 2785 1886 2807 pauca
1908 2783 1960 2801 ante
1976 2780 2011 2802 est

1163 2818 1265 2848 reperiri
1281 2819 1331 2841 cod.
1350 2819 1365 2840 F
1382 2820 1494 2842 interserit
1511 2818 1548 2841 ibi.

1226 2857 1235 2871 ⁷
1252 2857 1297 2880 Cfr.
1314 2858 1370 2880 intra
1389 2858 1410 2880 d.
1433 2857 1466 2880 14.
1483 2865 1503 2880 a.
1522 2859 1542 2880 3.
1562 2864 1583 2887 q.
1603 2858 1622 2880 l.
1641 2861 1662 2880 et
1680 2858 1702 2880 d.
1722 2858 1757 2879 16.
1775 2864 1794 2879 o.
1813 2858 1834 2879 2.
1852 2864 1874 2886 q.
1893 2858 1913 2879 2.

1226 2896 1235 2910 Β
1253 2896 1307 2919 Cod.
1321 2898 1335 2919 S
1347 2897 1371 2919 in
1389 2896 1454 2920 bonis
1467 2896 1582 2926 operibus.
1596 2897 1690 2919 insertus
1708 2899 1759 2924 post
1770 2896 1798 2919 Si
1812 2902 1866 2919 vero
1882 2902 1925 2925 per
1936 2902 2009 2926 opera

1164 2936 1232 2959 codd.
1251 2937 1267 2958 H
1286 2936 1319 2964 (K
1338 2943 1350 2958 a
1368 2937 1468 2959 secunda
1488 2938 1572 2965 manu)
1590 2936 1674 2964 1>be
1691 2935 1793 2958 subdunt
1809 2935 1979 2965 praecedentia.
