2166 3366
735 173 816 200 DtsT.
838 172 924 201 xxttt.
947 171 1019 200 ΛΒΤ.
1042 171 1058 199 l.
1081 171 1216 208 QUAEST.
1239 170 1256 198 l.

1812 169 1869 198 473

867 302 1127 337 SCHO-LION.

189 394 202 416 l.
221 394 242 415 ln
261 394 302 415 hat·
320 396 341 415 rt
358 392 449 415 duabus
460 399 524 421 seqq.
544 391 726 414 disum-{Ionibus
743 392 764 413 S.
782 392 866 414 Bonat'.
884 393 930 419 agit
942 391 969 414 (Ie

122 432 179 463 fide,
197 435 218 454 ct
235 432 330 461 quidem
347 432 440 453 omnino
458 431 486 453 ad
505 434 604 453 mentem
622 431 713 454 Concilii
733 430 833 452 Vaticani
852 432 884 453 (0.
903 431 924 452 3.
942 430 969 453 cle

125 471 199 499 Fide),
219 472 290 493 immo
308 472 365 493 hanc
381 471 513 492 catholicam
532 469 658 491 doctrinam
671 470 865 497 optinwcxplic.1t
881 473 903 491 et
920 470 969 491 illu-

123 513 189 538 strat;
207 510 287 532 eadem
300 511 367 531 etiam
380 516 406 531 ac
417 509 439 530 S.
458 509 559 531 'l'homas
576 509 686 536 principia
704 508 823 530 scit—nativi·
843 512 913 535 tenet,
927 515 967 530 nec

124 549 153 572 ab
171 549 220 577 ipso
238 549 278 570 uisi
297 549 318 570 in
337 548 416 575 paucis
433 548 527 569 minoris
545 548 654 569 momenti
674 547 743 569 rebus
764 548 908 576 aliquatenus
926 547 968 569 dis-

124 590 214 616 crepat,
234 587 368 616 praesertim
381 587 402 608 in
421 587 521 615 quadam
535 587 691 614 propositione
709 587 764 608 infra
784 587 804 608 11.
819 586 854 608 et.
873 593 893 608 a.
912 587 933 608 2.
946 593 968 615 q.

124 627 145 649 3.
163 629 262 650 tractata.
276 638 305 642 —
318 626 349 648 Do
370 626 440 648 variis
456 624 562 648 sensibus
584 625 689 647 vocabuli
707 624 763 655 fides
781 625 834 647 vide
859 626 894 647 hic
911 625 967 648 duh.

124 666 145 688 2.
158 678 188 681 —
200 665 277 687 l‘lurcs
288 663 432 695 definitiones
445 664 497 686 ibici
515 663 650 686 exhibentur
667 664 703 686 1110
716 664 770 686 dub.
787 665 807 691 1,
821 667 843 686 et
859 671 884 686 ca
898 670 967 693 quam

123 704 146 727 S.
169 704 250 726 Paulus
267 703 349 732 (llebr.
370 703 404 731 11,
426 702 453 731 1.)
471 702 524 730 dat,
548 703 663 730 praeclare
681 704 806 730 explicatur
828 704 882 725 infra
906 710 927 732 q.
946 703 967 726 5.

124 743 225 765 Breviter
242 743 284 765 hnc
302 742 464 765 notificationes
482 743 503 764 in
527 743 568 763 nae
585 744 606 763 et
624 748 670 770 seq.
692 743 824 770 quaestIOne
847 743 878 763 sit·
895 743 968 770 expri-

123 784 227 804 muntur:
250 781 315 804 Fides
336 785 368 804 cst
388 780 478 804 habitus
496 781 557 807 (siw¹
576 782 678 809 virtus),
697 787 738 808 per
756 788 824 810 quem
843 782 968 804 intellectus

124 820 250 843 voluntarie
268 821 398 847 captivatur
416 820 436 841 in
460 819 597 848 obsequium
616 820 697 841 Christi
714 822 736 841 et
759 820 858 842 innititur
880 821 968 848 primae

125 859 218 881 Veritati
237 862 331 886 propter
348 859 421 887 ipsam
438 861 460 880 et
476 864 547 886 super
564 859 648 880 omnia.
667 859 720 880 Attis
738 858 815 881 verbis
836 859 896 880 idom
915 859 968 881 ‹lit-it

124 898 225 921 delinitio
236 898 328 921 Concilii
349 897 419 920 Vatic.
438 898 494 923 (loc.
508 898 566 925 eit.):
588 906 597 917 ι(
612 898 673 919 llanc
691 904 746 920 vero
759 898 839 925 tidem,
858 904 916 926 quac
930 899 969 920 hu-

124 943 205 960 manae
222 937 300 960 salutis
318 937 405 959 initium
423 939 469 965 cst,
488 936 584 958 Ecclesia
603 936 711 958 catholiea
724 936 843 964 profitetur
860 938 967 968 virtutem

124 982 174 999 csse.
191 975 400 1004 supernaturalem,
426 981 484 1004 qua,
508 975 546 997 Dei
569 976 682 1002 aspirante
700 979 721 997 ct
744 975 866 998 adimanto
885 976 967 1003 gratia,

124 1014 153 1037 ab
170 1020 198 1036 co
215 1014 313 1036 revelata
327 1020 380 1036 vcra
395 1019 445 1036 esse
462 1013 589 1041 credimus,
609 1020 652 1035 non
666 1016 759 1041 propter
777 1015 920 1035 intrinsecam
934 1020 969 1036 rc-

125 1059 176 1076 rum
194 1054 311 1075 veritatem
326 1053 420 1075 naturali
439 1053 531 1074 rationis
542 1053 628 1074 lumine
647 1056 802 1080 perspectam,
816 1052 855 1074 scd
875 1055 968 1080 propter

124 1092 289 1117 auctoritatem
306 1091 379 1121 ipsius
397 1091 439 1114 Dei
455 1091 593 1119 revelantis,
613 1093 652 1120 qui
666 1098 707 1114 nec
724 1092 767 1114 falti
781 1098 822 1113 nec
839 1092 914 1114 saltere
929 1098 969 1120 po-

125 1133 174 1154 test.
191 1131 228 1154 Est
244 1131 305 1153 enim
324 1130 391 1158 nuos,
410 1133 503 1152 testante
521 1131 628 1158 Apostolo
647 1130 727 1156 (ltebr.
759 1131 791 1158 11,
816 1132 858 1159 1.),
877 1137 969 1158 speran-

124 1170 207 1193 darum
224 1169 348 1192 substantia
367 1175 456 1197 rerum,
475 1171 638 1197 argumentum
657 1175 701 1191 non
723 1170 883 1197 apparentium
897 1178 917 1190 n.
931 1171 968 1192 tia-

124 1209 177 1232 dem
200 1208 308 1237 synodus
331 1208 395 1236 quasi
420 1208 524 1229 ultimum
549 1207 722 1230 fundanii-ntum
747 1208 799 1230 tldei
816 1209 916 1236 assignat
934 1210 968 1231 his

125 1247 218 1270 verbis:
239 1255 249 1267 α
262 1246 319 1269 Cum
338 1247 407 1269 homo
425 1253 435 1268 a
455 1247 501 1268 Deo
519 1250 627 1275 tanquam
645 1246 750 1268 (ii-catere
771 1250 792 1269 ct
810 1247 906 1269 Domino
925 1254 968 1270 suo

125 1288 185 1310 totus
197 1285 337 1314 dependeat,
355 1288 377 1308 et
394 1286 450 1307 ratio
471 1288 545 1307 creata
563 1286 674 1307 increatae
694 1286 785 1308 Veritati
804 1287 894 1313 penitus
916 1286 969 1308 sul)-

124 1326 182 1349 tecta
205 1326 243 1353 sit,
267 1325 360 1353 plenum
378 1325 488 1347 revelanti
506 1324 552 1346 Deo
575 1323 705 1347 intellectus
722 1326 743 1347 et
761 1324 888 1348 voluntatis
906 1324 969 1348 obse-

125 1363 208 1394 quium
225 1364 269 1386 fide
281 1367 396 1391 praestare
414 1366 550 1386 tenemur».
562 1363 624 1386 Idem
642 1364 686 1386 iam
700 1364 735 1386 hic
753 1365 773 1385 tn
796 1370 859 1392 corp.
872 1364 966 1386 dicitur:

129 1403 235 1425 «lustum
252 1403 313 1425 enim
330 1405 374 1430 cst,
393 1405 417 1424 ut
433 1401 563 1425 intellectus
581 1406 656 1424 noster
675 1403 703 1424 ita
717 1403 844 1430 captivetur
861 1407 881 1425 et
894 1402 968 1425 subia-

125 1445 175 1465 ceat
195 1447 300 1464 summae
325 1440 436 1469 Veritati,
460 1441 518 1464 sieut
539 1440 638 1471 affectus
661 1444 738 1463 noster
760 1441 827 1463 debet
849 1441 968 1464 subiacere

125 1486 230 1504 summae
247 1479 366 1508 Bonitati,·
383 1486 424 1503 nec
442 1483 515 1508 potest
533 1486 582 1501 esse
600 1481 674 1501 anima
693 1484 765 1507 recta,
784 1481 825 1502 nisi
843 1481 968 1503 intellectus

125 1525 230 1542 summae
246 1518 343 1542 Veritati
359 1522 454 1547 propter
465 1525 488 1541 se
506 1521 528 1541 ct
540 1525 609 1547 super
621 1519 696 1541 omnia
710 1520 826 1546 assentiat,
842 1522 864 1541 et
876 1520 970 1542 affectus

125 1564 230 1582 summae
247 1558 351 1582 Bonitatt'
366 1558 521 1581 adhaereat».

189 1597 212 1620 ll.
230 1597 257 1620 Ut
274 1597 362 1620 facilius
387 1598 538 1625 perspiciatur
559 1600 602 1619 tota
621 1598 674 1620 tanti
691 1598 800 1620 momenti
818 1597 918 1620 doctrina
941 1597 970 1620 de

126 1635 183 1665 flete,
196 1636 259 1658 iuvat
279 1635 379 1658 brevitor
397 1636 541 1664 praemittere
562 1636 721 1664 principaliora
739 1636 862 1664 principia,
884 1636 969 1665 quibus

126 1675 227 1697 innititur
244 1675 329 1697 theoria
347 1675 446 1697 auctoris
464 1675 545 1701 nostri,
563 1681 622 1703 quac
640 1675 661 1696 in
680 1680 769 1696 summa
787 1678 821 1697 est
841 1675 970 1697 communis

126 1714 273 1743 antiquorum
290 1713 410 1736 doctorum
428 1714 545 1736 sententia.

190 1753 210 1775 1.
227 1752 314 1781 Duplex
326 1754 360 1775 est
371 1752 490 1775 certitudo.
512 1760 522 1773 α
532 1753 569 1775 Est
585 1753 646 1775 enirn
659 1752 771 1775 certitudo
788 1752 966 1782 speculationis,

126 1794 148 1815 et
164 1794 198 1815 est
215 1791 327 1815 certitudo
347 1790 511 1819 adhaesionis;
529 1795 551 1814 et
568 1793 641 1819 prima
665 1791 758 1820 quidem
776 1792 868 1819 respicit
885 1792 967 1815 intelle-

126 1833 200 1859 ctum,
217 1830 318 1853 secunda
335 1836 392 1853 vero
409 1831 502 1858 respicit
518 1831 595 1858 ipsum
608 1830 714 1852 altcctum
727 1838 737 1850 υ
759 1830 830 1857 (intra
848 1837 870 1859 q.
883 1830 908 1859 43
926 1831 966 1854 ct'r.

126 1876 148 1899 q.
166 1869 187 1892 ὃ.
208 1869 238 1892 ad
260 1869 285 1897 6,
309 1868 331 1892 d.
349 1869 386 1891 26.
409 1875 428 1891 a.
448 1869 468 1891 i.
493 1876 514 1898 q.
532 1869 571 1897 5.).
589 1868 704 1892 Consentit
726 1875 779 1891 cum
801 1869 850 1892 aliis
871 1871 969 1899 antiquis

125 1908 147 1931 S.
161 1908 251 1936 Thom.,
264 1908 300 1930 hic
312 1914 334 1937 q.
347 1908 368 1930 2.
378 1914 397 1930 a.
411 1908 431 1930 2.
444 1908 585 1937 quaestione.
602 1908 619 1929 1.
632 1911 654 1930 et
666 1908 690 1935 3,
706 1907 744 1929 ubi
756 1909 848 1935 exponit
858 1909 968 1936 triplicem

125 1947 235 1975 modum,
252 1953 299 1976 quo
316 1947 442 1970 intellectus
458 1946 622 1969 determinatur
635 1946 664 1968 ad
676 1952 807 1974 assensum,
825 1947 909 1970 scilicet
932 1950 970 1970 aut

125 1992 153 2009 ex
169 1987 218 2015 ipsa
236 1987 363 2014 praesentia
381 1985 527 2014 intelligibilis
543 1988 565 2008 ct
581 1985 696 2008 evidentia
713 1984 794 2008 obiecti
804 1985 924 2014 moventis,
945 1989 969 2009 ut

126 2026 149 2048 in
166 2024 283 2048 intellectu
301 2026 428 2057 primorum
447 2025 623 2053 principiorum:
638 2028 677 2046 aut
693 2023 779 2047 virtute
794 2024 865 2047 medii
879 2031 970 2048 mouen-

127 2064 169 2093 tis,
189 2068 213 2087 ut
230 2065 252 2087 in
274 2063 371 2088 scientia
392 2065 580 2091 conclusionum,
603 2066 642 2086 aut
659 2063 756 2092 imperio
773 2063 901 2087 voluntatis
917 2070 967 2087 mo-

126 2102 199 2127 ventis
221 2103 288 2132 (cum
309 2103 415 2126 voluntas
441 2106 532 2125 moveat
548 2108 628 2124 omnes
646 2103 707 2124 vires
719 2102 748 2124 ad
766 2106 829 2125 actus
847 2096 928 2131 suos),
946 2106 970 2126 ut

127 2143 150 2165 in
167 2141 219 2173 fide.
238 2142 322 2165 Deinde
340 2142 487 2171 prosequitur
505 2142 559 2169 (loc.
577 2142 613 2164 cit.
631 2142 772 2170 quaestiunc.
790 2141 830 2170 l.):
852 2150 861 2161 α
878 2142 903 2164 Et
915 2142 971 2164 haec

127 2181 222 2210 quidem
238 2181 345 2203 voluntas
356 2181 492 2203 determinat
509 2180 646 2202 intellectum
658 2179 688 2201 ad
704 2179 802 2208 aliquid,
816 2179 878 2208 quod
896 2186 970 2209 neque

127 2226 169 2248 per
185 2226 210 2242 se
227 2220 304 2248 ipsum
320 2219 423 2247 videtur,
442 2225 517 2248 neque
534 2219 563 2241 ad
581 2225 606 2241 ea
625 2225 684 2247 quae
701 2224 743 2246 per
760 2225 784 2241 se
801 2219 920 2247 videntur,
938 2226 970 2242 re-

128 2258 186 2281 solvi
207 2264 275 2286 posse
296 2258 443 2285 determinat,
462 2264 488 2280 ex
502 2258 544 2279 hoc
561 2257 623 2286 quod
636 2257 733 2285 dignum
750 2259 853 2286 reputat,
871 2257 900 2280 illi
920 2264 970 2280 esse

128 2296 312 2324 adhaerendum,
331 2299 426 2324 propter
443 2296 544 2325 aliquam
561 2296 683 2323 rationem,
708 2301 752 2324 qua
771 2294 858 2318 bonum
879 2295 971 2318 videtur

127 2335 148 2357 ei
164 2335 194 2357 illi
211 2335 243 2357 rei
261 2334 398 2363 adhaerere,
416 2335 523 2363 quamvis
549 2334 583 2356 illa
601 2335 657 2356 ratio
683 2333 712 2355 ad
732 2334 872 2356 intellectum
897 2335 970 2356 termi-

128 2373 231 2396 nandum
243 2380 288 2396 non
300 2374 397 2396 sufficiat
408 2376 503 2402 propter
520 2372 700 2396 imbecillitatem
712 2372 854 2401 intellectus,
873 2374 912 2402 qui
926 2380 970 2396 non

128 2413 191 2436 videt
207 2419 249 2441 per
265 2419 290 2435 se
302 2414 345 2436 hoc
362 2414 398 2436 cui
410 2413 581 2436 assentiendum
593 2413 650 2434 ratio
662 2412 748 2435 iudicat
760 2421 780 2434 υ.
794 2411 881 2434 lbidem
894 2413 971 2441 (quae-

128 2453 208 2475 stiunc.
221 2452 253 2481 3.)
265 2453 385 2475 asseritur:
406 2460 416 2472 a
428 2451 556 2479 Certitudo,
570 2457 630 2479 quae
641 2454 675 2473 est
691 2451 713 2472 in
726 2449 823 2473 scientia
840 2454 862 2473 et
873 2451 895 2472 in
907 2450 970 2474 intel·

130 2489 202 2519 lectu,
222 2493 255 2513 est
271 2496 298 2512 ex
315 2491 364 2518 ipsa
382 2489 496 2513 evidentia
519 2495 600 2512 eorum
618 2495 678 2517 quae
700 2492 760 2511 certa
777 2494 828 2511 esse
851 2488 970 2517 dicuntur;

129 2528 241 2551 certitudo
257 2532 334 2551 autem
349 2527 404 2557 fidei
419 2531 453 2550 est
469 2534 496 2550 ex
514 2527 579 2549 firma
596 2527 738 2550 adhaesione
757 2527 786 2549 ad
804 2527 827 2549 id
845 2527 908 2556 quod
925 2533 970 2550 cre-

129 2567 190 2590 ditur
203 2575 214 2588 »
233 2567 283 2594 (etr.
301 2567 329 2589 de
348 2567 418 2589 Verit.
436 2573 458 2595 q.
476 2566 511 2588 14.
529 2573 548 2588 a.
571 2567 588 2588 l.
614 2566 643 2588 ad
660 2566 699 2594 7.).
720 2577 752 2582 —
771 2565 862 2588 Constat
878 2568 970 2594 autem,

130 2605 194 2634 quod
216 2606 272 2627 haec
289 2605 400 2627 certitudo
422 2604 571 2627 adhaesionis
588 2611 630 2632 per
647 2604 716 2627 fidem
736 2605 863 2626 naturalem
884 2606 906 2627 in
925 2606 971 2628 vita

129 2644 206 2666 sociali
223 2644 362 2666 immensum
380 2649 489 2671 campum
507 2644 635 2666 necessario
660 2646 763 2671 occupat.
787 2643 845 2666 Cum
867 2644 928 2666 enim
949 2644 971 2665 in

130 2682 296 2710 cognoscendis
313 2682 419 2710 pluribus
436 2682 515 2709 rebus,
535 2682 670 2709 praesertim
682 2681 870 2710 particularibus,
887 2682 972 2704 unicui-

130 2728 175 2751 que
192 2721 283 2744 deficiat
299 2722 386 2749 proprii
403 2722 529 2744 intellectus
545 2722 651 2749 scientia,
672 2720 851 2744 adhaerendum
872 2724 906 2744 est
926 2727 972 2743 me-

130 2760 206 2783 diante
223 2760 268 2783 fide
285 2761 380 2782 naturali
398 2761 519 2782 intellectui
537 2760 609 2782 alieno
627 2766 677 2782 rem
693 2761 787 2788 scienti,
806 2762 830 2782 ut
846 2761 893 2788 sic,
916 2760 972 2783 dum

131 2799 183 2827 quis
199 2799 295 2821 alienam
320 2799 449 2821 seientiam‘
462 2805 528 2821 suam
546 2799 610 2827 facit,
636 2799 702 2827 quasi
722 2804 764 2826 per
788 2798 972 2822 substitutionem

130 2837 237 2865 suppleat
254 2837 368 2860 desectum
385 2841 407 2860 et
423 2837 579 2865 indigentiam.
597 2836 632 2859 Ab
649 2838 691 2859 hac
713 2841 789 2859 autem
812 2837 858 2860 side
877 2838 972 2860 naturali

131 2875 189 2898 fides
200 2876 326 2904 theologica
341 2877 417 2904 specie
434 2876 509 2898 differt
526 2877 605 2904 (supra
623 2876 645 2898 d.
663 2876 684 2898 9.
702 2882 721 2898 a.
740 2877 760 2898 2.
779 2882 801 2904 q.
819 2875 840 2898 4.
857 2876 887 2898 ad
904 2877 943 2904 2.).

194 2915 215 2936 2.
226 2913 352 2939 ,obiectum
364 2914 472 2938 scientiae
489 2917 522 2937 est
539 2921 620 2937 verum
637 2913 727 2942 visum,
742 2914 858 2937 obiectum
874 2914 929 2944 fidei
939 2917 974 2937 est

131 2958 215 2975 verum
226 2958 273 2976 noa
292 2952 380 2981 visum,
395 2953 436 2976 sed
453 2954 606 2981 salutiferum,
625 2956 649 2976 ut
660 2954 784 2981 explicatur
800 2953 837 2975 1110
852 2953 882 2975 ad
899 2954 923 2981 23
936 2953 972 2975 vel

258 3003 282 3026 S.
299 3003 388 3026 Bomzv.
406 3016 437 3019 —-
454 3004 519 3025 Tom.
538 3003 571 3025 111.

1025 391 1074 413 aliis
1093 391 1181 413 verbis:
1203 399 1212 411 α
1226 390 1291 413 Fides
1309 393 1342 413 est
1363 391 1392 413 de
1409 390 1573 418 invisibilibus,
1592 390 1718 413 secundnm
1737 391 1800 420 quod
1818 393 1870 413 sunt

1026 430 1146 452 invisibilia
1160 438 1169 449 n
1191 430 1261 454 (intra
1281 430 1302 451 d.
1321 430 1357 451 26.
1371 429 1426 452 dub.
1439 430 1482 458 3.);
1500 433 1534 452 cst
1550 430 1610 451 enim
1627 438 1637 449 α
1650 433 1812 457 argumentum
1826 435 1870 451 non

1025 469 1209 497 apparentium»
1236 468 1316 492 (llebr.
1339 469 1371 495 ll,
1399 469 1420 495 1;
1439 469 1478 490 vir.
1502 469 1557 491 infra
1577 475 1598 497 q.
1617 468 1656 493 5.).
1683 477 1692 488 α
1706 469 1792 490 Lumen
1818 468 1870 490 ndei

1027 507 1094 530 habet
1116 508 1220 535 aenigma
1245 513 1371 534 annexum;
1395 510 1416 529 et
1438 514 1464 529 cx
1488 508 1531 529 hoc
1554 508 1636 533 oritur,
1660 507 1722 536 quod
1746 508 1870 530 intellectus

1027 546 1145 568 inclinatur
1170 545 1198 567 ab
1223 547 1303 568 allecta
1332 549 1354 567 ct
1379 545 1456 573 dirigit
1482 546 1597 568 homini-m
1626 546 1654 568 ad
1681 546 1869 574 cognoscendum

1027 591 1070 607 non
1088 585 1164 607 visum
1181 593 1190 604 n
1212 584 1282 613 (infra
1302 584 1323 606 d.
1347 585 1383 606 3¹.
1401 591 1420 606 a.
1439 585 1460 607 2.
1484 592 1505 614 q,
1533 585 1549 607 1.
1574 585 1602 607 ad
1626 586 1650 613 (33
1669 585 1708 607 cfr.
1731 585 1786 607 ibid.
1805 592 1868 613 corp.

1024 624 1045 646 in
1069 623 1134 653 fine).

1088 663 1108 685 3,
1127 663 1183 685 llinc
1198 670 1208 683 α
1220 661 1351 686 auctoritas
1363 662 1456 690 supplet
1469 662 1543 685 locum
1562 661 1685 685 rationis...
1698 663 1738 685 etsi
1755 669 1799 685 non
1812 663 1872 686 adsit

1025 701 1144 724 intellectui
1163 702 1235 729 ipsius
1252 700 1365 723 credentis
1382 700 1456 729 ratio,
1477 704 1570 729 proptor
1587 707 1657 729 quam
1675 701 1757 723 debeat
1780 702 1870 724 veritati

1025 741 1147 768 assentire,
1165 740 1229 763 adest
1241 744 1314 762 tamen
1328 746 1432 762 summac
1452 740 1556 762 Veritatis
1567 740 1711 769 auctoritas,
1733 748 1792 770 quae
1804 741 1870 765 cordi

1024 786 1068 802 suo
1079 779 1176 806 saadet‚·
1195 786 1264 808 quam
1277 780 1344 801 etiam
1357 785 1473 801 summam
1488 779 1609 801 Veritatem
1622 779 1710 803 scimus
1723 781 1812 802 nwnuri
1826 786 1870 802 non

1026 824 1105 846 possm
1123 821 1144 840 vt
1156 818 1208 839 idco
1225 817 1324 847 impiam
1340 821 1374 840 cst
1386 819 1405 839 ci
1424 824 1467 840 non
1480 818 1574 840 crcdcrc
1589 827 1598 838 n
1612 819 1662 844 (111(-
1674 819 1702 840 ad
1717 819 1756 847 3.).
1768 831 1799 835 -
1812 819 1872 841 llaec

1025 856 1155 880 auctoritas
1173 863 1216 879 non
1234 860 1267 879 est
1289 857 1476 886 qualiscumque,
1495 857 1535 879 sed
1552 863 1665 887 suprema
1674 866 1683 885 i
1707 857 1828 880 infallibilis
1848 859 1870 880 in

1025 895 1181 926 testificando,
1201 897 1253 925 quia
1269 896 1342 923 prima
1362 897 1495 918 Χῖοι-11115051
1512 902 1603 918 summe
1614 896 1761 924 obstringens
1778 897 1806 919 ad
1819 897 1870 920 obe-

1025 934 1135 957 dientiam
1152 934 1218 964 fidei,
1237 935 1289 963 quia
1309 935 1369 956 Deus
1392 935 1455 956 solus
1472 935 1589 957 Dominus.
1614 935 1668 957 llinc
1688 935 1776 958 Veritas
1798 935 1871 959 [liciat

1026 974 1094 999 (intra
1113 980 1134 1002 q.
1153 974 1173 996 3.
1186 976 1207 995 ot
1224 973 1246 996 d.
1260 973 1296 995 25.
1309 981 1328 995 a.
1348 974 1368 995 2.
1388 980 1410 1002 q.
1423 974 1460 1002 3),
1479 974 1543 1002 quod
1564 983 1573 993 α
1587 974 1714 997 intellectus
1731 978 1808 997 noster
1820 975 1872 1003 plus

1025 1012 1103 1034 credat
1119 1018 1223 1034 summae
1242 1012 1333 1034 Veritati
1351 1018 1421 1041 quam
1439 1012 1495 1040 sibi,
1507 1016 1529 1035 et
1540 1012 1603 1041 quod
1621 1019 1645 1035 sc
1663 1012 1751 1041 redigat
1769 1014 1790 1035 in
1808 1013 1872 1035 obse-

1026 1052 1105 1079 quium
1123 1051 1215 1078 Christi;
1234 1057 1259 1073 ac
1278 1057 1319 1078 per
1336 1052 1389 1078 hoc,
1408 1051 1471 1079 quod
1490 1057 1533 1073 non
1552 1051 1626 1073 solum
1644 1051 1722 1073 credat
1743 1058 1803 1080 quac
1820 1055 1873 1074 sunt

1025 1088 1155 1111 secundum
1172 1088 1300 1116 rationem,
1320 1095 1402 1111 verum
1423 1090 1490 1112 ctiam
1509 1096 1568 1118 quae
1591 1093 1644 1112 sunt
1660 1095 1734 1119 supra
1753 1089 1870 1113 rationem

1025 1131 1047 1150 et
1064 1129 1146 1151 contra
1164 1134 1276 1151 sensuum
1293 1128 1470 1158 experientiam.
1489 1129 1556 1157 Quod
1568 1129 1586 1151 si
1605 1133 1703 1156 recusat,
1718 1135 1762 1151 non
1780 1129 1872 1152 exhibet

1025 1173 1130 1190 summac
1143 1167 1235 1190 Veritati
1247 1166 1348 1190 debitam
1361 1167 1528 1196 reverentiam,
1548 1167 1604 1190 dum
1622 1168 1732 1190 iudicium
1745 1168 1871 1191 industriae

1027 1206 1133 1234 propriae
1151 1206 1249 1234 praefert
1266 1205 1389 1229 dictamini
1408 1206 1465 1228 lucis
1482 1209 1597 1233 aeternae,
1616 1206 1679 1235 quod
1701 1213 1751 1228 csse
1769 1213 1813 1228 non
1832 1214 1870 1235 po-

1026 1248 1067 1268 test
1084 1245 1172 1274 absquo
1184 1247 1273 1268 tumore
1285 1245 1407 1273 superbiae
1425 1248 1446 1268 ct
1458 1246 1560 1267 clationis
1573 1246 1738 1273 improbandae
1752 1253 1763 1267 11
1778 1247 1871 1270 (Brevi-

1026 1285 1070 1312 loq.
1084 1290 1106 1311 p.
1121 1284 1145 1306 V.
1156 1290 1175 1306 c.
1188 1284 1227 1312 7.).
1240 1284 1392 1306 Confirmaun·
1405 1285 1460 1306 haec
1473 1284 1574 1307 doctrina
1587 1291 1598 1306 a
1611 1284 1711 1307 Concilio
1725 1284 1774 1307 Vat.
1787 1291 1836 1307 can.
1851 1286 1870 1308 1.

1025 1321 1053 1344 de
1071 1321 1143 1345 Fide:
1164 1331 1174 1342 α
1186 1323 1209 1344 Si
1227 1323 1278 1351 quis
1295 1322 1385 1351 dixerit,
1405 1323 1515 1345 rationem
1534 1324 1657 1345 humanam
1670 1323 1699 1345 ita
1718 1323 1871 1352 independen-

1027 1364 1071 1383 tcm
1088 1367 1149 1388 esse,
1169 1364 1192 1384 ut
1209 1361 1266 1384 tides
1283 1362 1302 1384 ei
1320 1368 1332 1383 a
1351 1361 1397 1384 Deo
1414 1361 1529 1391 imperari
1546 1368 1590 1384 non
1608 1363 1690 1390 possit,
1707 1369 1728 1384 a.
1745 1368 1763 1384 5.
1777 1371 1797 1384 ιι.

1090 1400 1110 1422 t.
1128 1400 1274 1430 Quamquam
1291 1400 1348 1423 fides
1366 1400 1419 1423 dicit
1439 1409 1449 1420 ε
1466 1401 1624 1423 certitudinem
1637 1402 1658 1423 in
1677 1402 1789 1424 intellectu
1802 1411 1813 1422 1>
1834 1403 1871 1429 (ΙΙ.

1027 1440 1086 1462 Sent.
1106 1439 1126 1461 d.
1146 1439 1182 1462 43.
1200 1439 1255 1462 dub.
1274 1440 1304 1467 3.)
1322 1443 1344 1462 01
1364 1448 1374 1459 ι
1387 1441 1534 1462 essentialItcr
1551 1441 1642 1468 respicit
1658 1444 1734 1463 actum
1753 1442 1846 1464 rationis
1858 1450 1868 1462 ι

1027 1478 1062 1507 ((1.
1076 1479 1096 1500 2.
1109 1479 1130 1500 in
1144 1478 1224 1507 corp),
1242 1481 1316 1500 tamen
1330 1479 1397 1501 ctiam
1410 1479 1501 1506 respicit
1518 1481 1592 1501 actum
1610 1480 1733 1502 voluntatis
1747 1483 1771 1502 ut
1782 1479 1826 1503 sibi
1841 1486 1873 1504 es-

1026 1516 1163 1545 sentia!em;
1174 1523 1230 1545 ergo
1247 1521 1269 1539 et
1281 1518 1339 1539 circa
1352 1518 1426 1545 ipsam
1439 1517 1507 1540 habet
1522 1526 1531 1537 α
1542 1517 1696 1541 essentialiter
1713 1520 1837 1542 consistere
1846 1527 1871 1547 »ς

1030 1564 1040 1576 ι
1053 1558 1075 1578 ct
1092 1557 1168 1584 ipsum
1186 1555 1242 1579 velle
1263 1555 1358 1579 credere
1374 1559 1408 1578 est
1424 1556 1546 1579 essentiale
1564 1557 1606 1585 ipsi
1624 1557 1676 1579 ndei
1695 1557 1789 1587 (ibid),
1807 1558 1871 1587 quod

1027 1596 1100 1622 magis
1117 1595 1242 1622 explicatur
1259 1595 1315 1617 intra
1328 1595 1349 1617 (1.
1363 1594 1399 1617 24.
1412 1595 1468 1617 dub.
1486 1595 1503 1617 1,
1516 1598 1538 1618 01
1550 1595 1571 1618 tl.
1585 1596 1621 1618 31.
1634 1603 1653 1618 a.
1673 1597 1693 1618 2.
1706 1603 1728 1625 q.
1751 1598 1768 1619 1.
1786 1598 1808 1619 111
1825 1597 1870 1620 fine

1027 1640 1090 1662 corp.
1099 1633 1215 1656 Consentit
1227 1634 1248 1656 S.
1262 1634 1363 1656 Thomas
1375 1634 1413 1659 (de
1427 1634 1495 1656 Vei-it.
1508 1641 1530 1663 q.
1547 1634 1579 1656 14.
1592 1642 1611 1657 a.
1631 1635 1652 1657 3.
1664 1635 1693 1657 ad
1709 1636 1751 1664 to.)
1763 1642 1768 1658 :
1785 1644 1795 1656 α
1806 1636 1873 1659 Fides

1028 1678 1072 1694 non
1085 1675 1119 1694 cst
1130 1672 1151 1693 in
1164 1672 1284 1701 intellectu⁷
1297 1673 1339 1694 nisi
1351 1672 1479 1695 secundum
1492 1673 1555 1702 quod
1569 1673 1695 1702 imperatur
1707 1680 1717 1695 a
1731 1675 1871 1697 voluntate...

1027 1710 1091 1733 Unde
1104 1712 1211 1740 quamvis
1223 1711 1277 1734 illud
1296 1711 1358 1740 quod
1368 1714 1401 1734 est
1415 1718 1442 1734 cx
1454 1715 1517 1740 parte
1530 1712 1659 1741 voluntatis,
1673 1713 1745 1740 possit
1757 1713 1801 1736 dici
1813 1713 1872 1737 acci·

1027 1749 1118 1773 demate
1134 1749 1273 1778 intellectui,
1293 1754 1326 1773 est
1344 1753 1418 1773 tamen
1443 1750 1567 1774 essentiate
1582 1750 1637 1781 fidei
1647 1760 1668 1774 ι».
1686 1751 1742 1774 11)1(1.
1755 1753 1777 1774 111
1795 1759 1872 1781 corp:

1031 1797 1040 1809 α
1050 1788 1171 1812 Credere...
1190 1795 1234 1811 non
1248 1789 1315 1812 habet
1327 1796 1447 1812 assensum
1460 1791 1501 1812 nisi
1512 1796 1539 1812 cx
1552 1791 1648 1818 imperio
1662 1791 1798 1821 voluntatis;
1811 1792 1873 1815 unde

1026 1827 1156 1851 secundum
1173 1827 1197 1851 id
1208 1828 1271 1858 qaod
1281 1830 1322 1857 est,
1337 1836 1349 1851 a
1362 1830 1478 1852 voluntate
1494 1829 1609 1858 dcpcndct
1622 1839 1642 1852 n.
1656 1830 1711 1853 111110
1724 1831 1781 1853 tides
1797 1834 1873 1859 potest

1027 1873 1077 1889 esse
1094 1867 1166 1890 virtus
1183 1871 1205 1890 et
1221 1871 1281 1890 recte
1293 1870 1389 1890 vocatur
1405 1867 1492 1891 veritas
1503 1868 1634 1892 secandum
1649 1869 1758 1898 pietatem
1776 1870 1826 1899 (hic
1842 1871 1871 1893 ad

1027 1906 1058 1934 2.)
1076 1905 1105 1928 'et
1125 1915 1135 1926 α
1147 1906 1255 1930 doctrina
1279 1906 1410 1930 secandum
1428 1906 1559 1937 pietatem»
1581 1908 1650 1934 (intra
1668 1915 1690 1937 q.
1708 1908 1729 1931 5.
1751 1910 1773 1931 111
1792 1916 1872 1938 corp.;

1027 1944 1066 1967 011,
1085 1945 1107 1967 d.
1125 1944 1161 1967 26.
1179 1945 1234 1967 dub.
1256 1945 1294 1974 1.),
1307 1949 1329 1968 et
1349 1954 1359 1965 ι
1372 1952 1416 1968 11011
1434 1945 1557 1975 [proprie]
1575 1947 1698 1974 probatur,
1711 1947 1750 1969 sed
1764 1947 1869 1975 probat»

1028 1984 1034 2010 (
1042 1984 1078 2006 hic
1094 1983 1150 2006 dub.
1168 1984 1207 2012 5.).
1219 1983 1372 2007 Conflrmatur
1385 1985 1441 2007 haec
1452 1984 1554 2007 doctrina
1569 1986 1699 2008 communIs
1711 1986 1872 2014 reprobatione

1027 2023 1083 2046 sacta
1096 2023 1125 2045 ab
1138 2023 1267 2045 Innocentio
1279 2023 1316 2045 xl.
1330 2024 1379 2051 (an.
1395 2023 1466 2051 1749)
1479 2025 1595 2052 sequentis
1607 2031 1700 2052 propos.
1714 2026 1721 2052 t
1732 2026 1789 2054 19.);
1808 2034 1819 2046 «x
1829 2026 1873 2048 Vo-

1027 2062 1101 2084 luntas
1119 2068 1163 2084 non
1181 2065 1255 2090 potest
1271 2063 1373 2091 efficere,
1389 2067 1413 2085 ut
1430 2069 1538 2085 assensus
1556 2063 1607 2086 fidei
1627 2065 1647 2085 in
1665 2070 1690 2086 se
1707 2065 1758 2092 ipso
1775 2065 1804 2088 sit
1825 2071 1872 2087 rna-

1027 2101 1062 2128 gis
1080 2100 1170 2127 firmus,
1188 2107 1258 2129 quam
1276 2105 1391 2123 mereatur
1409 2101 1501 2129 pondus
1517 2102 1631 2124 rationum
1649 2102 1678 2124 ad
1694 2108 1814 2125 assensum
1833 2104 1873 2125 im-

1027 2139 1160 2167 pellentium
1171 2148 1192 2162 n,

1090 2178 1111 2200 5.
1129 2178 1209 2200 Ultima
1227 2178 1289 2201 ratio
1306 2177 1417 2202 obiectiva
1429 2181 1451 2200 et
1467 2178 1607 2207 intrinseca,
1628 2185 1687 2208 quae
1699 2183 1778 2202 movet
1794 2180 1824 2202 ad
1836 2187 1873 2203 as-

1027 2223 1121 2239 sensum
1138 2217 1206 2245 fidei,
1227 2220 1260 2240 est
1281 2226 1291 2237 ιι
1307 2218 1355 2245 ipsa
1380 2223 1471 2239 summa
1493 2218 1581 2240 Veritas
1603 2216 1665 2247 [sive
1687 2219 1809 2241 auctoritas
1831 2219 1872 2242 Dei

1027 2255 1173 2285 revelantis],
1191 2256 1226 2278 0111
1239 2256 1288 2284 ipsa
1305 2255 1363 2278 fides
1374 2257 1478 2278 innititur
1494 2259 1589 2284 propter
1605 2262 1630 2278 se
1642 2259 1664 2279 ct
1680 2263 1751 2284 super
1768 2258 1844 2280 omnia
1857 2266 1868 2278 ι

1028 2294 1059 2323 (q.
1072 2295 1093 2317 3.
1111 2295 1132 2316 in
1145 2296 1225 2323 corp.).
1248 2303 1257 2314 α
1267 2295 1333 2317 Fides
1350 2297 1426 2317 autem
1438 2294 1534 2318 amicam
1547 2295 1646 2317 intuetur
1657 2296 1780 2324 rationem,
1792 2302 1872 2319 secun-

1028 2333 1083 2356 dum
1101 2340 1171 2362 quam
1183 2334 1258 2355 omnia
1276 2333 1392 2355 credibilia
1406 2333 1477 2355 credit
1487 2341 1498 2353 ι)
1512 2333 1579 2361 (ibid.
1593 2333 1622 2355 ad
1640 2334 1678 2362 2),
1691 2337 1713 2357 et
1728 2342 1738 2354 α
1750 2337 1796 2356 tam
1809 2336 1868 2357 cirea

1028 2375 1101 2394 creata
1119 2376 1141 2394 ct
1158 2373 1254 2394 increata
1272 2375 1377 2394 versatur
1394 2372 1522 2394 secundum
1539 2372 1655 2395 dictamen
1671 2372 1779 2396 Veritatis
1796 2375 1869 2397 aeter-

1027 2417 1072 2434 nae
1084 2420 1094 2431 n
1115 2411 1184 2438 (ibid.
1201 2411 1230 2433 ad
1248 2411 1287 2438 3.).
1304 2423 1334 2427 —-
1346 2411 1393 2433 Hoc
1410 2412 1548 2439 principium
1566 2414 1653 2434 constat
1670 2412 1728 2434 inter
1740 2411 1869 2436 Catholicos

1027 2452 1050 2472 et
1066 2450 1177 2478 probatur
1198 2451 1325 2472 testimonio
1343 2449 1434 2472 Concilii
1450 2450 1498 2472 Vat.
1512 2456 1581 2478 supra
1593 2457 1616 2472 n.
1630 2451 1644 2472 l.
1662 2451 1765 2479 allegato.
1779 2452 1824 2474 Sed
1842 2452 1870 2474 de

1027 2488 1066 2512 via
1082 2494 1111 2511 ac
1128 2488 1209 2516 modo,
1228 2494 1275 2517 quo
1293 2489 1345 2511 huic
1362 2489 1450 2511 formali
1468 2488 1557 2512 obiecto
1575 2489 1627 2511 fidei
1644 2495 1671 2512 ex
1689 2492 1752 2517 parte
1770 2491 1869 2513 hominis

1028 2528 1159 2555 assentitur,
1176 2527 1337 2549 subtilissimae
1354 2528 1375 2549 in
1394 2527 1478 2550 scholis
1495 2528 1611 2550 catholicis
1632 2530 1704 2551 aetate
1720 2528 1870 2558 subsequenti

1028 2568 1119 2588 exortae
1136 2569 1187 2589 sunt
1204 2567 1384 2594 controversiae,
1407 2566 1436 2588 de
1457 2567 1542 2595 quibus
1565 2567 1672 2589 nonnulla
1691 2567 1794 2590 dicentur
1813 2569 1872 2591 infra

1029 2611 1050 2633 q.
1069 2605 1096 2631 5,
1113 2606 1135 2626 in
1153 2605 1247 2627 50110110.
1866 2602 1869 2603 ’

1092 2644 1113 2666 6.
1131 2644 1184 2666 Ftde
1204 2644 1281 2666 divina
1298 2645 1347 2666 sive
1364 2644 1450 2671 intusa,
1471 2651 1515 2673 qua
1528 2645 1579 2673 quis
1596 2645 1697 2668 innititur
1708 2646 1797 2673 primae
1809 2646 1872 2668 Veri-

1029 2680 1068 2706 t'ati
1079 2689 1149 2710 super
1162 2683 1246 2710 omnia,
1258 2683 1320 2705 credi
1333 2689 1377 2705 non
1390 2686 1470 2711 potest,
1483 2684 1525 2705 nisi
1541 2692 1551 2703 α
1560 2684 1616 2706 ratio
1629 2690 1701 2713 super
1713 2690 1737 2707 se
1748 2684 1868 2708 elevetur»

1029 2727 1070 2749 per
1087 2721 1258 2744 illustrationem
1276 2724 1298 2743 et
1318 2722 1491 2749 inspirationem
1516 2721 1617 2744 divinam
1642 2723 1711 2750 (infra
1730 2729 1750 2745 a.
1769 2724 1790 2745 2.
1808 2730 1830 2752 q.
1848 2725 1869 2746 2.

1029 2761 1051 2782 in
1069 2766 1132 2788 corp.
1150 2763 1172 2782 et
1188 2767 1210 2789 q.
1229 2761 1248 2782 11.
1266 2760 1330 2783 tund.
1348 2761 1391 2789 3.);
1409 2761 1469 2783 unde
1487 2762 1536 2789 ipsa
1554 2761 1641 2784 donum
1658 2762 1698 2784 Dei
1710 2765 1744 2785 est
1761 2769 1870 2790 superna-

1029 2799 1113 2827 turale,
1132 2801 1155 2821 ut
1171 2798 1230 2821 bene
1247 2800 1372 2827 explicatur
1383 2799 1412 2822 ⁴ll.
1431 2800 1491 2822 Sent.
1509 2799 1531 2822 d.
1549 2800 1570 2822 3.
1583 2807 1605 2828 p.
1619 2801 1641 2823 ll.
1653 2807 1673 2823 a.
1691 2801 1712 2823 3.
1725 2808 1747 2830 q.
1767 2802 1788 2824 l.
1801 2802 1830 2824 ad
1843 2802 1872 2830 33

1029 2837 1070 2860 cfr.
1087 2838 1144 2860 intra
1162 2838 1183 2860 cl.
1196 2837 1232 2860 24.
1250 2838 1306 2860 dub.
1324 2839 1344 2860 2.
1362 2838 1452 2860 ——Hoc
1469 2838 1514 2861 fide
1531 2842 1629 2867 constat,
1642 2846 1695 2862 cum
1713 2840 1831 2863 definitum
1845 2841 1873 2863 sit

1030 2882 1042 2898 a
1059 2875 1159 2898 Concilio
1176 2877 1225 2899 Vat.
1242 2876 1292 2904 (cir.
1309 2877 1365 2899 infra
1382 2883 1401 2899 a.
1415 2878 1436 2899 2.
1454 2883 1476 2906 q.
1493 2878 1516 2906 2,
1535 2878 1654 2907 scholion).
1671 2878 1706 2901 Ab
1718 2879 1760 2901 hac
1777 2879 1822 2901 fide
1839 2879 1874 2901 di-

1030 2916 1082 2936 vina
1100 2914 1174 2937 differt
1196 2916 1289 2937 omnino
1306 2915 1363 2938 fides
1384 2916 1514 2939 naturaliter
1530 2917 1652 2946 acquisita,
1676 2924 1735 2946 quae
1756 2918 1871 2940 interdum

1030 2954 1113 2976 nullius
1129 2954 1219 2976 virtutis
1235 2958 1268 2977 est
1285 2955 1319 2983 (a.
1337 2956 1358 2977 2.
1375 2962 1398 2984 q.
1416 2956 1436 2977 2.
1454 2958 1476 2978 et
1493 2955 1532 2984 3.).

1716 3008 1745 3029 60
