2166 3366
111 996 247 1014 Fundamenta.

254 207 308 235 666

252 287 274 307 et
291 285 332 307 alia
350 284 461 314 specialia
472 303 477 312 ,
503 285 671 312 partienlmiter
688 284 804 313 aliquibus
821 285 927 312 personis
945 284 1100 313 conserenda,

251 330 310 352 quae
328 330 372 346 non
386 324 427 345 nisi
440 324 461 345 in
479 329 532 345 casu
551 324 701 351 necessitatis,
713 324 750 345 vol
763 324 936 351 particularium
954 324 1101 346 circumstan-

252 364 335 386 tiarum
361 364 428 385 etiam
455 364 553 385 inimicis
570 363 614 385 sub
632 364 707 385 sti-icta
726 363 865 391 obligatione
885 366 937 386 sunt
955 363 1101 391 praestanda.

251 403 313 425 Haec
330 402 445 430 doctrina,
468 402 519 424 licet
545 403 580 424 hie
598 403 619 423 in
637 403 787 430 responsione
804 402 908 430 explicite
926 408 970 424 non
989 406 1101 431 ponatur,

251 442 306 463 satis
323 442 448 463 conformis
465 444 498 463 est
515 440 594 463 vei-his
611 441 723 468 auctoru,
741 447 800 469 quae
818 441 926 469 leguntur
951 441 973 462 in
998 441 1101 463 fundam.

252 483 274 503 et
290 481 312 502 in
330 481 464 503 refutatione
487 481 504 502 l.
522 481 637 508 opinionis
655 480 704 505 (cir.
730 480 835 502 eiusdem
861 479 989 502 Comment.
1015 481 1037 502 in
1060 480 1101 502 Lu-

253 526 316 547 cam,
339 520 377 547 17,
397 519 435 549 4,).

926 206 1105 234 SENTENTIA
1112 206 1178 235 RUM
1200 206 1261 235 LlB.
1282 207 1323 235 Ill.

1221 285 1252 307 lll.
1270 285 1302 307 De
1320 288 1416 314 utraque
1434 286 1584 314 quaestione:
1602 285 1664 307 Alex.
1681 285 1742 313 Hah,
1761 286 1825 307 Sum.
1843 292 1865 313 p.
1883 285 1915 307 ill.
1933 292 1954 314 q.
1968 285 2004 307 59.

1158 330 1188 346 m.
1206 323 1227 346 5.
1245 331 1264 346 a.
1283 325 1303 346 2.
1322 325 1343 346 3.
1361 337 1391 340 fl
1409 325 1481 352 Scot.7
1508 325 1529 346 in
1555 327 1655 353 utroque
1681 325 1771 352 Scripto
1789 325 1825 347 hic
1842 331 1864 353 q.
1883 326 1956 347 unica.
1976 337 2006 340 »-

1158 363 1179 384 S.
1198 363 1293 390 Tuom,
1313 364 1349 385 hic
1366 369 1385 385 a.
1407 364 1425 385 1.
1444 364 1472 389 2;
1490 363 1513 385 S.
1532 363 1555 385 ll.
1574 363 1597 385 ll.
1616 369 1638 392 q.
1657 364 1693 386 25.
1711 370 1731 385 a.
1749 364 1770 385 8.
1789 364 1810 385 9.
1828 376 1854 379 —
1871 364 1894 385 B.
1912 363 2004 390 tilbert„

1158 403 1194 424 hic
1211 409 1230 424 u.
1253 403 1269 424 l.
1289 403 1309 424 2.
1326 415 1358 418 —
1383 403 1440 424 l'etr.
1458 409 1470 424 a
1489 402 1553 430 Tan,
1571 403 1608 424 hic
1625 409 1647 431 q.
1666 403 1687 424 11.
1704 409 1724 424 a.
1747 403 1764 424 l.
1782 403 1803 424 2.
1821 415 1851 418 -
1869 403 1975 425 Richard.
1993 409 2005 424 a

1158 441 1227 469 Med,
1247 442 1283 463 hic
1300 448 1321 470 q.
1341 442 1361 464 i.
1380 454 1409 456 —
1428 441 1539 469 Durand.,
1558 442 1594 464 hic
1612 448 1633 470 q.
1656 442 1672 463 l.
1690 453 1721 457 --
1738 441 1831 469 Dionys.
1857 441 1945 469 Cat-tn,
1970 442 2006 464 bic

1158 487 1179 509 q.
1203 481 1219 502 l.
1238 493 1267 496 —-
1285 481 1343 508 Biel,
1361 481 1397 503 liic
1415 487 1436 509 q.
1455 481 1529 503 unica.

1026 611 1190 647 Quuzsuo
1212 611 1242 639 v.

590 698 693 726 Utrum
717 706 814 726 onmes
836 701 989 726 teneantur
1010 697 1131 735 diliyere
1152 697 1289 725 inimicos
1310 701 1455 735 quantum
1478 698 1519 726 acl
1539 697 1678 736 effectum.

332 797 433 833 Quinto
455 797 616 834 quaeritur,
639 800 734 825 utrum
757 804 853 825 omnes
875 800 1023 825 teneantur
1043 796 1103 825 dili-

253 852 318 881 gere
340 844 466 872 inimicos
488 847 624 880 quantum
647 843 682 871 ad
715 844 853 872 effectum.
884 844 914 871 Et
942 843 1015 880 quod
1046 843 1101 875 sic.

253 891 382 920 videtur:

336 940 359 966 t.
383 938 473 966 Primo
495 937 660 966 auctoritate
681 937 784 966 veteris
806 936 990 970 Testamenti,
1014 935 1101 964 Exodi

254 985 389 1022 vigesimo
412 985 492 1013 tertio
506 985 533 1012 ¹:
558 984 591 1013 Si
611 984 721 1013 videris
741 984 862 1012 asinum
884 983 1008 1011 odientis
1024 987 1048 1011 te
1062 982 1103 1011 ict-

254 1041 317 1060 eere
338 1031 392 1060 sub
414 1040 515 1066 onere,
537 1040 595 1060 non
614 1031 829 1068 pertransibis,
861 1030 911 1058 secl
937 1029 1102 1058 sublevabis

254 1088 320 1107 euni
342 1087 394 1112 e0,·
415 1083 442 1107 et
465 1079 516 1107 hoe
542 1079 634 1115 ipsum
668 1078 770 1107 dicitur
792 1077 1008 1106 Proverbiorum
1031 1076 1104 1113 vige-

254 1127 324 1155 simo
346 1126 460 1163 quinto:
485 1126 518 1155 Si
537 1126 676 1154 esurierit
702 1125 842 1153 inimicus
871 1128 956 1158 titus,
986 1124 1051 1152 ciba
1073 1123 1103 1151 il-

254 1173 333 1207 lmn;
354 1174 382 1201 si
400 1173 521 1206 sitierit,
544 1177 645 1210 potunt
668 1173 707 1200 dci
733 1172 794 1200 illi:
828 1173 850 1200 si
873 1180 939 1208 ergo
971 1171 1103 1200 mandata

254 1221 306 1249 ista
327 1220 457 1248 omnibus
479 1219 723 1256 proponebantur,
753 1219 881 1253 videtur,
909 1218 984 1256 quod
1006 1226 1102 1247 omnes

254 1268 421 1296 tenebantur
443 1267 559 1303 diligere
582 1267 708 1295 inimicos
726 1270 863 1303 quantum
886 1266 921 1294 ad
943 1266 1082 1295 effectum.

334 1316 360 1342 Q.
382 1315 465 1349 Item,
487 1315 539 1343 boc
562 1314 674 1342 videtur
689 1322 723 1342 ex
741 1314 905 1342 auctoritate
927 1314 990 1341 novi
1013 1314 1104 1342 Testa-

256 1362 355 1394 menti,
377 1361 506 1389 Matthaei
529 1361 662 1397 quinto&
688 1360 804 1398 Diliyite
825 1360 961 1388 inimicos
977 1364 1102 1393 vestros,

255 1407 412 1445 benefacite
437 1407 481 1436 liis
503 1408 554 1446 qui
575 1408 699 1436 oderunt
721 1416 784 1441 vos,
807 1411 833 1435 et
853 1411 935 1435 orate
958 1416 1013 1444 pro
1040 1416 1103 1444 per-

254 1455 438 1494 sequentibus
472 1464 520 1483 cos
552 1458 621 1489 ete.;
652 1455 687 1483 ibi
721 1455 787 1483 dicit
818 1455 955 1492 quaedam
990 1454 1103 1483 Glossa:

260 1503 390 1532 «Tribus
423 1503 512 1531 modis
544 1505 676 1539 peccatur
708 1506 804 1530 contra
830 1502 995 1530 Ecclesiam:
1024 1502 1104 1536 odio,

256 1550 363 1581 verbis,
386 1550 512 1578 cruciatu
535 1549 668 1586 eorporis.
692 1549 808 1577 Econtra
824 1549 945 1578 Ecclesia
959 1549 1023 1577 facit
1038 1549 1103 1577 irla:

256 1596 360 1633 diligit,
383 1596 519 1625 benefacit
541 1599 567 1624 et
589 1599 649 1624 orat
665 1606 690 1623 »:
712 1604 779 1632 ergo
800 1604 854 1623 non
877 1600 919 1624 est
945 1596 1103 1624 membrum

256 1643 408 1677 Ecclesiae,
437 1643 483 1680 qui
513 1651 566 1671 non
594 1642 684 1679 diligit
706 1642 832 1671 inimicos
853 1646 880 1671 et
901 1643 1002 1671 affectu
1023 1647 1049 1671 et
1071 1643 1106 1671 ef-

255 1691 347 1720 fectu:
371 1699 437 1727 ergo
459 1686 563 1719 omnes*
580 1694 708 1719 tenentur
731 1691 782 1718 islo
805 1690 887 1718 modo
909 1690 1034 1727 diligere.

336 1738 360 1766 3.
378 1738 457 1772 iterii,
473 1738 525 1766 hoc
540 1738 652 1766 videtur
669 1745 718 1774 per
736 1738 897 1771 rationem,
913 1738 979 1775 quia
994 1737 1105 1766 dilectio

255 1785 371 1814 affectus
393 1785 451 1813 sine
474 1784 620 1813 dilectione
643 1784 757 1813 effeetus
772 1792 826 1812 non
842 1788 883 1813 est
897 1784 1008 1813 dileetio
1022 1792 1105 1817 vera;

261 1833 416 1869 «probatio
445 1832 518 1861 enim
548 1832 703 1860 dilectionis
728 1832 864 1860 exhibitio
885 1835 927 1860 est
948 1832 1062 1868 operis³
1079 1842 1104 1859 »x

256 1880 278 1908 si
301 1888 366 1916 ergo
395 1879 486 1907 veraci
520 1878 667 1907 dilectione
698 1886 795 1907 omnes
828 1882 957 1907 tenentur
980 1879 1105 1907 inimicos

256 1926 387 1963 diligere,
410 1926 531 1958 videtur.
553 1925 626 1961 quod
650 1933 746 1953 omnes
769 1929 915 1953 teneantur
937 1933 990 1952 non
1013 1925 1104 1953 solum

255 1973 372 2006 affeetu,
395 1972 442 2000 sed
466 1971 547 2000 etiam
570 1971 668 1999 ellectu
692 1970 818 1999 inimicos
839 1978 942 1998 amare.

335 2019 361 2047 Ιι.
384 2019 466 2052 ltem,
499 2017 681 2054 perniciosior
704 2017 833 2045 inimicus
855 2020 895 2045 est
917 2025 981 2046 caro
1010 2021 1105 2046 nostra

256 2074 340 2103 quam
362 2066 464 2103 aliquis
486 2065 635 2102 proximus
657 2069 769 2097 noster;
786 2065 834 2093 sed
851 2072 962 2093 earnem
979 2068 1102 2093 nostram

256 2117 459 2150 repugnantem
484 2116 611 2140 tenemur
633 2112 741 2139 nutrire
764 2115 789 2139 et
808 2112 902 2140 fovere
917 2116 1053 2148 quantum
1069 2112 1104 2140 ad

256 2160 317 2189 eius
339 2163 490 2188 naturam:
511 2167 577 2195 ergo
599 2158 620 2187 si
644 2158 732 2194 magis
753 2162 881 2186 tenemur
903 2159 1048 2195 proximos
1068 2158 1105 2187 di-

256 2207 381 2244 ligere⁴‚
408 2206 519 2235 videtur
542 2206 630 2234 multo
651 2205 764 2239 fortius,
787 2205 861 2242 quod
884 2205 1036 2234 debeamus
1058 2214 1105 2234 eos

257 2262 312 2282 non
335 2253 425 2282 solum
448 2253 547 2282 affectu
571 2260 682 2287 amare,
704 2252 753 2280 sed
775 2252 856 2280 etiam
873 2252 972 2281 effectu
988 2260 1035 2281 eos
1057 2261 1105 2281 nu-

256 2301 325 2329 trire
347 2304 373 2329 et
394 2301 488 2329 fovere
509 2304 536 2329 et
558 2299 691 2328 beneficia
713 2299 751 2327 eis
774 2300 988 2328 communicare.

338 2348 362 2376 5.
386 2347 466 2381 ltem,
496 2355 548 2375 non
571 2346 662 2374 solum
685 2346 770 2374 sumit
792 2346 874 2373 homo
898 2346 1047 2374 vindictam
1070 2347 1105 2375 de

257 2395 327 2428 alio,
349 2394 500 2431 infligendo
524 2394 644 2428 malum,
671 2394 719 2422 sed
741 2393 822 2421 etiam
846 2393 1038 2422 subtrahendo
1061 2394 1105 2422 bo-

258 2450 345 2476 num3
368 2442 415 2470 sed
438 2449 535 2470 omnes
566 2444 697 2469 tenentur
718 2448 771 2468 non
794 2448 931 2477 quaerere
953 2440 1104 2475 ultionem,

1159 796 1313 825 secundum
1331 797 1405 834 quod
1428 797 1531 825 dicitur
1554 797 1664 826 Levitici
1680 797 1788 826 decimo
1807 798 1914 832 nono⁵‚
1930 801 1957 826 et
1971 797 2006 826 ad

1159 843 1296 872 Romanos
1318 843 1503 872 duodecimo:
1536 843 1602 872 Non
1634 853 1684 872 vos
1715 844 1917 873 vindicantes:
1940 852 2007 881 ergo

1159 898 1256 918 omnes
1279 893 1408 919 tenentur
1430 899 1484 919 non
1506 891 1674 920 subtrahere
1689 891 1804 928 aliquod
1819 892 1924 920 bonum
1947 895 2008 929 pro-

1159 940 1221 974 pter
1243 941 1385 974 acceptam
1408 938 1548 966 iniuriam.
1571 938 1596 966 Si
1619 946 1686 975 ergo
1707 946 1805 967 omnes
1826 942 1955 967 tenentur
1970 939 2009 968 di-

1160 983 1246 1020 ligere
1268 992 1315 1013 eos
1336 984 1382 1021 qui
1406 993 1460 1013 non
1483 988 1548 1014 sunt
1570 985 1689 1020 inimici.
1722 985 1820 1014 affectu
1848 986 1954 1023 pariter
1982 989 2009 1015 et

1160 1031 1276 1066 effectu;
1291 1032 1416 1066 videtum
1432 1033 1505 1069 quod
1522 1033 1650 1061 similiter
1671 1040 1768 1062 omnes
1790 1036 1910 1070 utroque
1925 1033 2009 1062 modo

1160 1081 1308 1106 teneantur
1330 1078 1455 1107 inimicos
1477 1079 1603 1116 diligere.

1239 1125 1291 1153 Seu
1312 1134 1436 1154 CONTRA:
1462 1127 1485 1154 t.
1508 1126 1677 1164 Frequenter
1692 1127 1864 1164 praecipitur
1886 1127 1912 1155 in
1928 1128 2008 1163 Lege,

1160 1172 1235 1209 quod
1258 1172 1308 1209 ipsi
1332 1172 1499 1202 interficiant
1521 1173 1647 1202 inimicos
1669 1181 1751 1208 suos,
1773 1174 1846 1202 sicut
1878 1173 2011 1211 praecipi-

1161 1222 1207 1247 tur
1232 1219 1317 1247 Exodi
1339 1219 1474 1255 vigesimo
1502 1220 1621 1248 tertioss:
1655 1220 1721 1248 Non
1752 1220 1841 1249 inibis
1873 1229 1940 1249 eum
1968 1220 2009 1248 eis

1160 1264 1264 1303 foedus
1286 1269 1354 1294 etc:
1378 1274 1444 1303 ergo
1466 1267 1594 1301 videtur,
1615 1268 1688 1304 quod
1706 1268 1732 1296 iu
1754 1267 1840 1296 veteri
1862 1268 1933 1304 Lege
1955 1275 2010 1296 non

1160 1313 1328 1342 tenebantur
1360 1313 1486 1342 inimicos
1507 1314 1623 1351 diligere
1645 1318 1780 1351 quantum
1803 1314 1839 1343 ad
1861 1314 2008 1343 effectum:

1161 1368 1228 1397 ergo
1249 1361 1309 1398 pari
1333 1361 1439 1389 ratione
1461 1369 1511 1389 nec
1532 1361 1685 1398 imperfecti
1708 1364 1839 1390 tenentur
1861 1361 1887 1390 in
1910 1369 1990 1390 nova.

1241 1409 1266 1436 ᾖ,
1290 1408 1372 1441 Item,
1395 1416 1480 1445 super
1502 1408 1570 1437 illud
1587 1409 1716 1437 Matthaei
1732 1408 1828 1446 quinto
1842 1409 1869 1436 ⁷:
1893 1408 2011 1446 Diligite

1162 1455 1298 1483 inimicos
1322 1459 1452 1489 vestros;
1467 1455 1533 1484 dicit
1549 1456 1687 1492 quaedam
1704 1455 1817 1485 Glossa:
1846 1467 1859 1481 «
1873 1456 2011 1485 Cumulus

1162 1502 1339 1539 perfectionis
1361 1505 1402 1530 est
1424 1502 1540 1539 diligere
1556 1502 1682 1531 inimicos
1697 1506 1724 1531 et
1739 1510 1820 1531 orare
1835 1511 1887 1539 pro
1901 1503 1969 1539 ipsis
1984 1513 2010 1530 »:

1163 1549 1184 1577 si
1211 1557 1277 1586 ergo
1306 1557 1359 1577 non
1383 1557 1479 1577 omnes
1501 1552 1632 1577 tenentur
1651 1549 1685 1577 ad
1702 1549 1848 1578 cumulum
1870 1549 2013 1586 perfectio-

1163 1596 1220 1630 nis⁷
1244 1604 1296 1624 non
1320 1604 1416 1625 omnes
1438 1600 1568 1625 tenentur
1590 1596 1716 1625 inimicos
1738 1596 1854 1634 diligere
1875 1597 1984 1625 effectu.

1243 1642 1267 1671 3.
1290 1643 1373 1677 Item,
1396 1643 1565 1679 Augustinus
1590 1643 1616 1671 in
1645 1643 1802 1672 Enchiridio
1823 1660 1862 1663 —
1882 1647 1909 1672 et
1930 1643 2013 1672 habe-

1164 1694 1210 1718 tur
1232 1691 1258 1718 in
1283 1690 1396 1718 littera⁸
1419 1707 1457 1710 —
1479 1690 1559 1725 dicit,
1582 1691 1656 1727 quod
1686 1690 1803 1727 diligere
1831 1691 1957 1719 inimicos
1985 1694 2012 1719 et

1163 1737 1325 1766 benefacere
1353 1737 1393 1765 eis
1415 1745 1468 1765 non
1494 1740 1535 1765 est
1558 1740 1715 1771 tantorum,
1738 1737 1833 1774 quanti
1857 1737 2013 1766 exaudiun-

1164 1789 1210 1813 tur
1233 1785 1258 1813 in
1281 1785 1406 1813 oratione
1427 1784 1583 1812 dominica:
1607 1784 1627 1812 si
1651 1792 1717 1821 ergo
1740 1785 1766 1812 in
1786 1784 1910 1814 oratione
1926 1785 2012 1813 domi-

1163 1832 1223 1860 nica
1248 1840 1300 1860 non
1323 1831 1518 1860 exaudiuntur
1539 1831 1590 1859 nisi
1615 1831 1694 1866 boni,
1716 1831 1844 1865 videtur,
1867 1833 1940 1869 quod
1957 1841 2013 1861 non

1163 1887 1259 1907 omnes
1281 1878 1344 1907 boni
1369 1881 1516 1906 teneantur
1537 1878 1664 1907 inimicos
1685 1878 1803 1915 diligere
1824 1879 1925 1908 affectu
1941 1879 2013 1917 pari-

1164 1929 1204 1954 ter
1226 1928 1253 1953 et
1274 1925 1383 1953 effectu.
1852 1922 1854 1924 ’

1241 1972 1267 1999 li.
1290 1971 1369 2005 Item„
1384 1971 1436 2000 hoc
1452 1972 1542 2008 ipsum
1560 1972 1672 2000 videtur
1687 1980 1736 2009 per
1752 1972 1878 2009 regulam
1895 1972 2014 2001 Philoso-

1162 2019 1208 2055 phi
1220 2019 1242 2046 ⁹:
1258 2019 1307 2047 «Si
1324 2019 1481 2056 oppositum
1498 2019 1525 2046 in
1540 2019 1675 2056 opposito,
1688 2022 1715 2048 et
1726 2019 1900 2056 propositum
1913 2019 1939 2048 in
1952 2027 2013 2057 pro-

1162 2066 1251 2102 posito
1267 2075 1293 2092 »z
1316 2073 1379 2094 cum
1396 2073 1463 2101 ergo
1477 2065 1574 2094 amicis
1596 2066 1631 2094 sit
1653 2066 1895 2097 benefaciendum.
1911 2074 1961 2103 per
1983 2074 2012 2095 se

1163 2112 1318 2149 loquendo.
1341 2112 1467 2146 videtur,
1490 2112 1565 2149 quod
1582 2112 1701 2141 inimicis
1716 2113 1750 2141 sit
1770 2112 2012 2142 malefaciendum.

1243 2160 1267 2187 “5.
1291 2159 1370 2193 Item,
1392 2159 1521 2187 videmus
1544 2159 1568 2187 in
1585 2160 1659 2187 omni
1676 2163 1789 2194 natura,
1810 2164 1867 2188 tam
1889 2160 2012 2189 animata

1162 2214 1246 2243 quam
1269 2206 1436 2240 inanimata,
1459 2206 1533 2243 quod
1558 2206 1701 2235 inimicitia
1723 2210 1764 2235 est
1786 2215 1871 2236 causa
1892 2215 2011 2244 pugnae,

1163 2254 1235 2283 sicut
1256 2253 1377 2282 amicitia
1399 2257 1440 2282 est
1465 2261 1549 2282 causa
1571 2254 1737 2282 concordiae
1749 2254 1780 2281 ¹⁰:
1804 2254 1825 2282 si
1848 2262 1915 2291 ergo
1929 2262 2012 2283 nemo

2021 1131 2052 1150 Ad
2064 1131 2140 1155 opposi·

2058 1156 2104 1173 tum.

1163 2301 1245 2330 debet
1267 2301 1358 2329 facere
1373 2304 1469 2329 contra
1484 2300 1641 2328 naturalem
1657 2301 1871 2336 rectitudinem,
1887 2301 2026 2336 1111561111,Χ

1162 2348 1236 2384 quod
1271 2348 1358 2385 magis
1383 2348 1417 2376 sit
1439 2351 1546 2376 rectum
1570 2348 1724 2376 secundum
1748 2348 1862 2377 rationis
1884 2348 2011 2377 ordinem

1162 2395 1289 2423 inimicos
1321 2402 1486 2432 expugnare
1511 2402 1594 2431 quam
1619 2402 1666 2423 eos
1687 2395 1839 2423 adiuvare:
1862 2403 1928 2432 ergo
1956 2403 2011 2424 non

1162 2441 1290 2476 videtur,
1313 2441 1388 2478 quod
1407 2448 1503 2470 omnes
1521 2445 1667 2470 teneantur
1682 2441 1757 2478 ipsos
1771 2442 1871 2470 effectu
1886 2442 2011 2479 diligere.

322 2576 328 2590 1
350 2576 414 2598 Vers.
433 2576 453 2597 5.
472 2588 503 2592 —-
520 2576 571 2604 ch.
598 2576 662 2597 locus
683 2578 717 2597 est
743 2575 809 2597 Prov.
828 2574 869 2601 ⁶25,
888 2575 927 2602 ⁶21,
948 2574 986 2596 ubi
1006 2575 1104 2603 Vulgata

259 2616 308 2638 leco
326 2616 452 2637 verborum
470 2616 551 2643 poium
570 2614 599 2637 (Iri
618 2614 656 2637 illi
671 2614 762 2637 exhibet
779 2614 808 2637 clu
832 2614 853 2637 ei
868 2620 956 2644 aquam
976 2613 1058 2637 bibere.
1076 2628 1106 2630 —

258 2654 281 2675 ln
299 2654 343 2676 tine
361 2661 410 2682 :ii-g.
430 2660 472 2681 pro
490 2653 630 2676 tenebantur
648 2653 701 2676 edd.
719 2654 736 2681 l,
750 2654 762 2675 ἱ)
776 2654 908 2681 teneantur,
924 2653 973 2674 Yat.
987 2654 1103 2681 tenentur,

259 2696 280 2715 et
298 2693 380 2715 deinde
399 2693 463 2715 multi
481 2693 548 2715 codd.
566 2692 663 2722 ιίίΙίῃείΨΓ
681 2692 804 2715 inimicum.
816 2691 895 2721 quoad
912 2691 1026 2721 effectum.

323 2732 332 2745 ἵ
349 2733 413 2754 Vers.
433 2732 468 2754 44.
488 2732 584 2760 Vulgata
605 2735 654 2759 post
678 2730 869 2761 perseqiteniilms
891 2730 953 2752 addit
971 2732 993 2752 et
1017 2730 1105 2753 (olum-

260 2812 330 2833 t'ulnr
347 2810 463 2832 substituit
478 2811 610 2839 linquatur.

322 2849 331 2863 ³
348 2850 451 2877 Grogor„
470 2850 494 2871 ll.
514 2850 594 2871 lloniil.
619 2850 639 2870 in
658 2850 744 2876 Evang.
764 2849 840 2870 homil.
868 2848 904 2870 30.
923 2854 943 2869 n.
966 2848 982 2869 l.
1000 2860 1031 2863 —
1050 2848 1106 2869 Sul)-

259 2888 312 2910 inde
329 2895 371 2915 pro
391 2888 469 2911 veraci
485 2888 537 2910 edd.
557 2894 609 2910 cum
628 2889 713 2916 aliquot
731 2888 798 2910 codd.
818 2893 881 2910 cera.

324 2927 331 2941 ⁴
349 2927 407 2949 Vide
425 2934 493 2954 supra
513 2928 541 2949 lit.
562 2928 668 2955 Magistri,
688 2927 708 2949 d.
728 2927 812 2948 XXlX.
831 2932 849 2948 c.
872 2927 889 2948 1.

322 2966 331 2980 ⁵
350 2967 413 2988 Vers.
438 2967 474 2988 18:
488 2967 534 2988 Non
550 2973 647 2994 quaeras
660 2967 768 2988 ultionem
779 2973 783 2993 ς
796 2966 861 2988 Rom.
885 2966 922 2992 12,
940 2966 977 2987 19:
990 2965 1037 2987 Non
1056 2971 1106 2986 vos-

261 3005 371 3031 metipsos
389 3005 543 3027 defendentes

1226 2576 1235 2590 ⁶
1252 2577 1318 2598 Yers.
1337 2576 1374 2598 32.
1392 2576 1436 2598 Cir.
1456 2576 1521 2598 Deut.
1539 2575 1561 2602 7,
1580 2576 1599 2597 2.
1618 2578 1641 2597 et
1659 2575 1700 2603 20,
1723 2575 1756 2596 16.
1774 2581 1822 2603 seq.

1225 2616 1234 2630 7
1252 2616 1317 2638 Vers.
1338 2615 1372 2637 tt.
1392 2628 1420 2631 —-
1438 2616 1517 2637 Glossa
1544 2615 1641 2637 habetur
1667 2617 1691 2637 ut
1715 2614 1840 2637 ordinaria
1862 2621 1933 2642 penes
1951 2615 2012 2636 Stra-

1163 2655 1219 2677 bum
1237 2658 1259 2677 et
1276 2656 1403 2683 Lyranum,
1422 2654 1462 2677 sed
1480 2655 1501 2676 in
1520 2661 1579 2676 vers.
1599 2654 1635 2676 48.
1653 2654 1695 2676 loc.
1713 2655 1749 2676 cit.

1226 2694 1235 2708 8
1252 2694 1325 2716 Huius
1343 2694 1500 2715 distinctionis.
1518 2705 1549 2709 —
1566 2693 1608 2714 Pro
1634 2698 1680 2715 non
1704 2693 1737 2714 esi
1764 2693 1900 2720 tantorum,
1928 2692 2012 2721 quanli

1133 2753 1135 2772 ¹
1163 2732 1327 2755 effudiuntur
1346 2733 1394 2754 Vat.
1413 2739 1465 2754 cum
1484 2736 1545 2754 textu
1563 2733 1644 2760 origin.
1663 2731 1706 2755 lice
1724 2733 1771 2754 lam
1791 2737 1905 2761 inaquam
1923 2730 2008 2753 bonum

259 2770 386 2793 inmitibus.
405 2784 435 2786 —
453 2771 475 2792 ln
494 2771 583 2795 Glossa,
603 2777 662 2799 quae
680 2775 713 2793 est
730 2769 865 2797 ordinaria,
887 2769 982 2791 Strabus
999 2775 1041 2797 pro
1057 2776 1106 2799 pec·
1133 2774 1135 2800 ,1

1164 2772 1243 2794 inulae
1260 2771 1420 2794 multitudinis*
1437 2777 1483 2794 11011
1502 2772 1547 2799 est,
1567 2772 1681 2801 quantam
1700 2770 1819 2794 credimus
1835 2769 1954 2793 emaculas.

1227 2811 1236 2825 ⁹
1253 2812 1350 2833 aristot..
1371 2810 1405 2831 lV.
1429 2810 1508 2838 Topic.
1531 2816 1550 2831 c.
1573 2809 1593 2831 i.
1612 2822 1642 2824 —
1660 2810 1702 2831 Dro
1724 2808 1831 2838 ressulum
1854 2808 1904 2830 cod.
1928 2809 1946 2830 li
1971 2815 2010 2831 ra-

1163 2849 1256 2872 lienem.

1226 2888 1245 2901 ¹⁰
1261 2887 1304 2910 Cir.
1323 2889 1420 2914 Aristot..
1436 2888 1487 2909 Vlll.
1502 2888 1568 2915 Phys.
1587 2890 1638 2909 text.
1661 2887 1692 2908 15.
1712 2886 1740 2914 (c.
1764 2887 1799 2914 l.),
1817 2886 1856 2908 ubi
1870 2886 1943 2914 docet,
1957 2887 2010 2908 ami-

1133 2948 1135 2958 ,
1163 2928 1228 2949 ciliae
1246 2927 1393 2949 essentialiter
1418 2927 1542 2948 convenire
1568 2931 1726 2955 cmmreyare,
1746 2926 1877 2947 inimicitiae
1894 2931 1950 2947 vero
1967 2924 2010 2947 dis-

1133 2959 1135 3000 }
1162 2972 1270 2995 yregyure.
1293 2979 1322 2981 fi
1345 2966 1413 2987 Paulo
1437 2968 1487 2987 ante
1510 2971 1552 2993 pro
1574 2965 1598 2987 in.
1623 2964 1688 2987 omni
1709 2965 1798 2987 nutura
1822 2964 1874 2986 edd.
1897 2963 1920 2986 in
1946 2964 2011 2986 01111ιὶ

1163 3006 1282 3027 creatura.
