2166 3366
112 1038 211 1057 Conclusio
223 1038 240 1056 3.

115 1459 244 1477 (101011611661.

261 202 318 231 [126

254 281 320 309 tiam
336 279 485 316 singularis
507 286 650 315 personae.
667 277 715 305 llla
736 276 810 305 enim
826 284 881 304 non
903 276 975 304 tollit
989 276 1103 304 omnino

254 327 396 364 originalis
409 325 513 363 peccati
529 324 661 352 radicem
675 324 720 352 ‘ab
742 331 774 352 eo
793 323 820 351 in
843 331 898 360 quo
913 326 967 357 est,
986 330 1037 351 nec
1051 330 1102 359 per

254 382 283 403 se
305 381 354 402 666
376 372 433 409 per}
447 379 531 400 usum
553 379 650 404 suum;
671 374 698 399 et
723 370 785 399 ideo
806 378 860 398 non
879 373 969 407 potest
990 370 1102 398 omnino

253 420 351 449 tollere
378 422 487 448 reatum
516 421 543 446 et
574 417 780 454 obligationem.
812 416 985 454 Impossibile
1017 416 1102 453 igitur

253 467 319 500 fuit,
342 466 417 503 quod
438 465 540 502 aliquis
560 472 612 501 pro
634 467 747 501 peccato
772 463 900 500 originali
922 463 1042 492 alicuius
1056 463 1103 491 ho-

254 513 336 541 minis
364 512 550 545 satisfaceret,
572 511 625 540 nisi
655 511 768 539 omnino
789 519 805 539 a
833 514 946 548 peccato
974 509 1102 547 originali

253 560 383 588 mandas
404 562 489 593 esset,
510 558 562 587 nisi
585 558 667 587 etiam
690 558 807 587 haberet
826 558 960 595 qratiam
978 565 1104 585 comma-

253 615 332 640 nem,
355 606 407 634 hoc
428 608 470 634 est
492 605 610 642 gratiam
633 605 756 642 eapitis,
779 605 859 633 cuius
879 604 1024 641 plenitudo
1039 607 1104 632 nata

254 657 296 682 est
317 653 344 681 in
365 653 434 681 alios
456 652 625 681 redundare.
648 651 721 680 Talis
742 655 836 680 autem
859 660 913 680 non
932 651 1023 688 potuit
1042 659 1103 680 esse

253 700 305 728 nisi
329 700 411 727 homo
433 701 459 727 et
485 699 573 733 Deus,
595 698 641 735 qui
674 701 747 727 65561
770 698 890 726 aliorum
913 701 1009 735 caput,
1032 698 1104 726 sicut

253 747 280 775 in
303 746 536 784 praecedentibus
553 746 560 758 ¹
590 745 642 774 fuit
663 749 824 779 ostensum,
846 745 912 782 quia
932 744 1029 773 nullus
1050 744 1102 773 nisi

253 794 328 823 Deus
348 796 439 831 potest
460 793 577 822 influere
599 792 661 821 aliis
684 795 790 820 motum
812 796 840 820 et
861 799 984 820 sensum.

334 841 364 869 Et
389 841 428 869 sic
449 843 536 877 patet,
565 840 639 877 quod
667 848 718 877 pro
741 839 855 867 minimo
880 842 993 876 peccato
1016 839 1103 876 01191-

254 887 331 921 nali,
348 895 397 916 nec
412 890 550 924 quantum
571 886 607 915 ad
627 886 841 915 satisfactionem
862 886 1031 923 plenariam
1054 894 1103 915 nec

254 937 389 972 quantum
406 934 442 962 ad
464 933 679 963 satisfactionem
694 933 901 970 semiplenam,
916 933 1006 969 potuit
1027 933 1104 961 satis-

254 982 345 1010 facere
360 981 412 1009 nisi
434 981 574 1014 Christus,
590 980 618 1008 id
633 984 675 1008 est
690 980 774 1008 homo
792 983 819 1008 et
834 980 917 1008 Deus.
936 980 975 1008 De
991 979 1105 1008 actuali

254 1036 321 1057 vero
342 1031 433 1065 potest
455 1027 568 1064 quidem
585 1034 676 1064 purus
698 1027 796 1060 hom0,
811 1026 926 1055 adiutus
947 1027 1048 1062 gratia,
1064 1034 1102 1054 sa-

254 1076 396 1109 tisfacere,
419 1075 468 1103 sed
490 1074 675 1103 satisfactione
696 1073 871 1110 semiplena,
901 1082 972 1111 quae
994 1073 1104 1110 supple-

254 1123 357 1151 tionem
379 1125 405 1150 et
426 1121 663 1158 complementum
686 1121 784 1158 recipit
805 1129 821 1148 a
843 1121 971 1157 passione
992 1120 1103 1149 Christi.

254 1168 382 1196 Christus
397 1168 469 1196 enim
486 1167 658 1196 satisfaciens
674 1175 724 1204 pro
746 1167 820 1195 omni
837 1167 954 1201 offensa,
973 1167 1103 1195 omnibus

254 1215 415 1252 impetravit
429 1215 547 1252 gratiam
563 1218 701 1251 quantum
720 1214 755 1242 ad
771 1214 991 1252 sufficientiam.-
1008 1216 1035 1242 61
1051 1222 1105 1242 me-

254 1262 307 1290 rito
329 1262 404 1290 illius
426 1261 619 1290 satisfactionis
642 1261 726 1289 homo
747 1260 903 1296 suscipiens
924 1260 1042 1297 gratiam
1065 1268 1104 1288 sa-

254 1308 354 1337 tisfacit
382 1311 478 1345 postea
506 1308 563 1336 Deo
584 1316 635 1344 pro
664 1308 800 1341 laesione,
823 1314 907 1344 quam
933 1307 1027 1335 intulit
1052 1307 1104 1336 sibi

254 1355 372 1384 actualis
393 1355 476 1391 culpa
489 1354 507 1382 ².

335 1402 364 1430 Et
385 1410 421 1430 ex
444 1402 496 1431 hoc
514 1404 602 1438 patet,
619 1401 759 1438 quomodo
781 1401 874 1438 passio
889 1401 990 1429 Christi
1014 1401 1105 1429 influit

256 1449 281 1477 in
298 1450 489 1482 Sacramenta,
511 1452 538 1477 et
553 1456 641 1486 quare
660 1448 782 1486 amplius
798 1448 888 1476 influit
904 1448 930 1476 in
946 1448 1105 1477 Sacramen-

256 1500 315 1525 tum
332 1496 484 1533 baptismi,
499 1496 574 1533 quod
590 1499 631 1524 est
654 1496 810 1524 remedium
827 1499 923 1524 contra
945 1495 1104 1533 oriyinale,

256 1552 340 1581 quam
364 1544 390 1571 in
412 1544 623 1572 Sacramentum
635 1543 836 1580 poenitentiae.
861 1543 891 1571 Et
910 1543 963 1572 1106
984 1546 1026 1571 651
1047 1543 1106 1571 1116-

256 1591 419 1619 damentum
443 1590 613 1624 multorum,
636 1597 708 1626 quae
730 1589 756 1617 in
779 1592 879 1626 quarto
901 1589 994 1618 libro³
1018 1589 1106 1618 deter-

207 1654 219 1657 >—
256 1639 399 1667 minantur
420 1641 447 1666 61
465 1640 664 1674 supponuntur
685 1637 720 1665 ab
736 1637 788 1665 1106
803 1637 883 1665 libro.
898 1653 937 1657 —
952 1637 1107 1665 Conceden-

127 1882 198 1908 Solutio
211 1887 243 1905 op-

127 1908 236 1929 posnorum.

129 1975 243 1993 Notandum.

133 2443 177 2461 Alia
190 2443 245 2461 ratio.

256 1686 324 1714 111116
346 1688 387 1713 651
409 1685 507 1721 igitur,
528 1684 602 1721 quod
619 1684 730 1718 nullus,
752 1684 867 1713 adiutus
882 1684 986 1720 gratia,
1002 1684 1107 1713 satisfa-

256 1740 319 1761 cere
340 1732 431 1769 potnit
452 1740 502 1769 pro
525 1739 554 1760 se
576 1732 644 1768 ipso.
666 1731 865 1760 Concedendae
880 1734 945 1759 sunt
967 1731 1049 1759 etiam
1066 1739 1107 1759 ra-

256 1779 357 1813 tiones,
379 1786 450 1815 quae
474 1779 524 1807 1106
546 1778 705 1806 ostendunt.

338 1827 361 1853 l.
384 1825 421 1853 Ad
445 1825 513 1853 illud
546 1833 613 1853 vero
642 1824 715 1861 quod
739 1824 830 1861 primo
859 1824 1004 1858 obiicitur,
1030 1824 1105 1861 quod

257 1872 405 1901 satisfactio
421 1875 462 1900 651
477 1879 542 1908 pars
557 1870 754 1908 poenitentiae,
771 1870 935 1905 dicendum,
956 1870 1031 1907 quod
1046 1870 1106 1906 ipsa

256 1919 437 1956 poenitentia,
463 1919 535 1946 sicut
560 1921 704 1947 ostensum
726 1920 783 1950 est,
805 1917 956 1946 efficaciam
987 1917 1069 1945 habet
1090 1926 1106 1945 a

257 1966 384 2003 passione
394 1965 505 1998 Christi,
520 1973 573 1992 non
590 1964 681 1993 solum
698 1967 759 2000 post
774 1964 943 2000 passionem,
959 1964 1007 1992 sed
1022 1964 1104 1992 etiam

257 2017 333 2047 ante;
356 2012 443 2049 qula*
466 2012 593 2040 Christus
616 2019 666 2048 per
691 2011 847 2048 passionem
870 2018 950 2039 suam
976 2010 1106 2039 omnibus

257 2059 417 2096 impetravit
439 2059 556 2095 gratiam
579 2057 817 2095 poenitentialem,
844 2060 870 2086 et
897 2057 972 2086 Deus
998 2065 1107 2094 praece-

258 2106 388 2134 dentibus
410 2105 538 2133 Patribus
559 2105 636 2133 dedit
662 2105 779 2141 gratiam
806 2107 921 2141 propter
948 2103 1107 2132 satisfactio-

258 2161 321 2182 nem
344 2153 480 2190 passionis
502 2152 682 2189 promissam,
705 2152 887 2189 sequentibus
910 2159 976 2179 vero
992 2154 1107 2188 propter

258 2200 386 2228 solutam.
411 2200 440 2228 Et
461 2199 533 2228 sicut
558 2207 607 2227 nos
635 2199 820 2227 justificamur
847 2198 873 2226 in
900 2198 955 2227 fide
970 2197 1107 2235 passionis

255 2247 444 2283 praeteritae,
460 2246 497 2274 ita
519 2246 570 2282 ipsi
592 2245 815 2274 iustificabantur
837 2246 864 2273 in
894 2245 949 2273 fide
970 2245 1107 2282 passionis

258 2293 390 2331 futurae.
414 2293 489 2322 Unde
504 2296 531 2322 et
552 2293 600 2330 qui
614 2293 784 2330 praeibant,
807 2297 833 2321 ec
846 2292 898 2330 qai
913 2292 1107 2330 sequebantur

259 2341 446 2369 clamabant:
476 2341 619 2369 Hosti-nna
644 2340 705 2377 filio
734 2340 833 2369 David
846 2340 864 2368 ⁵.
894 2340 968 2369 Unde
994 2347 1029 2368 ex
1055 2340 1108 2368 1106

259 2396 313 2416 606
335 2388 468 2421 habetur,
490 2388 565 2424 quod
588 2387 689 2424 aliquis
704 2387 875 2416 sufficienter
897 2387 983 2423 possit
1005 2386 1109 2415 satisfa-

259 2442 322 2463 cere
344 2442 395 2471 pro
417 2442 453 2463 se.
476 2451 514 2455 —
533 2434 695 2468 Praeterea,
718 2434 787 2462 ratio
816 2434 862 2462 illa
885 2441 939 2461 non
968 2433 1109 2462 concludit

259 2482 294 2510 de
309 2481 465 2518 originali,
488 2481 536 2510 sed
552 2481 643 2510 solum
666 2481 700 2510 de
715 2481 835 2509 actuali.
852 2480 1019 2509 Poenitentia
1035 2481 1107 2509 enim

260 2536 314 2556 non
336 2531 377 2556 est
392 2531 488 2556 contra
504 2527 666 2565 originale,
688 2527 736 2556 sed
752 2530 848 2556 contra
864 2526 986 2555 actuale..
1003 2543 1041 2547 ——
1055 2526 1108 2554 Nec

931 198 1183 227 SENTENTIARUM
1205 197 1265 225 LIB.
1287 197 1327 225 111.

1160 275 1233 303 valet
1254 275 1329 312 quod
1355 274 1469 308 obiicit,
1491 275 1567 312 quod
1589 274 1704 311 gravius
1724 278 1766 303 est
1784 275 1901 303 actuale
1921 283 2006 312 quam

1160 321 1319 359 07·i9inale‚·
1349 321 1499 350 dicendum
1528 321 1616 356 enim,
1644 321 1718 358 quod
1745 322 1796 350 etsi
1823 322 1958 359 originale
1979 323 2005 350 in
2021 327 2133 347 Notandum.

1160 369 1277 405 posteris
1292 369 1327 397 sit
1348 369 1441 397 minus
1456 376 1541 406 quam
1562 368 1684 403 actuale,
1706 372 1798 398 tamen
1820 372 1956 406 quantum
1971 370 2007 399 ad

1160 422 1240 443 suam
1262 415 1397 452 originem
1420 417 1564 452 peccatum
1587 415 1721 452 originale
1737 415 1817 444 valde
1836 415 1888 444 fuit
1909 424 2007 453 grave,

1160 469 1225 490 cum
1246 465 1331 490 totam
1360 465 1488 490 naturam
1513 462 1665 491 humanam
1694 462 1827 491 infecerit.
1855 463 2008 492 Satisfactio

1160 512 1255 537 autem
1276 508 1381 545 peccati
1401 509 1558 546 originalis
1580 509 1692 546 respicit
1707 509 1795 546 ipsam
1817 510 1966 547 originem;
1982 513 2009 539 et

1162 555 1223 584 ideo
1245 555 1322 590 dice,
1344 556 1418 592 quod
1435 555 1577 584 difficilius
1597 556 1650 584 fuit
1669 556 1828 585 satisfacere
1848 565 1900 593 pro
1921 557 2011 595 origi-

1160 602 1225 631 nali
1244 610 1330 639 quam
1345 611 1397 640 pro
1418 603 1545 637 actuali,
1561 603 1626 640 quia
1649 612 1702 631 non
1718 606 1808 640 potest
1829 603 1890 633 fieri
1904 604 2009 633 satisfa-

1161 650 1214 678 ctio
1236 657 1287 686 pro
1309 658 1367 678 ano
1390 650 1544 687 originali,
1564 650 1631 687 quin
1654 650 1702 679 fiat
1716 658 1768 687 pro
1783 650 1932 685 omnibzts;
1953 659 2008 680 non

1161 697 1200 725 sic
1221 700 1314 725 autem
1337 700 1380 725 est
1400 697 1426 725 in
1449 697 1569 733 peccatis
1589 697 1757 725 actualibus
1768 698 1785 726 ⁶.

1240 744 1266 771 2.
1289 743 1329 772 Ad
1350 743 1420 772 illud
1442 743 1517 780 quod
1539 743 1681 778 obiicitur,
1698 744 1772 781 quod
1794 745 1953 774 satisfacere
1967 748 2009 774 est

1162 790 1296 818 honorem
1328 789 1453 818 debitum
1486 790 1542 819 Deo
1570 790 1709 825 reddere,
1735 791 1904 826 dicendum,
1933 792 2009 829 quod

1161 840 1203 865 est
1224 836 1365 871 debitum,
1387 845 1443 874 quo
1465 840 1594 866 tenemur
1614 838 1669 866 Deo
1691 838 1757 866 iare
1778 838 1966 873 condicionis,
1982 841 2009 868 et
2022 845 2096 887 313ng
2109 844 2141 863 de-

1160 887 1202 912 est
1224 883 1363 918 debitum,
1385 892 1441 920 quo
1463 884 1621 921 obligamur
1644 884 1700 913 Deo
1714 889 1800 913 reatu
1818 885 2010 922 praevarica-

1162 931 1256 959 lionis.
1279 931 1346 959 Dico
1368 939 1447 968 ergo,
1469 931 1545 968 quod
1567 931 1708 965 debitum,
1730 932 1805 969 quod
1821 932 1894 961 cadit
1916 933 1944 961 in
1966 941 2011 961 60-

1161 978 1310 1006 tificatione
1331 978 1538 1012 satisfactionis,
1559 982 1601 1007 651
1622 978 1748 1007 1161111616
1775 980 1901 1008 secando
1927 980 2010 1009 modo

1161 1024 1284 1059 dictum,
1313 1028 1340 1053 et
1366 1025 1418 1053 hoc
1444 1025 1557 1062 quidem
1581 1033 1633 1053 non
1657 1028 1747 1062 potest
1772 1026 1881 1055 solvere
1901 1034 1952 1063 per
1980 1035 2009 1056 se

1162 1072 1268 1108 ipsum;
1290 1072 1349 1108 ipse
1371 1072 1444 1100 enim
1470 1079 1499 1100 se
1521 1072 1644 1100 reddidit
1666 1072 1860 1109 impotentem,
1886 1076 1913 1102 et
1935 1074 2009 1109 11160,

1162 1118 1213 1146 11151
1230 1122 1408 1147 succurreret
1429 1119 1453 1147 ei
1480 1118 1574 1147 divina
1596 1119 1800 1153 misericordia,
1830 1120 1931 1149 salvari
1954 1129 2008 1149 non

1162 1168 1261 1202 posset.
1285 1165 1315 1193 Et
1337 1165 1399 1194 ideo
1420 1174 1474 1194 non
1496 1166 1636 1203 obligatur
1658 1166 1693 1194 ad
1708 1167 1893 1204 impossibile;
1915 1176 2010 1205 quam·

1162 1212 1203 1241 vis
1225 1212 1297 1241 enim
1320 1213 1355 1241 sit
1376 1212 1400 1241 ei
1417 1212 1588 1249 impossibile
1599 1221 1653 1249 per
1674 1221 1717 1247 se,
1739 1216 1781 1242 est
1796 1217 1888 1243 tamen
1910 1214 1934 1243 ei
1950 1223 2010 1252 pos-

1162 1259 1241 1288 sibile
1260 1268 1313 1296 per
1335 1259 1470 1287 divinum
1491 1259 1676 1288 adiutorium
1688 1261 1705 1288 ⁷.

1241 1306 1267 1334 3.
1289 1306 1328 1335 Ad
1350 1306 1420 1335 illud
1436 1307 1509 1344 quod
1526 1307 1667 1341 obiicitur,
1690 1308 1765 1344 quod
1781 1308 1864 1336 homo
1885 1309 2009 1338 existens

1163 1354 1189 1381 in
1212 1353 1300 1389 gratia
1315 1356 1405 1390 potest
1421 1353 1521 1382 mereri
1545 1362 1688 1382 summum
1705 1354 1823 1388 bonum;
1845 1355 2009 1390 dicendum,

1162 1400 1236 1437 quod
1252 1408 1306 1428 non
1322 1404 1364 1429 est
1378 1400 1481 1434 simile,
1496 1400 1562 1437 quia
1577 1401 1666 1437 gratia
1679 1401 1862 1439 singularis8
1878 1402 1947 1431 bene
1964 1403 2010 1431 ha-

1162 1448 1208 1476 bet
1229 1448 1432 1476 ordinationem
1455 1448 1490 1476 ad
1513 1448 1577 1481 hoc,
1593 1448 1667 1485 quod
1683 1448 1777 1483 faciat,
1799 1449 1940 1478 hominem
1958 1458 2011 1479 me·
2053 1464 2061 1465 ff

1163 1494 1218 1522 reri
1241 1501 1381 1522 summam
1405 1493 1621 1528 beatitudinem,
1644 1494 1692 1523 sed
1714 1502 1768 1523 non
1787 1495 1822 1523 ad
1845 1495 1909 1529 hoc,
1924 1496 2010 1533 'quod

1162 1541 1256 1574 faciat,
1280 1540 1419 1569 hominem
1437 1540 1595 1569 satisfacere
1614 1549 1665 1578 pro
1680 1541 1763 1578 culpa
1784 1542 1924 1579 originali,
1939 1543 2012 1572 sicut

1163 1588 1242 1625 prius
1264 1590 1407 1616 ostensum
1428 1588 1489 1616 fuit.

1242 1636 1269 1664 [ι.
1291 1635 1328 1664 Ad
1346 1636 1416 1664 illud
1433 1635 1506 1672 quod
1523 1635 1665 1670 obiicitur,
1681 1636 1754 1673 quod
1772 1636 1895 1665 existens
1911 1637 1937 1665 in
1953 1645 2013 1674 gra-

1165 1682 1200 1710 tia
1223 1690 1276 1710 non
1305 1686 1461 1710 mereretur
1484 1682 1533 1711 nisi
1557 1690 1674 1719 poenam
1704 1683 1901 1719 temporalem;
1923 1684 2013 1713 dicen-

1164 1729 1245 1762 dum,
1268 1728 1342 1765 quod
1360 1736 1458 1757 verum
1480 1732 1534 1762 est;
1550 1729 1598 1757 sed
1615 1732 1706 1757 tamen
1722 1729 1792 1758 nulli
1814 1730 1951 1766 peccatori
1968 1730 2013 1758 da-

1164 1779 1210 1804 tur
1232 1775 1321 1811 gratia
1336 1775 1387 1803 nisi
1409 1776 1507 1804 merito
1529 1776 1724 1805 satisfactionis
1739 1780 1766 1804 et
1787 1777 1923 1813 passionis
1937 1777 2013 1805 Chri-

1164 1822 1205 1850 sti.
1241 1821 1316 1850 Unde
1345 1822 1449 1858 gratiae
1481 1822 1590 1850 collatio
1623 1822 1836 1852 satisfactionem
1870 1823 2012 1861 originalis

1163 1877 1217 1896 11011
1246 1869 1328 1901 facit,
1358 1869 1406 1897 sed
1436 1870 1655 1906 praesupponit,
1688 1870 1750 1898 ideo
1778 1878 1832 1899 non
1865 1872 2011 1908 sequitur,

1163 1916 1238 1953 quod
1260 1916 1361 1953 aliquis
1382 1924 1433 1953 per
1458 1917 1575 1953 gratiam
1598 1917 1684 1954 possit
1706 1917 1865 1946 satisfacere
1888 1927 1939 1955 pro
1959 1919 2012 1947 ori-

1164 1963 1247 2000 ginali
1270 1963 1360 1999 culpa.

1245 2011 1269 2038 5.
1292 2010 1330 2038 Ad
1352 2010 1421 2038 illud
1444 2010 1519 2047 quod
1541 2010 1683 2045 obiicitur,
1706 2011 1781 2048 quod
1803 2012 1892 2048 gratia
1913 2020 2013 2049 aequa-

1166 2056 1227 2084 liter
1250 2056 1323 2085 delet
1344 2064 1455 2085 omnem
1478 2057 1603 2094 culpam,
1623 2065 1689 2095 ergo
1704 2058 1859 2095 aequaliter
1880 2058 2012 2088 satisfacit

1165 2111 1215 2139 pro
1237 2103 1311 2131 omni
1334 2103 1416 2140 culpa
1437 2103 1541 2138 deleta,
1564 2104 1728 2139 dicendum,
1750 2105 1824 2142 quod
1841 2113 1895 2133 non
1916 2108 1958 2134 651
1979 2106 2012 2134 51-

1167 2149 1231 2178 mile
1252 2153 1366 2186 propter
1389 2150 1455 2185 boc,
1478 2151 1553 2187 quod
1576 2151 1677 2180 deletio
1695 2151 1794 2188 culpae
1815 2152 1969 2181 attenditur
1984 2153 2011 2180 in
2026 2158 2139 2177 Notandum.

1165 2197 1293 2233 imaginis
1315 2197 1511 2226 reformatione
1539 2201 1567 2226 et
1588 2198 1768 2227 conversione
1795 2199 1831 2227 ad
1852 2199 1957 2233 Deum,
1985 2202 2013 2227 et

1165 2243 1230 2280 quia
1251 2251 1301 2280 per
1333 2245 1543 2273 conversionem
1571 2244 1607 2273 ad
1638 2245 1748 2273 Deum⁹
1779 2245 1890 2274 deletur
1921 2246 2011 2274 omnis

1165 2291 1287 2325 aversio,
1310 2299 1366 2319 una
1381 2291 1470 2328 gratia
1484 2291 1558 2320 delet
1579 2300 1690 2320 omnem
1712 2292 1840 2329 culpam3
1863 2293 2012 2321 satisfactio

1166 2345 1233 2366 vero
1254 2338 1367 2375 respicit
1388 2338 1585 2375 obligationem
1614 2339 1649 2367 ad
1671 2346 1803 2376 poenam,
1825 2343 1852 2368 et
1880 2339 2012 2376 possibile

1165 2388 1218 2419 est,
1241 2385 1316 2422 quod
1338 2393 1394 2413 una
1415 2385 1546 2422 obligatio
1570 2385 1605 2414 ad
1622 2393 1738 2422 poenam
1765 2386 1903 2421 solvatur,
1925 2386 2013 2415 altera

1167 2435 1337 2460 remanente.
1366 2432 1429 2460 Ideo
1457 2440 1511 2460 non
1539 2432 1578 2461 sic
1607 2432 1798 2461 indifferenter
1833 2435 2013 2470 comparatur

1166 2479 1255 2515 gratia
1275 2479 1310 2507 ad
1333 2478 1558 2507 satisfaciendum
1586 2487 1637 2516 pro
1662 2479 1736 2507 omni
1763 2479 1858 2517 calpa,
1885 2480 1956 2508 sicut
1977 2480 2012 2508 ad

1166 2526 1318 2554 delendum
1340 2533 1449 2554 omne-m
1473 2526 1584 2562 culpam
1598 2526 1624 2554 ¹⁰.

323 2610 329 2624 ¹
348 2611 402 2633 Dist.
425 2611 457 2632 13.
476 2617 496 2632 a.
509 2611 530 2632 2.
543 2617 564 2639 q.
585 2611 606 2632 1.
623 2617 687 2639 seqq.
699 2622 731 2626 --
747 2610 867 2638 Aliquanto
880 2611 986 2638 superlus
1003 2616 1045 2638 pro
1063 2610 1107 2633 ali-

260 2648 327 2672 cuius
344 2649 446 2671 hominis
463 2649 513 2671 cod.
533 2649 562 2671 W
580 2648 703 2672 cuiuslibet
719 2648 827 2671 hominis.

322 2688 331 2701 ²
349 2687 393 2710 Cfr.
410 2694 480 2716 supra
499 2688 520 2710 (1.
543 2688 575 2709 19.
594 2694 613 2709 0.
636 2688 652 2709 l.
671 2694 692 2716 q.
707 2689 727 2709 2.
746 2694 810 2716 seqq.
828 2687 917 2709 61111111.
935 2688 952 2709 l.
965 2690 986 2709 et
999 2688 1108 2709 2.-Α11-

260 2730 345 2755 quanto
358 2728 465 2755 superius
477 2733 518 2754 pro
530 2728 604 2756 polest
615 2726 708 2756 quidem
720 2727 787 2749 codd.
802 2727 817 2748 B
827 2726 843 2749 C
853 2727 871 2748 D
880 2727 898 2748 G
909 2728 983 2756 polest
996 2726 1105 2756 quidam,

261 2765 311 2787 cod.
324 2765 341 2787 O
352 2766 426 2794 potes!
438 2764 543 2794 quilibet,
559 2768 580 2787 et
592 2765 675 2788 deinde
688 2772 730 2793 pro
743 2765 810 2788 omni
819 2765 909 2794 offensa
922 2765 988 2787 codd.
999 2767 1015 2787 Α
1027 2766 1045 2787 Κ
1059 2771 1109 2788 om-

261 2803 328 2826 nium
338 2804 434 2833 offensa.
448 2805 541 2826 Inferius
554 2811 595 2832 pro
606 2804 722 2834 quomodo
728 2804 809 2834 passio
822 2805 872 2827 cod.
883 2805 901 2833 Q
911 2804 1013 2834 qualiter
1020 2804 1107 2834 passio.

325 2842 334 2856 3
352 2843 403 2865 Dist.
423 2844 443 2865 O.
462 2850 483 2871 p.
502 2844 515 2865 l.
534 2850 553 2865 a.
576 2845 593 2865 1.
612 2851 633 2872 (1.
654 2845 672 2866 l.
692 2856 721 2859 —
734 2845 775 2866 111-0
792 2844 815 2866 in
829 2844 1014 2867 Sacramentum
1027 2843 1109 2873 poeni-

263 2879 346 2903 tenliae
364 2887 407 2902 606
425 2883 491 2908 pauci
504 2882 571 2904 codd.
584 2881 608 2904 in
626 2882 782 2905 Sacramenlo
799 2881 966 2911 poenitenliae,
986 2885 1038 2909 post
1049 2888 1109 2910 quae

263 2918 334 2940 verba
352 2919 403 2940 eod.
425 2919 442 2941 Ο
465 2920 583 2948 subiungit
605 2920 668 2949 quod
689 2922 723 2943 651
747 2920 877 2943 remedium
901 2922 983 2944 contra
1007 2920 1108 2944 actuale.

264 2957 349 2979 Deinde
367 2961 418 2985 post
434 2958 516 2981 nullas
533 2959 599 2981 codd.
619 2960 663 2981 Al(
683 2961 819 2982 interiiciunt
832 2960 908 2983 eliam.

327 2995 336 3009 ⁴
353 2996 444 3018 Plurimi
463 2997 529 3019 codd.
548 2999 626 3020 lamen
643 2998 705 3027 qaia.

1227 2610 1237 2624 ⁵
1254 2610 1329 2632 Maith.
1348 2610 1384 2636 21,
1403 2609 1423 2631 9.
1441 2608 1485 2631 Cfr.
1504 2615 1572 2637 supra
1589 2609 1611 2631 d.
1634 2610 1666 2631 l3.
1684 2615 1703 2631 a.
1722 2610 1742 2631 2.
1761 2616 1782 2637 q.
1802 2609 1822 2631 3.
1840 2609 1870 2631 ad
1887 2609 1908 2631 6.

1228 2649 1237 2663 ⁶
1255 2649 1312 2670 Vide
1330 2649 1352 2670 ll.
1371 2649 1430 2670 Sent.
1450 2648 1471 2670 d.
1490 2649 1526 2669 21.
1544 2654 1563 2670 a.
1583 2648 1603 2670 3.
1623 2654 1644 2676 q.
1663 2648 1684 2670 3.
1702 2650 1723 2670 et
1740 2648 1761 2670 d.
1781 2648 1816 2670 33.
1835 2654 1854 2670 a.
1877 2649 1894 2670 1.
1912 2654 1934 2677 q.
1953 2649 1974 2670 2.

1228 2688 1237 2702 7
1255 2688 1298 2711 Cfr.
1317 2688 1423 2714 Anselm.‚
1444 2687 1456 2709 l.
1475 2686 1520 2709 Cur
1538 2687 1599 2709 Deus
1616 2688 1697 2714 homo,
1716 2693 1734 2708 c.
1753 2687 1789 2709 20,
1807 2690 1828 2709 61
1846 2686 1882 2709 24.

1228 2726 1238 2741 8
1255 2726 1310 2748 Edd.
1328 2726 1436 2754 supplent
1452 2732 1574 2755 personae.
1592 2726 1641 2747 Mox
1658 2732 1700 2753 pro
1716 2725 1791 2754 faciat
1804 2725 1856 2747 edd.
1868 2724 1932 2754 facit.

1228 2765 1237 2780 ⁹
1256 2765 1330 2787 Verba
1349 2766 1369 2788 el
1381 2764 1436 2794 qaia
1447 2771 1491 2793 per
1502 2764 1678 2788 conversionem
1690 2764 1722 2787 ad
1739 2764 1825 2792 Deam,
1841 2771 1899 2792 quae
1917 2764 1945 2786 ab
1958 2763 2010 2785 edd.

1166 2805 1260 2832 absunt,
1279 2804 1418 2826 restituimus
1435 2810 1462 2825 ex
1485 2803 1552 2825 codd.
1570 2803 1640 2825 ΑΕΚ
1660 2803 1689 2831 (L
1712 2810 1723 2825 0
1742 2802 1841 2825 secunda
1864 2802 1946 2830 manu)
1964 2802 2010 2824 ΜΟ

1167 2844 1181 2865 Ρ
1194 2844 1213 2865 R
1225 2844 1239 2864 S
1252 2849 1277 2865 aa
1291 2842 1322 2864 bb
1335 2848 1368 2864 cc.
1392 2842 1441 2864 Mox
1464 2848 1506 2869 pro
1528 2848 1577 2864 rana
1599 2841 1679 2871 qratia
1700 2841 1752 2863 edd.
1771 2841 1858 2868 absque
1879 2841 2011 2863 auctoritato

1167 2882 1234 2904 codd.
1253 2882 1361 2904 exhibent
1380 2888 1428 2904 una
1450 2887 1506 2910 erqo
1523 2881 1615 2910 qratia,
1644 2883 1665 2902 et
1683 2880 1765 2902 deinde
1786 2882 1836 2901 01116
1853 2878 1961 2908 possibile
1978 2881 2012 2902 est

1167 2922 1252 2942 omisso
1269 2921 1301 2948 et,
1318 2923 1369 2948 post
1382 2921 1437 2942 11066
1454 2919 1525 2942 verba
1538 2920 1631 2946 iterum⁷
1649 2918 1716 2941 codd.
1738 2918 1903 2945 obnitentibus,
1923 2922 2011 2945 ponunt

1167 2965 1230 2989 ιιι-90.
1250 2960 1318 2981 Paulo
1335 2959 1429 2981 inferius
1454 2965 1495 2986 pro
1513 2959 1669 2986 conzparatur
1686 2957 1735 2979 Vat.
1752 2956 1867 2978 substituit
1890 2958 2010 2986 operatur.

1231 2998 1251 3012 ¹⁰
1269 2998 1326 3020 Vide
1343 2998 1445 3020 scholion
1463 2997 1491 3019 ad
1510 2996 1685 3024 praecedentem
1703 2998 1789 3023 quaest.
