2166 3366
687 196 770 224 DlST.
793 196 894 225 XXXV.
917 198 989 226 ART.
1012 198 1129 228 UNtCUS
1150 199 1286 235 QUAEST.
1309 200 1340 228 V.

141 273 317 302 retardantes
337 281 388 302 nos
409 273 445 302 ad
466 273 571 302 honum
586 273 608 308 ¹,
630 273 755 308 videtur,
777 275 851 311 quod
873 275 988 312 aliquod

141 319 248 348 donum
266 319 367 348 debeat
381 319 461 348 nobis
476 319 537 348 dari
552 319 587 348 ad
604 320 765 356 passionum
783 320 987 349 sustinentiam.

140 367 193 396 Sed
215 375 269 395 non
290 370 333 396 est
353 366 430 395 aliud
452 367 595 403 assignare
616 374 701 403 quam
724 366 829 395 donum
851 368 988 396 fortitudi-

140 414 200 443 nis:
222 422 289 451 ergo
310 417 363 443 etc.

219 461 272 489 Suo
292 469 420 490 corium:
448 462 470 489 l.
492 461 663 498 Augustinus
691 461 719 489 in
742 461 814 490 libro
835 462 869 490 de
891 462 988 490 Anima

113 510 118 514 '
139 512 167 537 et
188 509 288 545 spiritu
302 508 326 536 ²:
354 519 367 534 «
387 508 568 537 Fortitudinis
590 512 631 537 est
654 516 707 537 non
730 512 838 537 tantum
862 512 988 538 terrenas

139 555 306 592 cupiditates
328 555 499 592 reprimere,
531 555 580 584 sed
609 556 720 592 penitus
741 555 867 585 oblivisci
882 566 910 590 »3
938 555 987 584 sed

139 601 192 630 hoc
213 609 268 630 non
290 605 332 630 est
362 601 677 631 fortitudinis-virtutis:
700 610 766 639 ergo
787 606 830 631 est
851 602 989 631 fortitudi-

138 649 272 677 nis-doni:
294 649 407 678 videtur
428 657 510 686 ergo,
533 650 608 687 quod
633 653 713 678 actus
734 650 799 678 doni
815 650 988 678 fortitudinis

138 697 270 726 consistat
290 696 318 725 in
341 697 516 733 repressione
538 697 732 734 cupiditatum.

217 745 243 772 2.
266 744 348 778 item,
370 744 542 781 Augustinus
564 744 590 772 in
614 744 685 773 libro
708 745 742 773 de
765 745 895 773 Doctrina
916 745 988 773 chri-

138 790 265 826 stiana³,
286 790 334 819 ubi
358 790 482 828 loquitur
504 791 539 820 de
560 791 656 825 donis,
678 791 759 825 dicit,
782 791 858 828 quod
885 802 898 817 «
913 791 988 820 sorti-

137 837 243 867 tudinis
264 841 306 866 est
326 838 361 867 ab
383 838 458 866 omni
485 839 691 867 transeuntium
720 838 864 867 mortifera
891 838 987 867 iucun-

138 884 224 914 ditate
245 893 275 914 se
296 885 388 922 ipsum
418 889 596 922 sequestrare
611 895 637 913 »z
660 893 727 922 ergo
753 885 881 919 videtur,
909 885 985 922 quod

137 935 217 960 actus
232 932 296 961 doni
312 932 485 961 fortitudinis
501 932 692 969 principaliter
710 932 843 961 consistat
864 932 891 960 in
913 931 986 960 dele-

137 979 289 1008 ctationum
311 979 497 1017 repressione.

215 1026 242 1055 3.
264 1026 347 1059 item,
369 1026 561 1063 Augustinus⁴
590 1026 704 1063 adaptat
724 1029 830 1063 septem
852 1026 926 1055 dona
946 1033 985 1054 se-

135 1077 211 1111 ptem
234 1073 467 1108 beatitudinibus,
489 1073 526 1102 ita
541 1073 616 1110 quod
638 1073 773 1102 fortitudo
788 1077 815 1102 et
836 1073 944 1102 esuries
958 1076 985 1101 et

136 1121 196 1150 sitis
217 1120 339 1149 iustitiae
360 1120 412 1149 sihi
434 1120 670 1157 correspondent;
692 1120 741 1149 sed
762 1120 871 1149 esuries
892 1123 919 1149 et
940 1120 985 1149 de-

136 1168 271 1197 siderium
293 1168 414 1197 iustitiae
437 1175 490 1196 non
512 1167 603 1196 oritur
627 1167 652 1196 in
673 1167 754 1196 nobis
776 1167 827 1196 nisi
848 1175 899 1204 per
914 1175 985 1196 mor-

136 1215 314 1244 tificationem
338 1214 543 1243 desideriorum
565 1218 593 1243 et
615 1214 806 1252 voluptatum:
829 1222 896 1252 ergo
913 1215 985 1243 vide-

136 1265 199 1295 tur,
227 1261 302 1299 quod
331 1261 404 1290 circa
433 1261 596 1290 huiusmodi
628 1262 820 1298 principaliter
852 1262 984 1290 consistat

133 1312 214 1337 actus
235 1308 415 1337 fortitudinis.

213 1356 240 1384 [ι.
262 1355 342 1390 item,
364 1355 614 1384 fortitudo-donum
632 1355 782 1393 respondet
803 1355 876 1384 dono
898 1356 984 1384 eonsi—

135 1402 179 1436 lii,
200 1402 272 1432 sicut
293 1410 452 1439 exsequens
473 1403 611 1439 regulanti
626 1402 655 1437 ⁶3
676 1403 724 1431 sed
748 1403 854 1431 donum
876 1403 983 1431 consilii

136 1449 258 1478 maxime
279 1449 375 1486 dirigit
395 1449 430 1477 ad
453 1449 613 1478 divinorum
639 1449 820 1478 consiliorum
850 1449 984 1486 impletio-

135 1504 211 1531 nem3
227 1496 322 1525 divina
336 1500 429 1524 autem
446 1495 560 1524 consilia
576 1496 725 1533 praecipue
740 1496 895 1525 consistunt
909 1496 984 1524 circa

134 1543 338 1580 repressionem
361 1542 566 1570 desideriorum
589 1545 615 1570 et
635 1542 814 1570 occasionum
836 1543 861 1570 ei
882 1542 983 1571 adhae-

134 1590 273 1623 rentium,
295 1589 367 1617 sicut
389 1592 463 1625 patet
486 1588 512 1616 in
534 1588 675 1622 castitate,
691 1588 848 1617 ohedientia
869 1592 896 1617 et
917 1597 983 1625 pau-

135 1640 258 1674 pertate:
281 1644 348 1673 ergo
370 1636 497 1667 videtur,
518 1636 591 1672 qnod
619 1636 692 1664 circa
714 1635 810 1664 talium
833 1636 984 1664 desiderio-

134 1691 198 1712 rum
222 1683 424 1720 repressionem
455 1686 534 1711 actus
556 1682 801 1711 fortitudinis-doni
825 1683 983 1720 principali-

134 1734 176 1759 ter
196 1731 336 1759 consistat.

214 1779 240 1806 5.
262 1777 344 1808 ilem,
367 1776 617 1805 fortitudo-donum
633 1780 682 1804 aut
698 1776 782 1805 habet
802 1780 895 1805 actum
918 1777 983 1806 alte-

134 1825 195 1854 rius
216 1825 327 1862 generis
348 1831 432 1861 qnam
455 1823 706 1857 fortitudo—virtus,
728 1827 777 1852 aut
796 1824 817 1852 si
835 1824 860 1852 in
882 1824 980 1853 eodeni

134 1880 236 1909 genere
258 1871 357 1905 habet,
379 1878 492 1899 necesse
513 1874 570 1904 est,
592 1870 667 1907 quod
684 1870 785 1899 haheat
805 1870 982 1899 excellentio-

135 1926 213 1953 rem;
235 1919 283 1947 sed
307 1918 332 1946 in
355 1918 452 1946 eodem
470 1925 571 1954 genere
586 1925 640 1945 non
657 1921 746 1954 potest
768 1917 871 1946 habere
892 1918 982 1946 excel-

136 1966 296 1998 lentiorem,
318 1973 382 1993 cnm
399 1964 636 1992 fortitudo-virtus
656 1964 789 1992 consistat
810 1964 883 1992 circa
905 1964 983 1992 terri-

134 2012 216 2045 bilia„
247 2019 319 2049 quae
351 2011 487 2040 inducunt
520 2014 654 2044 mortem,
680 2010 752 2038 sicut
773 2010 839 2039 dicit
862 2010 982 2039 Philoso-

133 2059 248 2097 phus⁶z
271 2067 338 2096 ergo
360 2066 471 2087 necesse
493 2061 548 2091 est,
575 2057 650 2094 quod
680 2057 781 2085 habeat
801 2060 895 2086 actum
917 2057 982 2086 alte-

134 2106 194 2135 rius
215 2106 333 2143 generis.
356 2106 424 2133 Cnin
447 2113 514 2141 ergo
537 2108 616 2132 actus
635 2104 900 2133 sortitudis-virtutis
920 2112 982 2133 con-

133 2154 213 2183 sistat
227 2153 301 2181 circa
317 2153 459 2190 passiones
476 2152 648 2183 tolerandas,
670 2151 797 2185 videtur,
812 2152 887 2188 quod
902 2155 982 2180 actus

134 2199 380 2229 fortitudinis-doni
404 2207 457 2227 non
481 2199 554 2227 circa
571 2198 729 2235 passiones,
751 2198 798 2226 sed
815 2198 889 2227 circa
910 2198 982 2227 dele-

133 2247 267 2276 ctationes
289 2247 471 2275 refrenandas
487 2246 626 2274 consistat.

214 2294 258 2323 Est
288 2294 371 2331 igitur
400 2293 541 2330 quaestio,
570 2292 632 2329 quis
661 2292 695 2320 sit
723 2296 824 2325 actus,
854 2297 880 2321 et
906 2293 979 2329 quod

1025 735 1038 747 k

1839 204 1894 232 783

1045 276 1186 306 obiectum
1208 278 1272 306 doni
1295 278 1483 313 fortitudinis,
1505 282 1531 308 et
1553 288 1641 317 quare
1662 281 1761 309 eodem
1783 282 1895 311 nomine
1906 289 2036 312 Quaestionu-

1045 331 1109 352 cum
1123 324 1221 353 habitu
1235 325 1349 354 virtutis
1363 326 1533 361 nominatur,
1549 327 1624 364 quod
1640 327 1755 364 quidem
1772 328 1799 356 in
1814 328 1893 357 nullo

1044 370 1165 399 aliorum
1180 371 1317 400 donorum
1335 373 1484 409 reperitur.

1360 473 1575 496 CONCLUSIO.

1046 558 1124 586 Doni
1142 558 1330 595 fortitudinis
1351 563 1437 588 aetas
1455 561 1634 598 principalis
1655 562 1788 591 consistit
1809 563 1890 592 circa

1121 609 1290 642 promptam
1320 606 1505 636 tolerantiam
1533 609 1707 644 passionum
1730 610 1892 638 secundam

1125 652 1285 681 libertatem
1300 653 1417 682 consilii
1430 658 1456 682 et
1477 654 1671 684 imitationem
1694 656 1813 685 Christi.

1125 746 1303 775 Rnsrounsso:
1333 746 1504 781 Dicendum,
1526 749 1602 785 quod
1623 748 1785 786 fortitudo,
1807 758 1892 788 quan-
1905 757 1955 782 Quid
1972 758 2024 777 sorti-

1044 794 1104 820 tum
1127 795 1169 820 est
1189 792 1224 821 de
1245 801 1296 821 sua
1317 793 1408 830 prima
1430 794 1556 829 ratione,
1585 796 1740 824 attenditur
1762 801 1893 834 respectu
1942 781 1994 800 ‘⁰⁶⁰'

1043 838 1134 867 ardui.
1157 839 1283 868 Arduum
1306 843 1400 869 autem
1416 841 1520 869 dicitur
1535 841 1641 879 aliquid
1664 843 1828 879 dupliciter:
1844 847 1893 873 aut
1907 852 1936 870 nu
1950 852 1980 870 ιω
1993 857 2022 870 ar.
2057 841 2060 844 ’

1044 885 1110 923 quia
1131 886 1312 915 laboriosum
1333 890 1361 916 et
1382 887 1511 922 difficile,
1543 889 1665 925 quodam
1700 890 1782 918 modo
1803 891 1893 920 excel·
1943 880 1994 894 'mm‘

1044 932 1103 961 lens
1125 936 1152 961 et
1172 941 1330 970 aggravans
1358 934 1519 964 facultatem
1549 935 1638 973 ipsius
1666 937 1823 973 potentiae;
1845 942 1893 967 aut

1043 979 1109 1016 quia
1130 983 1172 1008 est
1192 979 1275 1009 ultra
1296 981 1494 1010 necessitatem
1517 985 1543 1010 et
1564 983 1677 1011 excedit
1698 987 1802 1012 statum
1822 988 1894 1013 c‘om-

1044 1034 1167 1055 munem.
1190 1027 1221 1055 Et
1241 1027 1378 1056 fortitudo
1406 1028 1491 1057 habet
1511 1029 1616 1058 attendi
1639 1033 1768 1066 respectu
1790 1031 1893 1060 utrius·
1906 1038 1979 1065 oupiex
1998 1039 2034 1057 rar.

1042 1081 1112 1109 que,
1134 1073 1182 1102 sed
1205 1078 1333 1111 respectu
1357 1075 1440 1111 primi
1462 1075 1618 1105 attenditur
1638 1079 1666 1105 et
1686 1077 1835 1106 ordinatur
1854 1086 1893 1106 se·
1930 1062 1997 1081 Μὴ

1042 1120 1167 1149 cundum
1197 1121 1390 1150 necessitatem
1416 1123 1584 1159 praecepti,
1617 1127 1747 1160 respectu
1776 1125 1891 1154 secundi

1042 1168 1198 1197 secundum
1222 1168 1378 1198 libertatern
1401 1170 1526 1198 consilii.
1544 1170 1574 1198 Et
1588 1171 1712 1207 primum
1734 1176 1840 1208 spectat
1856 1173 1891 1201 ad

1042 1214 1397 1250 fortitudinem-virtutem,
1429 1217 1586 1246 secundum
1610 1226 1677 1246 vero
1698 1218 1733 1247 ad
1755 1219 1893 1248 fortitudi-

1042 1262 1232 1290 nem-donum.
1262 1279 1300 1283 —
1326 1263 1462 1299 Quoniam
1491 1267 1584 1292 autem
1614 1265 1741 1293 arduitas
1770 1265 1892 1295 maxime

1041 1309 1196 1337 attenditur
1218 1309 1291 1338 circa
1320 1309 1515 1338 excellentiam
1539 1311 1719 1348 passionnm3
1742 1312 1805 1341 hinc
1833 1317 1891 1347 est,

1040 1355 1115 1392 quod
1139 1359 1194 1383 tam
1217 1355 1464 1384 fortitudinis-doni
1487 1365 1572 1394 quam
1594 1357 1890 1388 fortitudinis-virtutis
1905 1370 2031 1390 eonciusmt.

1040 1405 1083 1430 est
1098 1402 1245 1431 habilitare
1260 1403 1416 1431 secundum
1433 1404 1614 1441 principalem
1631 1404 1673 1433 sui
1686 1405 1890 1434 ordinationem

1040 1448 1074 1476 ad
1098 1448 1288 1477 sufferentiam
1313 1450 1489 1486 passionum,
1504 1451 1552 1479 sed
1568 1451 1649 1479 aliter
1663 1454 1691 1480 et
1705 1451 1800 1480 aliter:
1824 1452 1890 1489 quia

1040 1495 1179 1523 sustinere
1195 1499 1222 1524 et
1236 1496 1350 1532 aggredi
1363 1497 1371 1511 ⁷
1387 1497 1530 1533 passiones
1546 1501 1635 1534 potest
1650 1498 1752 1535 aliquis
1766 1502 1815 1527 aut
1830 1507 1892 1536 pro·
1904 1511 2011 1531 nanneno.

1041 1546 1102 1578 pter
1124 1543 1245 1571 institiae
1266 1547 1293 1571 et
1314 1544 1467 1572 honestatis
1489 1545 1744 1579 conservationem,
1766 1550 1814 1574 aut
1830 1555 1891 1583 pro-

1040 1593 1102 1626 pter
1117 1590 1267 1626 perfectam
1285 1590 1386 1619 Christi
1402 1590 1600 1625 imitatione1n;
1617 1592 1653 1620 ita
1675 1592 1749 1629 quod
1766 1593 1889 1629 primum

1040 1640 1146 1673 spectat
1167 1636 1201 1665 ad
1225 1636 1370 1665 dictamen
1400 1637 1477 1665 iaris
1504 1638 1656 1666 natio-alis
1684 1642 1711 1667 et
1738 1639 1890 1669 honestatis

1040 1683 1171 1713 moralis.
1192 1684 1348 1713 secundum
1373 1692 1439 1713 vero
1460 1688 1567 1721 spectat
1588 1686 1622 1714 ad
1645 1686 1801 1714 consiliam
1827 1687 1888 1714 Dei.

1041 1731 1071 1759 Et
1092 1730 1223 1767 qnoniam
1244 1731 1361 1759 imitatio
1375 1731 1476 1760 Christi
1493 1732 1647 1761 attenditur
1664 1733 1689 1760 in
1705 1733 1888 1762 crucifixione

1038 1777 1100 1812 sui,
1131 1777 1286 1806 secundum
1319 1778 1394 1815 quod
1429 1779 1487 1815 ipse
1521 1779 1587 1807 dicit
1620 1780 1748 1808 Matthaei
1780 1780 1889 1809 decimo

1039 1824 1160 1853 sexto⁸2
1185 1825 1244 1860 Oai
1266 1825 1327 1853 vult
1351 1825 1450 1854 venire
1471 1830 1537 1863 post
1564 1826 1755 1864 me‘abneqet
1782 1828 1890 1856 semeti-

1036 1880 1124 1908 psum
1145 1875 1196 1900 etc.
1210 1883 1216 1903 ;
1239 1872 1303 1900 hinc
1325 1876 1382 1906 est,
1397 1873 1473 1909 quod
1488 1877 1567 1902 actus
1588 1873 1836 1902 fortitudinis-doni
1851 1878 1889 1903 at-
1901 1885 2030 1904 concinsioe.

1039 1918 1163 1947 tenditur
1193 1919 1267 1947 circa
1298 1922 1456 1956 promptam
1479 1923 1506 1948 et
1534 1920 1695 1957 expeditam
1727 1921 1887 1957 passionum

1040 1965 1231 1999 tolerantiam,
1249 1973 1298 2002 per
1314 1966 1366 1994 hoc
1381 1967 1455 2002 qilod
1472 1967 1593 2004 quodam
1618 1968 1701 1996 niodo
1717 1975 1767 1996 nos
1782 1969 1888 1997 mundo

1038 2015 1065 2041 et
1088 2012 1225 2040 mundum
1248 2012 1328 2040 nobis
1349 2012 1503 2049 crucifigit,
1526 2013 1606 2042 iuxta
1632 2013 1702 2042 illud
1724 2015 1799 2051 quod
1822 2015 1887 2044 dicit

1039 2058 1185 2095 Apostolus
1199 2058 1234 2087 ad
1250 2058 1361 2087 Galatas
1382 2059 1481 2088 ultimo
1492 2060 1519 2087 ⁹:
1542 2059 1616 2088 illilii
1628 2060 1758 2089 mandas
1773 2060 1889 2097 crucili-

1038 2115 1095 2134 aezts
1110 2110 1167 2139 est,
1183 2109 1208 2134 et
1222 2114 1272 2143 eqo
1288 2107 1406 2135 mando.
1430 2107 1459 2135 Et
1483 2107 1534 2136 hoc
1555 2111 1596 2136 est
1612 2108 1686 2145 quod
1709 2108 1776 2137 dicit
1797 2109 1888 2145 Augu-

1038 2153 1129 2181 stinus
1151 2153 1176 2180 in
1199 2153 1270 2181 libro
1292 2153 1327 2181 de
1350 2154 1481 2182 Doctrina
1509 2154 1678 2183 christiana:
1706 2166 1718 2180 «
1734 2156 1887 2192 Assurgant

1039 2200 1171 2236 deinceps
1192 2200 1225 2228 ad
1249 2200 1456 2234 tortitudinem,
1486 2205 1516 2229 ut
1537 2201 1661 2230 mundus
1683 2202 1722 2230 eis
1743 2202 1887 2239 crucifiga-

1040 2250 1094 2280 tur,
1109 2250 1136 2275 et
1152 2246 1201 2283 ipsi
1219 2247 1333 2280 inundo,
1348 2250 1374 2275 et
1388 2247 1455 2275 utin
1473 2247 1557 2276 huius
1574 2248 1645 2276 vitae
1661 2249 1844 2284 perversitate
1859 2253 1885 2277 et

1037 2293 1209 2321 abundantia
1232 2293 1384 2330 iniquitatis
1405 2302 1458 2322 non
1479 2294 1640 2331 refrigescat
1654 2295 1793 2324 caritas».
1806 2296 1885 2326 -Et

198 2451 203 2465 ¹
224 2451 314 2473 Vidests
331 2458 400 2479 supra
419 2451 441 2473 (1.
460 2451 496 2473 at.
516 2458 537 2479 p.
557 2451 570 2472 Ι.
588 2457 608 2472 a.
631 2451 648 2472 l.
666 2457 687 2478 q.
710 2450 726 2471 1.

197 2489 207 2504 ²
224 2489 279 2518 Cap.
298 2490 334 2512 20.

199 2527 209 2542 ²
224 2528 284 2550 Libr.
303 2529 325 2550 ll.
343 2535 362 2550 (¹.
381 2529 402 2550 7.
421 2535 441 2550 ιι.
464 2529 502 2556 to,
520 2528 559 2549 uhi
579 2535 620 2555 pri»
637 2534 660 2550 se
684 2527 760 2556 ipsum
782 2529 931 2557 sequestrare
953 2528 980 2549 lc-

135 2568 196 2595 gitur
213 2573 262 2590 sese
285 2566 397 2590 emti-ahu.
414 2579 446 2583 —
464 2567 506 2589 l‘ro
526 2566 556 2589 ab
578 2566 651 2593 omni,
674 2566 737 2595 qnod
761 2570 782 2588 vt
804 2570 877 2588 textus
898 2567 980 2594 origin.

134 2606 237 2634 extum-1,
256 2613 300 2628 non
319 2607 385 2635 pauci
404 2607 471 2628 codd.
489 2606 519 2629 al)
537 2606 650 2628 onmium.

197 2644 206 2659 ⁴
223 2645 283 2667 Lihr.
302 2645 315 2667 l.
334 2645 362 2666 ‹le
380 2646 453 2667 somn.
473 2645 560 2666 nomini
580 2645 599 2666 in
620 2648 708 2670 inoliti·v
727 2651 746 2666 ‹·.
765 2645 784 2666 3.
799 2651 819 2666 n.
837 2645 869 2666 10.
887 2647 909 2666 el
926 2651 945 2666 e.
960 2644 979 2667 Ιι.

135 2690 156 2705 n.
178 2684 210 2709 ll,
230 2683 268 2705 ubi
286 2686 307 2705 ct
324 2683 404 2706 minor
422 2684 555 2705 insinuatur.
575 2683 605 2704 lh·
624 2689 721 2704 muni-ro
738 2682 869 2711 sopinum-in
888 2683 980 2705 lwatitu·

134 2722 226 2749 (linum,
245 2729 304 2751 quat·
327 2723 363 2744 hir·
386 2723 478 2750 ponitur
502 2729 543 2750 pro
561 2721 696 2749 octonario,
720 2722 759 2744 νῖν.
783 2722 883 2743 scholion
906 2722 934 2743 ml
958 2722 979 2744 (1.

135 2762 171 2783 1³¹5.
190 2767 212 2789 q.
231 2762 250 2783 2.
268 2773 300 2777 —
318 2761 359 2783 uro
382 2760 567 2790 correspomlmtl
585 2760 635 2782 mul.
654 2762 669 2781 A
689 2759 895 2789 roriespondrout.

196 2799 205 2814 ⁵
224 2800 280 2821 Vtile
294 2807 363 2828 supra
382 2800 404 2821 a.
423 2800 459 2821 34.
479 2807 499 2827 μ,
519 2800 532 2821 Ι.
545 2807 564 2820 n.
583 2800 603 2821 2.
622 2806 643 2827 q.
666 2800 683 2820 1.
701 2800 721 2820 in
741 2806 803 2826 worp.
823 2800 868 2821 (vin
882 2800 945 2820 tvi-tia
959 2800 979 2820 iu

135 2838 196 2866 linc).
215 2851 243 2854 ⁴
261 2839 340 2867 Quom!
359 2838 474 2861 minorem
494 2839 546 2859 vidi·
564 2842 650 2866 quim-sl.
671 2838 776 2865 'nun-cml.

195 2877 205 2891 ⁶
223 2877 283 2899 litor.
303 2878 333 2900 ΙΙΙ.
352 2878 414 2900 Eum«-
431 2885 450 2899 ιτ,
468 2879 489 2899 ti.
508 2884 556 2905 seq.
579 2877 624 2899 (Isr.
648 2884 717 2904 snpra
741 2883 794 2905 pag.
812 2877 870 2904 5576,
889 2881 940 2899 nola
960 2876 979 2899 i.

135 2928 163 2932 -
183 2916 276 2938 inferius
294 2923 336 2944 pro
362 2916 519 2946 refrenandas
542 2915 593 2937 odil⁴
621 2915 794 2938 rexi-inchoatas.
822 2916 906 2937 Deinde
931 2920 980 2944 post

134 2955 246 2977 consistat
263 2956 314 2977 cod.
333 2957 348 2977 s
365 2956 428 2977 addit
446 2955 518 2978 immo
544 2962 598 2977 rum
614 2954 676 2977 nihil
699 2954 729 2977 sit
746 2954 877 2977 terribilius
894 2956 978 2982 morte,

133 2995 155 3015 «οἱ
171 2994 269 3023 amp-mli
292 2996 391 3017 mortem
419 2996 452 3016 psl
477 2995 545 3017 actim
570 2993 834 3023 sorlilttdinis-virluIis,
854 2995 875 3016 et
892 2994 923 3017 ila
940 2994 981 3016 im·

1034 2449 1143 2479 possibile
1160 2451 1204 2478 est,
1225 2449 1313 2473 (Ionum
1337 2449 1484 2479 fortitudinis
1501 2450 1587 2473 habere
1603 2452 1684 2473 actum
1701 2451 1881 2480 praecellentem

1034 2489 1114 2512 actum
1133 2488 1226 2511 virtutis
1242 2489 1263 2511 ei
1279 2488 1490 2517 coi-respondentis.
1510 2489 1537 2512 Et
1554 2489 1575 2512 si
1591 2489 1681 2512 habeat.

1099 2527 1108 2541 ⁷
1126 2527 1171 2549 cfr.
1188 2534 1257 2555 supra
1277 2533 1329 2555 pag.
1348 2528 1404 2555 titii,
1424 2532 1474 2550 nota
1493 2528 1514 2550 7.
1532 2540 1563 2544 —
1580 2529 1701 2557 Aliquanto
1713 2529 1820 2556 superins
1842 2536 1883 2557 pro

1037 2565 1146 2588 arduitas
1165 2566 1269 2588 mmrime
1286 2566 1337 2588 cod.
1364 2567 1380 2588 A
1406 2566 1516 2589 arduitas
1541 2566 1662 2594 inaoeima,
1686 2571 1708 2589 et
1725 2567 1823 2589 subindi-
1842 2574 1883 2596 pri·

1037 2604 1200 2628 wormatiam
1221 2605 1360 2635 passionum
1385 2606 1433 2627 Vnt.
1460 2606 1612 2629 lolm'autiam
1628 2606 1780 2635 passionum,
1801 2611 1823 2629 et
1842 2614 1883 2635 pri·

1037 2643 1069 2666 ml
1085 2643 1246 2673 suffen-entiam
1265 2644 1333 2666 codd.
1351 2645 1368 2666 Κ
1382 2645 1421 2666 LZ
1439 2651 1465 2666 aa
1484 2644 1515 2667 bh
1532 2644 1564 2667 ad
1580 2644 1754 2667 sustinentium.

1101 2682 1110 2695 ¹¹
1129 2682 1192 2704 Vei-s.
1218 2682 1254 2704 21.
1278 2695 1307 2698 —
1333 2683 1401 2704 l‘anlo
1426 2683 1532 2711 superins
1558 2689 1600 2710 pro
1626 2682 1752 2705 cans-ilium
1772 2683 1813 2706 Dm*
1829 2684 1881 2706 cdd.

1037 2720 1130 2743 consilii
1146 2721 1242 2744 donum.
1779 2744 1781 2748 ,

1101 2760 1110 2774 ⁹
1129 2761 1192 2782 Vni-s.
1215 2761 1247 2783 tt.
1266 2773 1295 2777 -
1313 2762 1433 2787 Augustini
1455 2762 1564 2783 §enitentia
1584 2762 1614 2788 (in
1633 2768 1678 2790 qun
1697 2763 1817 2789 respit-itur
1835 2763 1883 2785 (inl.

1038 2801 1064 2827 0,
1087 2799 1119 2821 16.
1138 2802 1159 2822 et
1178 2801 1251 2822 Alntlh.
1280 2799 1319 2827 25,
1352 2801 1395 2823 1⁵2.)
1418 2807 1461 2822 nnn
1485 2800 1583 2822 hahetur
1609 2801 1629 2822 in
1657 2801 1714 2823 libro
1732 2801 1760 2823 «lo
1779 2801 1882 2824 Doctrina

1038 2840 1114 2861 ‹rin-isi.
1133 2839 1182 2861 (cfr.
1206 2840 1242 2861 hic
1262 2846 1310 2865 arg.
1335 2840 1355 2861 2.
1379 2839 1407 2861 :ld
1434 2842 1533 2867 oppos),
1559 2840 1599 2861 sed
1618 2841 1638 2861 in
1658 2841 1730 2862 Serui.
1749 2840 1801 2862 2347.
1820 2841 1884 2865 (alias

1042 2879 1075 2900 l7.
1094 2878 1121 2900 ‹li-
1140 2879 1244 2906 §niti-tls),
1263 2886 1281 2900 r.
1301 2879 1321 2900 3.
1340 2885 1360 2900 n.
1388 2880 1408 2900 It.
1426 2891 1455 2894 —
1473 2878 1528 2900 (lod.
1551 2880 1567 2900 A
1586 2880 1726 2908 Assuryat..
1752 2879 1774 2901 ri
1794 2879 1883 2910 crui-ifi-

1039 2918 1119 2946 qntor.
1140 2916 1199 2938 lili-m
1218 2917 1268 2938 mul.
1288 2917 1303 2938 A
1323 2917 1392 2944 panto
1410 2917 1503 2939 insertus
1521 2923 1563 2946 pro
1579 2917 1718 2946 passionmn
1732 2917 1881 2941 tolerantiam

1039 2955 1154 2977 substituit
1170 2955 1305 2984 passionem
1319 2955 1474 2979 tolerandam.
