2166 3366
133 1467 272 1486 Fundamenta.

951 176 1203 205 SENTENTIARUM
1225 176 1285 204 LIB.
1307 176 1346 204 111.

924 301 1110 330 ΤΒΑΟΤΑΤΙΟ
1132 301 1374 338 QUAESTlONUM.

352 404 390 432 Ad
413 402 622 439 intelligentiam
645 404 737 430 autem
761 401 846 429 huius
861 401 949 437 partis
966 400 1061 428 incidit
1076 400 1121 428 hie

273 451 398 488 quaestio
420 450 454 478 de
470 450 558 487 gratia
574 449 691 483 Christi,
713 448 846 485 quoniam
862 447 951 476 infra¹
968 450 1121 484 quaeretur

273 498 307 526 de
330 497 459 530 scientia;
481 500 507 524 et
529 504 593 525 cum
617 496 641 524 in
665 495 898 532 praecedentibus
930 494 1056 522 habitum
1087 494 1122 522 sit

273 546 307 574 de
329 545 418 582 gratia
440 543 565 577 unionis,
589 546 693 571 restant
714 543 759 570 hic
781 542 837 570 duo
859 542 1028 578 quaerenda.

353 592 475 620 Primum
498 595 539 619 est
560 590 594 618 de
617 591 706 627 gratia
721 589 822 617 Christi
844 593 874 617 ut
896 589 1047 625 singularis
1064 596 1123 625 per-

274 647 364 669 sonae.
662 657 668 659 a

353 686 513 715 Secundum
545 689 586 713 est
608 685 642 713 de
664 685 767 721 gratia,
790 684 946 712 secundum
968 691 1052 720 quam
1082 686 1123 711 est

274 737 357 771 eaput
379 732 523 761 Ecclesiae.

1258 400 1336 428 Circa
1358 401 1481 437 primum
1498 400 1550 428 tria
1566 400 1758 437 principaliter
1773 403 1838 429 sunt
1856 401 2025 437 quaerenda.

1259 447 1382 475 Primum
1411 450 1468 479 est,
1490 451 1586 476 utrum
1610 447 1698 484 gratia
1720 447 1870 484 singularis
1893 455 2027 484 personae

1180 494 1207 522 in
1228 493 1337 522 Christo
1358 494 1393 522 sit
1414 497 1515 523 creata.

1259 541 1402 574 Secundo,
1425 541 1489 569 dato
1510 542 1584 578 quod
1608 542 1642 569 sit
1664 545 1772 576 creata,
1788 545 1884 570 utrum
1900 541 1935 570 sit
1950 542 2027 570 linita

1180 590 1206 616 et
1229 592 1398 616 mensurata.

1259 635 1362 669 Tertio,
1385 635 1449 663 dato
1477 635 1551 672 qnod
1574 635 1608 664 sit
1631 635 1722 670 linita,
1748 635 1908 672 quaeritur,
1931 638 2028 663 utrum

1181 683 1215 711 sit
1237 683 1325 718 gratia
1347 682 1436 718 plena.

1010 848 1244 882 ARTlCULUS
1271 849 1292 881 l.

801 957 839 984 De
858 956 961 994 qratia
985 955 1096 985 Cleo-isa
1116 959 1149 983 uc
1168 955 1334 992 sinyzilctrz's
1354 963 1504 992 personae.

1052 1054 1215 1091 QUAEsrio
1238 1055 1254 1082 1.

558 1156 662 1184 Uar-mn
684 1156 715 1183 z'n
738 1154 853 1184 Cla-isto
872 1154 976 1192 qratia
997 1154 1163 1191 simmam-1125-
1182 1162 1326 1190 persouae
1347 1153 1385 1181 sic
1406 1157 1524 1187 creata,
1548 1153 1589 1181 uel
1610 1153 1752 1181 increata.

353 1268 431 1296 Circa
447 1268 569 1305 primum
586 1267 624 1295 sic
641 1266 800 1303 proceditur
816 1269 843 1294 et
859 1266 1013 1302 quaeritur,
1029 1268 1125 1294 utrum

276 1316 303 1344 in
319 1316 429 1344 Christo
444 1315 534 1352 gratia
549 1314 700 1351 singularis
714 1321 850 1350 personae
866 1313 900 1341 sit
915 1313 1003 1349 gratia
1019 1316 1126 1345 creata,

277 1363 320 1391 vel
343 1363 473 1391 increata.
497 1362 527 1390 Et
549 1361 623 1398 quod
645 1361 680 1389 sit
702 1364 811 1394 creata,
833 1360 954 1389 videtur.

358 1411 381 1438 1.
404 1409 431 1437 111
455 1408 532 1437 nullo
555 1408 649 1445 incipit
665 1408 792 1436 hahitare
808 1407 927 1444 Spiritus
947 1410 1060 1435 sanctus
1076 1406 1126 1435 nisi

275 1466 325 1495 per
347 1457 468 1493 aliquem
491 1456 620 1484 effectum
654 1454 774 1491 gratiae,
807 1455 855 1491 qui
887 1454 922 1483 de
951 1462 1023 1482 novo
1045 1454 1127 1482 detur

276 1503 427 1538 animae²;
459 1503 508 1532 sed
534 1503 561 1531 in
584 1503 676 1530 anima
707 1501 808 1529 Christi
841 1501 977 1529 habitavit
1008 1500 1128 1537 Spiritus

277 1555 407 1585 sanctus,
429 1554 456 1579 et
478 1551 530 1578 1100
552 1558 606 1577 11011
629 1557 755 1585 semper,
775 1548 824 1577 sed
846 1556 881 1576 ex
907 1552 1044 1584 tempore:
1061 1555 1128 1584 ergo

277 1599 369 1627 anima
400 1597 502 1626 Christi
535 1596 634 1625 habuit
665 1596 692 1624 in
722 1603 751 1624 se
772 1595 902 1624 effectum
925 1595 1048 1632 gratiae,
1078 1602 1128 1631 per

277 1654 360 1683 quem
383 1646 441 1674 sive
463 1644 619 1673 seeundum
642 1650 725 1680 quem
748 1643 851 1671 dieitur
873 1642 992 1678 Spiritus
1015 1645 1127 1670 sanctus

278 1693 443 1722 inhabitare.
466 1692 519 1720 Sed
542 1691 610 1719 illud
634 1691 738 1719 donum
755 1690 858 1718 dieitur
873 1690 962 1726 gratia
977 1688 1127 1725 singularis

277 1748 413 1778 personae
434 1742 461 1768 et
483 1742 524 1767 est
547 1739 652 1766 donum
674 1741 818 1765 creatum:
842 1744 908 1773 ergo
929 1739 980 1765 ete.

356 1788 382 1815 2.
405 1786 487 1816 item.
510 1785 588 1813 nulla
609 1785 702 1813 anima
717 1784 806 1821 placet
826 1783 898 1817 Deo,
920 1783 973 1811 nisi
994 1783 1051 1811 Deo
1066 1790 1127 1811 con-

276 1835 414 1863 formetur
442 1837 469 1861 et
497 1832 669 1861 assimiletur
697 1839 746 1868 pet·
778 1830 896 1868 gratiam
930 1830 1125 1858 informantem

278 1882 366 1918 ipsam
389 1884 416 1909 et
437 1879 601 1909 efficientem
624 1878 807 1912 deiformem;
830 1877 877 1905 sed
901 1876 989 1913 gratia
1004 1876 1127 1904 animam

277 1928 430 1957 informans
452 1930 478 1955 et
499 1926 556 1954 Deo
577 1925 753 1954 conformans
786 1932 838 1952 non
872 1926 961 1960 potest
992 1930 1052 1951 esse
1074 1921 1126 1951 nisi

278 1975 366 2013 gratia
398 1977 507 2003 ereata:
541 1981 608 2009 ergo
639 1972 717 2001 nulla
737 1972 830 2000 anima
859 1971 915 1999 Deo
937 1970 1046 2007 placet,
1075 1969 1127 1998 nisi

278 2022 395 2060 gratiam
419 2024 540 2050 creatam
564 2020 590 2048 in
607 2028 635 2048 se
651 2019 761 2048 habeat.
778 2018 830 2047 Sed
847 2018 939 2046 anima
954 2017 1055 2045 Christi
1072 2017 1127 2045 Deo

278 2069 403 2107 placuit³
425 2077 475 2106 per
498 2068 615 2105 gratiam
647 2067 738 2099 illam,
760 2074 844 2103 quam
867 2065 988 2094 dicimus
1009 2065 1127 2102 gratiam

278 2117 429 2154 singularis
451 2123 604 2153 personae:
627 2123 693 2151 ergo
714 2117 765 2143 etc.

358 2163 383 2192 3.
406 2163 488 2196 item,
510 2162 642 2190 meritum
665 2161 731 2190 dicit
746 2160 948 2189 ordinationem
964 2160 999 2188 ad
1015 2159 1128 2196 aliquod

278 2212 370 2240 maius
404 2219 452 2248 per
485 2209 615 2247 aliquod,
647 2209 722 2246 qnod
749 2208 841 2237 reddit
864 2208 919 2236 Deo
940 2206 1128 2244 acceptum⁴3

280 2259 329 2288 sed
351 2258 426 2296 quod
449 2257 542 2286 reddit
563 2259 708 2293 acceptum
732 2264 786 2283 non
808 2258 899 2292 potest
920 2262 981 2283 esse
996 2254 1055 2282 sine
1070 2261 1130 2290 gra-

279 2306 332 2340 tia,
355 2306 430 2343 quod
453 2313 520 2333 vero
541 2304 688 2332 ordinatur
710 2303 745 2331 ad
769 2303 859 2331 maius
881 2310 935 2330 non
958 2305 1048 2338 potest
1069 2308 1129 2330 esse

279 2353 331 2382 nisi
353 2355 498 2381 creatum:
522 2360 588 2388 ergo
610 2351 742 2379 meritum
764 2358 818 2378 non
834 2352 876 2378 est
890 2349 941 2377 nisi
958 2356 1008 2386 per
1023 2348 1128 2377 donum

280 2399 385 2437 gratiae
406 2403 523 2428 creatae.
553 2398 606 2427 Sed
629 2397 760 2426 meritum
783 2396 835 2425 fuit
856 2396 884 2424 in
906 2396 1034 2424 Christo:
1063 2402 1130 2431 ergo

281 2446 379 2475 hahuit
400 2446 519 2483 gratiam
552 2448 689 2477 creatam,
712 2452 762 2481 per
784 2451 868 2481 quam
892 2443 1012 2476 meruit3
1035 2444 1061 2470 et
1084 2441 1130 2470 illa

280 2497 322 2523 est
343 2494 432 2530 grana
455 2493 606 2530 singularis
628 2499 781 2529 personae:
805 2499 871 2527 ergo
892 2494 943 2519 ete.

1263 1265 1289 1293 li..
1313 1265 1394 1299 110111,
1417 1264 1544 1292 Christus
1566 1264 1664 1293 hahuit
1686 1265 1756 1293 duas
1771 1265 1944 1299 voluntates,
1960 1265 2031 1294 sicut

1185 1311 1321 1340 inferius⁵
1350 1311 1469 1347 patebit,
1491 1315 1611 1339 creatam
1635 1311 1739 1340 seilicet
1760 1315 1787 1340 et
1808 1311 1977 1345 increatam,
2005 1314 2032 1340 et

1185 1361 1307 1391 constat.
1340 1358 1413 1395 quod
1448 1362 1566 1394 utraque
1595 1358 1646 1386 fuit
1667 1358 1807 1395 perfecta;
1829 1358 1877 1387 sed
1900 1358 2033 1395 perfectio

1185 1405 1336 1433 voluntatis
1365 1409 1473 1434 creatae
1495 1409 1536 1434 est
1558 1413 1607 1442 per
1629 1406 1746 1442 gratiam
1769 1408 1889 1434 creatam
1903 1429 1909 1439 ‚
1941 1414 2032 1443 quae,

1187 1453 1316 1489 inquam.
1340 1453 1442 1480 dicitur
1464 1453 1553 1489 gratia
1576 1453 1727 1489 singularis
1749 1460 1900 1489 personae:
1924 1461 1990 1490 ergo
2005 1453 2032 1481 in

1185 1498 1295 1527 Christo
1316 1507 1368 1527 non
1393 1502 1499 1527 tantum
1523 1499 1639 1535 gratiam
1673 1499 1840 1534 increatam,
1872 1499 1920 1528 sed
1949 1500 2032 1528 etiam

1185 1550 1307 1575 creatam
1330 1554 1442 1575 necesse
1464 1550 1505 1575 est
1527 1554 1637 1583 ponere.

1265 1594 1316 1621 San
1338 1601 1465 1622 CONTRA:
1491 1595 1514 1621 l.
1537 1593 1630 1621 Gratia
1651 1596 1745 1622 ereata
1775 1601 1828 1621 non
1861 1596 1903 1622 est
1924 1593 1975 1622 nisi
2005 1593 2032 1622 in
2047 1595 2159 1637 Αᾰῑῧρυιζοεῑ-

1185 1641 1340 1669 substantia
1362 1640 1495 1669 ereata⁶z
1519 1648 1585 1677 ergo
1607 1648 1670 1669 eum
1693 1640 1782 1677 gratia
1803 1640 1953 1677 singularis
1973 1648 2034 1678 per-

1186 1696 1269 1716 sonae
1282 1689 1317 1716 sit
1332 1688 1358 1716 in
1371 1695 1506 1725 persona,
1522 1688 1611 1724 gratia
1626 1687 1775 1724 singularis
1790 1695 1926 1724 personae
1941 1690 2034 1716 creata

1185 1743 1239 1763 11011
1262 1738 1303 1763 051
1324 1742 1374 1763 neo
1395 1738 1485 1771 potest
1506 1742 1566 1763 esse
1588 1735 1639 1763 nisi
1663 1735 1690 1762 111
1709 1742 1829 1771 persona
1851 1738 1959 1768 creata3
1984 1734 2034 1763 sed

1185 1790 1303 1819 persona
1335 1781 1435 1810 Christi
1465 1789 1518 1809 non
1540 1785 1582 1810 est
1603 1785 1710 1816 creata,
1733 1781 1780 1810 sed
1803 1781 1942 1810 increata:
1966 1789 2032 1818 ergo

1185 1829 1211 1857 in
1234 1829 1344 1857 Christo
1366 1837 1419 1857 non
1442 1832 1483 1857 est
1498 1829 1615 1865 gratiam
1639 1831 1759 1857 creatam
1783 1828 1922 1865 reperire,
1945 1836 2032 1865 quae,

1185 1876 1314 1913 inquam,
1337 1877 1371 1904 sit
1392 1876 1481 1913 gratia
1502 1875 1652 1912 singularis
1674 1883 1816 1912 personae.

1266 1925 1291 1951 Q.
1315 1924 1397 1957 Item,
1419 1922 1484 1960 quia
1506 1923 1633 1951 Christus
1655 1926 1696 1951 est
1718 1922 1792 1951 lilius
1814 1922 1964 1956 naturalis,
1980 1930 2034 1950 non

1185 1974 1276 2007 potest
1304 1978 1364 1999 esse
1387 1970 1461 1998 silius
1484 1977 1533 2006 per
1554 1969 1670 2006 gratiam
1704 1969 1860 2006 adoptionis
1891 1977 1927 1998 ex
1955 1972 2035 2006 parte

1186 2021 1303 2046 naturae
1324 2020 1464 2045 assumtae
1478 2016 1505 2044 ⁷:
1532 2024 1599 2052 ergo
1621 2024 1684 2044 eum
1706 2016 1834 2045 Christus
1855 2016 1890 2045 sit
1911 2024 1927 2044 a
1956 2016 2035 2044 Patre

1186 2064 1306 2093 dilectus
1326 2067 1357 2092 ut
1379 2071 1498 2101 persona
1519 2067 1680 2098 coaeterna,
1705 2063 1831 2098 videtur,
1860 2063 1935 2101 quod
1957 2063 2035 2092 nulla

1187 2112 1221 2140 sit
1243 2111 1371 2149 ponenda
1393 2111 1419 2139 in
1442 2118 1474 2139 eo
1495 2111 1584 2147 gratia
1606 2114 1713 2145 creata,
1737 2119 1786 2148 per
1807 2119 1891 2147 quam
1918 2110 1966 2139 fiat
1994 2118 2036 2139 ac-

1187 2162 1284 2196 ceptus
1307 2161 1337 2186 ut
1359 2158 1509 2194 singularis
1530 2166 1656 2194 persona.

1266 2205 1292 2233 3.
1316 2205 1397 2239 110111,
1419 2205 1455 2233 ad
1476 2205 1529 2233 hoo
1551 2205 1635 2233 datur
1656 2205 1736 2233 nobis
1768 2204 1856 2242 gratia
1885 2204 2035 2241 singularis

1187 2260 1339 2290 personae,
1361 2255 1392 2280 ut
1413 2260 1463 2288 per
1485 2251 1559 2280 illam
1582 2251 1738 2280 efficiamur
1762 2252 1819 2280 Deo
1841 2251 1964 2286 similes3
1986 2251 2036 2280 sed

1188 2300 1234 2328 ille
1256 2308 1309 2328 non
1332 2302 1439 2327 tantum
1463 2303 1504 2327 est
1526 2299 1581 2327 Deo
1603 2298 1718 2333 similis,
1741 2299 1826 2327 immo
1841 2298 1922 2327 etiam
1946 2298 2034 2327 Deus:

1188 2355 1255 2384 ergo
1278 2346 1405 2381 videtur,
1428 2346 1502 2382 quod
1526 2354 1580 2374 non
1600 2349 1678 2382 egeat
1694 2345 1766 2374 dono
1781 2348 1889 2373 creatae
1902 2345 2007 2381 gratiae
2018 2336 2035 2372 θ’.

1267 2394 1293 2422 li.
1328 2393 1410 2426 110111,
1442 2392 1567 2422 Verbum
1598 2392 1773 2426 increatum,
1794 2392 1905 2420 unitum
1927 2391 2036 2420 animae

1188 2440 1289 2469 Christi
1313 2444 1339 2469 et
1361 2440 1421 2468 eius
1442 2439 1587 2476 potentiis,
1608 2442 1698 2476 potest
1719 2446 1766 2467 eas
1787 2438 1977 2467 efficacissime
1995 2446 2036 2467 re-

1189 2496 1254 2525 gere
1275 2491 1302 2516 et
1323 2487 1357 2516 ad
1380 2487 1451 2515 hona
1473 2486 1644 2524 perficienda
1665 2486 1792 2520 elevare3
1814 2486 1862 2515 sed
1884 2494 1938 2514 non
1957 2493 2037 2523 opor-

346 2676 352 2690 1
371 2676 425 2698 Dist.
445 2675 479 2697 111.

345 2715 353 2729 ’ἶ
371 2715 415 2737 Cl‘r.
434 2715 447 2736 l.
467 2715 526 2736 Sent.
545 2714 567 2736 d.
591 2714 658 2741 1741.
678 2714 691 2736 l.
704 2720 725 2742 q.
748 2714 799 2741 1,οί
818 2714 840 2735 ll.
854 2713 875 2735 d.
895 2714 930 2735 26.
948 2720 969 2742 q.
988 2713 1012 2740 2,
1031 2712 1070 2734 ubi
1083 2712 1131 2739 plu-

282 2755 346 2777 ribus
363 2754 441 2776 verbis
459 2753 597 2781 ostenditur,
619 2753 716 2779 gratiam
740 2753 761 2774 in
779 2753 854 2774 anima
873 2758 922 2774 esse
941 2751 996 2780 quid
1014 2754 1131 2779 creatum3

283 2800 329 2822 quo
347 2793 456 2821 dogmate
474 2793 550 2814 nititur
567 2792 649 2814 solutio
673 2792 824 2820 quaestionis,
843 2791 871 2813 de
890 2797 934 2820 qut]
954 2792 990 2813 hic
1007 2792 1089 2819 agitur.
1102 2803 1132 2806 —

283 2833 326 2855 Pro
343 2832 412 2855 delur
429 2831 481 2854 edd.
499 2831 579 2854 datter.

346 2871 355 2885 ³
373 2871 444 2893 Codd.
462 2871 477 2892 Z
490 2877 516 2892 aa
533 2870 615 2899 placet.

347 2910 355 2925 ⁴
372 2910 416 2933 Csr.
435 2911 457 2932 ll.
475 2910 536 2932 Sent.
554 2910 576 2932 d.
595 2909 631 2931 27.
650 2916 669 2931 a.
688 2910 708 2931 2.
728 2916 749 2938 q.
772 2910 788 2931 l.
806 2915 871 2937 seqq.
889 2911 910 2930 et
932 2909 954 2931 d.
973 2909 1009 2930 29.
1032 2914 1052 2929 a.
1074 2908 1091 2929 l.
1110 2914 1131 2936 q.

289 2951 305 2972 1.
324 2956 371 2978 seq.
383 2950 466 2971 —Pro
484 2948 656 2972 ordinationem
674 2948 724 2970 cod.
744 2948 763 2970 K
781 2947 895 2970 ordinem.

347 2989 357 3003 ⁵
374 2989 427 3011 Dist.
450 2989 482 3010 17.
501 2995 520 3011 a.
540 2989 559 3011 1,
579 2995 600 3017 q.
623 2989 639 3009 l.
657 2994 721 3016 seqq.

1252 2670 1261 2681 ⁶
1278 2671 1346 2698 Nam,
1359 2673 1382 2692 ut
1401 2670 1423 2692 ll.
1435 2670 1495 2691 Sent.
1509 2669 1530 2691 cl.
1550 2669 1585 2691 26.
1599 2675 1621 2697 q.
1640 2669 1660 2690 3.
1673 2669 1800 2696 expositum
1818 2670 1863 2695 est,
1877 2668 1947 2695 gratia
1961 2669 2035 2689 creata

1188 2714 1223 2733 est
1240 2710 1332 2739 aliquod
1350 2709 1466 2736 accidens,
1485 2708 1549 2737 quod
1561 2709 1582 2730 in
1601 2708 1648 2729 Deo
1666 2707 1763 2729 inveniri
1781 2707 1865 2734 nequit.
1876 2718 1905 2721 —
1918 2705 1973 2728 Edd.
1992 2706 2035 2734 pri-

1190 2756 1251 2772 mam
1270 2750 1370 2772 conclus.
1388 2750 1420 2771 sic
1437 2751 1584 2770 truncarunt:
1602 2752 1658 2776 erqo
1676 2752 1731 2769 cam
1748 2745 1827 2775 qratia
1843 2744 1974 2775 sz’nqularzs
1986 2751 2036 2774 pei·-

1189 2795 1260 2812 soaae
1283 2788 1312 2811 sil
1335 2789 1427 2815 creata,
1450 2788 1548 2809 71071051
1571 2785 1608 2809 vel
1628 2786 1702 2815 potest
1724 2791 1772 2807 esse
1789 2787 1831 2806 ete.
1849 2785 1872 2806 111
1895 2784 1946 2806 cod.
1969 2783 1985 2806 C
2003 2785 2036 2806 sic

1189 2829 1300 2855 scriptum
1318 2831 1364 2849 est:
1382 2832 1438 2856 erqo
1456 2832 1510 2849 cam
1522 2825 1601 2855 qratia
1619 2823 1750 2854 singularis
1761 2816 1876 2852 personae
1893 2822 1924 2845 sit
1939 2824 2033 2851 creata,

1189 2866 1269 2896 qratia
1293 2865 1426 2895 sinqulam's
1448 2871 1565 2895 personae
1586 2865 1666 2887 ereata
1683 2869 1731 2886 71011
1748 2864 1782 2885 est
1803 2866 1858 2890 ete,
1884 2863 1905 2884 in
1930 2862 2036 2890 pluribus

1189 2907 1237 2928 aliis
1255 2905 1322 2927 codd.
1340 2906 1385 2927 sic:
1403 2910 1459 2934 erqo
1476 2903 1607 2933 sinqularis
1624 2908 1739 2932 personae
1755 2902 1835 2924 creata
1852 2907 1900 2924 non
1917 2902 1951 2924 est
1968 2905 2009 2924 etc.

1251 2944 1261 2958 ⁷
1279 2944 1323 2966 Cl'r.
1341 2951 1410 2972 supra
1428 2944 1450 2965 d.
1470 2944 1505 2965 40.
1524 2949 1543 2964 a.
1562 2943 1582 2964 2.
1601 2948 1623 2970 q.
1643 2943 1662 2964 rl.

1252 2983 1261 2997 ⁸
1279 2983 1310 3005 De
1329 2984 1371 3005 hoc
1389 2989 1437 3010 arg.
1455 2982 1509 3004 vide
1526 2988 1595 3009 snpra
1613 2981 1634 3003 d.
1654 2982 1674 3002 2.
1693 2987 1712 3003 a.
1730 2981 1750 3002 3.
1770 2987 1792 3009 q.
1810 2981 1831 3002 2.
