<?xml version="1.0" encoding="UTF-8"?>
<!DOCTYPE html PUBLIC "-//W3C//DTD XHTML 1.0 Transitional//EN"
    "http://www.w3.org/TR/xhtml1/DTD/xhtml1-transitional.dtd">
<html xmlns="http://www.w3.org/1999/xhtml" xml:lang="en" lang="en">
 <head>
  <title>
</title>
<meta http-equiv="Content-Type" content="text/html;charset=utf-8" />
  <meta name='ocr-system' content='tesseract 3.04.00' />
  <meta name='ocr-capabilities' content='ocr_page ocr_carea ocr_par ocr_line ocrx_word'/>
</head>
<body>
  <div class='ocr_page' id='page_1' title='image "./doctorisseraphic03bona_0725.png"; bbox 0 0 2166 3366; ppageno 0'>
   <div class='ocr_carea' id='block_1_1' title="bbox 23 408 136 428">
    <p class='ocr_par' dir='ltr' id='par_1_1' title="bbox 23 408 136 428">
     <span class='ocr_line' id='line_1_1' title="bbox 23 408 136 428; baseline -0.018 0"><span class='ocrx_word' id='word_1_1' title='bbox 23 408 136 428; x_wconf 71' lang='lat' dir='ltr'>Notandum.</span> 
     </span>
    </p>
   </div>
   <div class='ocr_carea' id='block_1_2' title="bbox 20 1064 137 1106">
    <p class='ocr_par' dir='ltr' id='par_1_2' title="bbox 20 1064 137 1106">
     <span class='ocr_line' id='line_1_2' title="bbox 20 1064 137 1088; baseline 0 -5"><span class='ocrx_word' id='word_1_2' title='bbox 20 1064 51 1083; x_wconf 77' lang='lat' dir='ltr'>Ad</span> <span class='ocrx_word' id='word_1_3' title='bbox 63 1064 137 1088; x_wconf 84' lang='lat' dir='ltr'>opposi-</span> 
     </span>
     <span class='ocr_line' id='line_1_3' title="bbox 56 1090 101 1106; baseline 0 0"><span class='ocrx_word' id='word_1_4' title='bbox 56 1090 101 1106; x_wconf 77' lang='lat' dir='ltr'>tum.</span> 
     </span>
    </p>
   </div>
   <div class='ocr_carea' id='block_1_3' title="bbox 5 2053 139 2072">
    <p class='ocr_par' dir='ltr' id='par_1_3' title="bbox 5 2053 139 2072">
     <span class='ocr_line' id='line_1_4' title="bbox 5 2053 139 2072; baseline 0 0"><span class='ocrx_word' id='word_1_5' title='bbox 5 2053 139 2072; x_wconf 70' lang='lat' dir='ltr'>Fundamenta.</span> 
     </span>
    </p>
   </div>
   <div class='ocr_carea' id='block_1_4' title="bbox 693 182 1353 220">
    <p class='ocr_par' dir='ltr' id='par_1_4' title="bbox 693 182 1353 220">
     <span class='ocr_line' id='line_1_5' title="bbox 693 182 1353 220; baseline 0.003 -10"><span class='ocrx_word' id='word_1_6' title='bbox 693 182 775 210; x_wconf 86' lang='lat' dir='ltr'>DIST.</span> <span class='ocrx_word' id='word_1_7' title='bbox 799 182 898 210; x_wconf 88' lang='lat' dir='ltr'>XXXll.</span> <span class='ocrx_word' id='word_1_8' title='bbox 921 184 992 211; x_wconf 81' lang='lat' dir='ltr'>ART.</span> <span class='ocrx_word' id='word_1_9' title='bbox 1016 183 1132 213; x_wconf 84' lang='lat' dir='ltr'>UNICUS</span> <span class='ocrx_word' id='word_1_10' title='bbox 1153 184 1288 220; x_wconf 82' lang='lat' dir='ltr'>QUAEST.</span> <span class='ocrx_word' id='word_1_11' title='bbox 1313 185 1353 212; x_wconf 78' lang='lat' dir='ltr'>tv.</span> 
     </span>
    </p>
   </div>
   <div class='ocr_carea' id='block_1_5' title="bbox 149 259 997 625">
    <p class='ocr_par' dir='ltr' id='par_1_5' title="bbox 149 259 997 625">
     <span class='ocr_line' id='line_1_6' title="bbox 151 259 996 298; baseline 0.001 -10"><span class='ocrx_word' id='word_1_12' title='bbox 151 264 207 292; x_wconf 77' lang='lat' dir='ltr'>tas.</span> <span class='ocrx_word' id='word_1_13' title='bbox 229 260 301 288; x_wconf 86' lang='lat' dir='ltr'>sicut</span> <span class='ocrx_word' id='word_1_14' title='bbox 322 260 356 288; x_wconf 90' lang='lat' dir='ltr'>de</span> <span class='ocrx_word' id='word_1_15' title='bbox 378 260 547 297; x_wconf 76' lang='lat' dir='ltr'>perfectione</span> <span class='ocrx_word' id='word_1_16' title='bbox 575 259 738 296; x_wconf 78' lang='lat' dir='ltr'>cognitionis</span> <span class='ocrx_word' id='word_1_17' title='bbox 760 264 801 288; x_wconf 89' lang='lat' dir='ltr'>est</span> <span class='ocrx_word' id='word_1_18' title='bbox 823 261 883 297; x_wconf 86' lang='lat' dir='ltr'>ipsa</span> <span class='ocrx_word' id='word_1_19' title='bbox 909 261 996 298; x_wconf 85' lang='lat' dir='ltr'>limpi-</span> 
     </span>
     <span class='ocr_line' id='line_1_7' title="bbox 150 307 994 344; baseline 0.001 -9"><span class='ocrx_word' id='word_1_20' title='bbox 150 308 237 336; x_wconf 85' lang='lat' dir='ltr'>ditas:</span> <span class='ocrx_word' id='word_1_21' title='bbox 259 307 425 335; x_wconf 74' lang='lat' dir='ltr'>dicendum.</span> <span class='ocrx_word' id='word_1_22' title='bbox 448 307 521 344; x_wconf 82' lang='lat' dir='ltr'>quod</span> <span class='ocrx_word' id='word_1_23' title='bbox 545 314 644 335; x_wconf 89' lang='lat' dir='ltr'>verum</span> <span class='ocrx_word' id='word_1_24' title='bbox 666 310 723 339; x_wconf 85' lang='lat' dir='ltr'>est,</span> <span class='ocrx_word' id='word_1_25' title='bbox 744 311 880 343; x_wconf 88' lang='lat' dir='ltr'>quantum</span> <span class='ocrx_word' id='word_1_26' title='bbox 903 311 944 336; x_wconf 84' lang='lat' dir='ltr'>est</span> <span class='ocrx_word' id='word_1_27' title='bbox 959 316 994 336; x_wconf 88' lang='lat' dir='ltr'>ex</span> 
     </span>
     <span class='ocr_line' id='line_1_8' title="bbox 151 352 993 391; baseline 0.001 -9"><span class='ocrx_word' id='word_1_28' title='bbox 151 358 229 391; x_wconf 84' lang='lat' dir='ltr'>parte</span> <span class='ocrx_word' id='word_1_29' title='bbox 252 353 340 390; x_wconf 81' lang='lat' dir='ltr'>ipsius</span> <span class='ocrx_word' id='word_1_30' title='bbox 361 357 446 381; x_wconf 75' lang='lat' dir='ltr'>actas</span> <span class='ocrx_word' id='word_1_31' title='bbox 468 353 609 390; x_wconf 65' lang='lat' dir='ltr'>diligendi</span> <span class='ocrx_word' id='word_1_32' title='bbox 620 363 629 385; x_wconf 89' lang='lat'>,·</span> <span class='ocrx_word' id='word_1_33' title='bbox 649 352 725 381; x_wconf 88' lang='lat' dir='ltr'>unde</span> <span class='ocrx_word' id='word_1_34' title='bbox 747 354 969 391; x_wconf 86' lang='lat' dir='ltr'>unumquodque</span> <span class='ocrx_word' id='word_1_35' title='bbox 988 355 993 367; x_wconf 93' lang='lat'><strong>¹</strong></span> 
     </span>
     <span class='ocr_line' id='line_1_9' title="bbox 151 399 997 438; baseline 0 -9"><span class='ocrx_word' id='word_1_36' title='bbox 151 401 241 438; x_wconf 76' lang='lat' dir='ltr'>diligit</span> <span class='ocrx_word' id='word_1_37' title='bbox 263 400 336 429; x_wconf 86' lang='lat' dir='ltr'>Deus</span> <span class='ocrx_word' id='word_1_38' title='bbox 357 400 503 428; x_wconf 73' lang='lat' dir='ltr'>dilectione</span> <span class='ocrx_word' id='word_1_39' title='bbox 525 399 716 437; x_wconf 84' lang='lat' dir='ltr'>permaxima,</span> <span class='ocrx_word' id='word_1_40' title='bbox 738 407 788 428; x_wconf 84' lang='lat' dir='ltr'>nec</span> <span class='ocrx_word' id='word_1_41' title='bbox 811 400 899 437; x_wconf 84' lang='lat' dir='ltr'>magis</span> <span class='ocrx_word' id='word_1_42' title='bbox 925 401 997 429; x_wconf 82' lang='lat' dir='ltr'>dele-</span> 
     </span>
     <span class='ocr_line' id='line_1_10' title="bbox 150 446 996 484; baseline 0 -8"><span class='ocrx_word' id='word_1_43' title='bbox 150 451 241 476; x_wconf 83' lang='lat' dir='ltr'>ctatur</span> <span class='ocrx_word' id='word_1_44' title='bbox 263 448 337 476; x_wconf 85' lang='lat' dir='ltr'>Deus</span> <span class='ocrx_word' id='word_1_45' title='bbox 359 447 385 475; x_wconf 91' lang='lat' dir='ltr'>in</span> <span class='ocrx_word' id='word_1_46' title='bbox 408 447 554 475; x_wconf 77' lang='lat' dir='ltr'>dilectione</span> <span class='ocrx_word' id='word_1_47' title='bbox 580 446 664 475; x_wconf 85' lang='lat' dir='ltr'>unius</span> <span class='ocrx_word' id='word_1_48' title='bbox 685 455 770 484; x_wconf 88' lang='lat' dir='ltr'>quam</span> <span class='ocrx_word' id='word_1_49' title='bbox 801 447 826 475; x_wconf 91' lang='lat' dir='ltr'>in</span> <span class='ocrx_word' id='word_1_50' title='bbox 849 447 996 476; x_wconf 85' lang='lat' dir='ltr'>dilectione</span> 
     </span>
     <span class='ocr_line' id='line_1_11' title="bbox 149 493 996 531; baseline 0.001 -9"><span class='ocrx_word' id='word_1_51' title='bbox 149 494 274 523; x_wconf 86' lang='lat' dir='ltr'>alterius.</span> <span class='ocrx_word' id='word_1_52' title='bbox 301 494 374 522; x_wconf 89' lang='lat' dir='ltr'>Deus</span> <span class='ocrx_word' id='word_1_53' title='bbox 402 493 476 522; x_wconf 88' lang='lat' dir='ltr'>enim</span> <span class='ocrx_word' id='word_1_54' title='bbox 506 494 532 521; x_wconf 90' lang='lat' dir='ltr'>in</span> <span class='ocrx_word' id='word_1_55' title='bbox 562 493 704 530; x_wconf 87' lang='lat' dir='ltr'>diligendo</span> <span class='ocrx_word' id='word_1_56' title='bbox 733 501 762 522; x_wconf 88' lang='lat' dir='ltr'>se</span> <span class='ocrx_word' id='word_1_57' title='bbox 791 494 882 531; x_wconf 86' lang='lat' dir='ltr'>ipsum</span> <span class='ocrx_word' id='word_1_58' title='bbox 912 499 939 523; x_wconf 83' lang='lat' dir='ltr'>et</span> <span class='ocrx_word' id='word_1_59' title='bbox 967 502 996 523; x_wconf 88' lang='lat' dir='ltr'>se</span> 
     </span>
     <span class='ocr_line' id='line_1_12' title="bbox 150 540 997 578; baseline 0.001 -9"><span class='ocrx_word' id='word_1_60' title='bbox 150 542 209 578; x_wconf 86' lang='lat' dir='ltr'>ipso</span> <span class='ocrx_word' id='word_1_61' title='bbox 240 541 358 569; x_wconf 86' lang='lat' dir='ltr'>fruendo</span> <span class='ocrx_word' id='word_1_62' title='bbox 387 540 476 577; x_wconf 86' lang='lat' dir='ltr'>diligit</span> <span class='ocrx_word' id='word_1_63' title='bbox 507 543 618 575; x_wconf 80' lang='lat' dir='ltr'>cetera,</span> <span class='ocrx_word' id='word_1_64' title='bbox 648 540 684 568; x_wconf 89' lang='lat' dir='ltr'>ita</span> <span class='ocrx_word' id='word_1_65' title='bbox 716 541 790 578; x_wconf 89' lang='lat' dir='ltr'>quod</span> <span class='ocrx_word' id='word_1_66' title='bbox 823 541 916 569; x_wconf 86' lang='lat' dir='ltr'>onmia</span> <span class='ocrx_word' id='word_1_67' title='bbox 938 542 997 570; x_wconf 88' lang='lat' dir='ltr'>dili-</span> 
     </span>
     <span class='ocr_line' id='line_1_13' title="bbox 150 587 996 625; baseline 0.001 -9"><span class='ocrx_word' id='word_1_68' title='bbox 150 587 239 625; x_wconf 81' lang='lat' dir='ltr'>gendo</span> <span class='ocrx_word' id='word_1_69' title='bbox 261 595 289 616; x_wconf 89' lang='lat' dir='ltr'>se</span> <span class='ocrx_word' id='word_1_70' title='bbox 312 587 371 624; x_wconf 83' lang='lat' dir='ltr'>ipso</span> <span class='ocrx_word' id='word_1_71' title='bbox 392 587 496 615; x_wconf 79' lang='lat' dir='ltr'>fruitur</span> <span class='ocrx_word' id='word_1_72' title='bbox 517 591 542 615; x_wconf 87' lang='lat' dir='ltr'>et</span> <span class='ocrx_word' id='word_1_73' title='bbox 565 595 675 616; x_wconf 86' lang='lat' dir='ltr'>summe</span> <span class='ocrx_word' id='word_1_74' title='bbox 697 588 723 615; x_wconf 87' lang='lat' dir='ltr'>in</span> <span class='ocrx_word' id='word_1_75' title='bbox 746 595 774 616; x_wconf 89' lang='lat' dir='ltr'>se</span> <span class='ocrx_word' id='word_1_76' title='bbox 798 588 857 625; x_wconf 89' lang='lat' dir='ltr'>ipso</span> <span class='ocrx_word' id='word_1_77' title='bbox 879 589 996 617; x_wconf 87' lang='lat' dir='ltr'>delecta-</span> 
     </span>
    </p>
   </div>
   <div class='ocr_carea' id='block_1_6' title="bbox 1844 186 1899 215">
    <p class='ocr_par' dir='ltr' id='par_1_6' title="bbox 1844 186 1899 215">
     <span class='ocr_line' id='line_1_14' title="bbox 1844 186 1899 215; baseline 0.018 -2"><span class='ocrx_word' id='word_1_78' title='bbox 1844 186 1899 215; x_wconf 81' lang='lat'>703</span> 
     </span>
    </p>
   </div>
   <div class='ocr_carea' id='block_1_7' title="bbox 1053 262 1900 581">
    <p class='ocr_par' dir='ltr' id='par_1_7' title="bbox 1053 262 1900 581">
     <span class='ocr_line' id='line_1_15' title="bbox 1054 262 1900 301; baseline 0.002 -11"><span class='ocrx_word' id='word_1_79' title='bbox 1054 265 1116 295; x_wconf 88' lang='lat' dir='ltr'>tur;</span> <span class='ocrx_word' id='word_1_80' title='bbox 1139 262 1189 291; x_wconf 86' lang='lat' dir='ltr'>hac</span> <span class='ocrx_word' id='word_1_81' title='bbox 1219 265 1310 291; x_wconf 83' lang='lat' dir='ltr'>tamen</span> <span class='ocrx_word' id='word_1_82' title='bbox 1333 263 1479 292; x_wconf 76' lang='lat' dir='ltr'>dilectione</span> <span class='ocrx_word' id='word_1_83' title='bbox 1503 263 1626 292; x_wconf 88' lang='lat' dir='ltr'>maxima</span> <span class='ocrx_word' id='word_1_84' title='bbox 1652 268 1676 292; x_wconf 88' lang='lat' dir='ltr'>et</span> <span class='ocrx_word' id='word_1_85' title='bbox 1700 272 1813 292; x_wconf 86' lang='lat' dir='ltr'>summa</span> <span class='ocrx_word' id='word_1_86' title='bbox 1842 265 1900 301; x_wconf 84' lang='lat' dir='ltr'>qui-</span> 
     </span>
     <span class='ocr_line' id='line_1_16' title="bbox 1055 307 1899 347; baseline 0.004 -12"><span class='ocrx_word' id='word_1_87' title='bbox 1055 307 1173 336; x_wconf 86' lang='lat' dir='ltr'>busdam</span> <span class='ocrx_word' id='word_1_88' title='bbox 1197 309 1384 337; x_wconf 78' lang='lat' dir='ltr'>communicat</span> <span class='ocrx_word' id='word_1_89' title='bbox 1405 310 1511 338; x_wconf 87' lang='lat' dir='ltr'>maiora</span> <span class='ocrx_word' id='word_1_90' title='bbox 1533 309 1619 341; x_wconf 86' lang='lat' dir='ltr'>bona.</span> <span class='ocrx_word' id='word_1_91' title='bbox 1649 310 1817 347; x_wconf 81' lang='lat' dir='ltr'>quibusdam</span> <span class='ocrx_word' id='word_1_92' title='bbox 1848 311 1899 338; x_wconf 88' lang='lat' dir='ltr'>mi-</span> 
     </span>
     <span class='ocr_line' id='line_1_17' title="bbox 1055 355 1898 394; baseline 0.005 -12"><span class='ocrx_word' id='word_1_93' title='bbox 1055 362 1130 382; x_wconf 83' lang='lat' dir='ltr'>nora.</span> <span class='ocrx_word' id='word_1_94' title='bbox 1155 355 1230 384; x_wconf 90' lang='lat' dir='ltr'>Unde</span> <span class='ocrx_word' id='word_1_95' title='bbox 1252 356 1324 384; x_wconf 86' lang='lat' dir='ltr'>sicut</span> <span class='ocrx_word' id='word_1_96' title='bbox 1346 356 1456 385; x_wconf 87' lang='lat' dir='ltr'>dilectio</span> <span class='ocrx_word' id='word_1_97' title='bbox 1478 357 1526 385; x_wconf 90' lang='lat' dir='ltr'>Dei</span> <span class='ocrx_word' id='word_1_98' title='bbox 1542 357 1571 385; x_wconf 80' lang='lat' dir='ltr'>in</span> <span class='ocrx_word' id='word_1_99' title='bbox 1594 365 1623 385; x_wconf 71' lang='lat' dir='ltr'>se</span> <span class='ocrx_word' id='word_1_100' title='bbox 1644 361 1685 385; x_wconf 82' lang='lat' dir='ltr'>est</span> <span class='ocrx_word' id='word_1_101' title='bbox 1706 356 1823 394; x_wconf 76' lang='lat' dir='ltr'>fruitio,</span> <span class='ocrx_word' id='word_1_102' title='bbox 1839 365 1898 394; x_wconf 79' lang='lat' dir='ltr'>ipsa</span> 
     </span>
     <span class='ocr_line' id='line_1_18' title="bbox 1054 401 1897 440; baseline 0.004 -11"><span class='ocrx_word' id='word_1_103' title='bbox 1054 404 1146 430; x_wconf 86' lang='lat' dir='ltr'>tamen</span> <span class='ocrx_word' id='word_1_104' title='bbox 1168 401 1263 430; x_wconf 75' lang='lat' dir='ltr'>relata</span> <span class='ocrx_word' id='word_1_105' title='bbox 1278 403 1319 430; x_wconf 81' lang='lat' dir='ltr'>ad</span> <span class='ocrx_word' id='word_1_106' title='bbox 1339 407 1511 431; x_wconf 79' lang='lat' dir='ltr'>creaturam</span> <span class='ocrx_word' id='word_1_107' title='bbox 1526 407 1616 440; x_wconf 89' lang='lat' dir='ltr'>potest</span> <span class='ocrx_word' id='word_1_108' title='bbox 1634 404 1687 433; x_wconf 83' lang='lat' dir='ltr'>dici</span> <span class='ocrx_word' id='word_1_109' title='bbox 1704 413 1776 432; x_wconf 75' lang='lat' dir='ltr'>usus</span> <span class='ocrx_word' id='word_1_110' title='bbox 1792 405 1897 433; x_wconf 85' lang='lat' dir='ltr'>ratione</span> 
     </span>
     <span class='ocr_line' id='line_1_19' title="bbox 1054 449 1899 486; baseline 0.005 -10"><span class='ocrx_word' id='word_1_111' title='bbox 1054 449 1191 478; x_wconf 86' lang='lat' dir='ltr'>connotati</span> <span class='ocrx_word' id='word_1_112' title='bbox 1206 449 1229 483; x_wconf 82' lang='lat'>²;</span> <span class='ocrx_word' id='word_1_113' title='bbox 1251 449 1307 483; x_wconf 88' lang='lat' dir='ltr'>sic,</span> <span class='ocrx_word' id='word_1_114' title='bbox 1328 451 1458 486; x_wconf 85' lang='lat' dir='ltr'>quamvis</span> <span class='ocrx_word' id='word_1_115' title='bbox 1486 451 1516 478; x_wconf 80' lang='lat' dir='ltr'>in</span> <span class='ocrx_word' id='word_1_116' title='bbox 1537 460 1567 479; x_wconf 80' lang='lat' dir='ltr'>se</span> <span class='ocrx_word' id='word_1_117' title='bbox 1588 452 1623 480; x_wconf 88' lang='lat' dir='ltr'>sit</span> <span class='ocrx_word' id='word_1_118' title='bbox 1644 459 1770 480; x_wconf 81' lang='lat' dir='ltr'>summa.</span> <span class='ocrx_word' id='word_1_119' title='bbox 1794 454 1899 481; x_wconf 80' lang='lat' dir='ltr'>ratione</span> 
     </span>
     <span class='ocr_line' id='line_1_20' title="bbox 1054 494 1897 535; baseline 0.005 -12"><span class='ocrx_word' id='word_1_120' title='bbox 1054 499 1145 524; x_wconf 90' lang='lat' dir='ltr'>tamen</span> <span class='ocrx_word' id='word_1_121' title='bbox 1166 494 1281 533; x_wconf 76' lang='lat' dir='ltr'>effectas</span> <span class='ocrx_word' id='word_1_122' title='bbox 1301 497 1450 525; x_wconf 79' lang='lat' dir='ltr'>counotati</span> <span class='ocrx_word' id='word_1_123' title='bbox 1463 498 1595 534; x_wconf 84' lang='lat' dir='ltr'>contingit</span> <span class='ocrx_word' id='word_1_124' title='bbox 1610 498 1678 532; x_wconf 86' lang='lat' dir='ltr'>dici,</span> <span class='ocrx_word' id='word_1_125' title='bbox 1693 498 1797 535; x_wconf 84' lang='lat' dir='ltr'>aliquid</span> <span class='ocrx_word' id='word_1_126' title='bbox 1822 499 1897 535; x_wconf 77' lang='lat' dir='ltr'>ptus.</span> 
     </span>
     <span class='ocr_line' id='line_1_21' title="bbox 1053 542 1514 581; baseline 0.004 -11"><span class='ocrx_word' id='word_1_127' title='bbox 1053 542 1158 580; x_wconf 86' lang='lat' dir='ltr'>aliquid</span> <span class='ocrx_word' id='word_1_128' title='bbox 1183 543 1274 571; x_wconf 90' lang='lat' dir='ltr'>minus</span> <span class='ocrx_word' id='word_1_129' title='bbox 1295 543 1330 571; x_wconf 85' lang='lat' dir='ltr'>ab</span> <span class='ocrx_word' id='word_1_130' title='bbox 1352 551 1384 571; x_wconf 86' lang='lat' dir='ltr'>eo</span> <span class='ocrx_word' id='word_1_131' title='bbox 1406 544 1482 581; x_wconf 80' lang='lat' dir='ltr'>diligi</span> <span class='ocrx_word' id='word_1_132' title='bbox 1496 544 1514 571; x_wconf 82' lang='lat'>³.</span> 
     </span>
    </p>
   </div>
   <div class='ocr_carea' id='block_1_8' title="bbox 912 686 1178 725">
    <p class='ocr_par' dir='ltr' id='par_1_8' title="bbox 912 686 1178 725">
     <span class='ocr_line' id='line_1_22' title="bbox 912 686 1178 725; baseline 0 -8"><span class='ocrx_word' id='word_1_133' title='bbox 912 688 1075 725; x_wconf 67' lang='lat' dir='ltr'>Qtnesrto</span> <span class='ocrx_word' id='word_1_134' title='bbox 1097 689 1137 717; x_wconf 86' lang='lat' dir='ltr'>tv.</span> <span class='ocrx_word' id='word_1_135' title='bbox 1172 686 1178 689; x_wconf 69' lang='grc'>“</span> 
     </span>
    </p>
   </div>
   <div class='ocr_carea' id='block_1_9' title="bbox 436 774 1610 814">
    <p class='ocr_par' dir='ltr' id='par_1_9' title="bbox 436 774 1610 814">
     <span class='ocr_line' id='line_1_23' title="bbox 436 774 1610 814; baseline 0.004 -13"><span class='ocrx_word' id='word_1_136' title='bbox 436 774 541 802; x_wconf 78' lang='lat' dir='ltr'>Utrum</span> <span class='ocrx_word' id='word_1_137' title='bbox 563 774 641 802; x_wconf 76' lang='lat' dir='ltr'>Deus</span> <span class='ocrx_word' id='word_1_138' title='bbox 663 774 760 811; x_wconf 72' lang='lat' dir='ltr'>mayis</span> <span class='ocrx_word' id='word_1_139' title='bbox 782 774 887 812; x_wconf 74' lang='lat' dir='ltr'>(liliyat</span> <span class='ocrx_word' id='word_1_140' title='bbox 908 774 1052 804; x_wconf 74' lang='lat' dir='ltr'>hominem</span> <span class='ocrx_word' id='word_1_141' title='bbox 1074 784 1163 814; x_wconf 80' lang='lat' dir='ltr'>qaam</span> <span class='ocrx_word' id='word_1_142' title='bbox 1187 776 1346 814; x_wconf 61' lang='lat' dir='ltr'>Angelum,</span> <span class='ocrx_word' id='word_1_143' title='bbox 1369 786 1409 806; x_wconf 75' lang='lat' dir='ltr'>au</span> <span class='ocrx_word' id='word_1_144' title='bbox 1430 787 1444 806; x_wconf 74' lang='lat' dir='ltr'>e</span> <span class='ocrx_word' id='word_1_145' title='bbox 1465 786 1610 807; x_wconf 74' lang='lat' dir='ltr'>converso.</span> 
     </span>
    </p>
   </div>
   <div class='ocr_carea' id='block_1_10' title="bbox 144 873 997 2504">
    <p class='ocr_par' dir='ltr' id='par_1_10' title="bbox 149 873 997 1004">
     <span class='ocr_line' id='line_1_24' title="bbox 228 873 995 911; baseline 0.001 -10"><span class='ocrx_word' id='word_1_146' title='bbox 228 874 333 909; x_wconf 83' lang='lat' dir='ltr'>Quarto</span> <span class='ocrx_word' id='word_1_147' title='bbox 351 873 510 910; x_wconf 87' lang='lat' dir='ltr'>quaeritur,</span> <span class='ocrx_word' id='word_1_148' title='bbox 526 876 621 901; x_wconf 89' lang='lat' dir='ltr'>utrum</span> <span class='ocrx_word' id='word_1_149' title='bbox 639 873 713 902; x_wconf 89' lang='lat' dir='ltr'>Deus</span> <span class='ocrx_word' id='word_1_150' title='bbox 729 874 816 910; x_wconf 87' lang='lat' dir='ltr'>magis</span> <span class='ocrx_word' id='word_1_151' title='bbox 838 874 935 911; x_wconf 85' lang='lat' dir='ltr'>diligat</span> <span class='ocrx_word' id='word_1_152' title='bbox 951 874 995 902; x_wconf 77' lang='lat' dir='ltr'>lio-</span> 
     </span>
     <span class='ocr_line' id='line_1_25' title="bbox 149 919 997 957; baseline 0 -9"><span class='ocrx_word' id='word_1_153' title='bbox 149 919 251 948; x_wconf 88' lang='lat' dir='ltr'>minem</span> <span class='ocrx_word' id='word_1_154' title='bbox 274 928 357 957; x_wconf 86' lang='lat' dir='ltr'>quam</span> <span class='ocrx_word' id='word_1_155' title='bbox 375 919 525 957; x_wconf 83' lang='lat' dir='ltr'>Angelum,</span> <span class='ocrx_word' id='word_1_156' title='bbox 546 927 581 948; x_wconf 87' lang='lat' dir='ltr'>an</span> <span class='ocrx_word' id='word_1_157' title='bbox 602 927 617 948; x_wconf 88' lang='lat' dir='ltr'>e</span> <span class='ocrx_word' id='word_1_158' title='bbox 632 928 775 949; x_wconf 88' lang='lat' dir='ltr'>converso.</span> <span class='ocrx_word' id='word_1_159' title='bbox 800 920 829 948; x_wconf 89' lang='lat' dir='ltr'>Et</span> <span class='ocrx_word' id='word_1_160' title='bbox 850 920 923 957; x_wconf 87' lang='lat' dir='ltr'>quod</span> <span class='ocrx_word' id='word_1_161' title='bbox 942 928 997 948; x_wconf 86' lang='lat' dir='ltr'>ma-</span> 
     </span>
     <span class='ocr_line' id='line_1_26' title="bbox 150 967 512 1004; baseline 0 -10"><span class='ocrx_word' id='word_1_162' title='bbox 150 967 192 1004; x_wconf 84' lang='lat' dir='ltr'>gis</span> <span class='ocrx_word' id='word_1_163' title='bbox 212 967 362 1004; x_wconf 82' lang='lat' dir='ltr'>Angelum,</span> <span class='ocrx_word' id='word_1_164' title='bbox 386 967 512 996; x_wconf 77' lang='lat' dir='ltr'>videtur:</span> 
     </span>
    </p>

    <p class='ocr_par' dir='ltr' id='par_1_11' title="bbox 148 1013 996 1193">
     <span class='ocr_line' id='line_1_27' title="bbox 233 1013 995 1051; baseline 0 -9"><span class='ocrx_word' id='word_1_165' title='bbox 233 1015 255 1042; x_wconf 89' lang='lat' dir='ltr'>l.</span> <span class='ocrx_word' id='word_1_166' title='bbox 277 1014 346 1050; x_wconf 83' lang='lat' dir='ltr'>Quia</span> <span class='ocrx_word' id='word_1_167' title='bbox 369 1017 444 1042; x_wconf 83' lang='lat' dir='ltr'>tanto</span> <span class='ocrx_word' id='word_1_168' title='bbox 458 1014 559 1051; x_wconf 87' lang='lat' dir='ltr'>aliquis</span> <span class='ocrx_word' id='word_1_169' title='bbox 580 1017 622 1043; x_wconf 89' lang='lat' dir='ltr'>est</span> <span class='ocrx_word' id='word_1_170' title='bbox 643 1014 699 1042; x_wconf 92' lang='lat' dir='ltr'>Deo</span> <span class='ocrx_word' id='word_1_171' title='bbox 714 1013 869 1048; x_wconf 74' lang='lat' dir='ltr'>amabilior,</span> <span class='ocrx_word' id='word_1_172' title='bbox 891 1017 995 1051; x_wconf 85' lang='lat' dir='ltr'>quanto</span> 
     </span>
     <span class='ocr_line' id='line_1_28' title="bbox 149 1059 996 1098; baseline -0.001 -9"><span class='ocrx_word' id='word_1_173' title='bbox 149 1064 191 1089; x_wconf 87' lang='lat' dir='ltr'>est</span> <span class='ocrx_word' id='word_1_174' title='bbox 213 1060 264 1098; x_wconf 88' lang='lat' dir='ltr'>ipsi</span> <span class='ocrx_word' id='word_1_175' title='bbox 286 1060 414 1089; x_wconf 80' lang='lat' dir='ltr'>similior:</span> <span class='ocrx_word' id='word_1_176' title='bbox 437 1060 458 1089; x_wconf 86' lang='lat' dir='ltr'>si</span> <span class='ocrx_word' id='word_1_177' title='bbox 481 1068 548 1097; x_wconf 86' lang='lat' dir='ltr'>ergo</span> <span class='ocrx_word' id='word_1_178' title='bbox 570 1064 669 1089; x_wconf 86' lang='lat' dir='ltr'>natura</span> <span class='ocrx_word' id='word_1_179' title='bbox 690 1060 814 1097; x_wconf 83' lang='lat' dir='ltr'>angelica</span> <span class='ocrx_word' id='word_1_180' title='bbox 829 1064 870 1089; x_wconf 85' lang='lat' dir='ltr'>est</span> <span class='ocrx_word' id='word_1_181' title='bbox 892 1060 948 1089; x_wconf 91' lang='lat' dir='ltr'>Deo</span> <span class='ocrx_word' id='word_1_182' title='bbox 963 1059 996 1089; x_wconf 86' lang='lat' dir='ltr'>si-</span> 
     </span>
     <span class='ocr_line' id='line_1_29' title="bbox 151 1103 995 1145; baseline 0 -9"><span class='ocrx_word' id='word_1_183' title='bbox 151 1108 242 1136; x_wconf 87' lang='lat' dir='ltr'>milior</span> <span class='ocrx_word' id='word_1_184' title='bbox 263 1116 348 1145; x_wconf 85' lang='lat' dir='ltr'>quam</span> <span class='ocrx_word' id='word_1_185' title='bbox 371 1108 493 1136; x_wconf 82' lang='lat' dir='ltr'>humana</span> <span class='ocrx_word' id='word_1_186' title='bbox 508 1109 525 1142; x_wconf 79' lang='lat'>⁴,</span> <span class='ocrx_word' id='word_1_187' title='bbox 548 1107 667 1141; x_wconf 82' lang='lat' dir='ltr'>videtur,</span> <span class='ocrx_word' id='word_1_188' title='bbox 690 1103 764 1144; x_wconf 86' lang='lat' dir='ltr'>qnod</span> <span class='ocrx_word' id='word_1_189' title='bbox 786 1108 821 1135; x_wconf 86' lang='lat' dir='ltr'>ab</span> <span class='ocrx_word' id='word_1_190' title='bbox 836 1116 869 1136; x_wconf 87' lang='lat' dir='ltr'>eo</span> <span class='ocrx_word' id='word_1_191' title='bbox 890 1108 925 1136; x_wconf 87' lang='lat' dir='ltr'>sit</span> <span class='ocrx_word' id='word_1_192' title='bbox 941 1116 995 1136; x_wconf 86' lang='lat' dir='ltr'>ma-</span> 
     </span>
     <span class='ocr_line' id='line_1_30' title="bbox 148 1156 319 1193; baseline -0.012 -8"><span class='ocrx_word' id='word_1_193' title='bbox 148 1156 189 1193; x_wconf 85' lang='lat' dir='ltr'>gis</span> <span class='ocrx_word' id='word_1_194' title='bbox 210 1156 319 1184; x_wconf 81' lang='lat' dir='ltr'>dilecta.</span> 
     </span>
    </p>

    <p class='ocr_par' dir='ltr' id='par_1_12' title="bbox 145 1202 994 1473">
     <span class='ocr_line' id='line_1_31' title="bbox 225 1202 994 1237; baseline -0.001 -6"><span class='ocrx_word' id='word_1_195' title='bbox 225 1204 251 1231; x_wconf 68' lang='lat'>⁶2.</span> <span class='ocrx_word' id='word_1_196' title='bbox 275 1203 354 1237; x_wconf 88' lang='lat' dir='ltr'>ltem,</span> <span class='ocrx_word' id='word_1_197' title='bbox 377 1203 465 1231; x_wconf 88' lang='lat' dir='ltr'>maior</span> <span class='ocrx_word' id='word_1_198' title='bbox 488 1203 598 1231; x_wconf 86' lang='lat' dir='ltr'>dilectio</span> <span class='ocrx_word' id='word_1_199' title='bbox 620 1206 646 1231; x_wconf 88' lang='lat' dir='ltr'>et</span> <span class='ocrx_word' id='word_1_200' title='bbox 669 1202 759 1230; x_wconf 91' lang='lat' dir='ltr'>minor</span> <span class='ocrx_word' id='word_1_201' title='bbox 780 1202 933 1230; x_wconf 86' lang='lat' dir='ltr'>attenditur</span> <span class='ocrx_word' id='word_1_202' title='bbox 955 1210 994 1230; x_wconf 89' lang='lat' dir='ltr'>se-</span> 
     </span>
     <span class='ocr_line' id='line_1_32' title="bbox 146 1248 993 1279; baseline -0.004 0"><span class='ocrx_word' id='word_1_203' title='bbox 146 1250 270 1279; x_wconf 78' lang='lat' dir='ltr'>cundum</span> <span class='ocrx_word' id='word_1_204' title='bbox 295 1250 426 1278; x_wconf 84' lang='lat' dir='ltr'>maiorem</span> <span class='ocrx_word' id='word_1_205' title='bbox 450 1253 477 1278; x_wconf 84' lang='lat' dir='ltr'>et</span> <span class='ocrx_word' id='word_1_206' title='bbox 500 1249 633 1277; x_wconf 86' lang='lat' dir='ltr'>minorem</span> <span class='ocrx_word' id='word_1_207' title='bbox 658 1249 935 1277; x_wconf 75' lang='lat' dir='ltr'>communicationem</span> <span class='ocrx_word' id='word_1_208' title='bbox 956 1248 993 1277; x_wconf 89' lang='lat' dir='ltr'>di-</span> 
     </span>
     <span class='ocr_line' id='line_1_33' title="bbox 145 1295 992 1332; baseline 0.001 -10"><span class='ocrx_word' id='word_1_209' title='bbox 145 1296 226 1325; x_wconf 81' lang='lat' dir='ltr'>vinae</span> <span class='ocrx_word' id='word_1_210' title='bbox 258 1296 450 1329; x_wconf 85' lang='lat' dir='ltr'>liberalitatis;</span> <span class='ocrx_word' id='word_1_211' title='bbox 480 1296 528 1324; x_wconf 83' lang='lat' dir='ltr'>sed</span> <span class='ocrx_word' id='word_1_212' title='bbox 561 1296 635 1324; x_wconf 83' lang='lat' dir='ltr'>Deus</span> <span class='ocrx_word' id='word_1_213' title='bbox 667 1304 717 1332; x_wconf 94' lang='lat' dir='ltr'>pro</span> <span class='ocrx_word' id='word_1_214' title='bbox 739 1304 795 1324; x_wconf 89' lang='lat' dir='ltr'>uno</span> <span class='ocrx_word' id='word_1_215' title='bbox 826 1295 885 1323; x_wconf 91' lang='lat' dir='ltr'>solo</span> <span class='ocrx_word' id='word_1_216' title='bbox 916 1298 992 1323; x_wconf 91' lang='lat' dir='ltr'>motu</span> 
     </span>
     <span class='ocr_line' id='line_1_34' title="bbox 145 1342 991 1380; baseline -0.001 -9"><span class='ocrx_word' id='word_1_217' title='bbox 145 1343 280 1380; x_wconf 88' lang='lat' dir='ltr'>Angelum</span> <span class='ocrx_word' id='word_1_218' title='bbox 309 1342 475 1380; x_wconf 84' lang='lat' dir='ltr'>glorificavit</span> <span class='ocrx_word' id='word_1_219' title='bbox 491 1342 510 1377; x_wconf 68' lang='lat'>⁵,</span> <span class='ocrx_word' id='word_1_220' title='bbox 542 1343 615 1379; x_wconf 82' lang='lat' dir='ltr'>qnod</span> <span class='ocrx_word' id='word_1_221' title='bbox 642 1350 695 1370; x_wconf 90' lang='lat' dir='ltr'>non</span> <span class='ocrx_word' id='word_1_222' title='bbox 728 1342 791 1370; x_wconf 85' lang='lat' dir='ltr'>facit</span> <span class='ocrx_word' id='word_1_223' title='bbox 814 1342 991 1370; x_wconf 79' lang='lat' dir='ltr'>hominibus:</span> 
     </span>
     <span class='ocr_line' id='line_1_35' title="bbox 145 1388 992 1426; baseline -0.002 -8"><span class='ocrx_word' id='word_1_224' title='bbox 145 1397 212 1426; x_wconf 83' lang='lat' dir='ltr'>ergo</span> <span class='ocrx_word' id='word_1_225' title='bbox 232 1389 340 1418; x_wconf 82' lang='lat' dir='ltr'>exstitit</span> <span class='ocrx_word' id='word_1_226' title='bbox 361 1389 400 1418; x_wconf 87' lang='lat' dir='ltr'>eis</span> <span class='ocrx_word' id='word_1_227' title='bbox 416 1389 558 1417; x_wconf 81' lang='lat' dir='ltr'>liberalior</span> <span class='ocrx_word' id='word_1_228' title='bbox 580 1397 665 1426; x_wconf 87' lang='lat' dir='ltr'>quam</span> <span class='ocrx_word' id='word_1_229' title='bbox 688 1389 779 1417; x_wconf 76' lang='lat' dir='ltr'>nolus:</span> <span class='ocrx_word' id='word_1_230' title='bbox 805 1389 889 1425; x_wconf 87' lang='lat' dir='ltr'>igitur</span> <span class='ocrx_word' id='word_1_231' title='bbox 905 1388 992 1424; x_wconf 85' lang='lat' dir='ltr'>magis</span> 
     </span>
     <span class='ocr_line' id='line_1_36' title="bbox 145 1436 816 1473; baseline -0.001 -9"><span class='ocrx_word' id='word_1_232' title='bbox 145 1436 234 1473; x_wconf 82' lang='lat' dir='ltr'>diligit</span> <span class='ocrx_word' id='word_1_233' title='bbox 256 1444 344 1473; x_wconf 81' lang='lat' dir='ltr'>genus</span> <span class='ocrx_word' id='word_1_234' title='bbox 364 1436 521 1473; x_wconf 81' lang='lat' dir='ltr'>angelicum</span> <span class='ocrx_word' id='word_1_235' title='bbox 544 1444 627 1472; x_wconf 85' lang='lat' dir='ltr'>quam</span> <span class='ocrx_word' id='word_1_236' title='bbox 652 1436 816 1463; x_wconf 82' lang='lat' dir='ltr'>humanum.</span> 
     </span>
    </p>

    <p class='ocr_par' dir='ltr' id='par_1_13' title="bbox 144 1482 992 1708">
     <span class='ocr_line' id='line_1_37' title="bbox 224 1482 992 1519; baseline -0.003 -8"><span class='ocrx_word' id='word_1_237' title='bbox 224 1483 249 1512; x_wconf 80' lang='lat'>3.</span> <span class='ocrx_word' id='word_1_238' title='bbox 274 1483 352 1517; x_wconf 85' lang='lat' dir='ltr'>item,</span> <span class='ocrx_word' id='word_1_239' title='bbox 376 1483 467 1519; x_wconf 84' lang='lat' dir='ltr'>Angeli</span> <span class='ocrx_word' id='word_1_240' title='bbox 492 1483 579 1519; x_wconf 84' lang='lat' dir='ltr'>magis</span> <span class='ocrx_word' id='word_1_241' title='bbox 594 1482 714 1519; x_wconf 85' lang='lat' dir='ltr'>diligunt</span> <span class='ocrx_word' id='word_1_242' title='bbox 731 1482 816 1510; x_wconf 89' lang='lat' dir='ltr'>Deum</span> <span class='ocrx_word' id='word_1_243' title='bbox 833 1490 916 1519; x_wconf 84' lang='lat' dir='ltr'>quam</span> <span class='ocrx_word' id='word_1_244' title='bbox 933 1489 992 1515; x_wconf 88' lang='lat' dir='ltr'>nos,</span> 
     </span>
     <span class='ocr_line' id='line_1_38' title="bbox 145 1530 992 1568; baseline -0.004 -9"><span class='ocrx_word' id='word_1_245' title='bbox 145 1539 196 1568; x_wconf 89' lang='lat' dir='ltr'>pro</span> <span class='ocrx_word' id='word_1_246' title='bbox 227 1538 259 1559; x_wconf 86' lang='lat' dir='ltr'>eo</span> <span class='ocrx_word' id='word_1_247' title='bbox 291 1531 365 1568; x_wconf 83' lang='lat' dir='ltr'>quod</span> <span class='ocrx_word' id='word_1_248' title='bbox 398 1530 503 1559; x_wconf 90' lang='lat' dir='ltr'>nullam</span> <span class='ocrx_word' id='word_1_249' title='bbox 537 1530 640 1558; x_wconf 78' lang='lat' dir='ltr'>liabent</span> <span class='ocrx_word' id='word_1_250' title='bbox 672 1530 908 1563; x_wconf 76' lang='lat' dir='ltr'>retardationem,</span> <span class='ocrx_word' id='word_1_251' title='bbox 936 1537 992 1565; x_wconf 88' lang='lat' dir='ltr'>qua</span> 
     </span>
     <span class='ocr_line' id='line_1_39' title="bbox 145 1576 990 1615; baseline -0.002 -9"><span class='ocrx_word' id='word_1_252' title='bbox 145 1578 379 1615; x_wconf 62' lang='lat' dir='ltr'>praepediantur,</span> <span class='ocrx_word' id='word_1_253' title='bbox 402 1586 435 1606; x_wconf 89' lang='lat' dir='ltr'>ne</span> <span class='ocrx_word' id='word_1_254' title='bbox 459 1578 578 1606; x_wconf 83' lang='lat' dir='ltr'>totaliter</span> <span class='ocrx_word' id='word_1_255' title='bbox 595 1578 699 1614; x_wconf 77' lang='lat' dir='ltr'>possint</span> <span class='ocrx_word' id='word_1_256' title='bbox 716 1577 830 1605; x_wconf 86' lang='lat' dir='ltr'>tendere</span> <span class='ocrx_word' id='word_1_257' title='bbox 847 1577 873 1604; x_wconf 89' lang='lat' dir='ltr'>iu</span> <span class='ocrx_word' id='word_1_258' title='bbox 888 1576 990 1605; x_wconf 89' lang='lat' dir='ltr'>Deum:</span> 
     </span>
     <span class='ocr_line' id='line_1_40' title="bbox 144 1623 992 1662; baseline -0.004 -9"><span class='ocrx_word' id='word_1_259' title='bbox 144 1633 211 1662; x_wconf 86' lang='lat' dir='ltr'>ergo</span> <span class='ocrx_word' id='word_1_260' title='bbox 233 1625 254 1654; x_wconf 85' lang='lat' dir='ltr'>si</span> <span class='ocrx_word' id='word_1_261' title='bbox 278 1625 351 1654; x_wconf 81' lang='lat' dir='ltr'>Deus</span> <span class='ocrx_word' id='word_1_262' title='bbox 375 1625 462 1662; x_wconf 87' lang='lat' dir='ltr'>magis</span> <span class='ocrx_word' id='word_1_263' title='bbox 483 1625 573 1659; x_wconf 83' lang='lat' dir='ltr'>diligit</span> <span class='ocrx_word' id='word_1_264' title='bbox 596 1625 683 1661; x_wconf 76' lang='lat' dir='ltr'>magis</span> <span class='ocrx_word' id='word_1_265' title='bbox 704 1631 733 1652; x_wconf 86' lang='lat' dir='ltr'>se</span> <span class='ocrx_word' id='word_1_266' title='bbox 755 1624 901 1660; x_wconf 84' lang='lat' dir='ltr'>diligentes</span> <span class='ocrx_word' id='word_1_267' title='bbox 914 1623 933 1657; x_wconf 76' lang='lat'>⁶,</span> <span class='ocrx_word' id='word_1_268' title='bbox 956 1623 992 1651; x_wconf 93' lang='lat' dir='ltr'>vi-</span> 
     </span>
     <span class='ocr_line' id='line_1_41' title="bbox 145 1671 971 1708; baseline -0.002 -8"><span class='ocrx_word' id='word_1_269' title='bbox 145 1672 243 1706; x_wconf 87' lang='lat' dir='ltr'>detur,</span> <span class='ocrx_word' id='word_1_270' title='bbox 265 1672 340 1708; x_wconf 84' lang='lat' dir='ltr'>quod</span> <span class='ocrx_word' id='word_1_271' title='bbox 365 1672 452 1708; x_wconf 87' lang='lat' dir='ltr'>magis</span> <span class='ocrx_word' id='word_1_272' title='bbox 472 1671 569 1708; x_wconf 85' lang='lat' dir='ltr'>diligat</span> <span class='ocrx_word' id='word_1_273' title='bbox 590 1671 707 1708; x_wconf 81' lang='lat' dir='ltr'>Angelos</span> <span class='ocrx_word' id='word_1_274' title='bbox 728 1679 812 1708; x_wconf 86' lang='lat' dir='ltr'>quam</span> <span class='ocrx_word' id='word_1_275' title='bbox 836 1671 971 1699; x_wconf 87' lang='lat' dir='ltr'>honnnes.</span> 
     </span>
    </p>

    <p class='ocr_par' dir='ltr' id='par_1_14' title="bbox 145 1717 991 1990">
     <span class='ocr_line' id='line_1_42' title="bbox 222 1717 991 1755; baseline -0.003 -9"><span class='ocrx_word' id='word_1_276' title='bbox 222 1719 249 1746; x_wconf 76' lang='lat' dir='ltr'>lt.</span> <span class='ocrx_word' id='word_1_277' title='bbox 272 1718 355 1752; x_wconf 88' lang='lat' dir='ltr'>ltem,</span> <span class='ocrx_word' id='word_1_278' title='bbox 377 1718 470 1755; x_wconf 83' lang='lat' dir='ltr'>Angeli</span> <span class='ocrx_word' id='word_1_279' title='bbox 503 1722 567 1746; x_wconf 72' lang='lat' dir='ltr'>sunt</span> <span class='ocrx_word' id='word_1_280' title='bbox 601 1717 768 1746; x_wconf 83' lang='lat' dir='ltr'>mediatores</span> <span class='ocrx_word' id='word_1_281' title='bbox 800 1717 872 1745; x_wconf 90' lang='lat' dir='ltr'>inter</span> <span class='ocrx_word' id='word_1_282' title='bbox 894 1724 944 1745; x_wconf 87' lang='lat' dir='ltr'>nos</span> <span class='ocrx_word' id='word_1_283' title='bbox 964 1720 991 1745; x_wconf 83' lang='lat' dir='ltr'>et</span> 
     </span>
     <span class='ocr_line' id='line_1_43' title="bbox 145 1763 990 1801; baseline -0.002 -8"><span class='ocrx_word' id='word_1_284' title='bbox 145 1764 250 1799; x_wconf 91' lang='lat' dir='ltr'>Deum,</span> <span class='ocrx_word' id='word_1_285' title='bbox 272 1765 430 1793; x_wconf 80' lang='lat' dir='ltr'>secundum</span> <span class='ocrx_word' id='word_1_286' title='bbox 459 1765 532 1801; x_wconf 77' lang='lat' dir='ltr'>quod</span> <span class='ocrx_word' id='word_1_287' title='bbox 565 1764 623 1792; x_wconf 72' lang='lat' dir='ltr'>vult</span> <span class='ocrx_word' id='word_1_288' title='bbox 644 1763 815 1801; x_wconf 74' lang='lat' dir='ltr'>Augustinus</span> <span class='ocrx_word' id='word_1_289' title='bbox 837 1767 934 1792; x_wconf 84' lang='lat' dir='ltr'>octavo</span> <span class='ocrx_word' id='word_1_290' title='bbox 956 1763 990 1792; x_wconf 87' lang='lat' dir='ltr'>de</span> 
     </span>
     <span class='ocr_line' id='line_1_44' title="bbox 145 1811 990 1848; baseline -0.002 -8"><span class='ocrx_word' id='word_1_291' title='bbox 145 1811 260 1840; x_wconf 79' lang='lat' dir='ltr'>Civitate</span> <span class='ocrx_word' id='word_1_292' title='bbox 283 1811 330 1839; x_wconf 90' lang='lat' dir='ltr'>Dei</span> <span class='ocrx_word' id='word_1_293' title='bbox 345 1811 373 1845; x_wconf 80' lang='lat'>⁷3</span> <span class='ocrx_word' id='word_1_294' title='bbox 395 1811 442 1840; x_wconf 89' lang='lat' dir='ltr'>sed</span> <span class='ocrx_word' id='word_1_295' title='bbox 467 1811 589 1839; x_wconf 90' lang='lat' dir='ltr'>medium</span> <span class='ocrx_word' id='word_1_296' title='bbox 620 1811 708 1848; x_wconf 84' lang='lat' dir='ltr'>magis</span> <span class='ocrx_word' id='word_1_297' title='bbox 737 1811 834 1839; x_wconf 85' lang='lat' dir='ltr'>unitur</span> <span class='ocrx_word' id='word_1_298' title='bbox 862 1814 990 1839; x_wconf 87' lang='lat' dir='ltr'>extremo</span> 
     </span>
     <span class='ocr_line' id='line_1_45' title="bbox 145 1859 989 1895; baseline -0.001 -8"><span class='ocrx_word' id='word_1_299' title='bbox 145 1863 172 1887; x_wconf 90' lang='lat' dir='ltr'>et</span> <span class='ocrx_word' id='word_1_300' title='bbox 193 1859 216 1887; x_wconf 88' lang='lat' dir='ltr'>ei</span> <span class='ocrx_word' id='word_1_301' title='bbox 232 1862 274 1887; x_wconf 89' lang='lat' dir='ltr'>est</span> <span class='ocrx_word' id='word_1_302' title='bbox 289 1859 463 1890; x_wconf 80' lang='lat' dir='ltr'>familiarius,</span> <span class='ocrx_word' id='word_1_303' title='bbox 478 1866 562 1895; x_wconf 86' lang='lat' dir='ltr'>quam</span> <span class='ocrx_word' id='word_1_304' title='bbox 581 1866 667 1886; x_wconf 91' lang='lat' dir='ltr'>unum</span> <span class='ocrx_word' id='word_1_305' title='bbox 684 1862 842 1886; x_wconf 77' lang='lat' dir='ltr'>extremum</span> <span class='ocrx_word' id='word_1_306' title='bbox 860 1861 989 1894; x_wconf 82' lang='lat' dir='ltr'>respectu</span> 
     </span>
     <span class='ocr_line' id='line_1_46' title="bbox 145 1905 990 1942; baseline -0.001 -8"><span class='ocrx_word' id='word_1_307' title='bbox 145 1906 275 1934; x_wconf 87' lang='lat' dir='ltr'>alterius:</span> <span class='ocrx_word' id='word_1_308' title='bbox 298 1913 365 1942; x_wconf 81' lang='lat' dir='ltr'>ergo</span> <span class='ocrx_word' id='word_1_309' title='bbox 388 1905 511 1939; x_wconf 77' lang='lat' dir='ltr'>ridetur,</span> <span class='ocrx_word' id='word_1_310' title='bbox 533 1905 607 1942; x_wconf 82' lang='lat' dir='ltr'>quod</span> <span class='ocrx_word' id='word_1_311' title='bbox 632 1905 705 1934; x_wconf 79' lang='lat' dir='ltr'>Deus</span> <span class='ocrx_word' id='word_1_312' title='bbox 722 1906 809 1942; x_wconf 84' lang='lat' dir='ltr'>magis</span> <span class='ocrx_word' id='word_1_313' title='bbox 830 1905 927 1942; x_wconf 79' lang='lat' dir='ltr'>diligat</span> <span class='ocrx_word' id='word_1_314' title='bbox 942 1906 990 1933; x_wconf 89' lang='lat' dir='ltr'>An-</span> 
     </span>
     <span class='ocr_line' id='line_1_47' title="bbox 145 1953 483 1990; baseline -0.003 -9"><span class='ocrx_word' id='word_1_315' title='bbox 145 1953 221 1990; x_wconf 87' lang='lat' dir='ltr'>gelos</span> <span class='ocrx_word' id='word_1_316' title='bbox 242 1961 325 1990; x_wconf 84' lang='lat' dir='ltr'>quam</span> <span class='ocrx_word' id='word_1_317' title='bbox 349 1953 483 1981; x_wconf 78' lang='lat' dir='ltr'>homines.</span> 
     </span>
    </p>

    <p class='ocr_par' dir='ltr' id='par_1_15' title="bbox 145 1999 990 2271">
     <span class='ocr_line' id='line_1_48' title="bbox 223 1999 990 2029; baseline -0.001 -1"><span class='ocrx_word' id='word_1_318' title='bbox 223 2001 276 2028; x_wconf 66' lang='lat' dir='ltr'>sen</span> <span class='ocrx_word' id='word_1_319' title='bbox 297 2008 421 2029; x_wconf 73' lang='lat' dir='ltr'>CONTRA:</span> <span class='ocrx_word' id='word_1_320' title='bbox 448 2001 469 2028; x_wconf 93' lang='lat' dir='ltr'>l.</span> <span class='ocrx_word' id='word_1_321' title='bbox 499 2000 536 2028; x_wconf 78' lang='lat' dir='ltr'>Ad</span> <span class='ocrx_word' id='word_1_322' title='bbox 567 1999 704 2028; x_wconf 83' lang='lat' dir='ltr'>Hebraeos</span> <span class='ocrx_word' id='word_1_323' title='bbox 733 1999 893 2028; x_wconf 71' lang='lat' dir='ltr'>secundo⁸z</span> <span class='ocrx_word' id='word_1_324' title='bbox 918 1999 990 2027; x_wconf 72' lang='lat' dir='ltr'>Nus-</span> 
     </span>
     <span class='ocr_line' id='line_1_49' title="bbox 146 2045 990 2085; baseline -0.002 -10"><span class='ocrx_word' id='word_1_325' title='bbox 146 2055 236 2085; x_wconf 79' lang='lat' dir='ltr'>quam</span> <span class='ocrx_word' id='word_1_326' title='bbox 258 2046 383 2084; x_wconf 65' lang='lat' dir='ltr'>Angelos</span> <span class='ocrx_word' id='word_1_327' title='bbox 410 2046 619 2083; x_wconf 71' lang='lat' dir='ltr'>apprehendit,</span> <span class='ocrx_word' id='word_1_328' title='bbox 646 2046 696 2074; x_wconf 64' lang='lat' dir='ltr'>,sect</span> <span class='ocrx_word' id='word_1_329' title='bbox 716 2054 812 2074; x_wconf 77' lang='lat' dir='ltr'>semen</span> <span class='ocrx_word' id='word_1_330' title='bbox 834 2045 990 2079; x_wconf 74' lang='lat' dir='ltr'>Abrahae,-</span> 
     </span>
     <span class='ocr_line' id='line_1_50' title="bbox 145 2093 990 2130; baseline -0.002 -7"><span class='ocrx_word' id='word_1_331' title='bbox 145 2094 193 2123; x_wconf 84' lang='lat' dir='ltr'>sed</span> <span class='ocrx_word' id='word_1_332' title='bbox 216 2094 283 2122; x_wconf 88' lang='lat' dir='ltr'>illud</span> <span class='ocrx_word' id='word_1_333' title='bbox 307 2094 358 2122; x_wconf 90' lang='lat' dir='ltr'>fuit</span> <span class='ocrx_word' id='word_1_334' title='bbox 381 2094 554 2130; x_wconf 72' lang='lat' dir='ltr'>potissinnnn</span> <span class='ocrx_word' id='word_1_335' title='bbox 585 2093 695 2130; x_wconf 73' lang='lat' dir='ltr'>signum</span> <span class='ocrx_word' id='word_1_336' title='bbox 719 2093 874 2122; x_wconf 85' lang='lat' dir='ltr'>dilectionis</span> <span class='ocrx_word' id='word_1_337' title='bbox 902 2097 928 2122; x_wconf 91' lang='lat' dir='ltr'>et</span> <span class='ocrx_word' id='word_1_338' title='bbox 955 2093 990 2121; x_wconf 82' lang='lat' dir='ltr'>fa-</span> 
     </span>
     <span class='ocr_line' id='line_1_51' title="bbox 145 2140 990 2178; baseline -0.001 -9"><span class='ocrx_word' id='word_1_339' title='bbox 145 2141 312 2170; x_wconf 86' lang='lat' dir='ltr'>miliaritatis</span> <span class='ocrx_word' id='word_1_340' title='bbox 334 2141 459 2170; x_wconf 84' lang='lat' dir='ltr'>divinae.</span> <span class='ocrx_word' id='word_1_341' title='bbox 483 2140 556 2178; x_wconf 88' lang='lat' dir='ltr'>quod</span> <span class='ocrx_word' id='word_1_342' title='bbox 580 2144 736 2169; x_wconf 78' lang='lat' dir='ltr'>assumeret</span> <span class='ocrx_word' id='word_1_343' title='bbox 765 2144 893 2168; x_wconf 88' lang='lat' dir='ltr'>naturam</span> <span class='ocrx_word' id='word_1_344' title='bbox 916 2148 990 2169; x_wconf 85' lang='lat' dir='ltr'>crea-</span> 
     </span>
     <span class='ocr_line' id='line_1_52' title="bbox 145 2187 986 2225; baseline -0.001 -9"><span class='ocrx_word' id='word_1_345' title='bbox 145 2192 200 2217; x_wconf 89' lang='lat' dir='ltr'>tam</span> <span class='ocrx_word' id='word_1_346' title='bbox 224 2188 249 2216; x_wconf 87' lang='lat' dir='ltr'>in</span> <span class='ocrx_word' id='word_1_347' title='bbox 273 2188 406 2216; x_wconf 85' lang='lat' dir='ltr'>unitatem</span> <span class='ocrx_word' id='word_1_348' title='bbox 430 2195 565 2225; x_wconf 84' lang='lat' dir='ltr'>personae</span> <span class='ocrx_word' id='word_1_349' title='bbox 586 2195 668 2216; x_wconf 81' lang='lat' dir='ltr'>suae:</span> <span class='ocrx_word' id='word_1_350' title='bbox 686 2195 752 2224; x_wconf 86' lang='lat' dir='ltr'>ergo</span> <span class='ocrx_word' id='word_1_351' title='bbox 776 2187 898 2220; x_wconf 77' lang='lat' dir='ltr'>videtur,</span> <span class='ocrx_word' id='word_1_352' title='bbox 913 2187 986 2224; x_wconf 88' lang='lat' dir='ltr'>quod</span> 
     </span>
     <span class='ocr_line' id='line_1_53' title="bbox 147 2234 989 2271; baseline -0.001 -8"><span class='ocrx_word' id='word_1_353' title='bbox 147 2235 234 2271; x_wconf 86' lang='lat' dir='ltr'>magis</span> <span class='ocrx_word' id='word_1_354' title='bbox 250 2235 381 2264; x_wconf 75' lang='lat' dir='ltr'>dilexerit</span> <span class='ocrx_word' id='word_1_355' title='bbox 396 2235 548 2263; x_wconf 87' lang='lat' dir='ltr'>humanam</span> <span class='ocrx_word' id='word_1_356' title='bbox 574 2238 704 2262; x_wconf 86' lang='lat' dir='ltr'>naturam</span> <span class='ocrx_word' id='word_1_357' title='bbox 725 2242 809 2271; x_wconf 85' lang='lat' dir='ltr'>quam</span> <span class='ocrx_word' id='word_1_358' title='bbox 826 2234 989 2270; x_wconf 82' lang='lat' dir='ltr'>angelicam.</span> 
     </span>
    </p>

    <p class='ocr_par' dir='ltr' id='par_1_16' title="bbox 145 2281 990 2458">
     <span class='ocr_line' id='line_1_54' title="bbox 224 2281 990 2318; baseline 0 -8"><span class='ocrx_word' id='word_1_359' title='bbox 224 2283 250 2310; x_wconf 69' lang='lat'>2.</span> <span class='ocrx_word' id='word_1_360' title='bbox 274 2282 355 2313; x_wconf 82' lang='lat' dir='ltr'>item,</span> <span class='ocrx_word' id='word_1_361' title='bbox 378 2282 485 2309; x_wconf 83' lang='lat' dir='ltr'>loannis</span> <span class='ocrx_word' id='word_1_362' title='bbox 507 2282 614 2309; x_wconf 83' lang='lat' dir='ltr'>decimo</span> <span class='ocrx_word' id='word_1_363' title='bbox 636 2281 764 2318; x_wconf 76' lang='lat' dir='ltr'>quinto⁰z</span> <span class='ocrx_word' id='word_1_364' title='bbox 789 2281 928 2309; x_wconf 54' lang='lat' dir='ltr'>dhrim-em</span> <span class='ocrx_word' id='word_1_365' title='bbox 944 2290 990 2310; x_wconf 81' lang='lat' dir='ltr'>ea-</span> 
     </span>
     <span class='ocr_line' id='line_1_55' title="bbox 147 2328 987 2365; baseline 0 -9"><span class='ocrx_word' id='word_1_366' title='bbox 147 2328 264 2356; x_wconf 75' lang='lat' dir='ltr'>ritatcut</span> <span class='ocrx_word' id='word_1_367' title='bbox 287 2337 367 2357; x_wconf 77' lang='lat' dir='ltr'>nemo</span> <span class='ocrx_word' id='word_1_368' title='bbox 389 2328 471 2357; x_wconf 72' lang='lat' dir='ltr'>habet</span> <span class='ocrx_word' id='word_1_369' title='bbox 492 2332 564 2362; x_wconf 88' lang='lat' dir='ltr'>etc.;</span> <span class='ocrx_word' id='word_1_370' title='bbox 586 2328 634 2357; x_wconf 86' lang='lat' dir='ltr'>sed</span> <span class='ocrx_word' id='word_1_371' title='bbox 658 2328 731 2356; x_wconf 85' lang='lat' dir='ltr'>Deus</span> <span class='ocrx_word' id='word_1_372' title='bbox 753 2328 846 2365; x_wconf 85' lang='lat' dir='ltr'>posuit</span> <span class='ocrx_word' id='word_1_373' title='bbox 866 2328 987 2356; x_wconf 84' lang='lat' dir='ltr'>animam</span> 
     </span>
     <span class='ocr_line' id='line_1_56' title="bbox 145 2374 988 2411; baseline -0.001 -8"><span class='ocrx_word' id='word_1_374' title='bbox 145 2383 224 2403; x_wconf 80' lang='lat' dir='ltr'>suam</span> <span class='ocrx_word' id='word_1_375' title='bbox 248 2383 297 2411; x_wconf 86' lang='lat' dir='ltr'>pro</span> <span class='ocrx_word' id='word_1_376' title='bbox 321 2375 494 2407; x_wconf 78' lang='lat' dir='ltr'>hominibus,</span> <span class='ocrx_word' id='word_1_377' title='bbox 517 2383 570 2402; x_wconf 92' lang='lat' dir='ltr'>non</span> <span class='ocrx_word' id='word_1_378' title='bbox 594 2375 685 2411; x_wconf 80' lang='lat' dir='ltr'>posuit</span> <span class='ocrx_word' id='word_1_379' title='bbox 707 2383 767 2403; x_wconf 85' lang='lat' dir='ltr'>cam</span> <span class='ocrx_word' id='word_1_380' title='bbox 791 2383 842 2411; x_wconf 86' lang='lat' dir='ltr'>pro</span> <span class='ocrx_word' id='word_1_381' title='bbox 863 2374 988 2410; x_wconf 85' lang='lat' dir='ltr'>Angelis:</span> 
     </span>
     <span class='ocr_line' id='line_1_57' title="bbox 145 2421 843 2458; baseline -0.001 -8"><span class='ocrx_word' id='word_1_382' title='bbox 145 2430 211 2457; x_wconf 79' lang='lat' dir='ltr'>ergo</span> <span class='ocrx_word' id='word_1_383' title='bbox 234 2422 321 2458; x_wconf 82' lang='lat' dir='ltr'>magis</span> <span class='ocrx_word' id='word_1_384' title='bbox 344 2422 470 2450; x_wconf 81' lang='lat' dir='ltr'>homines</span> <span class='ocrx_word' id='word_1_385' title='bbox 491 2429 575 2458; x_wconf 86' lang='lat' dir='ltr'>quam</span> <span class='ocrx_word' id='word_1_386' title='bbox 598 2422 713 2458; x_wconf 71' lang='lat' dir='ltr'>Angelos</span> <span class='ocrx_word' id='word_1_387' title='bbox 735 2421 843 2449; x_wconf 82' lang='lat' dir='ltr'>dilexit.</span> 
     </span>
    </p>

    <p class='ocr_par' dir='ltr' id='par_1_17' title="bbox 225 2467 987 2504">
     <span class='ocr_line' id='line_1_58' title="bbox 225 2467 987 2504; baseline 0 -9"><span class='ocrx_word' id='word_1_388' title='bbox 225 2469 250 2496; x_wconf 70' lang='lat'>3.</span> <span class='ocrx_word' id='word_1_389' title='bbox 275 2468 354 2502; x_wconf 76' lang='lat' dir='ltr'>item,</span> <span class='ocrx_word' id='word_1_390' title='bbox 370 2468 443 2496; x_wconf 91' lang='lat' dir='ltr'>illam</span> <span class='ocrx_word' id='word_1_391' title='bbox 461 2471 588 2496; x_wconf 85' lang='lat' dir='ltr'>naturam</span> <span class='ocrx_word' id='word_1_392' title='bbox 607 2468 693 2504; x_wconf 78' lang='lat' dir='ltr'>tnagis</span> <span class='ocrx_word' id='word_1_393' title='bbox 710 2468 782 2495; x_wconf 81' lang='lat' dir='ltr'>Deus</span> <span class='ocrx_word' id='word_1_394' title='bbox 795 2467 892 2504; x_wconf 83' lang='lat' dir='ltr'>diligit,</span> <span class='ocrx_word' id='word_1_395' title='bbox 904 2476 987 2504; x_wconf 87' lang='lat' dir='ltr'>quam</span> 
     </span>
    </p>
   </div>
   <div class='ocr_carea' id='block_1_11' title="bbox 1018 898 1027 2468">
    <p class='ocr_par' dir='ltr' id='par_1_18' title="bbox 1018 898 1027 2468">
     <span class='ocr_line' id='line_1_59' title="bbox 1018 898 1027 2468; baseline 0 0"><span class='ocrx_word' id='word_1_396' title='bbox 1018 898 1027 2468; x_wconf 95' lang='lat' dir='ltr'> </span> 
     </span>
    </p>
   </div>
   <div class='ocr_carea' id='block_1_12' title="bbox 1050 875 1899 1473">
    <p class='ocr_par' dir='ltr' id='par_1_19' title="bbox 1053 875 1899 1099">
     <span class='ocr_line' id='line_1_60' title="bbox 1054 875 1899 912; baseline 0.005 -9"><span class='ocrx_word' id='word_1_397' title='bbox 1054 875 1080 903; x_wconf 93' lang='lat' dir='ltr'>in</span> <span class='ocrx_word' id='word_1_398' title='bbox 1103 875 1192 904; x_wconf 90' lang='lat' dir='ltr'>altiori</span> <span class='ocrx_word' id='word_1_399' title='bbox 1215 876 1304 912; x_wconf 85' lang='lat' dir='ltr'>gradu</span> <span class='ocrx_word' id='word_1_400' title='bbox 1328 876 1442 905; x_wconf 76' lang='lat' dir='ltr'>lionoris</span> <span class='ocrx_word' id='word_1_401' title='bbox 1463 877 1620 907; x_wconf 89' lang='lat' dir='ltr'>constituit:</span> <span class='ocrx_word' id='word_1_402' title='bbox 1643 878 1691 906; x_wconf 86' lang='lat' dir='ltr'>sed</span> <span class='ocrx_word' id='word_1_403' title='bbox 1714 878 1788 907; x_wconf 86' lang='lat' dir='ltr'>Deus</span> <span class='ocrx_word' id='word_1_404' title='bbox 1803 879 1899 907; x_wconf 72' lang='lat' dir='ltr'>limna-</span> 
     </span>
     <span class='ocr_line' id='line_1_61' title="bbox 1053 922 1898 962; baseline 0.005 -13"><span class='ocrx_word' id='word_1_405' title='bbox 1053 929 1117 950; x_wconf 87' lang='lat' dir='ltr'>nam</span> <span class='ocrx_word' id='word_1_406' title='bbox 1151 925 1280 950; x_wconf 85' lang='lat' dir='ltr'>naturam</span> <span class='ocrx_word' id='word_1_407' title='bbox 1306 922 1332 951; x_wconf 91' lang='lat' dir='ltr'>in</span> <span class='ocrx_word' id='word_1_408' title='bbox 1355 926 1475 960; x_wconf 83' lang='lat' dir='ltr'>utroque</span> <span class='ocrx_word' id='word_1_409' title='bbox 1497 931 1569 952; x_wconf 79' lang='lat' dir='ltr'>sexu</span> <span class='ocrx_word' id='word_1_410' title='bbox 1594 924 1725 961; x_wconf 83' lang='lat' dir='ltr'>angelicis</span> <span class='ocrx_word' id='word_1_411' title='bbox 1754 925 1898 962; x_wconf 83' lang='lat' dir='ltr'>spiritibus</span> 
     </span>
     <span class='ocr_line' id='line_1_62' title="bbox 1053 969 1896 1006; baseline 0.005 -10"><span class='ocrx_word' id='word_1_412' title='bbox 1053 970 1249 1006; x_wconf 86' lang='lat' dir='ltr'>superposuit,</span> <span class='ocrx_word' id='word_1_413' title='bbox 1271 969 1400 998; x_wconf 84' lang='lat' dir='ltr'>videlicet</span> <span class='ocrx_word' id='word_1_414' title='bbox 1421 970 1562 999; x_wconf 88' lang='lat' dir='ltr'>Christum</span> <span class='ocrx_word' id='word_1_415' title='bbox 1579 971 1681 1000; x_wconf 87' lang='lat' dir='ltr'>eteius</span> <span class='ocrx_word' id='word_1_416' title='bbox 1695 971 1896 1000; x_wconf 76' lang='lat' dir='ltr'>nobilissimam</span> 
     </span>
     <span class='ocr_line' id='line_1_63' title="bbox 1054 1014 1898 1053; baseline 0.005 -11"><span class='ocrx_word' id='word_1_417' title='bbox 1054 1014 1183 1043; x_wconf 83' lang='lat' dir='ltr'>Matrem:</span> <span class='ocrx_word' id='word_1_418' title='bbox 1206 1023 1273 1052; x_wconf 87' lang='lat' dir='ltr'>ergo</span> <span class='ocrx_word' id='word_1_419' title='bbox 1295 1016 1422 1051; x_wconf 88' lang='lat' dir='ltr'>videtur,</span> <span class='ocrx_word' id='word_1_420' title='bbox 1437 1016 1512 1053; x_wconf 90' lang='lat' dir='ltr'>quod</span> <span class='ocrx_word' id='word_1_421' title='bbox 1528 1016 1680 1045; x_wconf 84' lang='lat' dir='ltr'>humanam</span> <span class='ocrx_word' id='word_1_422' title='bbox 1697 1021 1826 1046; x_wconf 87' lang='lat' dir='ltr'>naturam</span> <span class='ocrx_word' id='word_1_423' title='bbox 1843 1026 1898 1047; x_wconf 81' lang='lat' dir='ltr'>ma-</span> 
     </span>
     <span class='ocr_line' id='line_1_64' title="bbox 1053 1061 1532 1099; baseline 0.006 -11"><span class='ocrx_word' id='word_1_424' title='bbox 1053 1061 1094 1097; x_wconf 85' lang='lat' dir='ltr'>gis</span> <span class='ocrx_word' id='word_1_425' title='bbox 1117 1061 1213 1098; x_wconf 87' lang='lat' dir='ltr'>diligat</span> <span class='ocrx_word' id='word_1_426' title='bbox 1234 1065 1261 1090; x_wconf 92' lang='lat' dir='ltr'>et</span> <span class='ocrx_word' id='word_1_427' title='bbox 1284 1062 1371 1099; x_wconf 86' lang='lat' dir='ltr'>magis</span> <span class='ocrx_word' id='word_1_428' title='bbox 1393 1062 1532 1091; x_wconf 84' lang='lat' dir='ltr'>dilexerit.</span> 
     </span>
    </p>

    <p class='ocr_par' dir='ltr' id='par_1_20' title="bbox 1050 1109 1898 1473">
     <span class='ocr_line' id='line_1_65' title="bbox 1131 1109 1898 1148; baseline 0.005 -12"><span class='ocrx_word' id='word_1_429' title='bbox 1131 1109 1158 1137; x_wconf 76' lang='grc' dir='ltr'>ίι.</span> <span class='ocrx_word' id='word_1_430' title='bbox 1180 1109 1262 1143; x_wconf 86' lang='lat' dir='ltr'>Item,</span> <span class='ocrx_word' id='word_1_431' title='bbox 1285 1110 1373 1146; x_wconf 87' lang='lat' dir='ltr'>magis</span> <span class='ocrx_word' id='word_1_432' title='bbox 1394 1109 1483 1146; x_wconf 88' lang='lat' dir='ltr'>diligit</span> <span class='ocrx_word' id='word_1_433' title='bbox 1504 1110 1567 1147; x_wconf 86' lang='lat' dir='ltr'>quis</span> <span class='ocrx_word' id='word_1_434' title='bbox 1589 1110 1726 1148; x_wconf 78' lang='lat' dir='ltr'>aliquem,</span> <span class='ocrx_word' id='word_1_435' title='bbox 1753 1119 1816 1140; x_wconf 90' lang='lat' dir='ltr'>cum</span> <span class='ocrx_word' id='word_1_436' title='bbox 1839 1112 1898 1140; x_wconf 88' lang='lat' dir='ltr'>dili-</span> 
     </span>
     <span class='ocr_line' id='line_1_66' title="bbox 1052 1155 1897 1195; baseline 0.005 -12"><span class='ocrx_word' id='word_1_437' title='bbox 1052 1155 1091 1192; x_wconf 83' lang='lat' dir='ltr'>git</span> <span class='ocrx_word' id='word_1_438' title='bbox 1112 1164 1176 1184; x_wconf 88' lang='lat' dir='ltr'>eum</span> <span class='ocrx_word' id='word_1_439' title='bbox 1199 1157 1224 1184; x_wconf 94' lang='lat' dir='ltr'>in</span> <span class='ocrx_word' id='word_1_440' title='bbox 1247 1160 1321 1185; x_wconf 82' lang='lat' dir='ltr'>statu</span> <span class='ocrx_word' id='word_1_441' title='bbox 1343 1157 1480 1186; x_wconf 85' lang='lat' dir='ltr'>amicitiae</span> <span class='ocrx_word' id='word_1_442' title='bbox 1502 1160 1529 1186; x_wconf 92' lang='lat' dir='ltr'>et</span> <span class='ocrx_word' id='word_1_443' title='bbox 1551 1158 1725 1192; x_wconf 81' lang='lat' dir='ltr'>inimicitiae,</span> <span class='ocrx_word' id='word_1_444' title='bbox 1748 1166 1833 1195; x_wconf 85' lang='lat' dir='ltr'>quam</span> <span class='ocrx_word' id='word_1_445' title='bbox 1856 1166 1897 1187; x_wconf 81' lang='lat' dir='ltr'>so-</span> 
     </span>
     <span class='ocr_line' id='line_1_67' title="bbox 1054 1202 1897 1240; baseline 0.004 -10"><span class='ocrx_word' id='word_1_446' title='bbox 1054 1202 1110 1230; x_wconf 90' lang='lat' dir='ltr'>lum</span> <span class='ocrx_word' id='word_1_447' title='bbox 1133 1210 1196 1231; x_wconf 89' lang='lat' dir='ltr'>cum</span> <span class='ocrx_word' id='word_1_448' title='bbox 1226 1203 1316 1240; x_wconf 85' lang='lat' dir='ltr'>diligit</span> <span class='ocrx_word' id='word_1_449' title='bbox 1344 1203 1371 1231; x_wconf 91' lang='lat' dir='ltr'>in</span> <span class='ocrx_word' id='word_1_450' title='bbox 1393 1207 1465 1232; x_wconf 87' lang='lat' dir='ltr'>statu</span> <span class='ocrx_word' id='word_1_451' title='bbox 1498 1203 1649 1238; x_wconf 71' lang='lat' dir='ltr'>amicitiae,</span> <span class='ocrx_word' id='word_1_452' title='bbox 1670 1204 1718 1233; x_wconf 89' lang='lat' dir='ltr'>sed</span> <span class='ocrx_word' id='word_1_453' title='bbox 1741 1204 1816 1233; x_wconf 90' lang='lat' dir='ltr'>Deus</span> <span class='ocrx_word' id='word_1_454' title='bbox 1849 1205 1897 1233; x_wconf 83' lang='lat' dir='ltr'>liu-</span> 
     </span>
     <span class='ocr_line' id='line_1_68' title="bbox 1053 1250 1896 1287; baseline 0.005 -10"><span class='ocrx_word' id='word_1_455' title='bbox 1053 1257 1166 1278; x_wconf 86' lang='lat' dir='ltr'>manum</span> <span class='ocrx_word' id='word_1_456' title='bbox 1187 1258 1276 1286; x_wconf 84' lang='lat' dir='ltr'>genus</span> <span class='ocrx_word' id='word_1_457' title='bbox 1296 1250 1385 1287; x_wconf 88' lang='lat' dir='ltr'>diligit</span> <span class='ocrx_word' id='word_1_458' title='bbox 1414 1250 1440 1278; x_wconf 90' lang='lat' dir='ltr'>in</span> <span class='ocrx_word' id='word_1_459' title='bbox 1470 1255 1545 1280; x_wconf 87' lang='lat' dir='ltr'>statu</span> <span class='ocrx_word' id='word_1_460' title='bbox 1566 1251 1703 1280; x_wconf 83' lang='lat' dir='ltr'>amicitiae</span> <span class='ocrx_word' id='word_1_461' title='bbox 1724 1256 1751 1280; x_wconf 90' lang='lat' dir='ltr'>et</span> <span class='ocrx_word' id='word_1_462' title='bbox 1773 1252 1799 1280; x_wconf 93' lang='lat' dir='ltr'>in</span> <span class='ocrx_word' id='word_1_463' title='bbox 1823 1256 1896 1281; x_wconf 86' lang='lat' dir='ltr'>statu</span> 
     </span>
     <span class='ocr_line' id='line_1_69' title="bbox 1053 1296 1896 1336; baseline 0.004 -12"><span class='ocrx_word' id='word_1_464' title='bbox 1053 1296 1226 1331; x_wconf 89' lang='lat' dir='ltr'>inimicitiae,</span> <span class='ocrx_word' id='word_1_465' title='bbox 1248 1298 1329 1335; x_wconf 88' lang='lat' dir='ltr'>quia,</span> <span class='ocrx_word' id='word_1_466' title='bbox 1352 1306 1418 1326; x_wconf 78' lang='lat' dir='ltr'>cum</span> <span class='ocrx_word' id='word_1_467' title='bbox 1449 1307 1576 1327; x_wconf 75' lang='lat' dir='ltr'>essemus</span> <span class='ocrx_word' id='word_1_468' title='bbox 1606 1303 1771 1336; x_wconf 74' lang='lat' dir='ltr'>peccatores</span> <span class='ocrx_word' id='word_1_469' title='bbox 1797 1305 1822 1328; x_wconf 80' lang='lat' dir='ltr'>et</span> <span class='ocrx_word' id='word_1_470' title='bbox 1844 1300 1896 1327; x_wconf 72' lang='lat' dir='ltr'>fni-</span> 
     </span>
     <span class='ocr_line' id='line_1_70' title="bbox 1051 1343 1894 1382; baseline 0.004 -11"><span class='ocrx_word' id='word_1_471' title='bbox 1051 1343 1122 1371; x_wconf 79' lang='lat' dir='ltr'>mz&#39;ez&#39;</span> <span class='ocrx_word' id='word_1_472' title='bbox 1141 1344 1198 1378; x_wconf 83' lang='lat' dir='ltr'>Dei,</span> <span class='ocrx_word' id='word_1_473' title='bbox 1220 1344 1319 1373; x_wconf 87' lang='lat' dir='ltr'>dilexit</span> <span class='ocrx_word' id='word_1_474' title='bbox 1341 1353 1390 1374; x_wconf 86' lang='lat' dir='ltr'>nos</span> <span class='ocrx_word' id='word_1_475' title='bbox 1403 1346 1429 1379; x_wconf 86' lang='lat'>¹⁰,</span> <span class='ocrx_word' id='word_1_476' title='bbox 1451 1345 1567 1382; x_wconf 81' lang='lat' dir='ltr'>Angelos</span> <span class='ocrx_word' id='word_1_477' title='bbox 1588 1354 1653 1374; x_wconf 69' lang='lat' dir='ltr'>vero</span> <span class='ocrx_word' id='word_1_478' title='bbox 1676 1346 1763 1375; x_wconf 83' lang='lat' dir='ltr'>malos</span> <span class='ocrx_word' id='word_1_479' title='bbox 1784 1354 1833 1376; x_wconf 86' lang='lat' dir='ltr'>nec</span> <span class='ocrx_word' id='word_1_480' title='bbox 1855 1347 1894 1375; x_wconf 82' lang='lat' dir='ltr'>di-</span> 
     </span>
     <span class='ocr_line' id='line_1_71' title="bbox 1052 1390 1895 1431; baseline 0.005 -13"><span class='ocrx_word' id='word_1_481' title='bbox 1052 1390 1120 1418; x_wconf 80' lang='lat' dir='ltr'>lexn</span> <span class='ocrx_word' id='word_1_482' title='bbox 1141 1399 1191 1419; x_wconf 90' lang='lat' dir='ltr'>nec</span> <span class='ocrx_word' id='word_1_483' title='bbox 1212 1391 1313 1427; x_wconf 82' lang='lat' dir='ltr'>diligit:</span> <span class='ocrx_word' id='word_1_484' title='bbox 1338 1400 1404 1429; x_wconf 83' lang='lat' dir='ltr'>ergo</span> <span class='ocrx_word' id='word_1_485' title='bbox 1427 1392 1552 1426; x_wconf 90' lang='lat' dir='ltr'>videtur,</span> <span class='ocrx_word' id='word_1_486' title='bbox 1580 1393 1654 1430; x_wconf 86' lang='lat' dir='ltr'>quod</span> <span class='ocrx_word' id='word_1_487' title='bbox 1687 1401 1754 1430; x_wconf 84' lang='lat' dir='ltr'>prae</span> <span class='ocrx_word' id='word_1_488' title='bbox 1787 1394 1895 1431; x_wconf 83' lang='lat' dir='ltr'>Angelis</span> 
     </span>
     <span class='ocr_line' id='line_1_72' title="bbox 1050 1438 1478 1473; baseline 0.005 -8"><span class='ocrx_word' id='word_1_489' title='bbox 1050 1445 1138 1473; x_wconf 76' lang='lat' dir='ltr'>genus</span> <span class='ocrx_word' id='word_1_490' title='bbox 1159 1438 1315 1466; x_wconf 86' lang='lat' dir='ltr'>humanum</span> <span class='ocrx_word' id='word_1_491' title='bbox 1338 1439 1478 1468; x_wconf 79' lang='lat' dir='ltr'>dilexerit.</span> 
     </span>
    </p>
   </div>
   <div class='ocr_carea' id='block_1_13' title="bbox 1365 1541 1579 1562">
    <p class='ocr_par' dir='ltr' id='par_1_21' title="bbox 1365 1541 1579 1562">
     <span class='ocr_line' id='line_1_73' title="bbox 1365 1541 1579 1562; baseline 0 -1"><span class='ocrx_word' id='word_1_492' title='bbox 1365 1541 1579 1562; x_wconf 82' lang='lat' dir='ltr'>CONCLUSIO.</span> 
     </span>
    </p>
   </div>
   <div class='ocr_carea' id='block_1_14' title="bbox 1051 1626 1896 1843">
    <p class='ocr_par' dir='ltr' id='par_1_22' title="bbox 1051 1626 1896 1843">
     <span class='ocr_line' id='line_1_74' title="bbox 1051 1626 1896 1666; baseline 0.006 -13"><span class='ocrx_word' id='word_1_493' title='bbox 1051 1626 1202 1664; x_wconf 80' lang='lat' dir='ltr'>Loquendo</span> <span class='ocrx_word' id='word_1_494' title='bbox 1225 1627 1259 1655; x_wconf 81' lang='lat' dir='ltr'>de</span> <span class='ocrx_word' id='word_1_495' title='bbox 1289 1626 1439 1655; x_wconf 74' lang='lat' dir='ltr'>dilectione</span> <span class='ocrx_word' id='word_1_496' title='bbox 1472 1628 1524 1656; x_wconf 82' lang='lat' dir='ltr'>Dei</span> <span class='ocrx_word' id='word_1_497' title='bbox 1549 1629 1647 1666; x_wconf 80' lang='lat' dir='ltr'>quoad</span> <span class='ocrx_word' id='word_1_498' title='bbox 1674 1628 1801 1666; x_wconf 69' lang='lat' dir='ltr'>ellectum</span> <span class='ocrx_word' id='word_1_499' title='bbox 1834 1638 1896 1658; x_wconf 83' lang='lat' dir='ltr'>con-</span> 
     </span>
     <span class='ocr_line' id='line_1_75' title="bbox 1129 1673 1892 1714; baseline 0.004 -13"><span class='ocrx_word' id='word_1_500' title='bbox 1129 1673 1256 1708; x_wconf 84' lang='lat' dir='ltr'>ditionis,</span> <span class='ocrx_word' id='word_1_501' title='bbox 1286 1674 1362 1702; x_wconf 75' lang='lat' dir='ltr'>Deus</span> <span class='ocrx_word' id='word_1_502' title='bbox 1393 1674 1490 1712; x_wconf 62' lang='lat' dir='ltr'>magis</span> <span class='ocrx_word' id='word_1_503' title='bbox 1522 1674 1622 1703; x_wconf 75' lang='lat' dir='ltr'>dilexit</span> <span class='ocrx_word' id='word_1_504' title='bbox 1654 1675 1779 1713; x_wconf 70' lang='lat' dir='ltr'>Anqelos</span> <span class='ocrx_word' id='word_1_505' title='bbox 1805 1684 1892 1714; x_wconf 77' lang='lat' dir='ltr'>quam</span> 
     </span>
     <span class='ocr_line' id='line_1_76' title="bbox 1126 1719 1894 1757; baseline 0.004 -9"><span class='ocrx_word' id='word_1_506' title='bbox 1126 1729 1219 1757; x_wconf 37' lang='lat' dir='ltr'>,uenus</span> <span class='ocrx_word' id='word_1_507' title='bbox 1234 1719 1416 1754; x_wconf 78' lang='lat' dir='ltr'>liu-mauum;</span> <span class='ocrx_word' id='word_1_508' title='bbox 1437 1722 1487 1749; x_wconf 76' lang='lat' dir='ltr'>sed</span> <span class='ocrx_word' id='word_1_509' title='bbox 1501 1722 1587 1750; x_wconf 78' lang='lat' dir='ltr'>aliter</span> <span class='ocrx_word' id='word_1_510' title='bbox 1601 1723 1819 1751; x_wconf 71' lang='lat' dir='ltr'>rationabiliter</span> <span class='ocrx_word' id='word_1_511' title='bbox 1833 1723 1894 1752; x_wconf 69' lang='lat' dir='ltr'>(lici</span> 
     </span>
     <span class='ocr_line' id='line_1_77' title="bbox 1126 1768 1891 1806; baseline 0.003 -11"><span class='ocrx_word' id='word_1_512' title='bbox 1126 1771 1217 1803; x_wconf 78' lang='lat' dir='ltr'>potest</span> <span class='ocrx_word' id='word_1_513' title='bbox 1238 1768 1337 1805; x_wconf 82' lang='lat' dir='ltr'>quoad</span> <span class='ocrx_word' id='word_1_514' title='bbox 1350 1768 1479 1805; x_wconf 77' lang='lat' dir='ltr'>effectam</span> <span class='ocrx_word' id='word_1_515' title='bbox 1496 1769 1679 1806; x_wconf 84' lang='lat' dir='ltr'>reparationis</span> <span class='ocrx_word' id='word_1_516' title='bbox 1694 1773 1719 1798; x_wconf 79' lang='lat' dir='ltr'>et</span> <span class='ocrx_word' id='word_1_517' title='bbox 1732 1771 1891 1799; x_wconf 74' lang='lat' dir='ltr'>secuudum</span> 
     </span>
     <span class='ocr_line' id='line_1_78' title="bbox 1128 1814 1374 1843; baseline 0 -1"><span class='ocrx_word' id='word_1_518' title='bbox 1128 1817 1230 1842; x_wconf 86' lang='lat' dir='ltr'>statum</span> <span class='ocrx_word' id='word_1_519' title='bbox 1254 1814 1374 1843; x_wconf 84' lang='lat' dir='ltr'>finalem.</span> 
     </span>
    </p>
   </div>
   <div class='ocr_carea' id='block_1_15' title="bbox 1043 1908 2035 2508">
    <p class='ocr_par' dir='ltr' id='par_1_23' title="bbox 1043 1908 2035 2366">
     <span class='ocr_line' id='line_1_79' title="bbox 1130 1908 1894 1947; baseline 0.005 -11"><span class='ocrx_word' id='word_1_520' title='bbox 1130 1908 1304 1937; x_wconf 61' lang='lat' dir='ltr'>Responnm:</span> <span class='ocrx_word' id='word_1_521' title='bbox 1328 1909 1498 1945; x_wconf 87' lang='lat' dir='ltr'>Dicendum,</span> <span class='ocrx_word' id='word_1_522' title='bbox 1520 1910 1593 1947; x_wconf 90' lang='lat' dir='ltr'>quod</span> <span class='ocrx_word' id='word_1_523' title='bbox 1617 1919 1680 1939; x_wconf 84' lang='lat' dir='ltr'>cum</span> <span class='ocrx_word' id='word_1_524' title='bbox 1699 1911 1771 1940; x_wconf 86' lang='lat' dir='ltr'>Deus</span> <span class='ocrx_word' id='word_1_525' title='bbox 1785 1912 1894 1940; x_wconf 77' lang='lat' dir='ltr'>dicatur</span> 
     </span>
     <span class='ocr_line' id='line_1_80' title="bbox 1048 1954 2035 2005; baseline 0.007 -23"><span class='ocrx_word' id='word_1_526' title='bbox 1048 1954 1164 1991; x_wconf 88' lang='lat' dir='ltr'>diligere</span> <span class='ocrx_word' id='word_1_527' title='bbox 1186 1960 1330 1984; x_wconf 86' lang='lat' dir='ltr'>creaturas</span> <span class='ocrx_word' id='word_1_528' title='bbox 1361 1955 1478 1994; x_wconf 58' lang='lat' dir='ltr'>effectu,</span> <span class='ocrx_word' id='word_1_529' title='bbox 1507 1958 1661 1986; x_wconf 79' lang='lat' dir='ltr'>sec-undum</span> <span class='ocrx_word' id='word_1_530' title='bbox 1689 1958 1763 1995; x_wconf 87' lang='lat' dir='ltr'>quod</span> <span class='ocrx_word' id='word_1_531' title='bbox 1786 1958 1892 1995; x_wconf 81' lang='lat' dir='ltr'>duplex</span> <span class='ocrx_word' id='word_1_532' title='bbox 1907 1963 2035 2005; x_wconf 51' lang='lat' dir='ltr'>Durlffitesse·</span> 
     </span>
     <span class='ocr_line' id='line_1_81' title="bbox 1049 1989 2035 2041; baseline 0.004 -11"><span class='ocrx_word' id='word_1_533' title='bbox 1049 2006 1090 2031; x_wconf 82' lang='lat' dir='ltr'>est</span> <span class='ocrx_word' id='word_1_534' title='bbox 1112 2001 1227 2040; x_wconf 63' lang='lat' dir='ltr'>effeetus</span> <span class='ocrx_word' id='word_1_535' title='bbox 1246 2003 1425 2040; x_wconf 66' lang='lat' dir='ltr'>princzpalis</span> <span class='ocrx_word' id='word_1_536' title='bbox 1447 2004 1493 2033; x_wconf 89' lang='lat' dir='ltr'>Dei</span> <span class='ocrx_word' id='word_1_537' title='bbox 1525 2008 1652 2041; x_wconf 83' lang='lat' dir='ltr'>respectu</span> <span class='ocrx_word' id='word_1_538' title='bbox 1685 2009 1831 2034; x_wconf 83' lang='lat' dir='ltr'>creaturae</span> <span class='ocrx_word' id='word_1_539' title='bbox 1854 2014 1895 2034; x_wconf 83' lang='lat' dir='ltr'>ra·</span> <span class='ocrx_word' id='word_1_540' title='bbox 1907 1989 2035 2030; x_wconf 41' lang='grc' dir='ltr'>ἓιῑῗὲειιῧῖιιῑῗῗῦ</span> 
     </span>
     <span class='ocr_line' id='line_1_82' title="bbox 1048 2049 1893 2088; baseline 0.005 -11"><span class='ocrx_word' id='word_1_541' title='bbox 1048 2049 1173 2077; x_wconf 88' lang='lat' dir='ltr'>tionalis.</span> <span class='ocrx_word' id='word_1_542' title='bbox 1196 2050 1351 2078; x_wconf 78' lang='lat' dir='ltr'>secundum</span> <span class='ocrx_word' id='word_1_543' title='bbox 1376 2051 1425 2079; x_wconf 80' lang='lat' dir='ltr'>noc</span> <span class='ocrx_word' id='word_1_544' title='bbox 1448 2055 1537 2088; x_wconf 86' lang='lat' dir='ltr'>potest</span> <span class='ocrx_word' id='word_1_545' title='bbox 1552 2051 1663 2080; x_wconf 87' lang='lat' dir='ltr'>dilectio</span> <span class='ocrx_word' id='word_1_546' title='bbox 1686 2052 1732 2081; x_wconf 91' lang='lat' dir='ltr'>Dei</span> <span class='ocrx_word' id='word_1_547' title='bbox 1755 2052 1852 2081; x_wconf 78' lang='lat' dir='ltr'>maior</span> <span class='ocrx_word' id='word_1_548' title='bbox 1868 2056 1893 2081; x_wconf 84' lang='lat' dir='ltr'>et</span> 
     </span>
     <span class='ocr_line' id='line_1_83' title="bbox 1049 2095 1894 2132; baseline 0.002 -9"><span class='ocrx_word' id='word_1_549' title='bbox 1049 2095 1146 2124; x_wconf 79' lang='lat' dir='ltr'>minor</span> <span class='ocrx_word' id='word_1_550' title='bbox 1167 2095 1317 2132; x_wconf 77' lang='lat' dir='ltr'>dupliciter</span> <span class='ocrx_word' id='word_1_551' title='bbox 1339 2097 1519 2126; x_wconf 86' lang='lat' dir='ltr'>considerari.</span> <span class='ocrx_word' id='word_1_552' title='bbox 1542 2098 1587 2126; x_wconf 89' lang='lat' dir='ltr'>Est</span> <span class='ocrx_word' id='word_1_553' title='bbox 1606 2098 1678 2126; x_wconf 91' lang='lat' dir='ltr'>enim</span> <span class='ocrx_word' id='word_1_554' title='bbox 1695 2098 1810 2127; x_wconf 79' lang='lat' dir='ltr'>ell&#39;ectus</span> <span class='ocrx_word' id='word_1_555' title='bbox 1832 2107 1894 2127; x_wconf 81' lang='lat' dir='ltr'>con-</span> 
     </span>
     <span class='ocr_line' id='line_1_84' title="bbox 1048 2142 1894 2181; baseline 0.002 -11"><span class='ocrx_word' id='word_1_556' title='bbox 1048 2142 1168 2171; x_wconf 73' lang='lat' dir='ltr'>ditionis</span> <span class='ocrx_word' id='word_1_557' title='bbox 1189 2147 1215 2172; x_wconf 90' lang='lat' dir='ltr'>et</span> <span class='ocrx_word' id='word_1_558' title='bbox 1235 2143 1351 2172; x_wconf 75' lang='lat' dir='ltr'>effectus</span> <span class='ocrx_word' id='word_1_559' title='bbox 1370 2144 1578 2181; x_wconf 77' lang='lat' dir='ltr'>reparationis.</span> <span class='ocrx_word' id='word_1_560' title='bbox 1596 2145 1625 2173; x_wconf 88' lang='lat' dir='ltr'>Et</span> <span class='ocrx_word' id='word_1_561' title='bbox 1641 2145 1667 2173; x_wconf 93' lang='lat' dir='ltr'>in</span> <span class='ocrx_word' id='word_1_562' title='bbox 1683 2145 1781 2174; x_wconf 78' lang='lat' dir='ltr'>effectu</span> <span class='ocrx_word' id='word_1_563' title='bbox 1798 2146 1894 2174; x_wconf 77' lang='lat' dir='ltr'>condi-</span> 
     </span>
     <span class='ocr_line' id='line_1_85' title="bbox 1049 2189 1889 2228; baseline 0.004 -11"><span class='ocrx_word' id='word_1_564' title='bbox 1049 2189 1136 2217; x_wconf 70' lang='lat' dir='ltr'>tionis</span> <span class='ocrx_word' id='word_1_565' title='bbox 1157 2190 1307 2227; x_wconf 79' lang='lat' dir='ltr'>praecipue</span> <span class='ocrx_word' id='word_1_566' title='bbox 1329 2191 1522 2219; x_wconf 84' lang='lat' dir='ltr'>manifestatur</span> <span class='ocrx_word' id='word_1_567' title='bbox 1543 2191 1589 2220; x_wconf 93' lang='lat' dir='ltr'>Dei</span> <span class='ocrx_word' id='word_1_568' title='bbox 1610 2192 1757 2228; x_wconf 78' lang='lat' dir='ltr'>potentia,</span> <span class='ocrx_word' id='word_1_569' title='bbox 1779 2192 1806 2220; x_wconf 92' lang='lat' dir='ltr'>in</span> <span class='ocrx_word' id='word_1_570' title='bbox 1829 2192 1889 2221; x_wconf 80' lang='lat' dir='ltr'>effe-</span> 
     </span>
     <span class='ocr_line' id='line_1_86' title="bbox 1048 2237 1894 2274; baseline 0.002 -10"><span class='ocrx_word' id='word_1_571' title='bbox 1048 2240 1094 2265; x_wconf 90' lang='lat' dir='ltr'>ctu</span> <span class='ocrx_word' id='word_1_572' title='bbox 1124 2237 1324 2273; x_wconf 55' lang='lat' dir='ltr'>munerationis</span> <span class='ocrx_word' id='word_1_573' title='bbox 1354 2237 1503 2274; x_wconf 82' lang='lat' dir='ltr'>praecipue</span> <span class='ocrx_word' id='word_1_574' title='bbox 1529 2238 1721 2267; x_wconf 82' lang='lat' dir='ltr'>manifestatur</span> <span class='ocrx_word' id='word_1_575' title='bbox 1744 2238 1790 2267; x_wconf 87' lang='lat' dir='ltr'>Dei</span> <span class='ocrx_word' id='word_1_576' title='bbox 1813 2239 1894 2266; x_wconf 72' lang='lat' dir='ltr'>mise-</span> 
     </span>
     <span class='ocr_line' id='line_1_87' title="bbox 1048 2283 1890 2321; baseline 0 -10"><span class='ocrx_word' id='word_1_577' title='bbox 1048 2283 1198 2317; x_wconf 74' lang='lat' dir='ltr'>ricordia,</span> <span class='ocrx_word' id='word_1_578' title='bbox 1233 2284 1258 2312; x_wconf 93' lang='lat' dir='ltr'>in</span> <span class='ocrx_word' id='word_1_579' title='bbox 1287 2288 1408 2321; x_wconf 88' lang='lat' dir='ltr'>utroque</span> <span class='ocrx_word' id='word_1_580' title='bbox 1436 2288 1529 2313; x_wconf 82' lang='lat' dir='ltr'>autem</span> <span class='ocrx_word' id='word_1_581' title='bbox 1553 2285 1746 2313; x_wconf 82' lang='lat' dir='ltr'>manifestatur</span> <span class='ocrx_word' id='word_1_582' title='bbox 1769 2285 1815 2313; x_wconf 91' lang='lat' dir='ltr'>Dei</span> <span class='ocrx_word' id='word_1_583' title='bbox 1845 2294 1890 2311; x_wconf 66' lang='lat' dir='ltr'>sn-</span> 
     </span>
     <span class='ocr_line' id='line_1_88' title="bbox 1043 2329 1164 2366; baseline -0.008 -8"><span class='ocrx_word' id='word_1_584' title='bbox 1043 2329 1164 2366; x_wconf 71' lang='lat' dir='ltr'>pientia.</span> 
     </span>
    </p>

    <p class='ocr_par' dir='ltr' id='par_1_24' title="bbox 1047 2376 2031 2508">
     <span class='ocr_line' id='line_1_89' title="bbox 1125 2376 1890 2414; baseline 0 -10"><span class='ocrx_word' id='word_1_585' title='bbox 1125 2376 1150 2404; x_wconf 84' lang='lat' dir='ltr'>Si</span> <span class='ocrx_word' id='word_1_586' title='bbox 1173 2384 1240 2411; x_wconf 78' lang='lat' dir='ltr'>orgo</span> <span class='ocrx_word' id='word_1_587' title='bbox 1264 2376 1413 2413; x_wconf 81' lang='lat' dir='ltr'>loquamur</span> <span class='ocrx_word' id='word_1_588' title='bbox 1429 2377 1463 2405; x_wconf 89' lang='lat' dir='ltr'>de</span> <span class='ocrx_word' id='word_1_589' title='bbox 1479 2377 1625 2406; x_wconf 86' lang='lat' dir='ltr'>dilectione</span> <span class='ocrx_word' id='word_1_590' title='bbox 1640 2377 1687 2406; x_wconf 86' lang='lat' dir='ltr'>Dei</span> <span class='ocrx_word' id='word_1_591' title='bbox 1704 2381 1839 2414; x_wconf 87' lang='lat' dir='ltr'>quantum</span> <span class='ocrx_word' id='word_1_592' title='bbox 1857 2379 1890 2406; x_wconf 77' lang='lat' dir='ltr'>:ul</span> 
     </span>
     <span class='ocr_line' id='line_1_90' title="bbox 1048 2422 2031 2461; baseline 0.003 -11"><span class='ocrx_word' id='word_1_593' title='bbox 1048 2423 1177 2451; x_wconf 80' lang='lat' dir='ltr'>effectum</span> <span class='ocrx_word' id='word_1_594' title='bbox 1207 2422 1399 2456; x_wconf 77' lang='lat' dir='ltr'>conditionis,</span> <span class='ocrx_word' id='word_1_595' title='bbox 1432 2423 1470 2451; x_wconf 87' lang='lat' dir='ltr'>sic</span> <span class='ocrx_word' id='word_1_596' title='bbox 1503 2423 1590 2459; x_wconf 77' lang='lat' dir='ltr'>magis</span> <span class='ocrx_word' id='word_1_597' title='bbox 1615 2423 1714 2452; x_wconf 85' lang='lat' dir='ltr'>dilexit</span> <span class='ocrx_word' id='word_1_598' title='bbox 1736 2424 2031 2461; x_wconf 59' lang='grc' dir='ltr'>Αι],[,τ91ι)3““.ΕοιτεῑυεῑοίΔ</span> 
     </span>
     <span class='ocr_line' id='line_1_91' title="bbox 1047 2468 1893 2508; baseline 0.005 -13"><span class='ocrx_word' id='word_1_599' title='bbox 1047 2469 1113 2505; x_wconf 84' lang='lat' dir='ltr'>quia</span> <span class='ocrx_word' id='word_1_600' title='bbox 1135 2468 1250 2496; x_wconf 89' lang='lat' dir='ltr'>meliora</span> <span class='ocrx_word' id='word_1_601' title='bbox 1271 2469 1388 2497; x_wconf 85' lang='lat' dir='ltr'>contulit</span> <span class='ocrx_word' id='word_1_602' title='bbox 1413 2470 1453 2497; x_wconf 89' lang='lat' dir='ltr'>eis</span> <span class='ocrx_word' id='word_1_603' title='bbox 1482 2469 1619 2498; x_wconf 86' lang='lat' dir='ltr'>naturalia</span> <span class='ocrx_word' id='word_1_604' title='bbox 1642 2473 1669 2499; x_wconf 87' lang='lat' dir='ltr'>et</span> <span class='ocrx_word' id='word_1_605' title='bbox 1691 2471 1779 2507; x_wconf 76' lang='lat' dir='ltr'>magis</span> <span class='ocrx_word' id='word_1_606' title='bbox 1800 2474 1893 2508; x_wconf 79' lang='lat' dir='ltr'>poten-</span> 
     </span>
    </p>
   </div>
   <div class='ocr_carea' id='block_1_16' title="bbox 763 2544 1278 2549">
    <p class='ocr_par' dir='ltr' id='par_1_25' title="bbox 763 2544 1278 2549">
     <span class='ocr_line' id='line_1_92' title="bbox 763 2544 1278 2549; baseline 0 0"><span class='ocrx_word' id='word_1_607' title='bbox 763 2544 1278 2549; x_wconf 95' lang='lat' dir='ltr'> </span> 
     </span>
    </p>
   </div>
   <div class='ocr_carea' id='block_1_17' title="bbox 145 2588 991 3008">
    <p class='ocr_par' dir='ltr' id='par_1_26' title="bbox 145 2588 991 2734">
     <span class='ocr_line' id='line_1_93' title="bbox 210 2588 991 2618; baseline 0.001 -9"><span class='ocrx_word' id='word_1_608' title='bbox 210 2589 214 2603; x_wconf 90' lang='lat'>¹</span> <span class='ocrx_word' id='word_1_609' title='bbox 235 2589 306 2610; x_wconf 61' lang='lat' dir='ltr'>(indul.</span> <span class='ocrx_word' id='word_1_610' title='bbox 325 2591 341 2610; x_wconf 68' lang='lat' dir='ltr'>A</span> <span class='ocrx_word' id='word_1_611' title='bbox 354 2589 368 2610; x_wconf 80' lang='lat' dir='ltr'>U</span> <span class='ocrx_word' id='word_1_612' title='bbox 391 2594 588 2618; x_wconf 75' lang='lat' dir='ltr'>miamquruzque.</span> <span class='ocrx_word' id='word_1_613' title='bbox 610 2589 658 2610; x_wconf 51' lang='lat' dir='ltr'>Mox</span> <span class='ocrx_word' id='word_1_614' title='bbox 677 2591 728 2616; x_wconf 66' lang='lat' dir='ltr'>post</span> <span class='ocrx_word' id='word_1_615' title='bbox 746 2588 808 2610; x_wconf 75' lang='lat' dir='ltr'>Deus</span> <span class='ocrx_word' id='word_1_616' title='bbox 829 2588 890 2610; x_wconf 73' lang='lat' dir='ltr'>mn&#39;m</span> <span class='ocrx_word' id='word_1_617' title='bbox 914 2589 991 2616; x_wconf 78' lang='lat' dir='ltr'>plnres</span> 
     </span>
     <span class='ocr_line' id='line_1_94' title="bbox 145 2627 990 2656; baseline 0 -7"><span class='ocrx_word' id='word_1_618' title='bbox 145 2628 212 2651; x_wconf 48' lang='lat' dir='ltr'>codd.</span> <span class='ocrx_word' id='word_1_619' title='bbox 231 2630 338 2650; x_wconf 81' lang='lat' dir='ltr'>omittunt</span> <span class='ocrx_word' id='word_1_620' title='bbox 356 2627 386 2650; x_wconf 82' lang='lat' dir='ltr'>ru.</span> <span class='ocrx_word' id='word_1_621' title='bbox 406 2628 525 2656; x_wconf 80' lang='lat' dir='ltr'>Aliquanto</span> <span class='ocrx_word' id='word_1_622' title='bbox 539 2628 633 2649; x_wconf 72' lang='lat' dir='ltr'>inferius</span> <span class='ocrx_word' id='word_1_623' title='bbox 641 2631 688 2654; x_wconf 62' lang='lat' dir='ltr'>vro</span> <span class='ocrx_word' id='word_1_624' title='bbox 699 2627 842 2653; x_wconf 73' lang='lat' dir='ltr'>delectatur,-</span> <span class='ocrx_word' id='word_1_625' title='bbox 856 2627 900 2649; x_wconf 78' lang='lat' dir='ltr'>hac</span> <span class='ocrx_word' id='word_1_626' title='bbox 912 2628 990 2649; x_wconf 70' lang='lat' dir='ltr'>tamen</span> 
     </span>
     <span class='ocr_line' id='line_1_95' title="bbox 147 2665 990 2695; baseline -0.001 -6"><span class='ocrx_word' id='word_1_627' title='bbox 147 2668 195 2690; x_wconf 59' lang='lat' dir='ltr'>N&#39;at.</span> <span class='ocrx_word' id='word_1_628' title='bbox 209 2667 317 2695; x_wconf 58' lang='lat' dir='ltr'>flaucati,</span> <span class='ocrx_word' id='word_1_629' title='bbox 334 2668 444 2689; x_wconf 67' lang='lat' dir='ltr'>attamen.</span> <span class='ocrx_word' id='word_1_630' title='bbox 459 2667 544 2688; x_wconf 77' lang='lat' dir='ltr'>Deiinlo</span> <span class='ocrx_word' id='word_1_631' title='bbox 557 2673 599 2694; x_wconf 79' lang='lat' dir='ltr'>pro</span> <span class='ocrx_word' id='word_1_632' title='bbox 611 2666 703 2688; x_wconf 75' lang='lat' dir='ltr'>mssim&#39;tl</span> <span class='ocrx_word' id='word_1_633' title='bbox 717 2665 776 2688; x_wconf 76' lang='lat' dir='ltr'>(mnu</span> <span class='ocrx_word' id='word_1_634' title='bbox 794 2666 845 2688; x_wconf 83' lang='lat' dir='ltr'>cod.</span> <span class='ocrx_word' id='word_1_635' title='bbox 858 2665 889 2688; x_wconf 84' lang='lat' dir='ltr'>bh</span> <span class='ocrx_word' id='word_1_636' title='bbox 902 2672 990 2695; x_wconf 70' lang='lat' dir='ltr'>mrtwm</span> 
     </span>
     <span class='ocr_line' id='line_1_96' title="bbox 145 2704 801 2734; baseline -0.005 -5"><span class='ocrx_word' id='word_1_637' title='bbox 145 2706 217 2734; x_wconf 71' lang='lat' dir='ltr'>hrum,</span> <span class='ocrx_word' id='word_1_638' title='bbox 239 2707 301 2728; x_wconf 80' lang='lat' dir='ltr'>nunti</span> <span class='ocrx_word' id='word_1_639' title='bbox 320 2707 354 2728; x_wconf 79' lang='lat' dir='ltr'>alii</span> <span class='ocrx_word' id='word_1_640' title='bbox 373 2706 440 2728; x_wconf 85' lang='lat' dir='ltr'>codd.</span> <span class='ocrx_word' id='word_1_641' title='bbox 458 2708 479 2727; x_wconf 83' lang='lat' dir='ltr'>ct</span> <span class='ocrx_word' id='word_1_642' title='bbox 495 2705 548 2727; x_wconf 85' lang='lat' dir='ltr'>edd.</span> <span class='ocrx_word' id='word_1_643' title='bbox 571 2706 590 2731; x_wconf 91' lang='grc' dir='ltr'>Ι,</span> <span class='ocrx_word' id='word_1_644' title='bbox 610 2707 622 2727; x_wconf 76' lang='lat'>2).</span> <span class='ocrx_word' id='word_1_645' title='bbox 640 2704 716 2734; x_wconf 65' lang='lat' dir='ltr'>mctqis</span> <span class='ocrx_word' id='word_1_646' title='bbox 734 2704 801 2727; x_wconf 75' lang='lat' dir='ltr'>homi.</span> 
     </span>
    </p>

    <p class='ocr_par' dir='ltr' id='par_1_27' title="bbox 145 2742 991 2852">
     <span class='ocr_line' id='line_1_97' title="bbox 208 2742 991 2773; baseline 0 -8"><span class='ocrx_word' id='word_1_647' title='bbox 208 2746 216 2760; x_wconf 57' lang='grc' dir='ltr'><strong><em>Β</em></strong></span> <span class='ocrx_word' id='word_1_648' title='bbox 233 2745 277 2767; x_wconf 73' lang='lat' dir='ltr'>(Ifr.</span> <span class='ocrx_word' id='word_1_649' title='bbox 296 2752 365 2772; x_wconf 76' lang='lat' dir='ltr'>snpra</span> <span class='ocrx_word' id='word_1_650' title='bbox 384 2752 406 2773; x_wconf 86' lang='lat' dir='ltr'>q.</span> <span class='ocrx_word' id='word_1_651' title='bbox 429 2745 446 2766; x_wconf 91' lang='lat' dir='ltr'>l.</span> <span class='ocrx_word' id='word_1_652' title='bbox 458 2745 486 2766; x_wconf 78' lang='lat' dir='ltr'>:ul</span> <span class='ocrx_word' id='word_1_653' title='bbox 505 2745 525 2766; x_wconf 65' lang='lat' dir='ltr'>Ji.</span> <span class='ocrx_word' id='word_1_654' title='bbox 540 2744 602 2766; x_wconf 83' lang='lat' dir='ltr'>-lu</span> <span class='ocrx_word' id='word_1_655' title='bbox 621 2744 664 2765; x_wconf 78' lang='lat' dir='ltr'>flnc</span> <span class='ocrx_word' id='word_1_656' title='bbox 682 2744 748 2765; x_wconf 82' lang='lat' dir='ltr'>solut.</span> <span class='ocrx_word' id='word_1_657' title='bbox 762 2750 803 2771; x_wconf 82' lang='lat' dir='ltr'>pio</span> <span class='ocrx_word' id='word_1_658' title='bbox 820 2742 933 2772; x_wconf 63' lang='lat' dir='ltr'>contingat</span> <span class='ocrx_word' id='word_1_659' title='bbox 945 2743 991 2765; x_wconf 68' lang='lat' dir='ltr'>‹tit-t·</span> 
     </span>
     <span class='ocr_line' id='line_1_98' title="bbox 146 2781 988 2813; baseline -0.004 -6"><span class='ocrx_word' id='word_1_660' title='bbox 146 2785 196 2807; x_wconf 77' lang='lat' dir='ltr'>cod.</span> <span class='ocrx_word' id='word_1_661' title='bbox 215 2786 232 2806; x_wconf 74' lang='lat' dir='ltr'>(j</span> <span class='ocrx_word' id='word_1_662' title='bbox 250 2783 363 2813; x_wconf 64' lang='lat' dir='ltr'>coritiuqil</span> <span class='ocrx_word' id='word_1_663' title='bbox 380 2783 468 2811; x_wconf 68' lang='lat' dir='ltr'>dicet-e,</span> <span class='ocrx_word' id='word_1_664' title='bbox 487 2788 508 2806; x_wconf 84' lang='lat' dir='ltr'>et</span> <span class='ocrx_word' id='word_1_665' title='bbox 526 2783 577 2805; x_wconf 80' lang='lat' dir='ltr'>dein</span> <span class='ocrx_word' id='word_1_666' title='bbox 597 2786 646 2810; x_wconf 74' lang='lat' dir='ltr'>post</span> <span class='ocrx_word' id='word_1_667' title='bbox 664 2782 769 2804; x_wconf 80' lang='lat' dir='ltr'>ntunnnn</span> <span class='ocrx_word' id='word_1_668' title='bbox 783 2782 880 2804; x_wconf 66' lang='lat' dir='ltr'>terbum</span> <span class='ocrx_word' id='word_1_669' title='bbox 897 2781 988 2811; x_wconf 74' lang='lat' dir='ltr'>(diliqi)</span> 
     </span>
     <span class='ocr_line' id='line_1_99' title="bbox 145 2822 579 2852; baseline 0 -8"><span class='ocrx_word' id='word_1_670' title='bbox 145 2824 196 2846; x_wconf 61' lang='lat' dir='ltr'>wod.</span> <span class='ocrx_word' id='word_1_671' title='bbox 215 2825 232 2846; x_wconf 70' lang='grc' dir='ltr'>Κ</span> <span class='ocrx_word' id='word_1_672' title='bbox 252 2824 335 2845; x_wconf 74' lang='lat' dir='ltr'>adimit</span> <span class='ocrx_word' id='word_1_673' title='bbox 352 2825 372 2846; x_wconf 83' lang='lat' dir='ltr'>el</span> <span class='ocrx_word' id='word_1_674' title='bbox 388 2824 469 2852; x_wconf 78' lang='lat' dir='ltr'>palent</span> <span class='ocrx_word' id='word_1_675' title='bbox 485 2822 579 2845; x_wconf 74' lang='lat' dir='ltr'>obiecta.</span> 
     </span>
    </p>

    <p class='ocr_par' dir='ltr' id='par_1_28' title="bbox 207 2862 794 2890">
     <span class='ocr_line' id='line_1_100' title="bbox 207 2862 794 2890; baseline -0.005 -4"><span class='ocrx_word' id='word_1_676' title='bbox 207 2863 216 2877; x_wconf 80' lang='lat'>³</span> <span class='ocrx_word' id='word_1_677' title='bbox 236 2863 293 2885; x_wconf 70' lang='lat' dir='ltr'>vul-2</span> <span class='ocrx_word' id='word_1_678' title='bbox 311 2864 412 2885; x_wconf 66' lang='lat' dir='ltr'>scholion</span> <span class='ocrx_word' id='word_1_679' title='bbox 431 2863 458 2884; x_wconf 84' lang='lat' dir='ltr'>nd</span> <span class='ocrx_word' id='word_1_680' title='bbox 482 2863 498 2884; x_wconf 73' lang='grc' dir='ltr'>Ι,</span> <span class='ocrx_word' id='word_1_681' title='bbox 517 2863 585 2883; x_wconf 76' lang='lat' dir='ltr'>liuius</span> <span class='ocrx_word' id='word_1_682' title='bbox 602 2862 688 2883; x_wconf 67' lang='lat' dir='ltr'>:trin-nti</span> <span class='ocrx_word' id='word_1_683' title='bbox 708 2865 794 2890; x_wconf 57' lang='lat' dir='ltr'>‹pia-¹⁴1.</span> 
     </span>
    </p>

    <p class='ocr_par' dir='ltr' id='par_1_29' title="bbox 208 2900 925 2929">
     <span class='ocr_line' id='line_1_101' title="bbox 208 2900 925 2929; baseline -0.003 -5"><span class='ocrx_word' id='word_1_684' title='bbox 208 2902 217 2916; x_wconf 82' lang='lat'>⁴</span> <span class='ocrx_word' id='word_1_685' title='bbox 236 2902 292 2924; x_wconf 68' lang='lat' dir='ltr'>vide</span> <span class='ocrx_word' id='word_1_686' title='bbox 310 2902 379 2924; x_wconf 68' lang='lat' dir='ltr'>verba</span> <span class='ocrx_word' id='word_1_687' title='bbox 398 2902 511 2929; x_wconf 71' lang='lat' dir='ltr'>Gregorii,</span> <span class='ocrx_word' id='word_1_688' title='bbox 531 2907 599 2928; x_wconf 76' lang='lat' dir='ltr'>supra</span> <span class='ocrx_word' id='word_1_689' title='bbox 619 2907 671 2927; x_wconf 67' lang='lat' dir='ltr'>pag.</span> <span class='ocrx_word' id='word_1_690' title='bbox 685 2901 726 2927; x_wconf 69' lang='lat' dir='ltr'>zio,</span> <span class='ocrx_word' id='word_1_691' title='bbox 745 2903 795 2922; x_wconf 84' lang='lat' dir='ltr'>notu</span> <span class='ocrx_word' id='word_1_692' title='bbox 815 2901 834 2921; x_wconf 74' lang='lat'>2.</span> <span class='ocrx_word' id='word_1_693' title='bbox 853 2900 925 2922; x_wconf 73' lang='lat' dir='ltr'>attala.</span> 
     </span>
    </p>

    <p class='ocr_par' dir='ltr' id='par_1_30' title="bbox 147 2938 988 3008">
     <span class='ocr_line' id='line_1_102' title="bbox 208 2938 988 2966; baseline -0.004 -3"><span class='ocrx_word' id='word_1_694' title='bbox 208 2941 217 2955; x_wconf 70' lang='lat'>⁶</span> <span class='ocrx_word' id='word_1_695' title='bbox 234 2941 279 2963; x_wconf 70' lang='grc' dir='ltr'>(Ἰν.</span> <span class='ocrx_word' id='word_1_696' title='bbox 297 2941 319 2962; x_wconf 91' lang='lat' dir='ltr'>lt.</span> <span class='ocrx_word' id='word_1_697' title='bbox 337 2941 397 2963; x_wconf 67' lang='lat' dir='ltr'>Sunt.</span> <span class='ocrx_word' id='word_1_698' title='bbox 420 2941 449 2962; x_wconf 84' lang='lat' dir='ltr'>lit.</span> <span class='ocrx_word' id='word_1_699' title='bbox 473 2940 582 2966; x_wconf 68' lang='lat' dir='ltr'>Magistri,</span> <span class='ocrx_word' id='word_1_700' title='bbox 606 2939 628 2961; x_wconf 85' lang='grc' dir='ltr'>ιΙ.</span> <span class='ocrx_word' id='word_1_701' title='bbox 647 2939 678 2961; x_wconf 91' lang='lat' dir='ltr'>lll.</span> <span class='ocrx_word' id='word_1_702' title='bbox 696 2946 715 2960; x_wconf 86' lang='lat'>‹·.</span> <span class='ocrx_word' id='word_1_703' title='bbox 737 2939 759 2965; x_wconf 68' lang='lat' dir='ltr'>i;</span> <span class='ocrx_word' id='word_1_704' title='bbox 783 2938 837 2960; x_wconf 69' lang='lat' dir='ltr'>iluisl.</span> <span class='ocrx_word' id='word_1_705' title='bbox 861 2939 988 2960; x_wconf 68' lang='lat' dir='ltr'>(tnnnnoni.</span> 
     </span>
     <span class='ocr_line' id='line_1_103' title="bbox 147 2979 699 3008; baseline -0.005 -6"><span class='ocrx_word' id='word_1_706' title='bbox 147 2987 168 3008; x_wconf 77' lang='lat' dir='ltr'>p.</span> <span class='ocrx_word' id='word_1_707' title='bbox 187 2981 208 3002; x_wconf 89' lang='lat' dir='ltr'>ll.</span> <span class='ocrx_word' id='word_1_708' title='bbox 226 2987 245 3002; x_wconf 80' lang='lat' dir='ltr'>u.</span> <span class='ocrx_word' id='word_1_709' title='bbox 269 2981 285 3002; x_wconf 91' lang='lat' dir='ltr'>l.</span> <span class='ocrx_word' id='word_1_710' title='bbox 303 2987 324 3008; x_wconf 84' lang='lat' dir='ltr'>q.</span> <span class='ocrx_word' id='word_1_711' title='bbox 344 2981 364 3002; x_wconf 77' lang='lat'>2.</span> <span class='ocrx_word' id='word_1_712' title='bbox 382 2984 403 3001; x_wconf 72' lang='lat' dir='ltr'>vt</span> <span class='ocrx_word' id='word_1_713' title='bbox 421 2981 442 3001; x_wconf 71' lang='lat' dir='ltr'>tl.</span> <span class='ocrx_word' id='word_1_714' title='bbox 466 2980 482 3001; x_wconf 71' lang='lat' dir='ltr'>i.</span> <span class='ocrx_word' id='word_1_715' title='bbox 500 2987 519 3001; x_wconf 79' lang='lat' dir='ltr'>a.</span> <span class='ocrx_word' id='word_1_716' title='bbox 543 2980 559 3001; x_wconf 90' lang='grc' dir='ltr'>Ι.</span> <span class='ocrx_word' id='word_1_717' title='bbox 573 2986 594 3007; x_wconf 83' lang='lat' dir='ltr'>q.</span> <span class='ocrx_word' id='word_1_718' title='bbox 617 2979 634 3000; x_wconf 87' lang='grc'>1.</span> <span class='ocrx_word' id='word_1_719' title='bbox 653 2985 699 3006; x_wconf 67' lang='lat' dir='ltr'>wq.</span> 
     </span>
    </p>
   </div>
   <div class='ocr_carea' id='block_1_18' title="bbox 1047 2589 1891 2775">
    <p class='ocr_par' dir='ltr' id='par_1_31' title="bbox 1110 2589 1661 2619">
     <span class='ocr_line' id='line_1_104' title="bbox 1110 2589 1661 2619; baseline 0.005 -9"><span class='ocrx_word' id='word_1_720' title='bbox 1110 2589 1119 2603; x_wconf 81' lang='lat'><strong>⁶</strong></span> <span class='ocrx_word' id='word_1_721' title='bbox 1139 2590 1204 2611; x_wconf 78' lang='lat' dir='ltr'>l’rov.</span> <span class='ocrx_word' id='word_1_722' title='bbox 1223 2592 1248 2617; x_wconf 59' lang='grc' dir='ltr'>κ,</span> <span class='ocrx_word' id='word_1_723' title='bbox 1270 2591 1308 2612; x_wconf 82' lang='grc'>17;</span> <span class='ocrx_word' id='word_1_724' title='bbox 1327 2591 1374 2618; x_wconf 79' lang='lat' dir='ltr'>Ego</span> <span class='ocrx_word' id='word_1_725' title='bbox 1391 2590 1511 2618; x_wconf 70' lang='lat' dir='ltr'>diligt-utos</span> <span class='ocrx_word' id='word_1_726' title='bbox 1529 2597 1565 2613; x_wconf 79' lang='lat' dir='ltr'>mo</span> <span class='ocrx_word' id='word_1_727' title='bbox 1583 2591 1661 2619; x_wconf 81' lang='lat' dir='ltr'>diligo.</span> 
     </span>
    </p>

    <p class='ocr_par' dir='ltr' id='par_1_32' title="bbox 1047 2627 1891 2775">
     <span class='ocr_line' id='line_1_105' title="bbox 1110 2627 1891 2657; baseline 0.003 -9"><span class='ocrx_word' id='word_1_728' title='bbox 1110 2627 1119 2642; x_wconf 90' lang='lat'>⁷</span> <span class='ocrx_word' id='word_1_729' title='bbox 1137 2628 1191 2655; x_wconf 67' lang='lat' dir='ltr'>(sap.</span> <span class='ocrx_word' id='word_1_730' title='bbox 1211 2628 1250 2656; x_wconf 73' lang='lat'>255,</span> <span class='ocrx_word' id='word_1_731' title='bbox 1269 2628 1307 2650; x_wconf 80' lang='lat' dir='ltr'>nbi</span> <span class='ocrx_word' id='word_1_732' title='bbox 1325 2635 1342 2650; x_wconf 84' lang='lat' dir='ltr'>s.</span> <span class='ocrx_word' id='word_1_733' title='bbox 1362 2629 1443 2651; x_wconf 64' lang='lat' dir='ltr'>Ductor</span> <span class='ocrx_word' id='word_1_734' title='bbox 1461 2635 1505 2650; x_wconf 84' lang='lat' dir='ltr'>non</span> <span class='ocrx_word' id='word_1_735' title='bbox 1523 2628 1621 2651; x_wconf 80' lang='lat' dir='ltr'>obscure</span> <span class='ocrx_word' id='word_1_736' title='bbox 1639 2630 1723 2655; x_wconf 85' lang='lat' dir='ltr'>innuit,</span> <span class='ocrx_word' id='word_1_737' title='bbox 1742 2630 1841 2657; x_wconf 71' lang='lat' dir='ltr'>Angelos</span> <span class='ocrx_word' id='word_1_738' title='bbox 1854 2629 1891 2651; x_wconf 70' lang='lat' dir='ltr'>lm-</span> 
     </span>
     <span class='ocr_line' id='line_1_106' title="bbox 1049 2665 1889 2696; baseline 0.004 -9"><span class='ocrx_word' id='word_1_739' title='bbox 1049 2672 1089 2688; x_wconf 76' lang='lat' dir='ltr'>nos</span> <span class='ocrx_word' id='word_1_740' title='bbox 1106 2672 1155 2688; x_wconf 67' lang='lat' dir='ltr'>csse</span> <span class='ocrx_word' id='word_1_741' title='bbox 1168 2665 1231 2695; x_wconf 76' lang='lat' dir='ltr'>infru</span> <span class='ocrx_word' id='word_1_742' title='bbox 1251 2667 1322 2689; x_wconf 77' lang='lat' dir='ltr'>Donni</span> <span class='ocrx_word' id='word_1_743' title='bbox 1334 2670 1356 2689; x_wconf 78' lang='lat' dir='ltr'>et</span> <span class='ocrx_word' id='word_1_744' title='bbox 1367 2673 1441 2696; x_wconf 71' lang='lat' dir='ltr'>supra</span> <span class='ocrx_word' id='word_1_745' title='bbox 1455 2667 1571 2689; x_wconf 70' lang='lat' dir='ltr'>hominvm</span> <span class='ocrx_word' id='word_1_746' title='bbox 1580 2685 1585 2695; x_wconf 85' lang='lat'>,</span> <span class='ocrx_word' id='word_1_747' title='bbox 1598 2674 1685 2696; x_wconf 82' lang='lat' dir='ltr'>nosque</span> <span class='ocrx_word' id='word_1_748' title='bbox 1699 2674 1739 2696; x_wconf 68' lang='lat' dir='ltr'>prr</span> <span class='ocrx_word' id='word_1_749' title='bbox 1757 2668 1825 2690; x_wconf 75' lang='lat' dir='ltr'>fldem</span> <span class='ocrx_word' id='word_1_750' title='bbox 1839 2675 1889 2696; x_wconf 81' lang='lat' dir='ltr'>pro-</span> 
     </span>
     <span class='ocr_line' id='line_1_107' title="bbox 1048 2705 1889 2736; baseline 0.004 -10"><span class='ocrx_word' id='word_1_751' title='bbox 1048 2705 1099 2733; x_wconf 85' lang='lat' dir='ltr'>pius</span> <span class='ocrx_word' id='word_1_752' title='bbox 1116 2705 1144 2727; x_wconf 86' lang='lat' dir='ltr'>nd</span> <span class='ocrx_word' id='word_1_753' title='bbox 1163 2712 1202 2727; x_wconf 76' lang='lat' dir='ltr'>eus</span> <span class='ocrx_word' id='word_1_754' title='bbox 1219 2706 1339 2733; x_wconf 61' lang='lat' dir='ltr'>accedero,</span> <span class='ocrx_word' id='word_1_755' title='bbox 1361 2715 1369 2725; x_wconf 82' lang='grc' dir='ltr'>ι</span> <span class='ocrx_word' id='word_1_756' title='bbox 1384 2707 1401 2727; x_wconf 83' lang='lat' dir='ltr'>si</span> <span class='ocrx_word' id='word_1_757' title='bbox 1419 2706 1448 2731; x_wconf 77' lang='lat' dir='ltr'>ab</span> <span class='ocrx_word' id='word_1_758' title='bbox 1466 2706 1502 2728; x_wconf 90' lang='lat' dir='ltr'>illo</span> <span class='ocrx_word' id='word_1_759' title='bbox 1521 2713 1562 2728; x_wconf 78' lang='lat' dir='ltr'>nos</span> <span class='ocrx_word' id='word_1_760' title='bbox 1584 2706 1631 2728; x_wconf 82' lang='lat' dir='ltr'>ficri</span> <span class='ocrx_word' id='word_1_761' title='bbox 1653 2706 1743 2734; x_wconf 72' lang='lat' dir='ltr'>beatos,</span> <span class='ocrx_word' id='word_1_762' title='bbox 1766 2714 1777 2729; x_wconf 82' lang='lat' dir='ltr'>a</span> <span class='ocrx_word' id='word_1_763' title='bbox 1801 2714 1847 2736; x_wconf 80' lang='lat' dir='ltr'>qno</span> <span class='ocrx_word' id='word_1_764' title='bbox 1870 2711 1889 2729; x_wconf 74' lang='grc' dir='ltr'>οι</span> 
     </span>
     <span class='ocr_line' id='line_1_108' title="bbox 1047 2744 1731 2775; baseline 0.004 -10"><span class='ocrx_word' id='word_1_765' title='bbox 1047 2745 1089 2772; x_wconf 73' lang='lat' dir='ltr'>ipsi</span> <span class='ocrx_word' id='word_1_766' title='bbox 1109 2746 1158 2767; x_wconf 80' lang='lat' dir='ltr'>facti</span> <span class='ocrx_word' id='word_1_767' title='bbox 1176 2748 1241 2771; x_wconf 72' lang='lat' dir='ltr'>situl,</span> <span class='ocrx_word' id='word_1_768' title='bbox 1259 2745 1326 2767; x_wconf 73' lang='lat' dir='ltr'>vtintn</span> <span class='ocrx_word' id='word_1_769' title='bbox 1344 2744 1400 2775; x_wconf 73' lang='lat' dir='ltr'>ipsis</span> <span class='ocrx_word' id='word_1_770' title='bbox 1417 2744 1564 2774; x_wconf 59' lang='lat' dir='ltr'>farciminis,</span> <span class='ocrx_word' id='word_1_771' title='bbox 1582 2746 1698 2768; x_wconf 75' lang='lat' dir='ltr'>credimus</span> <span class='ocrx_word' id='word_1_772' title='bbox 1712 2755 1731 2768; x_wconf 73' lang='lat' dir='ltr'>n.</span> 
     </span>
    </p>
   </div>
   <div class='ocr_carea' id='block_1_19' title="bbox 1048 2783 1890 2883">
    <p class='ocr_par' dir='ltr' id='par_1_33' title="bbox 1048 2783 1890 2883">
     <span class='ocr_line' id='line_1_109' title="bbox 1109 2783 1890 2813; baseline 0.003 -8"><span class='ocrx_word' id='word_1_773' title='bbox 1109 2783 1118 2798; x_wconf 82' lang='lat'>⁸</span> <span class='ocrx_word' id='word_1_774' title='bbox 1137 2784 1200 2806; x_wconf 68' lang='lat' dir='ltr'>Vct-s.</span> <span class='ocrx_word' id='word_1_775' title='bbox 1222 2784 1254 2805; x_wconf 76' lang='grc'>16.</span> <span class='ocrx_word' id='word_1_776' title='bbox 1272 2784 1317 2806; x_wconf 81' lang='lat' dir='ltr'>Cfr.</span> <span class='ocrx_word' id='word_1_777' title='bbox 1335 2790 1404 2812; x_wconf 75' lang='lat' dir='ltr'>snpra</span> <span class='ocrx_word' id='word_1_778' title='bbox 1423 2784 1445 2806; x_wconf 88' lang='lat' dir='ltr'>d.</span> <span class='ocrx_word' id='word_1_779' title='bbox 1464 2785 1484 2806; x_wconf 67' lang='lat'>⁸2.</span> <span class='ocrx_word' id='word_1_780' title='bbox 1502 2791 1522 2806; x_wconf 83' lang='lat' dir='ltr'>a.</span> <span class='ocrx_word' id='word_1_781' title='bbox 1545 2785 1561 2806; x_wconf 90' lang='lat' dir='ltr'>l.</span> <span class='ocrx_word' id='word_1_782' title='bbox 1579 2791 1601 2813; x_wconf 84' lang='lat' dir='ltr'>q.</span> <span class='ocrx_word' id='word_1_783' title='bbox 1620 2785 1641 2806; x_wconf 73' lang='lat'>2²..</span> <span class='ocrx_word' id='word_1_784' title='bbox 1662 2797 1689 2800; x_wconf 36' lang='grc' dir='ltr'><em>Α</em></span> <span class='ocrx_word' id='word_1_785' title='bbox 1707 2785 1775 2806; x_wconf 79' lang='lat' dir='ltr'>l‘nulu</span> <span class='ocrx_word' id='word_1_786' title='bbox 1798 2786 1890 2808; x_wconf 65' lang='lat' dir='ltr'>iuferius</span> 
     </span>
     <span class='ocr_line' id='line_1_110' title="bbox 1048 2822 1740 2851; baseline 0.003 -8"><span class='ocrx_word' id='word_1_787' title='bbox 1048 2828 1090 2850; x_wconf 86' lang='lat' dir='ltr'>pro</span> <span class='ocrx_word' id='word_1_788' title='bbox 1108 2822 1222 2844; x_wconf 73' lang='lat' dir='ltr'>inituram</span> <span class='ocrx_word' id='word_1_789' title='bbox 1240 2822 1344 2845; x_wconf 71' lang='lat' dir='ltr'>creatam</span> <span class='ocrx_word' id='word_1_790' title='bbox 1363 2822 1414 2844; x_wconf 74' lang='lat' dir='ltr'>rod.</span> <span class='ocrx_word' id='word_1_791' title='bbox 1433 2825 1451 2851; x_wconf 80' lang='lat' dir='ltr'><em>Q</em></span> <span class='ocrx_word' id='word_1_792' title='bbox 1470 2823 1582 2845; x_wconf 73' lang='lat' dir='ltr'>untia-mn</span> <span class='ocrx_word' id='word_1_793' title='bbox 1601 2822 1740 2845; x_wconf 80' lang='lat' dir='ltr'>lmmanmn.</span> 
     </span>
     <span class='ocr_line' id='line_1_111' title="bbox 1107 2861 1254 2883; baseline 0.007 -1"><span class='ocrx_word' id='word_1_794' title='bbox 1107 2862 1117 2874; x_wconf 66' lang='lat'>&#39;³</span> <span class='ocrx_word' id='word_1_795' title='bbox 1137 2861 1199 2883; x_wconf 80' lang='lat' dir='ltr'>Vrrs.</span> <span class='ocrx_word' id='word_1_796' title='bbox 1222 2861 1254 2883; x_wconf 67' lang='lat' dir='ltr'>lli.</span> 
     </span>
    </p>
   </div>
   <div class='ocr_carea' id='block_1_20' title="bbox 1110 2899 1889 2968">
    <p class='ocr_par' dir='ltr' id='par_1_34' title="bbox 1110 2899 1889 2968">
     <span class='ocr_line' id='line_1_112' title="bbox 1111 2899 1889 2931; baseline 0.005 -11"><span class='ocrx_word' id='word_1_797' title='bbox 1111 2899 1128 2913; x_wconf 87' lang='lat'>¹⁰</span> <span class='ocrx_word' id='word_1_798' title='bbox 1147 2900 1274 2927; x_wconf 70' lang='lat' dir='ltr'>ltcspirltnr</span> <span class='ocrx_word' id='word_1_799' title='bbox 1292 2900 1355 2922; x_wconf 79' lang='lat' dir='ltr'>llom.</span> <span class='ocrx_word' id='word_1_800' title='bbox 1369 2901 1394 2927; x_wconf 66' lang='grc' dir='ltr'>ὅ,</span> <span class='ocrx_word' id='word_1_801' title='bbox 1407 2902 1428 2922; x_wconf 72' lang='lat'>8.</span> <span class='ocrx_word' id='word_1_802' title='bbox 1441 2906 1505 2929; x_wconf 71' lang='lat' dir='ltr'>seqq.</span> <span class='ocrx_word' id='word_1_803' title='bbox 1518 2900 1563 2923; x_wconf 63' lang='lat' dir='ltr'>Cfr.</span> <span class='ocrx_word' id='word_1_804' title='bbox 1575 2907 1644 2929; x_wconf 81' lang='lat' dir='ltr'>supra</span> <span class='ocrx_word' id='word_1_805' title='bbox 1664 2901 1685 2924; x_wconf 86' lang='lat' dir='ltr'>d.</span> <span class='ocrx_word' id='word_1_806' title='bbox 1699 2902 1735 2924; x_wconf 78' lang='lat'>30.</span> <span class='ocrx_word' id='word_1_807' title='bbox 1749 2909 1770 2931; x_wconf 87' lang='lat' dir='ltr'>q.</span> <span class='ocrx_word' id='word_1_808' title='bbox 1788 2904 1809 2924; x_wconf 68' lang='grc' dir='ltr'>(ἰ.</span> <span class='ocrx_word' id='word_1_809' title='bbox 1828 2902 1855 2924; x_wconf 82' lang='lat' dir='ltr'>ad</span> <span class='ocrx_word' id='word_1_810' title='bbox 1869 2904 1889 2925; x_wconf 64' lang='lat'>¹2.</span> 
     </span>
     <span class='ocr_line' id='line_1_113' title="bbox 1110 2938 1562 2968; baseline 0.004 -9"><span class='ocrx_word' id='word_1_811' title='bbox 1110 2938 1126 2952; x_wconf 82' lang='lat'>¹¹</span> <span class='ocrx_word' id='word_1_812' title='bbox 1146 2939 1201 2960; x_wconf 72' lang='lat' dir='ltr'>(lod.</span> <span class='ocrx_word' id='word_1_813' title='bbox 1219 2939 1234 2960; x_wconf 81' lang='lat'>7.</span> <span class='ocrx_word' id='word_1_814' title='bbox 1252 2939 1343 2967; x_wconf 71' lang='lat' dir='ltr'>supplet</span> <span class='ocrx_word' id='word_1_815' title='bbox 1360 2945 1431 2968; x_wconf 79' lang='lat' dir='ltr'>quum</span> <span class='ocrx_word' id='word_1_816' title='bbox 1450 2938 1562 2962; x_wconf 70' lang='lat' dir='ltr'>homines.</span> 
     </span>
    </p>
   </div>
  </div>
 </body>
</html>
