2166 3366
142 937 255 956 Notandum.

130 1177 228 1196 Conclusio
239 1177 257 1195 2.

148 2350 219 2377 Solutio
232 2355 264 2373 op-

147 2376 257 2398 positorum.

346 276 468 311 Quartus
490 276 582 301 autem
611 272 711 300 modus
739 271 897 308 assignandi
928 271 1113 299 differentiam

126 329 218 367 Iudiciuxy
232 328 255 347 do
270 330 318 360 per
341 320 575 357 comparationem
605 319 640 347 ad
667 323 745 347 actus
767 322 808 347 est
829 326 914 347 verus
935 321 963 346 et
983 318 1115 355 proprius

138 352 192 371 modo
210 360 223 370 ι.

268 373 295 398 et
316 368 441 397 abundat
462 367 496 399 ab
518 366 648 394 omnibus
670 365 835 402 praedictis,
851 365 916 402 quia
931 368 972 393 est
988 373 1038 402 per
1049 373 1115 401 pro—

265 416 337 453 prm
359 418 385 443 et
407 422 456 451 per
469 414 577 450 priora
592 413 747 442 secundum
764 412 898 440 rationem
922 412 1114 448 cognoscendi,

267 467 292 491 et
314 470 364 498 pcr
386 469 419 489 ea
440 468 512 497 quae
526 460 607 487 oanni
620 459 714 488 statui
728 463 793 488 suut
809 459 977 488 communia.
992 459 1020 486 lii
1036 459 1110 486 omni

266 509 340 537 euim
363 511 435 536 statu
465 507 597 543 competit
626 507 747 541 homini,
777 510 808 534 ut
833 510 966 543 operetur
987 509 1061 533 recle
1090 508 1116 533 et

267 555 394 592 expedite
416 558 442 582 et
461 553 594 591 pershale.
619 553 649 581 Et
671 553 745 589 quod
761 553 812 581 iste
835 552 934 581 modus
956 552 1115 589 assignandi

267 602 452 631 differentiam
469 601 503 629 sit
519 604 593 629 recte
609 604 735 635 sumtus,
752 600 818 628 satis
834 600 1036 633 manifestatur,
1051 608 1117 635 qma

268 648 423 678 secundum
446 647 521 684 quod
545 650 717 684 praetactum
741 650 797 680 est,
812 654 866 674 non
883 646 1059 674 solummodo
1078 653 1117 673 se-

268 696 391 725 cundun]
415 696 495 724 istam
526 694 597 723 viam
621 694 779 731 assignatur
801 693 957 722 differentia
978 693 1117 722 donorum

268 744 303 772 ad
326 743 459 771 virtutes,
482 742 528 770 sed
553 742 635 770 etiam
662 744 779 778 apparet
807 741 963 769 differentia
992 740 1115 769 omnium

268 799 383 824 eorum,
406 797 477 827 quae
499 791 698 826 computantur
722 788 793 816 inter
816 796 933 816 munera
948 788 1066 824 gratiae,
1083 788 1118 815 vi-

270 837 370 866 delicet
397 837 543 865 virtutum
565 839 592 864 et
614 836 776 869 donorum,
799 835 1030 868 lmrctltmlimtm,
1055 834 1119 871 sra-

270 888 388 917 elitum,
411 892 551 912 semmaa
569 882 774 920 spiritualium
797 886 824 911 et
846 883 1117 911 Sacramautorum.

271 932 338 960 Nam
360 931 467 968 primae
484 933 540 959 tres
556 930 729 958 differentiae
744 929 887 957 nominant
903 928 1030 961 habitas,
1046 928 1118 957 duae

271 986 338 1007 vero
360 980 508 1014 sequentes
530 977 674 1005 nominant
694 980 790 1004 status
806 979 832 1004 et
847 984 934 1009 usit-s,
957 978 1037 1003 sexta
1053 982 1118 1003 vero

271 1025 428 1054 differentia.
451 1024 573 1052 iion‘iii‘iat
595 1024 803 1060 praedictorum
826 1022 1011 1051 ‹atmz'nleula
1034 1025 1060 1050 et
1074 1022 1120 1050 ad-

272 1072 431 1101 iuvamenta
443 1072 460 1099 ¹.

352 1118 391 1146 Ex
414 1118 457 1146 liis
479 1120 554 1154 patet
575 1125 628 1145 non
651 1116 829 1145 solummodo
858 1116 1015 1144 differentia
1044 1124 1120 1152 prae-

272 1166 411 1195 dictorum
433 1165 588 1193 secundum
612 1172 692 1197 rein,
714 1164 762 1191 sed
785 1163 867 1191 etiam
895 1163 1051 1191 secundum
1075 1171 1120 1190 no-

271 1212 409 1241 minandi
428 1211 582 1239 racionem.
605 1211 672 1238 Nam
696 1210 808 1238 babitus
829 1209 1024 1245 lectificantes
1046 1212 1120 1238 recte

272 1260 405 1289 dicuntur
426 1258 566 1290 villulas,
589 1266 639 1294 pro
667 1265 699 1286 eo
728 1257 803 1294 quod
833 1256 923 1285 virtus
952 1256 986 1284 de
1014 1255 1121 1284 ratione

273 1307 315 1335 sui
338 1306 458 1334 nominis
479 1304 560 1338 dicit,
583 1304 657 1341 quod
680 1304 714 1332 ad
735 1303 874 1340 agendum
898 1302 980 1339 erigit
1001 1306 1028 1330 et
1049 1303 1122 1338 vigo-

273 1356 316 1381 rat
328 1353 346 1379 ².
371 1352 484 1380 Habitus
506 1359 572 1379 vero
593 1350 772 1387 eoepeclz'ences
794 1353 868 1378 recte
883 1349 1017 1378 dicuntur
1033 1349 1120 1382 alona,

273 1408 323 1436 pro
344 1407 376 1428 eo
398 1398 473 1435 quod
497 1398 594 1426 dicunt
615 1397 757 1434 quandam
787 1396 949 1425 ulteriorem
979 1396 1122 1424 abundan-

273 1447 338 1474 tiam
361 1445 491 1474 bonitatis
512 1445 547 1473 ad
569 1444 727 1481 agendum,
749 1451 779 1472 ac
803 1451 852 1480 per
875 1443 926 1471 lioc
950 1443 1037 1479 magis
1056 1446 1122 1470 atte-
1150 1451 1152 1456 ·

272 1497 381 1522 stantur
397 1493 506 1521 divinae
524 1492 679 1520 liberalitati
694 1502 700 1524 ;
715 1495 742 1519 et
757 1494 871 1528 propter
894 1491 945 1519 boc
968 1494 1042 1519 recte
1063 1498 1123 1518 cen-
1151 1482 1152 1508 l

273 1544 369 1570 sentur
391 1540 502 1568 nomine
518 1539 595 1567 (loni.
611 1556 646 1558 —
664 1538 778 1567 Habitus
800 1546 865 1566 vero
886 1537 1065 1574 perficientes
1085 1545 1123 1565 re-

273 1592 315 1618 cte
337 1588 469 1617 (licuntur
491 1586 698 1619 beatitudines,
719 1594 769 1623 pro
784 1593 816 1614 eo
831 1585 906 1622 quod
925 1585 991 1613 tales
1008 1584 1119 1612 babitus

273 1636 377 1664 faciunt
398 1634 539 1662 homiuem
563 1633 724 1670 proximum
750 1633 806 1661 Deo
835 1636 862 1661 et
884 1632 1053 1660 conformem
1072 1631 1121 1668 ipsi

274 1681 378 1718 gloriae
407 1688 534 1709 summae
556 1684 582 1708 et
604 1679 784 1710 beatitudini,
808 1679 833 1707 iii
857 1687 912 1716 qua
934 1682 975 1707 est
997 1678 1122 1715 reperire

275 1736 413 1757 summam
437 1727 645 1765 perfectionem.
661 1743 700 1746 —-
715 1727 809 1755 Status
829 1730 940 1759 autem,
963 1726 989 1753 in
1012 1734 1068 1762 quo
1083 1729 1124 1753 est

275 1776 401 1810 refectio,
425 1778 498 1803 recte
520 1774 623 1803 (licitur
644 1773 782 1811 fluctus,-
802 1774 911 1802 fructus
934 1773 1007 1801 enim
1027 1781 1042 1800 a
1058 1772 1125 1809 frui

275 1823 379 1852 dictum
396 1826 437 1851 est
448 1822 465 1849 ³.
481 1839 519 1842 —
535 1822 605 1850 Usus
626 1829 707 1852 vero,
724 1821 878 1849 secundum
903 1828 985 1857 quem
1003 1820 1049 1847 illa
1065 1828 1125 1856 per-

275 1870 365 1907 ceptio
394 1869 561 1905 suscipitur,
591 1872 665 1897 recte
687 1868 790 1896 dicitur
811 1876 913 1895 seusus
934 1866 1124 1903 spiriritalis,-

276 1917 406 1953 quoniam
429 1924 532 1944 sensas
553 1919 594 1943 est
616 1922 783 1951 cognoscere-
799 1922 857 1942 rem
875 1917 905 1941 ut
920 1917 1093 1950 praesentem
1106 1914 1123 1941 *¹.

250 1986 256 1997 ,
276 1980 314 1984 —
337 1964 492 1995 Postremo,
521 1961 692 1990 adniinIcula
713 1961 839 1989 omnium
862 1961 995 1994 istorum,
1018 1960 1044 1988 in
1067 1960 1124 1997 qui-

277 2011 330 2039 bus
351 2011 435 2038 datur
463 2009 553 2046 gratia
578 2009 699 2037 animam
721 2008 897 2036 sanctificans
919 2010 946 2036 et
967 2016 982 2035 a
1004 2007 1124 2044 peccatis

277 2065 379 2086 curans
401 2060 428 2085 et
448 2056 483 2084 ad
506 2063 616 2084 omnem
646 2055 798 2084 sanctitatis
822 2054 1019 2091 perfectionem
1048 2054 1124 2082 adiu-

278 2111 362 2136 vans,
385 2102 538 2131 rectissime
560 2102 693 2130 dicuntur
716 2101 920 2129 Saerauwuta.
935 2117 973 2121 ——
989 2100 1063 2128 Patet
1080 2099 1125 2137 igi-

279 2155 325 2179 tur
346 2158 383 2179 ex
406 2149 570 2186 praedictis,
600 2148 674 2185 quod
701 2148 773 2176 inter
796 2148 913 2176 virtutes
935 2151 962 2176 et
983 2147 1053 2175 dona
1083 2151 1125 2176 est

277 2196 441 2225 differentia.
466 2196 541 2224 Unde
563 2195 683 2223 rationes
699 2194 750 2222 hoc
775 2194 953 2223 ostendentes
975 2194 1125 2223 conceden-

278 2244 329 2273 dae
351 2246 424 2272 sunt.

359 2292 382 2319 l.
405 2290 443 2319 Ad
466 2290 534 2318 illud
558 2298 625 2318 vero
647 2289 721 2326 quod
744 2289 835 2326 primo
856 2289 987 2317 obiicitur
1008 2289 1035 2316 in
1064 2297 1125 2317 con-

278 2338 396 2366 trarium
420 2345 469 2374 per
491 2337 671 2365 auctoritates
686 2337 866 2370 Sanctorum,
881 2336 955 2372 quod
972 2336 1045 2364 dona
1060 2339 1125 2364 sunt

277 2386 410 2419 virtutes,
439 2388 466 2413 et
496 2385 613 2413 virtutes
641 2387 705 2412 sunt
734 2384 825 2418 dona5
854 2383 1020 2416 dicendum,
1049 2383 1123 2420 quod

277 2433 423 2470 contingit,
439 2432 551 2461 nomina
566 2431 681 2460 extendi
700 2434 726 2459 et
745 2430 867 2467 proprie
888 2430 1005 2467 acclpz';
1027 2433 1053 2458 et
1075 2438 1124 2459 nos

279 2480 420 2517 loquimur
442 2480 488 2508 liic
503 2480 537 2508 de
552 2478 728 2511 virtutibus,
745 2478 898 2506 secundum
916 2477 988 2514 quod
1004 2477 1125 2514 proprie

278 2526 467 2563 aeez'pumcur
496 2530 521 2554 et
550 2526 717 2554 dividuntur
746 2533 794 2562 pei·
824 2528 879 2553 tres
902 2524 1070 2560 theologicas
1098 2527 1125 2552 et

942 193 1195 222 SENTENTIAHUM
1216 193 1275 221 ΜΒ.
1298 193 1338 221 ΙΙΙ.

1171 271 1326 299 cardinales
1355 274 1492 308 quatuor,
1521 274 1547 299 et
1577 272 1610 299 de
1636 270 1737 304 «lonis,
1760 271 1914 300 secundum
1944 272 2018 308 quod

1173 318 1339 346 dividuntur
1369 326 1418 354 per
1447 322 1552 354 septem
1583 317 1769 352 differentias,
1798 326 1868 354 quas
1898 318 2019 354 assignat

1173 365 1254 393 isaias
1267 363 1285 392 ⁵.
1308 365 1490 393 Auctoritates
1516 372 1583 393 vero
1611 364 1772 392 Glossarum
1801 368 1828 393 et
1855 365 2019 393 Sanctorum

1174 411 1329 448 loquuntur
1359 412 1393 440 de
1422 412 1511 445 douo,
1541 411 1695 440 secundum
1726 412 1801 448 quod
1829 420 1929 440 nomen
1951 412 2022 440 (Ioui

1173 459 1325 495 ampliatur
1347 462 1373 487 et
1395 459 1476 495 [αφ-98
1491 458 1656 494 accipitur,
1678 461 1705 486 et
1726 458 1853 487 similiter
1875 459 1910 487 de
1931 459 2022 487 'uirtu-

1175 506 1267 539 ubas,
1290 509 1321 533 ut
1341 506 1437 533 virtus
1452 505 1562 533 dicatur
1577 505 1667 533 omnis
1688 505 1816 539 babitus,
1838 506 1884 542 qui
1907 505 2021 542 expedit

1173 553 1209 581 ad
1231 553 1351 587 bonum,
1374 553 1482 581 (Ionum
1505 560 1572 580 vero
1594 560 1675 580 omne
1697 552 1771 589 quod
1787 553 1920 581 divinitus
1935 553 2020 589 gratis

1175 600 1266 628 datur.
1291 601 1321 628 Et
1343 601 1381 628 sic
1404 599 1516 628 concedi
1544 602 1648 636 potest,
1671 600 1744 636 quod
1769 599 1841 628 idem
1864 600 1899 628 sit
1926 600 2022 628 virtus
2036 604 2149 623 Notandum.

1174 650 1201 675 et
1222 647 1331 675 donam
1344 657 1353 680 ;
1377 647 1427 674 lioc
1449 650 1543 674 autem
1567 646 1649 674 modo
1671 654 1724 674 non
1747 646 1910 683 quaerimus
1925 646 1959 674 de
1974 646 2023 674 dis-

1174 694 1291 722 serentia
1305 694 1443 722 donorum
1459 696 1486 721 et
1500 693 1653 727 virtutum,
1669 693 1734 730 quia
1749 693 1783 721 de
1799 700 1829 721 re
1843 693 2021 729 quaerimus,

1175 749 1229 769 non
1252 741 1286 769 de
1308 741 1428 769 nomine.

1255 789 1281 816 ⁹2.
1304 788 1341 816 Ad
1366 788 1435 816 illud
1461 787 1535 824 quod
1558 787 1689 816 obiicitur
1710 787 1745 815 de
1767 787 1958 815 convenientia
1979 786 2023 815 de-

1176 834 1332 862 finitionum
1355 835 1419 863 doni
1449 837 1476 862 et
1504 834 1630 867 virtutis,
1660 833 1826 867 dicendum,
1855 833 1930 870 quod
1960 833 2023 861 illae

1176 881 1377 910 not'ificationes
1390 882 1399 894 ὓ
1421 881 1503 918 lame
1518 878 1598 909 datae
1614 884 1678 909 sunt
1693 880 1847 909 secundum
1865 880 2022 917 generalem

1176 929 1311 956 rationem
1335 928 1447 956 illorum
1470 928 1625 956 nominum.
1654 928 1779 956 Attamen
1808 927 1834 955 iu
1864 927 2023 956 definitione

1176 975 1295 1003 virtutis
1318 979 1408 1011 potest.
1430 975 1488 1003 fieri
1513 975 1554 1003 vis
1577 975 1603 1002 in
1626 975 1678 1003 hoc
1699 974 1773 1011 quod
1795 974 1911 1002 dicitur:
1941 982 2024 1011 «qua

1178 1026 1251 1051 recte
1273 1022 1419 1050 vivitur».
1442 1022 1508 1050 Nam
1532 1022 1604 1050 sicut
1627 1021 1704 1057 prius
1725 1024 1830 1050 tactum
1852 1024 1909 1055 est,
1929 1021 1955 1049 in
1973 1021 2023 1050 hoc

1177 1068 1271 1097 differt
1292 1077 1307 1097 a
1330 1069 1430 1103 (louis,
1453 1069 1519 1106 quia
1541 1069 1654 1097 habitus
1670 1068 1708 1096 illi
1731 1072 1796 1096 sunt
1817 1068 1851 1097 ad
1874 1068 2025 1097 rectifican-

1177 1116 1261 1149 dum,
1283 1116 1396 1144 habitus
1418 1124 1484 1144 vero
1506 1116 1643 1144 donorum
1666 1115 1699 1143 ad
1723 1115 1940 1152 expediendum.

1258 1163 1283 1191 3.
1306 1163 1343 1191 Ad
1366 1163 1435 1191 illud
1458 1163 1532 1200 quod
1555 1162 1700 1196 obiicitur,
1720 1162 1794 1199 quod
1812 1170 1861 1199 per
1877 1162 1948 1190 idem
1967 1169 2025 1198 pec-

1178 1213 1270 1238 catum
1293 1210 1473 1246 obliquamur
1495 1213 1522 1238 et
1543 1217 1642 1238 sumus
1664 1209 1743 1246 proni
1760 1209 1795 1237 ad
1811 1212 1972 1245 peccatuim
1987 1208 2026 1237 di-

1179 1257 1312 1290 cendum,
1335 1257 1409 1293 quod
1432 1264 1486 1285 non
1507 1260 1548 1285 est
1570 1256 1673 1285 simile:
1694 1255 1759 1293 quia
1774 1256 1882 1284 facilius
1897 1259 1938 1284 est
1954 1255 2025 1284 male

1178 1304 1268 1332 facere
1291 1307 1317 1332 et
1339 1303 1479 1332 declinare
1501 1312 1517 1331 a
1538 1303 1625 1337 bono,
1647 1311 1731 1340 quam
1756 1303 1823 1331 bene
1844 1303 1935 1331 facere
1950 1305 1977 1331 et
1998 1302 2024 1330 in

1180 1350 1283 1378 bonum
1306 1350 1473 1387 expediri73
1500 1350 1571 1379 sicut
1592 1349 1700 1378 facilius
1725 1352 1766 1378 est
1787 1349 1909 1386 aliquem
1932 1349 2027 1378 vulne-

1180 1404 1243 1425 rare
1265 1405 1349 1433 quam
1374 1397 1552 1425 vulneratum
1575 1404 1693 1429 sanare3
1715 1400 1741 1424 et
1764 1396 1825 1424 ideo
1842 1396 1936 1432 plures
1951 1395 2027 1424 habi-

1182 1447 1226 1473 tus
1255 1448 1319 1472 sunt
1348 1443 1496 1472 necessarii
1518 1443 1554 1471 ad
1576 1443 1697 1480 perfecte
1725 1442 1880 1471 sanandum
1904 1446 1930 1470 et
1952 1450 2028 1479 repa-

1181 1492 1301 1520 randum
1324 1500 1407 1528 quam
1430 1491 1464 1519 ad
1488 1490 1721 1519 deordinandum.

1259 1539 1286 1567 li.
1308 1538 1345 1566 Ad
1370 1538 1437 1566 illud
1461 1538 1535 1574 quod
1558 1537 1704 1572 obiicitur,
1730 1537 1802 1574 quod
1827 1537 1951 1565 eiusdem
1976 1537 2028 1565 vir-

1183 1586 1248 1614 tutis
1270 1585 1406 1614 naturalis
1428 1589 1470 1613 est
1499 1592 1614 1613 currere
1635 1587 1661 1613 et
1683 1584 1813 1621 expedite
1834 1592 1968 1618 currere3
1990 1584 2028 1612 (li-

1181 1632 1318 1665 cendum,
1341 1631 1414 1668 quod
1438 1639 1536 1659 verum
1554 1634 1610 1665 est,
1630 1631 1769 1668 loquendo
1785 1631 1819 1659 de
1835 1630 1956 1667 potentia
1968 1630 2030 1667 pri-

1181 1687 1249 1711 mm
1280 1682 1471 1707 verumtamen
1501 1677 1635 1715 facilitas
1666 1678 1861 1715 superaddita
1890 1677 2029 1714 potentiae

1182 1726 1288 1763 primae
1310 1734 1362 1753 nou
1386 1730 1427 1754 est
1449 1726 1545 1754 eadem
1569 1734 1631 1754 cum
1656 1726 1730 1762 ipsa,
1752 1725 1824 1753 sicut
1846 1728 1920 1761 patet
1934 1725 1968 1753 de
1985 1733 2029 1753 na-

1182 1773 1264 1801 turali
1288 1772 1408 1809 potentia
1430 1776 1455 1801 et
1478 1772 1655 1809 impotentia,
1684 1780 1756 1808 quae
1782 1772 1915 1800 dicuntur
1936 1771 2029 1808 ‹lispo-

1180 1820 1299 1848 st‘tl'oues
1320 1823 1346 1848 et
1368 1819 1524 1857 qualitales
1553 1819 1763 1855 superadditae
1791 1826 1877 1855 supra
1905 1818 2027 1847 radicem

1181 1867 1318 1904 potentiae
1340 1867 1476 1895 naturalis
1489 1867 1508 1894 ¹³.
1530 1867 1707 1898 Praeterea,
1723 1874 1776 1894 non
1793 1870 1835 1895 est
1849 1866 1948 1900 simile,
1964 1866 2029 1903 quia
2042 1870 2097 1889 Ratio
2109 1871 2128 1889 2-

1183 1914 1270 1942 multo
1293 1914 1434 1943 difficilius
1455 1917 1496 1942 est
1518 1913 1665 1942 rectificari
1687 1916 1714 1941 et
1735 1913 1862 1949 expediri
1885 1916 1912 1941 et
1932 1912 2029 1941 habili-

1183 1961 1233 1989 tari
1251 1961 1276 1989 in
1295 1961 1337 1989 liis
1358 1961 1506 1998 operibus,
1522 1969 1593 1997 (fuae
1609 1963 1674 1988 sunt
1689 1968 1775 1996 supra
1789 1963 1929 1994 naturam,
1944 1967 2029 1996 quam

1182 2009 1208 2036 in
1231 2008 1274 2036 liis
1296 2016 1368 2044 quae
1390 2008 1533 2036 subiacent
1556 2007 1693 2044 potentiae
1715 2006 1844 2035 naturali.

1262 2057 1286 2083 “)”.
1310 2055 1347 2083 Ad
1370 2055 1440 2083 illud
1462 2054 1535 2091 quod
1559 2054 1704 2088 obiicitur,
1726 2054 1801 2090 quml
1817 2053 1929 2082 babitus
1944 2054 2030 2082 virtu-

1182 2105 1241 2130 tum
1265 2101 1434 2130 sufficienter
1456 2101 1587 2129 ordinant
1611 2101 1731 2129 animam
1759 2100 1793 2129 ad
1817 2100 1904 2128 Deum
1935 2108 2029 2129 secun—

1182 2149 1249 2177 dum
1273 2156 1382 2177 onmem
1406 2149 1467 2177 eius
1488 2147 1743 2184 comparati(›nem;
1766 2147 1932 2181 dicendum,
1954 2147 2030 2184 quod

1183 2196 1245 2224 licet
1266 2195 1396 2224 ordinent
1418 2194 1588 2223 sufficienter
1610 2197 1746 2231 quantum
1769 2194 1804 2222 ad
1827 2202 1859 2222 ea
1878 2201 1949 2231 quae
1965 2197 2030 2222 sunt

1182 2243 1357 2272 rectitudinis
1378 2246 1404 2271 et
1427 2242 1613 2275 necessitatis,
1636 2245 1732 2278 utpote
1752 2244 1887 2278 quantum
1910 2241 1945 2269 ad
1969 2241 2030 2269 illos

1182 2293 1260 2318 actus
1280 2289 1410 2326 primos,
1427 2289 1452 2317 in
1469 2289 1571 2326 quibus
1587 2288 1721 2325 primaria
1737 2288 1875 2316 rectitudo
1890 2287 2030 2321 consistit3

1182 2340 1274 2365 tamen
1295 2336 1370 2364 ultra
1392 2336 1444 2364 boc
1460 2335 1612 2364 liberalitas
1627 2334 1803 2372 benignitatis
1819 2335 1929 2363 divinae
1942 2334 1952 2347 ⁰
1968 2343 2029 2371 pro-

1184 2383 1252 2412 vidit
1274 2382 1377 2411 bomini
1401 2386 1427 2411 et
1449 2382 1565 2411 contulit
1588 2382 1715 2415 babitus,
1731 2390 1780 2419 per
1796 2390 1866 2419 quos
1886 2382 2031 2418 expedire-

1183 2434 1229 2458 tur
1251 2438 1304 2458 non
1327 2429 1417 2457 solum
1439 2429 1474 2457 ad
1495 2437 1580 2465 opera
1602 2429 1759 2458 necessaria
1781 2429 1964 2463 rectitudinis,
1980 2429 2029 2457 sed

1182 2477 1264 2506 etiam
1291 2476 1466 2513 perfectionis
1487 2479 1514 2504 et
1536 2476 1797 2513 supererogationis.
1822 2476 1895 2504 Unde
1916 2475 1944 2504 δι’
1964 2475 2031 2503 obli-

1183 2524 1258 2556 οἷαί,
1280 2524 1355 2560 quod
1385 2523 1456 2551 idem
1480 2526 1520 2551 est
1549 2522 1706 2551 habilitare
1735 2523 1883 2559 potentiam
1914 2525 1940 2551 et
1968 2530 2029 2550 eam

342 2719 348 2733 ¹
367 2719 422 2741 Cod.
441 2719 455 2740 L
467 2719 484 2740 V
495 2725 519 2740 aa
538 2717 683 2740 adiumenta.

340 2758 350 2772 ⁴2
369 2758 426 2780 Vide
443 2764 512 2785 supra
532 2757 553 2779 (l.
572 2758 608 2779 23.
627 2764 646 2779 a.
665 2758 685 2778 2.
704 2763 725 2785 q.
748 2757 765 2778 1.
783 2757 804 2778 in
822 2762 885 2783 corp.

341 2797 350 2811 ³
368 2800 471 2824 August,
495 2797 531 2818 Xl.
550 2796 579 2818 de
602 2795 650 2818 civ.
670 2796 719 2823 Dei,
743 2802 762 2817 c.
780 2795 817 2817 25¹.
841 2795 905 2822 dicit,
927 2804 937 2815 «
952 2795 1014 2823 quod
1033 2795 1126 2822 proprie

278 2834 372 2864 fructus
389 2836 493 2862 fruentis,
513 2841 570 2857 usus
588 2835 669 2857 utentis
687 2835 747 2856 sit».

342 2874 350 2888 ⁴
368 2876 465 2903 Aristot„
485 2875 512 2897 dr
530 2875 636 2896 Memoria
650 2877 671 2896 et
689 2875 802 2896 reminisc.
815 2880 834 2895 c.
857 2874 879 2895 1;
897 2873 975 2902 Neque
993 2872 1126 2902 [memoria]

282 2916 406 2941 praesentis
423 2918 466 2941 ost,
485 2914 525 2936 sed
543 2920 633 2941 sensus;
652 2915 695 2935 hoc
713 2914 774 2935 enini
792 2920 866 2941 neque
882 2913 983 2934 futurum
1003 2918 1077 2941 neque
1095 2912 1127 2933 fa-

281 2956 342 2974 ctum
361 2955 535 2981 cognoscimus,
553 2953 594 2975 sod
613 2956 698 2975 tantum
719 2959 826 2980 praesens
843 2956 885 2974 etc.

344 2991 353 3005 ⁵
369 2991 424 3018 Cap.
447 2993 478 3017 11,
497 2993 517 3013 2.

1245 2716 1255 2730 ὃ
1272 2716 1327 2739 Cori.
1347 2716 1364 2738 Y
1382 2716 1532 2746 defiuitloaes.

1246 2755 1255 2769 ⁷
1272 2755 1316 2777 Cfr.
1335 2761 1404 2782 supra
1424 2761 1476 2782 pag,
1495 2754 1551 2782 499,
1565 2757 1616 2776 nota
1635 2755 1655 2775 ⁸2.
1668 2766 1699 2770 —
1712 2753 1779 2775 Paulo
1797 2753 1889 2775 insci-ius
1903 2758 1944 2780 pro
1961 2758 2029 2782 repa-

1184 2794 1288 2817 randam
1306 2794 1356 2816 cod.
1375 2794 1391 2816 li
1412 2793 1608 2823 recuperandum.

1246 2833 1255 2847 Β
1274 2833 1331 2856 Vide
1344 2834 1441 2861 Ariston,
1454 2833 1482 2855 de
1495 2833 1634 2855 Praediram.
1644 2840 1662 2854 r.
1672 2832 1700 2855 de
1713 2831 1789 2859 Quali.
1801 2843 1830 2846 —
1840 2831 1889 2852 Mox
1899 2837 1941 2858 pro
1953 2831 2027 2854 mullo

1184 2873 1234 2895 cod.
1253 2874 1271 2895 t<
1290 2872 1414 2895 multoties.

1246 2911 1256 2926 ⁹
1273 2911 1328 2934 Cod.
1347 2912 1365 2933 K
1379 2910 1507 2934 liberalitas
1519 2912 1541 2933 el
1557 2909 1686 2939 benignitas
1699 2908 1790 2931 divinae
1801 2908 1961 2937 providentiae
1972 2915 2028 2937 pro-

1183 2950 1251 2978 ttldit,
1271 2950 1322 2972 rod.
1341 2951 1355 2971 S
1373 2949 1502 2973 liberalitas
1519 2948 1626 2971 bonilatis*
1640 2947 1759 2976 providit,
1779 2948 1830 2969 cod.
1852 2948 1871 2969 X
1897 2947 2028 2970 liberalitas

1183 2989 1342 3018 providentiae
1358 2988 1466 3018 providit.
