2166 3366
119 838 217 856 Conclusio
230 838 247 856 l.

120 978 218 997 Conclusio
229 978 247 996 2.

132 1118 246 1137 Notandum.

133 1683 203 1710 Solutio
217 1689 251 1707 op-

133 1709 242 1730 positorum.

151 1777 250 1796 Distinclio

133 1801 222 1819 notanda.

258 192 314 220 206

336 270 364 297 [ι.
386 269 468 303 Item,
484 268 532 305 qui
554 268 652 296 adorat
673 267 795 304 aliquem
815 266 894 295 cultu
916 266 1023 294 latriae
1045 274 1107 294 con-

258 316 369 350 fitetur,
392 316 483 352 ipsum
499 322 559 343 esse
575 314 663 341 Deum
677 323 682 341 :
699 321 765 350 ergo
781 313 827 349 qui
844 313 942 340 adorat
963 312 1103 348 Virginem

259 363 337 392 cultu
359 361 466 390 latriae
494 360 658 394 confitetur,
681 360 768 397 ipsam
798 367 860 388 esse
887 358 1008 387 deam¹:
1039 366 1105 395 ergo

260 409 282 438 si
305 409 356 437 hoc
378 411 419 437 est
441 407 589 444 impietatis
612 406 768 441 maximae,
791 406 915 440 videtur,
938 405 1012 442 quod
1034 408 1085 433 etc.

576 523 791 544 CONCLUSIO.

333 626 448 664 Virgini
468 625 584 654 Mariae
605 633 662 653 non
684 628 726 653 est
746 623 923 652 exhibendas
945 623 1041 651 cultas

473 672 596 705 latriae,
618 672 668 700 secl
690 671 889 709 ltyperdulz'ae.

340 784 518 812 RESPONnssoz
541 782 712 816 Dicendum,
741 781 814 818 quod
838 780 998 810 beatissima
1026 780 1109 816 Virgo

261 830 345 859 Maria
367 838 439 867 pura
461 832 590 858 creatura
611 832 670 862 est3
702 832 729 857 et
760 828 822 857 ideo
851 828 886 856 ad
919 828 1052 855 honorem
1083 829 1110 855 et

261 878 367 907 cultum
390 876 497 905 latriae
518 884 572 904 non
594 876 727 904 ascendit.
750 875 803 904 Sed
818 875 950 912 quoniam
973 874 1110 903 excellen-

260 924 400 953 tissimum
421 932 525 951 nomen
546 923 645 956 habet,
668 922 705 950 ita
725 922 799 959 quod
822 921 1006 950 excellentius
1022 928 1109 957 purae

261 974 407 1000 creaturae
429 970 577 999 convenire
599 978 653 998 non
684 972 794 1006 potest3
826 969 888 997 ideo
919 977 972 997 non
1000 971 1108 996 tantum

262 1018 380 1047 debetur
402 1018 425 1046 ei
448 1018 536 1046 honor
558 1017 673 1050 (tuliae,
696 1017 745 1045 sed
767 1015 967 1054 ltyperclaliae.
991 1015 1043 1044 Hoc
1063 1023 1111 1043 au-

262 1070 317 1094 tem
339 1073 443 1093 nonum
464 1068 520 1099 est,
542 1064 615 1101 quod
633 1064 717 1100 Virgo
731 1064 870 1098 existens,
886 1063 933 1092 Dei
950 1063 1036 1091 Mater
1051 1066 1109 1096 est,

261 1113 337 1150 quod
359 1112 472 1150 quidem
494 1114 586 1140 tantae
608 1111 749 1148 dignitatis
771 1113 828 1144 est,
850 1110 925 1147 quod
941 1118 995 1138 uon
1018 1109 1108 1138 solum

261 1160 398 1193 viatores,
420 1159 469 1188 sed
491 1159 573 1187 etiam
597 1158 861 1195 comprehensores,
883 1165 938 1185 non
958 1156 1047 1185 solum
1065 1156 1111 1184 ho-

261 1207 361 1241 mines,
384 1214 483 1235 verum
506 1207 588 1235 etiam
621 1205 714 1242 Angeli
737 1204 819 1233 eam²
840 1207 1023 1232 revereantur
1045 1211 1110 1240 qua-

261 1254 326 1283 dam
348 1253 543 1290 praerogativa
564 1252 685 1289 speciali.
710 1252 747 1280 Ex
771 1252 823 1280 hoc
845 1251 934 1284 enim,
961 1250 1037 1287 quod
1058 1250 1111 1278 Ma-

261 1305 303 1330 ter
325 1301 371 1330 Dei
395 1304 449 1334 est,
481 1300 605 1337 praelata
633 1303 675 1327 est
697 1298 796 1327 ceteris
819 1298 971 1332 creaturis,
992 1301 1019 1325 et
1047 1305 1108 1325 eam

260 1356 327 1385 prae
349 1347 448 1376 ceteris
470 1347 571 1375 decens
592 1350 634 1374 est
656 1346 785 1374 honorari
802 1348 829 1373 et
850 1344 987 1373 venerari.
1003 1344 1049 1372 llic
1064 1352 1111 1371 au-

260 1398 316 1423 tem
338 1395 428 1423 honor
449 1393 593 1423 consuevit
614 1401 630 1421 a
647 1393 786 1429 magistris
808 1391 987 1430 lzyperclulia
1007 1390 1108 1419 vocari.

262 1442 292 1470 Et
323 1442 458 1478 accipitur
488 1441 606 1469 verbum
636 1440 705 1468 illud
728 1440 762 1468 de
790 1439 883 1467 Glossa
915 1446 1000 1474 super
1026 1438 1109 1475 primi

261 1489 365 1526 Regum
388 1492 517 1517 octavum
531 1488 557 1521 ³,
579 1487 626 1516 ubi
643 1487 745 1515 dicitur
765 1486 849 1514 (Iulia
870 1486 968 1514 maior
984 1489 1011 1514 et
1026 1485 1110 1514 dulia

261 1536 368 1564 w‘tinor.
390 1553 428 1556 —
449 1535 647 1563 Concedendae
679 1537 744 1562 sunt
771 1533 854 1570 igitur
877 1533 1011 1567 rationes,
1035 1533 1110 1570 quod

262 1583 372 1620 Virgini
390 1582 491 1610 lilariae
513 1590 567 1610 non
590 1581 625 1610 sit
646 1581 824 1609 exhibendus
845 1580 938 1609 cultus
960 1580 1066 1608 latriae.

345 1631 367 1658 1.
390 1630 429 1658 Ad
452 1629 518 1657 illud
543 1637 609 1657 vero
635 1628 709 1665 quod
732 1628 823 1665 primo
844 1627 974 1655 obiicitur
1001 1626 1027 1654 in
1050 1635 1112 1655 con-

262 1677 397 1711 trarium,
420 1676 494 1713 quod
517 1676 606 1704 honor
628 1675 721 1703 Matris
742 1674 863 1702 refertur
885 1674 920 1702 ad
936 1673 1054 1708 Filium;
1074 1673 1111 1702 di-

263 1724 399 1758 cendum,
421 1724 495 1761 quod
517 1723 616 1751 referri
639 1722 774 1750 honorem
796 1721 831 1749 ad
854 1721 976 1758 aliquem
999 1724 1040 1749 est
1062 1720 1111 1749 du-

263 1771 390 1808 pliciter:
413 1774 461 1799 aut
482 1771 553 1799 sicut
574 1770 610 1798 ad
624 1769 799 1802 subiectum,
815 1771 864 1796 aut
878 1768 949 1797 sicut
964 1768 998 1796 ad
1014 1767 1109 1805 finem.

262 1818 353 1846 Honor
374 1821 484 1851 autem,
507 1817 553 1854 qui
576 1817 728 1845 exhibetur
749 1816 853 1849 Matri,
875 1815 996 1844 refertur
1016 1815 1051 1844 ad
1073 1815 1111 1843 Fi-

263 1864 332 1893 lium
354 1864 425 1893 sicut
446 1864 480 1892 ad
502 1863 610 1900 finem,-
633 1864 720 1891 honor
742 1867 852 1891 antem.
875 1870 930 1899 quo
958 1862 1111 1890 adoramus

263 1911 420 1949 imaqinem
443 1911 561 1945 Christi,
588 1910 709 1938 refertur
730 1910 765 1938 ad
789 1909 880 1946 ipsum
904 1909 975 1937 sicut
997 1909 1032 1937 ad
1047 1908 1111 1937 suh-

262 1958 376 1987 iectam.
409 1958 485 1987 Unde
513 1958 560 1995 qni
592 1958 691 1986 adorat
718 1957 818 1985 Christi
848 1956 1007 1993 imayinem
1035 1955 1112 1984 Chri-

934 188 1186 217 SENTENTIARUM
1208 187 1268 216 LlB.
1289 187 1329 215 111.

1163 269 1237 294 stum
1259 266 1373 300 adorat,
1395 273 1449 293 non
1471 264 1640 301 imaginem;
1662 264 1710 301 qui
1732 271 1799 292 vero
1820 263 1919 292 adorat
1933 263 2009 292 Chri-

1163 313 1196 341 sti
1219 312 1342 340 Matrem
1364 312 1462 341 adorat
1483 312 1625 340 Christum
1648 314 1674 340 et
1695 311 1811 339 Matrem
1833 319 1912 339 suam
1925 310 1942 338 ⁴.

1243 360 1268 387 Ξ.
1293 359 1330 387 Ad
1358 359 1428 387 illud
1450 358 1526 395 quod
1551 358 1697 392 obiicitur,
1720 358 1795 395 quod
1824 357 2011 386 communicat

1164 406 1242 434 Matri
1264 406 1419 434 dominium
1442 405 1611 439 maiestatis,
1633 404 1800 439 dicendum,
1819 404 1894 441 quod
1910 407 1951 433 est
1965 404 2010 432 do·
2023 409 2136 451 gfflffido-

1164 453 1281 481 minium
1310 452 1528 489 praesidentiae
1559 455 1586 480 et
1617 451 1771 480 dominium
1798 451 1962 479 maiestatis
1983 455 2011 480 et
2103 446 2107 450 ’

1165 499 1388 535 omnipotentiae.
1410 498 1478 526 Cum
1501 506 1567 535 ergo
1595 498 1714 532 dicitur,
1736 498 1810 534 quod
1834 497 1918 526 Filius
1940 506 2010 527 com-

1165 546 1289 575 municat
1320 545 1398 574 Matri
1430 545 1605 579 dominium;
1637 545 1801 581 intelligitur
1832 545 1866 573 de
1888 544 2010 573 dominio

1161 592 1400 629 praesidentiae;
1422 600 1486 620 cum
1503 600 1568 620 vero
1583 591 1779 628 subiungitur,
1799 591 1873 628 quod
1889 591 2011 619 dominio

1166 640 1295 668 redditur
1316 639 1409 668 cultus
1431 639 1559 672 latriae;
1579 639 1743 675 intelligitur
1766 639 1800 667 de
1816 638 1938 667 dominio
1951 647 2012 666 ma-

1166 687 1277 715 iestatis
1298 690 1325 715 et
1346 686 1569 722 omnipotentiae.
1603 686 1634 714 Et
1664 686 1717 714 hoc
1742 686 1856 722 quidem
1878 685 2012 714 Dominus

1166 734 1235 763 nulli
1257 733 1444 763 communicat
1466 741 1554 770 purae
1575 737 1729 761 creaturae.

1246 781 1271 809 3.
1293 781 1332 809 Ad
1360 780 1431 809 illud
1453 780 1527 817 quod
1556 780 1702 814 obiicitur,
1723 780 1797 817 quod
1820 779 1945 808 eiusdem
1967 787 2013 807 na-

1167 831 1247 856 turae
1262 831 1288 856 et
1303 827 1455 856 consimilis
1467 831 1508 855 est
1520 835 1584 855 caro
1600 826 1721 863 Virginis
1736 834 1799 855 cum
1815 834 1898 855 carne
1914 826 2012 859 Verl)i;

1166 876 1330 909 dicendum,
1345 875 1419 911 quod
1436 882 1500 903 caro
1515 874 1598 903 Verbi
1620 882 1675 902 non
1695 873 1830 902 adoratur
1852 873 2013 902 adoratione

1167 922 1289 955 latriae,
1312 922 1339 949 in
1361 924 1497 958 quantum
1520 924 1561 949 est
1576 928 1640 949 caro
1655 919 1804 954 laimaha,
1821 920 1868 948 sed
1885 919 1911 947 in
1927 927 2012 956 quan-

1166 972 1226 997 tum
1249 971 1290 997 est
1312 976 1376 996 caro
1397 970 1533 995 assumta
1544 967 1562 994 ⁵.
1584 966 1657 995 Licet
1678 969 1772 995 autem
1801 974 1866 994 caro
1894 965 2014 1002 Virginis
2028 973 2144 992 Notandum

1167 1015 1316 1044 conformis
1338 1015 1373 1043 sit
1394 1014 1471 1043 carni
1490 1014 1572 1043 Verbi
1589 1016 1725 1050 quantum
1741 1013 1777 1042 ad
1792 1013 2012 1041 conformitatem

1167 1066 1311 1096 natitrae,
1333 1070 1387 1090 non
1410 1064 1502 1090 tamen
1523 1061 1673 1089 conformis
1688 1064 1730 1089 est
1745 1064 1881 1097 quantum
1897 1060 1932 1089 ad
1945 1068 2015 1097 yra-

1168 1111 1238 1138 tiam
1260 1109 1387 1138 tationis.
1412 1109 1441 1137 Et
1462 1109 1524 1137 ideo
1556 1108 1583 1136 in
1615 1115 1748 1144 processu
1778 1107 1825 1135 illo
1847 1110 1888 1136 est
1909 1107 2014 1143 paralo-

1167 1158 1273 1194 gismus
1295 1156 1470 1189 accidentis,
1492 1155 1558 1192 quia
1586 1155 1741 1183 secundum
1773 1154 1857 1182 aliam
1883 1157 1910 1183 et
1931 1154 2014 1182 aliam

1166 1203 1402 1240 comparationem
1436 1202 1633 1230 commmzz‘cac
1655 1210 1719 1230 cum
1742 1201 1869 1238 Virgine,
1892 1204 1918 1230 et
1940 1201 2015 1229 debe-

1168 1255 1216 1279 tur
1238 1251 1289 1279 sibi
1312 1250 1437 1279 adoratio
1459 1249 1573 1278 latriae.

1246 1298 1272 1325 [ι.
1294 1297 1331 1325 Ad
1356 1297 1425 1325 illud
1447 1296 1522 1333 quod
1553 1295 1701 1330 obiicitur,
1723 1295 1798 1332 quod
1821 1295 1948 1323 Christus
1970 1295 2016 1323 ho-

1166 1345 1276 1373 noravit
1297 1344 1411 1372 Matrem
1434 1351 1533 1377 suam;
1555 1342 1718 1377 dicendum,
1740 1343 1814 1379 quod
1837 1350 1935 1371 verum
1958 1345 2014 1371 est:

1168 1391 1216 1420 sed
1238 1391 1366 1419 Christus
1394 1398 1448 1418 non
1471 1390 1598 1418 adoravit
1620 1397 1680 1417 eam
1704 1389 1866 1417 adoratione
1887 1389 2014 1422 latriae,

1168 1438 1215 1466 sed
1240 1437 1538 1474 layperclalz'ae--non
1554 1436 1628 1464 enim
1649 1436 1776 1464 adoravit
1791 1444 1851 1464 eam
1868 1439 1899 1464 ut
1920 1436 2014 1469 deam,

1168 1484 1215 1513 sed
1238 1487 1269 1512 ut
1292 1483 1366 1520 filius
1388 1487 1505 1511 matrem
1527 1490 1607 1511 suam
1629 1499 1668 1503 —
1690 1482 1751 1511 ideo
1777 1482 1847 1511 bene
1869 1482 2014 1519 sequitur,

1168 1532 1243 1569 quod
1273 1531 1400 1559 Christus
1432 1538 1496 1559 vere
1518 1530 1633 1559 Matrem
1656 1538 1735 1559 suam
1765 1529 1866 1558 docet⁵
1895 1529 2014 1558 adorare

1168 1583 1195 1607 et
1217 1578 1344 1607 venerari
1367 1578 1438 1606 sicut
1459 1577 1538 1606 decet
1559 1577 1674 1605 Matrem
1697 1577 1753 1605 Dei.
1773 1576 1825 1605 Sed
1841 1584 1876 1605 ex
1893 1576 1945 1605 hoc
1960 1584 2014 1604 non
2028 1582 2142 1601 Notandum.

1168 1626 1311 1662 sequitur,
1343 1625 1418 1661 quod
1448 1624 1528 1658 velit,
1557 1624 1637 1652 illum
1664 1624 1798 1652 honorem
1829 1623 1907 1651 Matri
1937 1623 2015 1652 exhi-

1168 1672 1243 1707 beri,
1265 1680 1348 1709 quem
1372 1671 1432 1700 vult
1453 1671 1581 1700 exhiberi
1604 1671 1672 1705 sibi,
1694 1679 1744 1707 pro
1766 1678 1798 1699 eo
1820 1670 1895 1707 quod
1917 1670 1954 1699 ita
1975 1673 2016 1699 est

1167 1723 1279 1752 mater,
1302 1719 1376 1756 quod
1398 1717 1529 1755 aneilla,-
1544 1721 1570 1746 et
1586 1725 1704 1754 persona
1724 1717 1817 1745 Matris
1833 1717 1859 1745 in
1876 1717 2014 1745 infinitum

1168 1766 1282 1795 inferior
1313 1769 1354 1794 est
1385 1773 1504 1802 persona
1526 1764 1592 1792 Filii.
1615 1764 1677 1793 Ideo
1699 1764 1749 1793 etsi
1771 1764 1892 1792 multum
1916 1764 2015 1792 debeat

1167 1813 1277 1842 adorari
1308 1816 1334 1841 et
1355 1813 1459 1846 amari,
1481 1812 1507 1840 in
1540 1812 1680 1840 infinitum
1703 1815 1793 1840 tamen
1817 1811 1910 1840 minus
1932 1811 2014 1840 debet

1166 1859 1277 1888 adorari
1294 1864 1320 1888 et
1334 1859 1436 1893 amari,
1452 1859 1608 1887 secundum
1624 1858 1712 1895 legem
1728 1858 1849 1886 iustitiae
1864 1861 1891 1886 et
1906 1860 2013 1886 rectum

1167 1908 1310 1939 ordinem,
1333 1915 1417 1943 quam
1446 1906 1531 1935 Filius
1552 1906 1629 1940 eius,
1651 1906 1698 1942 qui
1720 1909 1762 1934 est
1784 1906 1844 1933 Rex
1865 1913 1968 1943 reyum
1990 1909 2016 1933 et

1168 1955 1311 1983 Dominus
1332 1953 1549 1982 doininanciam
1563 1953 1580 1980 ⁷.

328 2445 334 2459 ¹
353 2445 381 2467 Ut
397 2451 423 2467 ex
441 2445 531 2473 Epipl1.,
548 2444 580 2465 111.
598 2443 710 2465 adversus
728 2443 818 2464 llneres,
838 2443 924 2464 haeres.
943 2442 979 2464 78.
998 2448 1016 2463 c.
1035 2441 1071 2463 23.
1090 2444 1111 2463 et

264 2485 351 2506 haeres.
369 2483 407 2506 79.
425 2484 543 2510 novimus,
555 2484 576 2504 in
590 2482 697 2504 Arabiam
710 2488 751 2509 per
769 2482 890 2509 mulieres,
905 2487 964 2509 (luae
982 2487 994 2502 e
1013 2480 1109 2502 Thracia

264 2526 385 2548 venerant,
404 2526 463 2545 secta
482 2522 609 2544 introducta
628 2522 679 2549 suit,
707 2521 773 2542 cuius
790 2523 913 2542 scr-[atores
931 2520 1024 2541 Mariam
1044 2519 1110 2541 deam

264 2561 431 2590 profitebantur
447 2562 513 2589 eique
531 2560 707 2582 sacrificandum
724 2566 774 2581 esse
793 2559 905 2581 tenebant.
924 2558 1057 2585 Nuncupata
1071 2558 1111 2579 fuit

264 2602 321 2623 haec
345 2604 405 2622 secta
432 2599 650 2627 Collyridianoruni,
677 2605 704 2620 co
729 2598 792 2627 quod
818 2599 856 2626 qui
875 2598 935 2619 illam
953 2596 1111 2625 sequebantur

265 2640 397 2667 collyridem
416 2640 429 2661 i.
448 2646 467 2661 e.
486 2642 566 2661 tortam
586 2639 651 2666 panis
668 2639 689 2660 in
708 2639 820 2659 honorem
843 2637 866 2658 B.
885 2637 911 2658 M.
932 2637 958 2658 V.
976 2635 1109 2658 ot'tbrebant.

265 2678 309 2701 Cir.
328 2679 438 2705 Damaso„
457 2678 485 2700 de
505 2678 594 2699 ilat-res.
617 2684 637 2699 n.
661 2677 698 2705 79,
716 2679 738 2698 et
755 2677 836 2698 Ilomil.
855 2677 876 2697 2.
894 2677 915 2697 in
935 2675 1067 2697 Dormition.
1088 2675 1110 2696 Β.

265 2718 292 2740 Μ.
311 2718 337 2739 V.
357 2724 376 2739 n.
399 2717 431 2739 15.

327 2756 337 2770 ‘²
354 2757 376 2778 ln
393 2756 460 2778 codd.
474 2756 537 2778 deest
554 2762 621 2783 eam,-
638 2759 715 2783 posset
727 2756 794 2777 etiam
807 2755 909 2782 suppleri
927 2753 986 2776 illud
999 2756 1110 2779 (nomen).

329 2795 338 2809 ³
354 2795 431 2823 Neque
449 2795 544 2817 strabus
563 2801 636 2822 neque
654 2795 757 2822 Lyranus
774 2795 795 2815 in
815 2794 856 2815 loc.
870 2794 904 2815 cit.
919 2793 1021 2815 Closs-am
1040 2792 1110 2819 affert,

266 2840 325 2862 quae
342 2841 354 2855 a
372 2834 457 2856 Bonav.
476 2835 511 2855 hic
536 2834 669 2861 respicitur,
688 2834 816 2855 insinuatur
833 2836 909 2854 autem
928 2832 1002 2854 duliae
1028 2831 1111 2853 dix-isio

266 2874 287 2894 in
306 2874 416 2894 maiorem
429 2876 450 2895 et
462 2874 574 2894 minorem
588 2874 608 2894 in
622 2873 711 2899 Clossa,
725 2878 795 2900 quam
807 2878 876 2899 supra
894 2878 945 2899 pag.
960 2871 1011 2898 200,
1026 2873 1075 2892 nota
1090 2869 1110 2891 4..

266 2912 423 2939 allegavimus.
451 2912 495 2934 Sed
519 2912 604 2933 Alanus
621 2911 650 2933 ab
668 2912 748 2933 insulis
772 2912 794 2932 ln
822 2911 960 2933 Distinction.
985 2910 1111 2931 dictionum

266 2951 385 2978 theologie.
408 2951 465 2978 (sul)
483 2951 555 2972 verbo
573 2950 665 2977 duliae)
683 2950 774 2973 [lutiam
796 2950 912 2977 tripliciter
936 2949 1065 2976 distinguit:
1090 2949 1111 2970 in

263 2989 403 3019 positivam,
424 2996 482 3017 quae
500 2990 636 3016 maioribus,
655 2992 680 3011 ut
700 2990 826 3016 episcopis,
846 2989 954 3016 debetur,
968 2989 989 3009 in
1010 2987 1112 3010 mediam

2152 2355 2153 2394 l

1167 2441 1202 2462 vel
1218 2441 1412 2467 comparativam,
1426 2445 1485 2468 quae
1503 2439 1599 2461 debetur
1617 2442 1711 2461 naturae
1728 2438 1856 2466 angelicae3
1869 2440 1891 2460 et
1903 2439 1923 2460 in
1936 2437 2015 2460 ”rito-²522
2152 2432 2153 2459 1

1168 2485 1233 2502 mam
1245 2479 1280 2501 vel
1298 2479 1473 2506 superlativum,
1491 2484 1550 2506 quae
1567 2477 1664 2499 debetur
1682 2478 1795 2499 humanae
1813 2475 1894 2498 Christi
1913 2478 2013 2498 naturae.
2152 2461 2153 2516 ἶ

1169 2519 1213 2541 Sed
1232 2518 1285 2540 vide
1303 2524 1361 2546 quae
1379 2517 1408 2539 dc
1426 2518 1469 2539 hoc
1488 2517 1598 2539 (locontur
1616 2517 1652 2538 hic
1669 2522 1691 2544 q.
1714 2516 1731 2538 1.

1232 2556 1240 2571 ⁴
1258 2558 1299 2579 l'ro
1317 2562 1388 2579 snam
1405 2556 1455 2578 cod.
1474 2556 1492 2578 K
1512 2555 1569 2578 eius.

1231 2596 1240 2610 ⁵
1257 2596 1300 2618 Cir.
1319 2602 1388 2623 supra
1402 2602 1423 2624 (1.
1440 2596 1457 2617 1.
1476 2595 1507 2616 De
1520 2595 1605 2616 fallacia
1618 2593 1744 2617 accidentis
1756 2594 1796 2615 etr.
1810 2599 1879 2620 supra
1894 2598 1946 2620 pag.
1964 2592 2011 2619 179,

1169 2638 1220 2658 nota
1243 2636 1260 2657 1.
1277 2635 1347 2656 -ln
1369 2635 1431 2656 initio
1452 2634 1518 2655 solut.
1540 2633 1603 2655 multi
1629 2632 1697 2655 codd.
1721 2632 1828 2654 omittunt
1849 2632 1870 2653 ei
1887 2634 1938 2653 antc¹
1957 2636 2014 2653 con-

1168 2674 1264 2702 similis,
1284 2677 1306 2696 et
1323 2675 1344 2695 in
1362 2675 1411 2695 eius
1429 2673 1473 2695 tine
1490 2676 1541 2695 ante
1557 2671 1653 2695 debetur
1670 2671 1722 2694 edd.
1741 2677 1793 2693 cum
1812 2670 1926 2692 nonnullis
1944 2670 2011 2692 codd.

1169 2718 1274 2742 repetunt
1290 2712 1418 2736 srczmdum
1437 2712 1518 2734 alsam.

1232 2752 1241 2766 ⁶
1258 2753 1300 2774 pro
1317 2751 1393 2779 docet,
1413 2751 1477 2780 quod
1494 2758 1506 2772 e
1524 2750 1574 2772 cod.
1600 2749 1632 2772 bb
1657 2749 1813 2774 restituimus,
1833 2747 1917 2769 librarii
1937 2748 1957 2768 in
1976 2753 2013 2769 ce·-

1169 2792 1222 2813 teris
1239 2791 1306 2813 codd.
1324 2791 1465 2817 scripserunt
1482 2789 1555 2816 decet,
1573 2790 1667 2815 excepto
1685 2787 1735 2809 cod.
1754 2793 1792 2813 aa,
1813 2787 1852 2814 qui
1870 2786 1892 2814 (a
1910 2786 2011 2808 secunda

1169 2837 1238 2852 manu
1264 2834 1367 2857 correct.)
1393 2829 1484 2851 exhibet
1501 2828 1600 2856 docatt;
1625 2827 1676 2849 edd.
1700 2832 1821 2853 perperam
1846 2825 2012 2847 substituerunt

1169 2869 1238 2892 debet.
1258 2869 1359 2891 Subinde
1372 2874 1413 2896 pro
1428 2867 1475 2891 Sed
1490 2874 1521 2890 esc
1537 2867 1579 2889 hoc
1596 2866 1663 2888 codd.
1682 2865 1713 2887 Gl
1724 2865 1741 2886 li
1753 2864 1769 2886 N
1780 2865 1797 2886 T
1811 2865 1828 2886 V
1839 2864 1859 2886 X
1877 2865 1899 2886 et
1915 2870 1945 2886 ea·
1961 2863 2011 2887 linc.

1231 2909 1240 2922 7
1258 2909 1326 2936 Epist.
1344 2908 1358 2930 1.
1377 2908 1435 2929 Tim.
1454 2908 1478 2933 6,
1501 2906 1533 2928 15.
1558 2908 1580 2927 et
1605 2906 1674 2932 Apoc.
1704 2905 1738 2931 l9,
1759 2904 1794 2925 to.
1812 2916 1843 2919 —
1861 2903 1929 2925 Paulo
1947 2909 2012 2930 supe-

1170 2948 1217 2969 rius
1238 2947 1288 2969 cod.
1310 2947 1329 2968 li
1353 2946 1387 2968 bis
1408 2944 1524 2968 honorari
1545 2950 1586 2971 pro
1608 2941 1713 2965 adorari.
1731 2954 1762 2958 —
1781 2942 1838 2963 Vide
1860 2942 1960 2964 scholion
1983 2941 2012 2963 ad

1170 2986 1344 3014 praecedentem
1363 2988 1449 3013 quaest.
