2166 3366
14 336 115 356 mitorum.

51 734 118 754 Aliter.

8 967 116 987 Notandum.

61 1714 117 1733 Nota.

0 2040 118 2059 *Notandunm

15 313 78 333 §olatio
90 317 122 336 op-

758 181 840 210 DlST.
862 182 914 210 Xll.
936 182 1009 210 ART.
1031 182 1059 209 11.
1081 182 1216 218 QUAEST.
1238 182 1257 210 Ι.

216 260 239 286 1.
260 258 299 287 Ad
320 258 389 287 illud
411 266 478 295 ergo
499 258 574 295 quod
596 257 686 295 primo
701 258 830 287 obiicitur
845 259 879 288 de
895 259 977 288 laude

134 305 186 333 viri
208 304 286 339 iusti,
308 305 473 339 dicendum,
495 305 569 342 quod
592 304 653 334 laus
675 304 721 333 illa
743 305 867 333 ratione¹
887 305 977 333 unius

134 352 221 389 partis
242 351 309 380 dicit
329 351 542 388 perfectionem,
564 351 590 379 in
613 351 665 380 hoc
686 351 804 385 scilicet,
825 351 900 388 quod
921 360 975 380 non

134 402 175 427 est
196 402 405 435 transgressus3
426 406 462 427 ex
484 398 547 426 alia
575 401 654 435 parte
675 398 742 426 dicit
769 398 911 435 quandam
932 399 976 427 de-

132 445 340 474 fectibilitatem.
369 444 438 473 Cuin
470 452 536 481 ergo
567 444 685 479 dicitur,
706 445 781 482 quod
802 444 893 473 omnis
915 444 976 474 laus

132 491 310 520 attribuenda
331 494 373 520 est
393 491 516 526 Christ03
537 491 704 526 dicendum,
736 491 810 528 quod
832 491 883 520 etsi
905 491 975 520 illud

132 537 226 575 aliquo
240 538 323 566 modo
338 537 438 566 habeat
460 538 603 567 veritatem
619 538 654 567 de
670 538 752 567 laude
767 539 902 575 perfecta,
918 539 976 567 sive

133 585 240 613 ratione
261 585 321 614 eius
341 585 521 619 conditionis,
543 593 627 622 penes
642 593 726 622 quam
748 585 901 614 attenditur
916 593 977 622 per-

132 632 228 666 fecti0;
250 640 304 660 non
326 635 419 661 tamen
440 635 563 669 oportet,
585 632 660 669 quod
675 632 782 661 ratione
803 632 863 661 eius
885 632 977 661 condi-

134 679 230 713 tionis,
251 678 405 707 secundum
434 686 518 715 quam
550 681 592 707 est
623 679 803 716 imperfectio.
824 695 863 699 ——
884 679 977 707 Posset

133 725 216 754 etiam
238 725 318 754 aliter
340 725 410 759 dici,
441 725 521 762 quia,
553 725 625 754 sicut
646 725 712 754 dicit
737 725 903 762 Magister²,
925 726 977 754 ista

133 772 195 801 laus
215 775 257 801 est
277 772 374 809 capitis
396 772 423 800 in
446 772 595 807 membris,
610 772 647 801 ita
669 773 743 810 quod
759 772 891 810 perfectio
905 780 977 801 com-

132 822 207 856 petat
228 819 278 856 ipsi
300 819 382 856 capiti
399 818 426 847 in
447 826 492 853 se,
509 819 557 848 sed
572 819 647 856 quod
669 822 711 848 est
730 819 766 848 ibi
788 819 977 848 defectibilita-

132 865 167 894 tis
189 865 319 903 competit
341 865 446 894 ratione
467 866 669 895 membrorum.

211 913 237 940 Ξ.
259 912 298 941 ,td
318 912 389 941 illud
411 913 486 950 quod
517 913 663 947 obiicitur,
688 913 764 950 quod
786 913 915 942 meliores
937 913 977 941 iu-

132 958 234 987 dicavit
255 959 330 988 Deus
351 959 477 988 homines
499 963 566 993 etc.;
587 960 753 994 dicendum,
775 960 850 997 quod
866 960 918 989 hoc
934 967 977 988 ve-

133 1012 198 1033 rum
219 1009 261 1034 est
282 1006 316 1034 de
337 1008 393 1034 toto
415 1014 516 1043 genere
537 1007 660 1035 humano
675 1007 830 1036 secundum
852 1007 974 1044 aliquam

133 1051 368 1087 meliorationem,
390 1061 462 1089 quae
492 1053 646 1082 attenditur
673 1054 699 1082 in
722 1053 819 1082 ordine
841 1053 977 1082 universi-

133 1098 204 1127 tatis.
236 1099 279 1127 Sic
306 1100 379 1127 enim
411 1099 539 1134 decebat,
573 1100 711 1129 hominem
746 1101 772 1129 in
795 1101 976 1129 universitate

133 1145 277 1179 constitui,
299 1149 330 1174 ut
351 1146 378 1174 in
400 1146 491 1182 prima
512 1146 554 1175 sui
577 1147 771 1175 constitutione
787 1147 902 1176 baberet
918 1156 977 1176 ver-

133 1192 288 1221 tibilitatem
320 1193 427 1221 arbitrii
458 1194 612 1222 secundum
644 1194 732 1230 legem
765 1202 942 1223 communem
956 1195 975 1222 ⁵.

133 1238 185 1267 Sed
206 1239 334 1268 Christus
365 1239 463 1268 babuit
494 1240 598 1277 aliquid
626 1248 712 1277 supra
734 1241 891 1275 hominem3
913 1241 975 1270 ideo

132 1285 240 1319 decuit,
261 1286 336 1322 quod
358 1286 409 1315 sibi
426 1286 504 1315 fieret
518 1287 632 1324 aliquod
654 1287 830 1324 privilegium
847 1288 975 1325 speciale,

131 1335 163 1359 ut
183 1334 256 1361 esset
277 1332 304 1360 in
325 1340 358 1361 eo
381 1333 531 1362 liberalitas
559 1333 684 1370 obsequii
716 1334 775 1363 sine
798 1335 975 1363 vertibilitate

131 1378 255 1413 arbitrii,
277 1379 348 1408 sicut
369 1383 396 1408 et
418 1379 445 1408 in
467 1380 561 1408 divina
577 1380 718 1409 voluntate
741 1381 878 1415 videmus,
900 1382 973 1418 qnod

131 1425 284 1454 liberaliter
305 1426 384 1455 nobis
406 1426 478 1454 bona
498 1427 635 1464 impendit
656 1430 683 1456 et
709 1427 788 1461 facit,
811 1427 915 1456 nullam
940 1431 976 1456 ta-

130 1479 194 1500 men
216 1472 242 1500 in
264 1480 297 1501 eo
318 1475 359 1501 est
381 1480 483 1510 ponere
505 1473 719 1502 vertibilitatein.
744 1474 773 1502 Et
794 1477 908 1511 propter
923 1475 975 1503 hoc

131 1518 249 1547 verbum
271 1519 342 1547 illud
364 1520 524 1556 Augustini,
546 1520 702 1549 secundum
717 1521 792 1557 quod
816 1520 974 1550 liberaliter

130 1568 210 1594 vocat
232 1565 437 1594 vertibilitatem
459 1566 493 1594 ad
516 1567 696 1601 contrarium,
718 1575 771 1595 non
794 1575 823 1596 se
849 1568 975 1596 extendit

131 1612 164 1640 ad
189 1612 399 1647 melioritatem,
420 1621 492 1650 quae
510 1613 664 1642 attenditur
686 1614 841 1642 secundum
864 1614 974 1651 privile-

131 1659 206 1696 gium
229 1659 363 1696 speciale,
384 1660 432 1689 sed
449 1660 602 1689 secundum
626 1661 714 1697 legem
737 1669 974 1690 communem.—

131 1705 156 1733 Si
179 1706 242 1743 quis
263 1709 356 1735 autem
380 1706 445 1735 velit
466 1706 574 1741 dicere,
602 1707 677 1744 quod
698 1707 734 1736 ibi
758 1707 922 1744 intelligitur
944 1708 974 1736 li-

132 1752 283 1786 beraliter,
305 1753 333 1781 id
354 1756 396 1782 est
426 1753 625 1787 voluntarie⁴,
652 1754 745 1783 obviat
776 1755 799 1783 ei
823 1754 914 1783 littera
935 1763 971 1783 se·

130 1807 219 1836 quens
239 1803 267 1828 et
289 1800 358 1828 ratio
379 1800 551 1837 proponendi
574 1801 708 1835 verbum,
723 1801 789 1838 quia
803 1801 974 1838 Augustinus

131 1846 183 1875 hoc
205 1846 323 1875 verbum
345 1847 426 1881 dicit,
448 1850 479 1875 ut
501 1847 600 1876 reddat
622 1847 774 1883 rationem,
797 1856 885 1885 quare
900 1849 974 1877 Deus

130 1893 214 1922 talem
236 1893 299 1922 fecit
320 1894 476 1929 hominem,
498 1898 529 1923 ut
550 1898 642 1932 posset
665 1895 735 1924 male
757 1895 856 1924 facere.

211 1939 237 1968 3.
259 1940 297 1969 Ad
319 1940 388 1969 illud
411 1941 485 1978 quod
511 1941 641 1970 obiicitur
662 1942 696 1970 de
719 1942 877 1975 Bernardo,
898 1942 974 1979 quod

133 1986 294 2022 descendit,
315 1991 450 2024 quantum
474 1988 643 2017 descendere
674 1989 779 2026 potuit;
807 1989 974 2023 dicendum,

132 2033 205 2070 quod
228 2034 392 2071 intelligitur
413 2034 447 2063 de
470 2034 591 2072 potentia
605 2035 762 2076 ordinata,
784 2043 857 2073 quae
876 2044 976 2072 suppo-

132 2080 172 2108 nit
192 2080 398 2109 condecentiam
412 2081 430 2108 ⁵.
452 2081 550 2110 Decuit
570 2084 663 2109 autem
696 2081 784 2110 Deum
813 2082 977 2110 condescen-

133 2127 199 2156 dere
221 2127 254 2155 ad
278 2127 446 2161 miseria-m,
470 2128 519 2157 sed
542 2128 618 2156 nullo
647 2128 729 2157 modo
750 2129 844 2157 decuit
864 2129 975 2157 descen-

197 2228 203 2242 ¹
222 2228 308 2250 Vocem
325 2228 429 2257 ratione,
444 2236 503 2258 quae
515 2229 544 2252 ab
561 2229 614 2252 edd.
627 2230 701 2258 abest,
714 2231 842 2253 adiecimus
854 2230 898 2253 lide
910 2230 977 2253 codd.

132 2267 148 2290 Α
161 2267 179 2289 K
191 2267 210 2289 M
220 2267 238 2289 O
248 2267 286 2290 bb.

195 2305 205 2320 ²
221 2306 262 2328 Hic
278 2313 298 2329 (¹.
316 2307 337 2328 2.
355 2306 400 2329 Csr.
417 2308 485 2329 etiam
503 2308 526 2330 ll.
544 2308 605 2330 Sent.
624 2308 646 2330 d.
665 2307 701 2330 44.
719 2314 739 2330 a.
758 2309 775 2330 1.
794 2315 815 2336 q.
837 2309 855 2330 1.
873 2308 901 2330 ad
915 2307 935 2330 4.
948 2321 978 2325 —

134 2345 238 2367 l’roxime
254 2349 306 2367 ante
323 2352 365 2374 pro
382 2345 439 2376 quia
456 2346 523 2369 codd.
541 2348 558 2368 A
569 2347 586 2369 Η
597 2347 602 2368 Ι
614 2347 629 2368 l.
640 2347 691 2369 Uaa
710 2346 779 2376 qnod.
800 2347 867 2369 l‘aulo
885 2347 978 2370 inferius

132 2390 175 2412 pro
192 2385 308 2413 competat
323 2385 376 2407 edd.
396 2385 403 2406 ¹l
414 2403 419 2413 ,
433 2386 446 2407 2
464 2391 516 2407 cum
530 2391 573 2407 non
587 2387 666 2413 paucis
677 2386 745 2408 codd.
757 2386 877 2416 competit,
891 2389 913 2409 et
925 2393 977 2408 mox

133 2429 175 2451 pro
192 2422 368 2452 defectibilitatis
385 2424 453 2446 codd.
471 2424 564 2446 lLZaa
583 2424 692 2454 desectus.

195 2461 205 2476 ³
221 2461 266 2484 Csr.
284 2462 306 2484 ll.
324 2463 385 2485 Sent.
403 2462 425 2485 d.
444 2463 480 2485 23.
499 2470 518 2485 a.
541 2464 558 2485 l.
576 2470 597 2492 q.
620 2464 642 2489 ί,
661 2463 700 2486 ubi
718 2465 821 2492 quaestio
834 2464 977 2492 dissolvitur,

134 2504 211 2522 utrum
229 2501 289 2523 Deus
307 2501 412 2523 debuerit
429 2503 502 2524 lacere
520 2503 636 2525 hominem
654 2503 835 2530 impeccabilem.

196 2538 205 2553 ⁴
222 2540 287 2567 Sive,
314 2543 338 2562 ut
358 2541 426 2568 paulo
443 2542 550 2568 superius
567 2541 596 2563 de
615 2542 660 2563 Deo
678 2542 764 2564 dietum
781 2546 826 2569 est,
845 2542 977 2565 liberalitate

134 2579 181 2600 sine
194 2578 337 2601 vertibilitate
350 2579 447 2607 arbitrii,
461 2580 519 2602 sicut
531 2585 552 2602 et
564 2581 585 2602 in
598 2580 674 2603 divina
687 2581 803 2603 voluntate
815 2581 922 2603 videmus
934 2585 975 2603 etc.

134 2615 215 2639 Contra
234 2623 303 2646 quam
327 2618 455 2640 instantiam
473 2618 527 2640 ibid.
546 2624 567 2640 n.
587 2619 623 2640 28.
641 2619 738 2641 dieitur:
760 2628 769 2639 ι
782 2618 921 2642 Liberaliter
938 2620 977 2647 igi-

134 2658 170 2677 tur
187 2656 234 2678 Deo
251 2657 330 2684 angeli
343 2657 458 2684 serviunt,
472 2663 545 2686 neque
558 2658 601 2679 hoc
613 2657 671 2686 Deo,
684 2658 725 2680 sed
737 2659 792 2686 ipsis
804 2658 904 2686 prodest.
917 2659 977 2680 Deus

134 2696 194 2717 enim
213 2695 274 2717 buno
291 2695 383 2718 alterius
401 2702 444 2717 non
463 2696 572 2723 indiget...
591 2697 626 2718 llla
645 2703 701 2719 vei-o
719 2703 777 2725 quae
795 2697 852 2719 lucta
864 2700 917 2719 sunt
927 2698 977 2719 eius

134 2733 195 2755 bono
213 2733 337 2762 indigent...
355 2734 427 2756 Minus
443 2738 518 2757 autem
537 2739 589 2757 sunt
606 2742 675 2764 quam
701 2739 777 2763 erant,
801 2742 853 2758 euni
872 2742 913 2764 per
930 2737 977 2757 ani-

134 2778 184 2795 mae
203 2776 321 2800 peccatum
340 2774 415 2795 minus
431 2774 460 2796 ad
486 2774 548 2796 illum
574 2778 696 2797 moventur
709 2783 718 2795 ι
738 2779 780 2797 ete.
799 2775 913 2803 integrum
932 2777 976 2797 Au-

133 2814 192 2839 gust.
211 2812 300 2840 locuni,
318 2818 365 2841 quo
381 2813 509 2835 continetur
525 2814 593 2835 etiam
609 2821 619 2833 ι
632 2813 702 2836 littera
720 2819 819 2841 sequens
832 2822 852 2839 ι,
865 2813 975 2841 adquam

134 2850 203 2872 lector
220 2851 256 2872 liic
273 2850 403 2879 delegatur,
421 2858 490 2879 supra
508 2852 659 2880 allegavimus
676 2858 729 2880 pag.
748 2852 805 2879 265,
823 2855 874 2874 now
892 2852 914 2874 7.
931 2852 975 2874 Csr.

134 2889 165 2911 lll.
183 2889 212 2911 de
229 2889 277 2911 Lib.
295 2889 348 2912 Arb.
365 2896 385 2912 c.
403 2890 424 2912 5.
443 2897 464 2912 n.
484 2891 519 2912 ¹2.
536 2897 600 2919 seqq.

197 2927 207 2942 ⁵
223 2928 332 2956 Anselm„
350 2929 364 2950 l.
381 2928 427 2950 Cur
444 2928 505 2951 Deus
517 2930 598 2956 homo,
616 2936 635 2951 c.
657 2929 698 2951 12:
717 2930 753 2951 Sic
770 2935 809 2951 eas
825 2928 976 2958 [linei-uitem,

135 2966 274 2988 xolunmtem
299 2970 321 2989 et
344 2966 505 2994 benignitatem
525 2967 573 2995 Dei]
591 2967 704 2989 debemus
722 2967 883 3003 rationabiliter
900 2968 976 2990 intelli·

1820 183 1875 211 267

1034 259 1101 287 dere
1122 259 1156 287 ad
1180 259 1306 296 culpam.
1338 260 1404 288 Nam
1436 260 1487 288 etsi
1518 259 1641 288 miseria
1663 260 1728 288 Filio
1749 261 1797 289 Dei
1820 269 1875 289 non

1034 309 1171 342 competat
1203 306 1230 334 in
1259 314 1303 337 se.
1336 310 1427 335 tamen
1449 307 1594 343 competit,
1624 309 1654 335 ut
1675 310 1716 335 est
1737 307 1877 335 ordinata

1033 352 1074 380 ad
1093 352 1178 388 finem
1211 356 1321 381 nostrae
1353 353 1559 390 redemptionis.
1595 353 1687 390 Culpa
1712 357 1806 382 autem
1833 353 1876 382 vel

1033 399 1170 427 ordinatio
1191 399 1226 427 ad
1258 399 1368 436 culpam
1392 400 1418 428 in
1451 403 1533 435 actu,
1556 401 1599 429 vel
1631 401 1657 429 in
1680 401 1777 429 habitu
1799 400 1876 429 nullo

1034 444 1150 473 istorum
1184 446 1330 474 modorum
1363 447 1494 484 competit
1521 447 1589 481 sibi;
1615 451 1642 476 et
1662 447 1724 476 ideo
1746 448 1876 477 decenter

1033 499 1087 519 non
1109 493 1197 528 potuit
1218 501 1247 521 se
1269 493 1418 522 humiliare
1439 494 1524 528 adeo,
1547 498 1577 522 ut
1591 495 1626 523 ad
1647 498 1749 523 statum
1772 495 1875 532 peccati

1033 539 1188 567 secundum
1211 543 1323 573 aetum,
1346 541 1389 569 vel
1421 541 1547 569 habitum
1570 549 1599 570 se
1626 542 1700 570 Deus
1721 542 1874 570 inclinaret.

1034 600 1072 604 —-
1092 584 1146 613 Nec
1168 585 1241 613 valet
1261 586 1336 622 quod
1351 586 1445 614 obiicit
1467 587 1501 615 de
1522 587 1718 624 passibilitate,
1740 588 1814 625 quod
1838 596 1877 617 re-

1033 631 1150 667 spondet
1162 632 1332 660 vertibilitati
1344 633 1468 667 animae3
1484 634 1633 662 dicendum
1649 638 1690 663 est
1705 635 1788 669 enini,
1800 635 1875 672 quod

1034 677 1085 706 hoc
1108 686 1206 706 verum
1228 682 1269 707 est
1291 679 1445 707 secundum
1469 680 1601 708 iustitiam
1617 689 1804 715 communem,
1826 682 1874 710 sed

1033 724 1160 753 Christus
1181 725 1377 761 passibilitates
1398 726 1489 754 carnis
1520 727 1652 755 assumsit
1673 727 1876 764 dispensative,

1034 771 1105 800 sicut
1127 771 1262 800 inferius⁶
1283 772 1437 809 apparebit.

1112 817 1139 845 [ι.
1161 818 1199 846 Ad
1221 817 1290 846 illud
1313 819 1387 855 quod
1408 819 1553 853 obiicitur,
1576 820 1650 856 quod
1673 820 1799 849 Christus
1817 824 1877 850 erat

1034 865 1059 892 in
1083 868 1157 893 statu
1179 864 1307 899 viatoris3
1329 865 1495 900 dicendum,
1510 866 1584 903 quod
1607 866 1656 895 etsi
1679 869 1739 895 erat
1760 867 1787 895 in
1803 870 1876 896 statu

1034 911 1163 945 viatoris,
1186 920 1239 940 non
1263 915 1354 940 tamen
1388 913 1524 946 omnium
1556 913 1654 941 habuit
1675 914 1748 942 enim
1771 914 1876 951 aliquid

1034 958 1068 986 de
1084 961 1157 986 statu
1172 958 1422 995 comprehensoris.
1438 959 1514 988 Unde
1530 959 1675 988 Boethius⁷
1690 960 1764 994 dicit,
1781 961 1876 998 «quod

1033 1003 1161 1032 Christus
1183 1004 1216 1032 de
1238 1004 1312 1032 omni
1345 1008 1419 1033 statu
1440 1005 1545 1042 aliquid
1578 1007 1724 1035 assumsit:
1747 1007 1781 1035 de
1804 1010 1876 1035 statu

1033 1054 1126 1079 autem
1159 1055 1226 1079 ante
1262 1055 1406 1088 peccatum
1442 1053 1574 1081 assumsit
1607 1053 1806 1088 innocentiam,
1843 1054 1877 1083 de

1033 1101 1108 1126 statu
1135 1102 1201 1135 post
1232 1102 1376 1135 peccatum
1409 1099 1541 1128 assumsit
1573 1108 1705 1136 poenam,
1738 1100 1771 1129 de
1804 1104 1877 1129 statu

1033 1144 1282 1181 comprehensoris
1317 1146 1567 1182 impossibilitatem
1600 1147 1731 1183 peccandi
1749 1159 1775 1175 ».
1808 1148 1877 1184 Quia

1032 1199 1099 1228 ergo
1120 1192 1248 1220 Christus
1279 1200 1368 1228 purus
1396 1193 1485 1221 viator
1507 1201 1560 1221 non
1582 1197 1657 1227 erat;
1680 1194 1742 1222 ideo
1763 1202 1817 1222 non
1839 1202 1878 1223 se-

1032 1238 1144 1274 quitur,
1166 1238 1241 1275 quod
1263 1247 1378 1275 pecc-are
1399 1240 1537 1276 potuerit,
1559 1240 1630 1268 sicut
1650 1244 1767 1277 possunt
1788 1241 1875 1269 etalii

1033 1285 1161 1313 viatores.

1113 1333 1138 1360 5.
1160 1332 1199 1361 Ad
1221 1332 1289 1361 illud
1312 1333 1387 1370 qnod
1409 1333 1554 1368 obiicitur,
1576 1334 1650 1371 quod
1667 1334 1762 1363 nullus
1785 1335 1878 1364 lauda-

1033 1382 1079 1407 tur
1102 1379 1127 1407 in
1160 1379 1203 1408 his
1232 1388 1303 1417 quae
1325 1381 1481 1409 necessario
1512 1381 1592 1414 sacit;
1614 1381 1779 1416 dicendum,
1801 1383 1874 1419 quod

1032 1430 1074 1454 est
1095 1427 1260 1461 necessitas,
1290 1435 1361 1464 quae
1394 1432 1539 1464 repuynal
1562 1428 1711 1463 voluntati,
1741 1429 1812 1458 sicut
1833 1438 1877 1458 ne-

1032 1472 1147 1501 cessitas
1178 1473 1353 1507 σοασιίοηίε,
1386 1482 1457 1511 quae
1491 1475 1564 1503 venit
1594 1476 1629 1503 ab
1655 1476 1828 1510 extrinseco;
1850 1480 1877 1505 et

1031 1522 1073 1547 est
1088 1520 1252 1553 necessitaS,
1267 1528 1339 1556 quae
1353 1520 1450 1548 subest
1465 1521 1608 1555 voluntati,
1622 1525 1649 1550 et
1664 1522 1716 1550 ista
1730 1527 1772 1551 est
1787 1530 1877 1551 neces-

1031 1566 1113 1601 sitas,
1128 1575 1199 1603 quae
1215 1567 1289 1595 venit
1304 1575 1339 1595 ex
1356 1567 1506 1596 voluntatis
1525 1568 1760 1597 immutabilitate
1773 1570 1790 1597 ⁸.
1807 1570 1876 1598 Cum

1031 1620 1097 1650 ergo
1119 1613 1236 1647 dicitur,
1258 1614 1332 1651 quod
1357 1614 1417 1643 laus
1438 1623 1491 1642 non
1514 1618 1555 1643 est
1578 1615 1602 1643 in
1632 1616 1765 1652 operibus
1787 1624 1877 1645 neces-

1031 1659 1135 1693 sitatis,
1166 1660 1334 1694 dicendum,
1363 1661 1436 1698 quod
1468 1669 1565 1689 verum
1598 1665 1639 1690 est
1660 1662 1694 1690 de
1715 1663 1877 1691 necessitate

1029 1706 1126 1742 primo
1148 1706 1230 1735 modo
1250 1707 1338 1741 dicta,
1360 1707 1408 1736 sed
1432 1715 1484 1735 non
1506 1708 1640 1736 secundo.

1110 1754 1135 1781 6.
1158 1753 1196 1782 Ad
1220 1753 1288 1782 illud
1309 1754 1384 1791 quod
1406 1754 1552 1788 obiicitur,
1584 1755 1659 1791 quod
1682 1755 1772 1792 potuit
1792 1755 1877 1784 scien-

1032 1803 1073 1828 ter
1095 1800 1187 1829 dicere
1219 1801 1384 1829 locutionem
1416 1801 1531 1835 salsam3
1553 1801 1719 1836 dicendum,
1741 1803 1815 1839 quod
1837 1802 1878 1830 (li-

1031 1855 1094 1875 cere
1115 1851 1157 1876 est
1178 1848 1342 1884 dupliciter:
1372 1856 1428 1876 uno
1461 1849 1543 1877 modo
1576 1849 1648 1877 idem
1670 1852 1711 1878 est
1732 1849 1805 1886 quod
1829 1858 1878 1878 ore

1028 1893 1185 1931 proferre;
1206 1898 1233 1923 et
1265 1895 1316 1923 lioc
1349 1895 1431 1923 modo
1462 1895 1568 1932 absque
1600 1895 1686 1924 dubio
1707 1896 1796 1932 potuit
1819 1904 1877 1933 pro-

1032 1941 1105 1969 ferre
1129 1941 1294 1970 locutionem
1317 1941 1432 1976 salsam,
1453 1942 1519 1979 quia
1541 1942 1603 1971 talis
1625 1942 1742 1980 prolatio
1763 1946 1804 1971 est
1819 1951 1879 1980 per-

1033 1988 1166 2017 fectionis.
1188 1988 1246 2017 Alio
1267 1988 1350 2017 modo
1371 1989 1464 2018 dicere
1486 1989 1560 2018 idem
1589 1993 1630 2018 est
1651 1989 1726 2026 quod
1748 1998 1879 2018 asserere

1033 2034 1091 2063 sive
1112 2034 1269 2068 affirmare;
1290 2038 1317 2064 et
1339 2035 1390 2064 hoc
1412 2036 1495 2064 modo
1516 2044 1569 2064 non
1592 2036 1696 2073 potuit,
1722 2036 1788 2073 quia
1810 2036 1878 2065 veri—

1033 2085 1075 2110 tas
1096 2082 1130 2110 ad
1153 2081 1301 2110 salsitatem
1333 2082 1473 2111 declinare
1496 2091 1548 2111 non
1573 2083 1677 2120 potuit;
1698 2086 1725 2112 et
1748 2083 1799 2112 lioc
1820 2082 1879 2120 qui·

1034 2128 1096 2157 dem
1121 2136 1173 2156 non
1196 2128 1247 2156 fuit
1269 2128 1462 2165 impotentiae,
1492 2128 1576 2156 immo
1598 2129 1687 2165 magis
1709 2129 1846 2166 potentiae
1859 2128 1877 2156 ⁹.

1035 2237 1102 2259 gere,
1121 2233 1145 2252 nt
1162 2231 1264 2259 dignitati
1282 2231 1341 2253 illius
1353 2237 1398 2253 non
1411 2230 1532 2253 videamus
1543 2237 1680 2259 repugnare.
1700 2230 1800 2253 Libertas
1817 2231 1877 2252 enim

1035 2276 1080 2292 non
1098 2273 1131 2291 est
1149 2271 1189 2292 nisi
1207 2270 1236 2292 ad
1255 2270 1298 2292 hoc
1315 2270 1377 2298 quod
1395 2270 1502 2298 expedit,
1520 2274 1558 2292 aut
1575 2270 1638 2298 quod
1657 2270 1736 2297 ‹lecet;
1755 2276 1795 2291 nec
1818 2269 1878 2291 beni-

1034 2308 1109 2335 gnitas
1126 2308 1221 2330 dicenda
1238 2311 1272 2330 est
1289 2315 1348 2337 quae
1366 2308 1451 2337 aliquid
1469 2309 1515 2330 Deo
1533 2308 1641 2330 indecens
1657 2307 1878 2336 operatura-Sub-

1034 2346 1086 2368 inde
1105 2353 1147 2374 pro
1164 2346 1246 2369 Dec'uz'l
1262 2348 1354 2374 aulem,
1374 2347 1571 2376 quemadmodum
1591 2348 1702 2374 scriptum
1719 2350 1753 2368 est
1771 2347 1792 2368 in
1809 2346 1877 2368 codd.

1034 2387 1050 2407 A
1070 2385 1098 2413 (K
1117 2392 1128 2407 a
1146 2385 1245 2407 secunda
1273 2386 1351 2414 mauu)
1370 2385 1470 2413 MObb,
1488 2386 1524 2408 alii
1542 2385 1609 2408 codd.
1628 2387 1718 2413 lamen,
1737 2385 1789 2407 edd.
1807 2384 1876 2407 enlm.

1035 2425 1085 2446 Post
1104 2431 1175 2452 pziiwa
1193 2424 1261 2446 codd.
1279 2425 1294 2446 A
1306 2424 1337 2446 bb
1355 2424 1432 2446 verbis
1450 2423 1509 2446 Filio
1529 2423 1570 2447 Dei
1586 2424 1715 2452 praefigunt
1732 2423 1782 2452 ipsi.

1095 2463 1105 2477 ⁶
1125 2463 1178 2485 Dist.
1201 2463 1233 2485 15.
1251 2470 1271 2484 a.
1294 2464 1310 2485 l.
1328 2469 1350 2491 q.
1373 2463 1389 2484 Ι.
1408 2469 1472 2491 seqq.
1492 2475 1521 2478 —
1539 2463 1580 2484 l‘ro
1597 2462 1678 2486 carnis
1698 2463 1765 2485 codd.
1785 2463 1801 2485 U
1819 2470 1878 2486 com-

1033 2508 1124 2525 memes.

1096 2541 1105 2555 ⁷
1123 2541 1153 2563 De
1172 2541 1218 2563 Una
1237 2548 1333 2569 persona
1351 2544 1373 2563 et
1390 2540 1481 2563 duabus
1496 2542 1593 2568 naturis,
1611 2548 1630 2563 c.
1649 2542 1668 2563 8.
1684 2541 1769 2563 Boethii
1787 2545 1874 2564 seuten-

1033 2581 1061 2603 tia
1079 2580 1110 2602 ibi
1128 2581 1218 2608 longior
1229 2583 1274 2607 est,
1291 2586 1360 2608 quani
1379 2586 1439 2608 quae
1457 2581 1492 2602 liic
1509 2586 1520 2601 a
1539 2580 1624 2602 Bonav.
1642 2580 1741 2603 alit-rtur.

1095 2619 1105 2633 8
1122 2619 1152 2641 De
1170 2625 1214 2647 qua
1232 2618 1367 2642 necessilrtle
1391 2618 1443 2640 vide
1463 2619 1485 2640 ll.
1503 2619 1563 2641 Sent.
1582 2619 1604 2640 d.
1621 2619 1642 2641 7.
1662 2626 1684 2647 p.
1703 2620 1717 2641 t.
1736 2626 1755 2641 a.
1775 2620 1795 2641 ⁵2..
1813 2626 1835 2648 q.
1854 2620 1875 2642 ⁴2.

1033 2658 1061 2680 ad
1080 2658 1108 2685 3,
1126 2658 1148 2679 d.
1167 2658 1203 2680 25.
1221 2664 1242 2685 p.
1262 2658 1284 2679 ΙΙ.
1303 2664 1324 2686 q.
1343 2658 1363 2679 2.
1382 2658 1403 2679 iu
1421 2664 1483 2685 corp.
1501 2660 1523 2680 et
1539 2664 1561 2686 q.
1580 2657 1600 2679 4.
1618 2664 1666 2686 seq.
1684 2657 1728 2680 Csr.
1746 2659 1813 2680 etiam
1832 2660 1876 2680 An-

1032 2696 1109 2723 selm.,
1128 2696 1150 2717 ll.
1168 2695 1214 2718 Cur
1239 2696 1299 2717 Dens
1324 2696 1405 2723 lionm,
1427 2702 1446 2717 c.
1468 2695 1500 2717 17.
1518 2702 1582 2724 seqq.
1601 2708 1630 2711 —
1648 2696 1669 2718 ln
1688 2696 1731 2718 nne
1748 2697 1814 2718 solut.
1833 2703 1874 2724 pro

1033 2734 1148 2762 secundo,
1168 2734 1230 2763 quod
1249 2734 1332 2756 liabent
1349 2734 1416 2756 codd.
1434 2735 1450 2756 A
1462 2734 1479 2755 Μ
1490 2734 1533 2761 bb,
1551 2734 1587 2756 alii
1605 2734 1671 2757 codd.
1690 2738 1711 2756 et
1728 2735 1780 2757 edd.
1799 2736 1874 2757 minus

1033 2780 1135 2801 congrue
1151 2773 1179 2796 de
1196 2772 1305 2796 secundo.

1094 2812 1104 2826 ⁹
1121 2812 1227 2839 Anselm„
1246 2812 1267 2833 ll.
1286 2812 1332 2834 Cur
1354 2812 1414 2834 Deus
1431 2813 1511 2836 lioino,
1534 2819 1553 2834 ‹·.
1580 2813 1612 2834 10.
1631 2812 1766 2840 respondet:
1789 2813 1813 2835 Et
1831 2813 1874 2835 hoc

1032 2851 1108 2875 dicere
1126 2852 1209 2879 potuit,
1227 2854 1248 2873 et
1263 2857 1360 2880 peccare
1378 2858 1421 2873 non
1440 2852 1534 2879 potuit...
1552 2852 1631 2874 Omnis
1649 2854 1748 2880 potestas
1770 2853 1874 2881 sequitur

1033 2891 1179 2912 voluntatem.
1197 2889 1254 2911 Cum
1271 2890 1331 2911 enini
1349 2890 1411 2918 dico,
1429 2891 1482 2919 quia
1501 2896 1594 2918 possum
1613 2891 1674 2919 loqui
1690 2891 1725 2913 vel
1743 2891 1872 2919 ambulare,

1032 2929 1179 2951 subauditur:
1198 2929 1215 2950 si
1233 2929 1297 2955 volo;
1315 2929 1332 2951 si
1353 2930 1414 2951 enim
1433 2935 1476 2952 non
1499 2929 1675 2957 subintelligitur
1692 2930 1809 2958 voluntas,
1829 2936 1872 2952 non

1032 2971 1066 2989 est
1083 2971 1194 2995 potestas,
1213 2967 1253 2990 sed
1271 2968 1392 2990 necessitas
1409 2971 1451 2990 etc.

1891 871 2004 891 Notandum.

1892 1853 1998 1872 instinctio.
