2166 3366
150 270 314 309 hypostasis
335 278 389 299 non
411 270 485 299 dicat
502 270 710 307 proprietatem
731 269 931 303 excellentiae,
953 270 991 299 di-

148 317 185 346 cit
205 321 297 345 tamen
318 315 545 354 fundamentum
566 316 752 349 eminentiae,-
773 316 825 345 hoc
846 319 939 345 autem
962 317 988 345 in

147 363 256 392 Christo
277 371 330 391 non
351 368 393 392 est
407 364 499 392 anima
513 371 564 392 nec
578 371 643 392 caro
657 370 707 391 nec
722 370 757 391 ex
780 366 900 399 utroque
914 370 990 391 com-

147 410 284 446 positum,
306 410 354 438 sed
376 410 499 439 Verbum
521 410 683 438 increatum.
707 409 738 437 Et
752 412 899 446 propterea
913 416 991 446 prae·

146 457 235 485 dictae
263 457 336 485 duae
368 456 520 485 locutiones
549 456 718 493 impropriae
749 458 814 484 sunt
842 458 869 484 et
889 455 990 489 falsae3

146 506 173 532 et
194 503 215 531 si
239 503 367 540 legantur
389 502 507 537 alicubi,
536 505 601 531 sunt
631 502 813 538 exponendae
842 505 869 530 et
891 509 990 530 secun-

146 549 214 578 dum
235 549 319 577 aliam
350 549 537 586 acceptionem
569 548 644 577 illius
675 549 930 582 determinationis,
952 556 991 577 se-

146 596 270 625 cundum
292 595 367 633 quod
388 599 430 624 est
450 595 569 629 homo¹,
591 598 655 623 sunt
677 595 879 632 intelligendae.

224 643 293 671 Haec
314 645 424 676 autem,
446 642 480 670 de
501 650 557 679 qua
578 650 652 671 nunc
682 645 724 670 est
749 650 857 677 sermo,
886 642 990 671 scilicet

0 677 134 725 totamm.
145 689 272 718 Christus
293 692 335 718 est
356 688 560 722 individuum,
576 689 731 717 secundum
754 689 829 726 qnod
851 689 947 722 homo,
963 691 990 717 et

31 722 78 740 '¹¹¹⁵'
146 736 229 765 haec:
261 735 389 764 Christus
420 738 461 764 est
492 736 693 772 suppositam,
725 736 881 764 secundum
913 735 988 773 quod

15 790 104 810 *minato
114 790 131 808 1.
145 782 243 817 homo,
265 785 381 819 possunt
403 782 506 810 habere
534 782 744 819 proprietatem
771 785 798 811 et
819 782 990 819 improprie-

146 833 231 857 tatem
253 829 408 857 secundum
431 828 572 857 diversam
605 828 783 857 intentionem
805 829 921 857 istorum
944 836 990 857 vo-

0 867 2 877 '
27 876 319 910 nornpdiyi-cabulorum.
351 892 390 896 —
421 875 529 904 Dicitur
556 875 629 904 enim
661 875 767 912 aliquid
800 875 988 903 individuum

19 906 133 949 fflffmw
146 922 310 959 dupliciter:
333 930 389 950 uno
410 922 506 956 modo,
522 922 587 959 quia
602 922 705 950 dicitur
726 922 760 951 de
782 930 840 950 uno
862 922 941 955 solo;
962 926 989 950 et

143 969 197 998 hoc
218 969 300 998 modo
314 969 414 997 albedo
430 969 500 997 Petri
515 972 557 997 est
578 968 781 1002 individuam,
797 972 824 997 et
839 969 890 997 hoc
905 969 988 997 modo

144 1015 332 1044 individuum
347 1015 449 1044 dicitur
463 1015 538 1052 quod
560 1018 601 1044 est
616 1015 775 1043 indivisam
798 1015 829 1043 in
849 1024 886 1043 se.
904 1015 934 1043 Et
949 1016 988 1044 sic

13 1069 102 1089 :anei-:sio
113 1069 131 1088 a.
143 1062 249 1099 absque
270 1062 355 1091 dubio
369 1062 512 1094 Christus,
533 1062 688 1090 secundum
720 1061 794 1098 quod
817 1062 914 1096 homo,
946 1065 988 1091 est

143 1109 330 1138 individuum.
351 1109 410 1137 Alio
432 1108 514 1137 modo
535 1108 638 1137 dicitur
654 1108 841 1136 individuum
856 1109 930 1146 quod
946 1112 988 1138 est

14 1162 102 1182 'uelusio
112 1162 130 1181 ³-
143 1156 181 1185 ab
201 1155 271 1184 aliis
291 1155 420 1184 divisam
441 1159 468 1184 et
488 1154 620 1183 subsistit
644 1155 675 1183 in
702 1164 732 1183 se
760 1159 787 1184 et
804 1164 858 1192 per
882 1164 930 1188 se,·
961 1159 988 1184 et

144 1202 196 1231 hoc
217 1202 300 1230 modo
314 1202 475 1239 accipiendo
492 1201 668 1230 individuum
682 1224 688 1235 ,
704 1201 828 1230 humana
843 1206 944 1230 natura
961 1202 988 1230 in

143 1249 252 1277 Christo
273 1257 327 1277 non
348 1251 390 1277 est
412 1248 598 1277 individuum.
620 1248 666 1276 Est
686 1248 760 1276 enim
790 1249 867 1277 unita
896 1249 987 1278 Verbo

142 1296 280 1329 increato,
302 1295 374 1324 sicut
395 1303 446 1324 suo
467 1295 620 1331 supposito.

221 1342 271 1370 Per
292 1342 367 1370 hunc
381 1341 463 1370 etiam
481 1341 594 1369 modum
611 1341 840 1379 distinguendum
856 1346 906 1373 est,
922 1350 985 1371 cum

31 1388 257 1423 ιειιῃψοεῑιο1110111111
279 1388 419 1422 Christus,
440 1388 595 1417 secundum
611 1388 686 1425 quod
704 1388 801 1423 homo,
823 1392 864 1417 est
884 1398 987 1426 sappo-

18 1419 117 1438 ‹innuen-³.
141 1436 241 1464 situm.
264 1436 308 1464 Est
330 1436 402 1464 enim
424 1435 609 1472 suppositum
625 1436 656 1463 in
676 1444 732 1474 quo
753 1440 780 1464 et
801 1436 986 1473 suppositum

142 1482 175 1511 cle
196 1482 280 1520 quo?
302 1483 326 1510 Si
350 1483 460 1511 dicatur
481 1482 656 1519 suppositum
680 1482 766 1515 illud,
788 1483 821 1510 tle
842 1491 897 1520 qao
918 1483 986 1511 alte-

15 1535 20 1542 ·
44 1535 101 1554 clusio
111 1535 128 1554 Α.
142 1537 206 1558 rum
228 1529 407 1566 praedicatur
428 1533 455 1558 et
475 1529 548 1565 quod
573 1529 721 1557 subiicitur
735 1530 890 1566 superiori:
911 1530 987 1558 Chri-

142 1580 217 1611 stus,
239 1576 394 1605 secundum
416 1576 488 1612 quod
506 1576 605 1609 homo,
620 1580 661 1604 est
676 1577 861 1612 suppositum.
877 1576 902 1604 Si
920 1584 986 1605 vero

142 1623 251 1652 dicatur
280 1623 349 1651 illud
378 1623 570 1659 suppositum,
601 1623 632 1650 in
659 1631 715 1660 quo
745 1626 832 1651 totum
865 1632 924 1651 esse
945 1624 984 1652 rei

15 1676 100 1695 &inclusio
111 1676 128 1694 5·
142 1669 282 1698 stabilitur
312 1672 339 1697 et
360 1669 510 1701 fundatum
542 1669 580 1697 sic
612 1677 664 1697 non
697 1673 739 1698 est
760 1670 984 1704 concedendum,

141 1716 282 1744 Christum
305 1723 365 1744 esse
386 1715 588 1752 suppositum,
610 1716 765 1744 secundum
788 1717 861 1753 quod
886 1717 984 1751 1101110,

141 1763 192 1791 nisi
214 1766 336 1791 arctetur
358 1762 436 1790 ratio
456 1762 617 1798 suppositi,
632 1765 663 1790 ut
678 1762 787 1791 dicatur
808 1763 984 1800 suppositum

141 1809 324 1839 accidentium
347 1812 373 1837 et
394 1809 596 1846 proprietatum
619 1809 841 1838 accidentalium.

185 1850 191 1853 ”
220 1856 296 1885 Unde
316 1855 383 1893 quia
404 1856 430 1884 in
451 1855 541 1883 unica
562 1855 605 1884 sui
627 1855 785 1892 acceptione
807 1859 861 1884 tam
884 1864 984 1885 nomen

35 1909 128 1934 Epfloaos-
142 1902 291 1931 individui
320 1910 404 1939 quam
434 1910 533 1931 nomen
565 1902 710 1939 suppositi
740 1903 908 1940 aequipollet
933 1903 985 1942 hy-

138 1949 267 1986 postasi,
289 1949 374 1977 falsae
396 1952 460 1977 sunt
481 1949 639 1986 praedictae
662 1949 814 1977 locutiones
829 1957 863 1978 ex
886 1950 983 1978 eadem

141 2003 237 2029 causa,
260 2003 295 2024 ex
317 2003 372 2032 qua
393 1998 420 2023 et
435 1995 537 2023 locutio
553 1994 709 2032 praedicta,
724 1995 842 2024 scilicet:
857 1996 985 2026 Christus

141 2046 182 2071 est
215 2042 385 2079 hypostasis,
417 2041 572 2070 secundum
604 2042 679 2078 quod
702 2042 792 2070 homo.
815 2043 989 2079 sequeretur·

141 2089 230 2122 enim,
252 2088 327 2125 quod
349 2088 375 2116 in
398 2087 507 2117 Christo
528 2091 620 2117 essent
634 2088 691 2117 duo
706 2089 849 2125 supposita
870 2092 897 2117 et
912 2089 985 2119 duae

141 2135 319 2172 hypostases;
341 2138 368 2163 et
389 2134 426 2162 ita
447 2142 500 2162 non
522 2138 595 2163 esset
616 2142 716 2167 unum,
739 2143 788 2163 nec
810 2139 882 2164 esset
904 2136 930 2164 in
952 2144 985 2165 eo

142 2189 209 2210 vera
229 2182 303 2210 unio.
325 2197 365 2201 —
385 2181 543 2209 Secundum
566 2184 659 2210 autem
681 2181 775 2209 aliam
796 2182 983 2219 acceptionem

23 2234 130 2258 ‹larua-pro
143 2232 258 2265 possunt
279 2227 408 2261 concedi3
437 2230 464 2256 et
485 2235 534 2264 per
556 2227 607 2256 hoc
629 2231 745 2264 possunt
766 2227 880 2257 dissolvi
902 2229 985 2257 ratio-

10 2259 130 2300 ae⁸f²q⁰⁰⁹²‘'
142 2283 206 2309 nes,
228 2282 299 2312 quae
321 2274 494 2303 inducuntur
509 2274 543 2302 ad
560 2277 709 2311 utramque
724 2279 840 2311 partem.
858 2275 985 2304 Rationes

143 2321 232 2354 enim,
254 2328 325 2358 qnae
346 2321 518 2349 inducuntur
545 2321 578 2349 ad
603 2321 720 2358 primam
745 2325 870 2358 partem,
893 2330 985 2358 proce-

143 2367 214 2396 dunt
234 2367 269 2396 de
290 2367 456 2400 individuo,
478 2367 631 2396 secundum
654 2368 728 2404 quod
744 2368 930 2396 individutmn
946 2368 985 2397 di-

143 2414 215 2442 citur
242 2414 316 2451 quod
349 2413 384 2442 de
412 2422 467 2442 uno
489 2414 547 2442 solo
578 2414 688 2443 dicitur.
712 2414 838 2443 Rationes
861 2422 926 2443 vero
947 2415 983 2443 ad

142 2464 250 2497 partem
276 2464 436 2498 sequentem
463 2461 617 2497 procedunt
642 2461 676 2490 de
702 2461 858 2495 individuo,
888 2469 983 2490 secun-

775 192 857 221 DlST.
880 193 909 221 X.
932 193 1003 221 ART.
1025 193 1043 221 Ι.
1066 193 1201 230 QUAEST.
1223 193 1262 221 Ill.

1832 194 1884 222 231

1047 271 1114 299 dum
1136 271 1210 308 quod
1243 279 1296 299 non
1318 271 1407 299 solum
1430 279 1484 299 non
1506 271 1642 299 dividitur
1664 271 1693 299 in
1715 271 1776 299 alia
1790 270 1817 305 ³,
1839 271 1888 300 sed

1047 317 1129 345 etiam
1152 317 1178 345 in
1211 321 1346 354 quantum
1379 318 1515 346 dividitur
1535 317 1572 346 ab
1593 318 1653 346 alio
1674 318 1840 355 supposito,
1862 321 1889 347 et

1047 362 1099 391 hoc
1120 363 1232 400 quidem
1255 372 1308 392 non
1330 364 1414 393 habet
1435 364 1461 392 in
1483 365 1600 393 Christo.
1623 365 1653 393 Et
1674 365 1726 393 hoc
1741 367 1830 393 totum
1845 373 1890 402 pa-

1047 412 1085 437 tet
1110 411 1288 446 pertractanti
1310 411 1434 448 singulas
1456 411 1584 441 rationes.

1126 456 1165 484 Ex
1188 457 1231 485 his
1261 460 1335 494 patet
1361 458 1435 494 quod
1464 458 1563 486 ultimo
1594 459 1795 496 quaerebatur,
1816 463 1926 496 quaeAd
1936 464 2029 487 quaestio-

1046 501 1150 530 scilicet
1172 502 1324 532 locutiones
1346 504 1371 532 in
1394 504 1446 533 hac
1471 505 1586 533 materia
1608 505 1662 533 sint
1683 505 1886 540 admittendae,
1900 492 2029 529 ffifgenffl‘

1045 551 1072 576 et
1094 556 1165 585 quae
1187 557 1249 577 non.
1272 550 1336 578 lllae
1357 551 1431 578 enim
1453 551 1645 580 concedendae
1661 555 1741 586 sunt,
1763 559 1834 589 quae
1849 552 1888 580 sic

1046 594 1190 623 veritatem
1204 598 1230 624 et
1243 597 1439 633 proprietatem
1456 600 1622 626 naturarum
1639 598 1798 635 important,
1813 598 1888 635 quod

1045 641 1084 670 illi
1107 650 1234 671 summae
1249 643 1343 671 unioni
1358 651 1413 671 non
1434 644 1641 680 praeiudicant,
1658 645 1683 673 in
1698 654 1753 682 qua
1775 645 1887 682 quidem

1044 688 1115 716 sacta
1137 692 1178 717 est
1200 689 1265 717 unio
1288 690 1312 717 in
1330 697 1447 725 persona
1463 690 1561 725 Verbi,
1577 699 1629 719 non
1647 691 1736 720 solum
1760 692 1785 719 in
1802 700 1889 728 quan·-

1045 737 1104 762 tum
1127 735 1193 763 dicit
1208 735 1378 772 dignitatem
1391 736 1597 772 proprietatis,
1613 737 1660 765 sed
1673 737 1680 751 ⁴
1703 738 1728 765 in
1751 741 1887 774 quantum
1922 760 1925 763 ,

1045 780 1111 809 dicit
1141 782 1325 818 suppositum
1357 782 1642 816 incommunicabile,
1674 784 1777 812 scilicet
1799 784 1887 821 ipsam

1045 827 1232 864 hypostasim,
1255 828 1360 857 ratione
1382 829 1462 857 cuius
1489 832 1531 857 est
1552 834 1650 858 mutua
1672 831 1840 867 praedicatio
1861 834 1888 859 et

1045 873 1208 902 idiomatum
1232 875 1453 903 communicatio.
1475 892 1514 896 -
1536 876 1565 904 Et
1597 877 1647 904 hoc
1678 881 1808 914 tanquam
1837 886 1888 915 pro
1913 882 2028 909 Diresstivum

1045 919 1179 949 directivo
1200 921 1336 958 principio
1350 924 1392 950 est
1406 922 1582 957 habendum,
1597 923 1662 960 quia
1678 923 1703 951 in
1720 924 1767 952 illa
1788 924 1888 953 unione
1900 911 2019 929 prmmp'um'

1045 966 1125 995 beata
1146 975 1264 1004 persona
1286 968 1368 997 Verbi
1399 968 1462 997 fecit
1494 976 1522 997 se
1545 970 1720 1006 suppositum
1751 971 1888 999 hnmanae

1046 1017 1173 1049 naturae,
1195 1014 1266 1043 sicut
1288 1015 1393 1052 pluries
1408 1015 1434 1043 in
1451 1016 1703 1052 praecedernibus⁵
1719 1017 1822 1045 dictum
1839 1020 1887 1045 est.

1045 1061 1075 1088 Et
1097 1069 1148 1098 pro
1170 1064 1245 1089 tanto
1267 1062 1390 1090 humana
1411 1066 1512 1090 natura
1533 1062 1560 1090 in
1582 1063 1691 1091 Christo
1706 1063 1808 1091 dicitur
1829 1072 1889 1091 ver—

1041 1116 1111 1144 pere
1132 1107 1163 1135 in
1184 1108 1333 1136 accidens:
1353 1112 1379 1137 et
1394 1109 1456 1137 ideo
1471 1109 1581 1146 aliquod
1599 1110 1799 1146 praedicatum,
1814 1110 1888 1147 quod

1044 1154 1110 1183 dicit
1133 1155 1246 1183 modum
1262 1155 1412 1189 existendi,
1429 1164 1494 1184 vere
1513 1156 1677 1185 attribuitur
1697 1156 1779 1185 nobis
1794 1165 1889 1186 secun-

1045 1200 1114 1228 dum
1136 1200 1288 1229 humanam
1309 1205 1452 1236 naturam,
1474 1202 1549 1239 quod
1572 1206 1662 1231 tamen
1685 1211 1738 1231 non
1761 1211 1826 1232 vere
1850 1206 1888 1231 at-

1044 1247 1178 1276 tribuitur
1202 1246 1316 1276 Chrz'sto
1348 1249 1501 1277 secundum
1537 1249 1700 1283 humanam,
1722 1250 1770 1278 sed
1792 1258 1888 1279 secun-

1044 1294 1110 1323 dum
1134 1294 1269 1329 divinam,
1292 1295 1395 1324 scilicet
1425 1304 1485 1324 esse
1514 1304 1690 1333 personam,
1712 1301 1738 1325 et
1759 1305 1818 1325 esse
1841 1296 1888 1335 sty-

1040 1342 1199 1378 postianm,
1231 1350 1291 1371 esse
1320 1343 1519 1379 suppositam,
1542 1351 1601 1372 esse
1624 1343 1826 1378 individuam,
1848 1352 1888 1374 εθ-

1043 1389 1167 1418 cundum
1190 1389 1265 1426 quod
1281 1389 1416 1418 vocabulo
1431 1390 1587 1426 hypostasis
1602 1390 1801 1428 aequipollent;
1824 1391 1887 1420 licet

1043 1436 1197 1464 secundum
1221 1436 1367 1472 largiorem
1390 1436 1505 1464 modum
1527 1436 1678 1474 accipiendi
1701 1437 1757 1465 duo
1788 1437 1886 1466 ultima

1042 1480 1148 1520 possint
1167 1483 1295 1517 attribui,
1318 1487 1348 1511 ut
1369 1486 1541 1520 praetactum
1563 1487 1611 1512 est.

1120 1529 1172 1557 Sed
1195 1534 1289 1557 contra
1311 1530 1451 1566 praedicta
1468 1530 1578 1558 videtur
1600 1539 1679 1567 posse
1701 1531 1797 1562 obiici.
1819 1540 1885 1569 quo·
1897 1535 1993 1576 ,23335533
2002 1535 2025 1554 de

1042 1576 1115 1604 niam
1138 1575 1258 1609 videtur,
1273 1576 1347 1613 quod
1363 1576 1502 1610 Christus,
1529 1577 1682 1605 secundum
1698 1578 1772 1614 quod
1789 1578 1884 1613 homo,
1996 1572 2000 1576 ⁴

1040 1630 1106 1650 vere
1126 1625 1153 1650 et
1182 1622 1303 1658 proprie
1333 1623 1368 1650 sit
1399 1622 1584 1651 individuum.
1606 1624 1680 1652 Sicut
1702 1624 1773 1652 enim
1796 1625 1822 1653 in
1844 1633 1886 1654 εθ-

1041 1668 1133 1697 cundo
1156 1668 1226 1696 libro
1237 1668 1246 1682 ⁶
1267 1672 1408 1697 ostensum
1432 1669 1495 1703 suit,
1512 1669 1693 1698 individuatio
1709 1675 1748 1698 est
1763 1679 1797 1699 ex
1814 1680 1886 1700 com-

1041 1715 1228 1743 municatione
1260 1715 1392 1743 materiae
1423 1724 1487 1744 011111
1520 1716 1621 1751 forma,
1653 1720 1679 1745 et
1711 1717 1886 1746 innotescere

1041 1761 1125 1789 habet
1146 1769 1195 1798 per
1216 1761 1400 1790 accidentium
1416 1762 1618 1796 collectionem,
1634 1763 1760 1792 Christus
1781 1768 1884 1799 autem,

1041 1807 1195 1836 secundum
1219 1808 1293 1844 quod
1316 1808 1412 1841 homo,
1433 1816 1469 1836 ex
1491 1808 1583 1837 anima
1604 1812 1630 1838 et
1645 1818 1727 1838 carne
1749 1811 1886 1847 componi-

1041 1856 1101 1888 tur,
1123 1853 1194 1882 sicut
1215 1857 1242 1882 et
1262 1854 1308 1882 alii
1331 1854 1469 1883 homines:
1492 1863 1558 1892 ergo
1581 1856 1617 1884 ita
1640 1864 1703 1885 vere
1725 1861 1752 1885 et
1772 1858 1885 1894 proprie

1041 1901 1124 1929 habet
1140 1900 1401 1935 individuationem,
1416 1901 1488 1930 sicut
1502 1905 1528 1930 et
1549 1902 1594 1930 alii
1617 1903 1757 1932 homines:
1778 1912 1832 1932 non
1848 1904 1885 1932 vi-

1041 1947 1124 1976 detur
1139 1947 1232 1983 igitur,
1244 1947 1318 1984 quod
1331 1948 1503 1984 praedictum
1520 1952 1562 1977 est
1577 1948 1712 1978 sufficere.
1725 1967 1762 1970 —
1772 1950 1885 1987 Propter

1041 1995 1094 2024 hoc
1115 1998 1156 2023 est
1177 1995 1315 2031 quaestio,
1337 1998 1472 2032 quantum
1495 1996 1530 2024 ε11
1552 1996 1586 2025 de
1614 1997 1783 2034 proprietate
1811 1997 2014 2042 i'lldl·00¹}{{³„¹g,i9'

1041 2041 1222 2069 viclaationis
1252 2042 1279 2069 in
1311 2041 1433 2075 Christo,
1460 2042 1614 2071 secundum
1646 2043 1720 2078 quod
1744 2043 1835 2071 homo.
1857 2044 1883 2072 Si

1041 2088 1113 2116 enim
1137 2096 1190 2116 non
1206 2092 1248 2116 est
1269 2088 1400 2125 amplior,
1423 2088 1474 2117 nisi
1490 2089 1555 2125 quia
1571 2089 1673 2118 dicitur
1688 2090 1722 2118 de
1738 2099 1794 2118 uno
1808 2090 1884 2123 eolo,-

1041 2138 1107 2163 tunc
1128 2143 1182 2163 non
1205 2135 1288 2163 hahet
1319 2136 1406 2171 magis
1439 2135 1473 2164 de
1506 2136 1611 2164 ratione
1640 2136 1884 2165 individicationis

1040 2190 1124 2218 quam
1147 2181 1326 2214 accidc·ntla;
1347 2181 1420 2218 quod
1438 2181 1594 2210 absurdum
1616 2186 1657 2211 est
1679 2183 1797 2219 penitus,
1818 2191 1882 2211 cum

1040 2227 1180 2261 Christus,
1195 2227 1349 2256 secundum
1365 2228 1439 2264 quod
1456 2228 1552 2262 1101110,
1567 2228 1601 2257 sit
1616 2236 1682 2256 vera
1696 2229 1851 2257 substantia
1864 2229 1882 2256 ⁷.

1120 2274 1150 2302 Et
1171 2274 1333 2307 dicendum,
1355 2275 1429 2311 quod
1452 2275 1669 2312 circumscriptis
1693 2275 1882 2304 accidentibus
1894 2288 1974 2307 somno.

1040 2324 1067 2349 et
1088 2321 1316 2357 proprietatibus,
1333 2329 1405 2357 quae
1420 2320 1666 2349 individuationem
1682 2330 1735 2350 non
1750 2321 1881 2359 faciant,

1040 2368 1089 2396 sed
1105 2368 1271 2401 ostendunt,
1287 2367 1470 2396 individuatio
1485 2370 1527 2396 est
1541 2376 1556 2395 a
1570 2368 1727 2405 principiis
1749 2368 1881 2397 intrinse-

1040 2415 1099 2448 cis,
1121 2414 1275 2444 secundum
1298 2414 1372 2451 quod
1395 2422 1483 2442 unum
1505 2415 1676 2443 constituunt
1691 2416 1879 2452 suppositum,

1040 2461 1067 2489 in
1089 2469 1144 2498 quo
1166 2463 1252 2489 totum
1275 2469 1334 2489 esse
1348 2461 1386 2489 rei
1403 2460 1550 2489 stabilitur.
1567 2461 1597 2489 Et
1611 2461 1676 2498 quia
1691 2469 1727 2490 ex
1742 2469 1880 2490 concursu

206 2616 213 2631 ¹
232 2617 343 2645 lntellige:
363 2617 491 2639 secundum
514 2618 621 2640 unitatem
639 2619 838 2646 concomitantiae,
857 2620 881 2640 111
897 2618 984 2641 1110111111

143 2659 177 2678 est.
193 2662 261 2684 supra
279 2662 301 2684 q.
323 2656 340 2678 l.
357 2657 378 2678 in
397 2662 459 2684 corp.
476 2668 508 2672 —
524 2657 643 2685 Aliquanto
661 2657 754 2679 interius
774 2663 817 2685 pro
833 2656 984 2680 intentionem

145 2694 194 2716 Vnt.
211 2693 374 2723 acceptionem.

205 2731 215 2746 ²
231 2731 276 2754 Clr.
294 2738 362 2760 supra
381 2732 403 2754 d.
421 2733 442 2754 6.
460 2739 479 2754 a.
499 2733 518 2754 l.
537 2739 558 2761 q.
581 2733 598 2755 l.
616 2733 637 2755 in
655 2739 718 2761 corp.

205 2770 215 2784 ³
231 2770 286 2792 Edd.
313 2771 331 2799 l,
358 2771 370 2792 2
396 2776 448 2793 cum
474 2771 550 2793 multis
575 2771 643 2794 codd.
663 2777 710 2794 non
727 2771 805 2794 solum
826 2771 938 2795 dividitur
960 2771 985 2794 in

143 2808 205 2837 alia,
219 2816 340 2837 perperam
358 2811 441 2832 omissa
460 2811 540 2832 vocula
552 2816 600 2833 non
616 2813 667 2832 ante
683 2810 812 2839 dioiditur‚·
830 2811 879 2833 Vat.
891 2816 939 2833 mm
950 2816 985 2833 so-

143 2847 194 2871 lum
206 2848 319 2871 dividitur
330 2848 360 2872 ab
371 2848 435 2877 alio,·
445 2853 545 2872 nostram
558 2850 676 2872 lectionem
691 2853 781 2872 tuentur
793 2850 860 2872 codd.
870 2850 887 2872 Α
898 2850 912 2871 F
920 2850 936 2871 U
945 2849 983 2871 bb.

143 2887 193 2909 Mox
212 2891 262 2915 post
278 2887 397 2917 supposito
416 2888 464 2910 vat.
477 2894 530 2910 cum
547 2888 598 2910 cod.
616 2894 642 2910 cc
658 2888 722 2910 addit
733 2887 769 2911 vel
784 2887 967 2917 suppositaliter.

207 2925 216 2940 ⁴
233 2926 288 2948 Edd.
305 2926 346 2949 sed
361 2926 438 2949 eliam.

206 2964 217 2978 ⁵
233 2964 286 2987 Dist.
308 2965 326 2986 1.
343 2971 363 2987 a.
384 2967 402 2987 l.
420 2972 442 2994 q.
464 2966 490 2993 1;
508 2965 530 2988 d.
548 2965 569 2987 5.
587 2972 606 2987 a.
625 2966 646 2987 2.
664 2972 686 2994 q.
709 2966 724 2987 l.
750 2971 830 2994 seqq.;
854 2965 875 2987 (l.
898 2965 919 2987 6.
943 2971 984 2993 per

1041 2621 1119 2640 totam.
1131 2631 1161 2634 -
1173 2618 1241 2640 Paulo
1259 2618 1365 2645 superius
1376 2623 1419 2645 pro
1430 2616 1541 2640 diret-tivo
1553 2617 1619 2639 codd.
1632 2617 1648 2639 C
1658 2617 1676 2638 D
1686 2617 1701 2639 E
1711 2617 1729 2639 Τ
1740 2617 1760 2639 X
1772 2617 1878 2645 ductivo,

1043 2658 1091 2679 Vat.
1117 2656 1210 2680 cluetioo
1237 2656 1272 2679 vel
1293 2655 1411 2679 diret-tivo.
1434 2655 1536 2678 Subinde
1558 2658 1609 2683 post
1629 2654 1762 2678 habendum
1787 2657 1837 2678 cod.
1864 2658 1881 2679 Α

1041 2695 1104 2725 quod
1121 2702 1163 2723 pro
1180 2694 1243 2724 quia.
1263 2695 1294 2716 De
1305 2695 1420 2716 enuntiato
1436 2700 1484 2723 seq.
1502 2694 1542 2716 cfr.
1558 2701 1628 2723 supra
1645 2701 1699 2722 pag.
1719 2695 1772 2723 ¹55,
1790 2700 1840 2718 nota
1859 2697 1880 2718 6.

1103 2734 1112 2748 ὃ
1131 2734 1183 2756 Οὶει.
1202 2734 1223 2755 3.
1241 2739 1263 2760 p.
1283 2733 1296 2754 l.
1313 2739 1333 2754 a.
1351 2733 1371 2754 2.
1389 2739 1411 2761 q.
1433 2733 1450 2754 1.
1468 2739 1532 2761 seqq.
1550 2745 1581 2749 —
1598 2733 1646 2755 Mox
1664 2739 1706 2761 pro
1728 2740 1759 2756 ca·
1779 2740 1882 2757 commu-

1041 2772 1158 2795 nicatione
1175 2772 1225 2794 cod.
1244 2771 1275 2793 hb
1291 2777 1321 2794 em
1333 2770 1495 2794 coniunctione
1503 2790 1508 2799 ,
1523 2775 1544 2794 et
1557 2778 1599 2799 pro
1610 2771 1724 2795 materiae
1736 2778 1790 2795 cum
1801 2772 1881 2802 forma

1041 2810 1091 2833 cod.
1110 2810 1128 2832 Κ
1145 2809 1238 2839 formae
1254 2816 1309 2832 oum
1325 2809 1432 2832 materia.
1459 2810 1527 2832 Paulo
1544 2810 1638 2833 inferius
1660 2817 1702 2839 pro
1724 2817 1772 2834 non
1788 2811 1881 2835 videtur

1040 2849 1114 2879 iyitttr
1130 2849 1181 2871 cod.
1199 2849 1215 2870 N
1233 2850 1255 2872 et
1270 2847 1302 2871 ita
1319 2854 1366 2871 non
1382 2848 1482 2872 videtur.

1102 2887 1112 2902 ⁷
1131 2887 1187 2909 Vide
1212 2893 1281 2915 supra
1300 2887 1322 2909 d.
1340 2888 1361 2909 6.
1379 2894 1398 2909 n.
1418 2888 1438 2909 1.
1455 2894 1478 2916 q.
1496 2887 1516 2909 3.
1534 2899 1565 2904 —
1582 2887 1654 2910 Codd.
1680 2887 1754 2910 CNx
1779 2887 1810 2911 sit
1830 2894 1880 2911 una

1040 2925 1184 2953 substantia,
1204 2926 1257 2948 cdd.
1274 2925 1304 2948 sit
1320 2932 1370 2949 una
1386 2932 1443 2949 vera
1459 2925 1598 2949 substantia.
