2166 3366
752 217 835 245 DIST.
858 217 921 245 xvi.
944 217 1016 245 ART.
1039 217 1056 245 Ι.
1078 217 1212 254 QUAEST.
1235 218 1253 245 I.
1816 218 1871 247 345

426 348 862 397 COMMENTARIUS
897 349 957 396 IN
990 349 1426 398 DISTINOTIONEM
1459 350 1573 398 XVI.

587 452 631 485 De
656 452 798 497 passione
824 452 936 485 doloris
962 458 990 485 et
1015 452 1213 497 passibilitate
1240 453 1417 498 specialiter.

426 546 628 574 Verumtamen
650 546 746 583 magis·
766 550 878 574 movent
899 554 935 575 ac
957 546 1150 584 difficiliorem
1172 546 1301 584 afferant
1322 547 1518 585 quaestionem
1539 551 1590 577 etc.

863 633 985 661 DlVlSlO
1006 633 1143 662 TEXTUS.

210 731 300 768 Supra
320 730 376 768 egit
396 731 524 768 Magister
552 731 587 760 de
618 731 794 768 passionibus
816 731 843 759 in
864 731 973 759 Christo
1031 734 1100 759 tum.
1121 731 1149 759 ln
1172 732 1295 760 secunda
1316 740 1383 760 vero
1404 732 1548 769 subiungit
1564 733 1649 762 verba
1670 734 1779 769 Hilarii,
1800 743 1872 772 quae

131 778 250 815 repertis
271 778 299 806 in
319 778 440 815 quadam
463 778 650 814 generalitate.
672 778 699 806 ln
721 778 772 806 bac
786 781 879 806 autem
896 782 973 815 parte
1033 778 1162 806 videntur
1183 785 1243 807 esse
1264 778 1366 813 dubia,
1388 778 1439 807 ibi:
1464 779 1514 807 Az'c
1534 779 1611 808 enim
1631 780 1674 808 sic
1689 780 1826 809 Hilarius
1841 781 1872 810 in

132 825 288 862 specialiter
309 824 452 854 descendit
482 824 517 853 ad
548 825 793 854 determinandum
815 825 849 854 de
870 825 974 854 doloris
1030 824 1139 852 decimo
1161 824 1235 852 libro
1256 825 1290 852 de
1317 825 1467 853 Trinitate.
1491 825 1517 854 ln
1535 826 1615 854 tertia
1637 834 1703 855 vero
1724 827 1772 855 illa
1786 827 1872 856 verba

131 871 259 909 passione
279 875 306 901 et
327 871 516 909 passibilitate.
538 872 678 901 Dividitur
707 875 800 901 autem
832 880 897 909 pars
922 872 973 900 ista
1030 870 1177 907 explanat,
1200 871 1252 899 ibi:
1275 871 1409 904 Audisti,
1435 871 1538 906 lector,
1560 872 1648 901 verba
1670 872 1783 901 Hilarii
1802 877 1852 903 etc.

131 918 159 946 in
181 918 260 947 duas.
282 918 309 946 ln
332 926 451 955 quarum
481 918 571 955 prima
601 918 732 955 inquirit,
764 922 860 947 utrum
882 918 974 955 passio
1108 917 1239 946 Similiter
1260 918 1383 946 secunda
1403 926 1484 955 pars,
1500 919 1526 947 in
1541 927 1597 956 qua
1617 920 1674 956 agit
1698 920 1733 948 de
1752 920 1871 957 patiendi

132 964 235 993 doloris
266 964 350 993 fuerit
381 965 406 993 in
439 964 548 993 Christo
569 965 724 993 secundum
746 965 890 993 veritatem
904 964 922 993 ¹.
945 965 972 993 ln
1030 964 1206 998 necessitate,
1229 967 1285 993 tres
1306 964 1390 993 habet
1417 965 1576 1002 particulas.
1610 966 1637 994 ln
1660 966 1750 1003 prima
1783 972 1874 997 movet

132 1011 254 1040 secunda
270 1019 348 1045 vero,
363 1014 460 1039 utrum
481 1011 566 1039 fuerit
587 1011 614 1038 in
629 1018 661 1039 eo
680 1011 835 1039 secundum
851 1010 971 1048 patiendi
1029 1010 1230 1039 dubitationem
1244 1010 1262 1038 ².
1285 1011 1313 1039 ln
1336 1012 1459 1040 secunda
1480 1020 1546 1041 vero
1568 1013 1645 1050 ponit
1669 1013 1873 1044 determinatio—

131 1057 339 1092 necessitatem,
361 1057 412 1086 ihi:
435 1057 490 1086 Hie
511 1058 608 1085 oritur
636 1057 766 1095 quaestio
797 1066 831 1085 eac
858 1057 974 1094 praedi·
1030 1065 1092 1085 nem
1116 1057 1191 1086 illius
1212 1058 1397 1095 quaestionis,
1418 1058 1471 1087 ibi:
1504 1059 1552 1087 Ad
1583 1060 1660 1097 quod
1687 1060 1748 1089 diei
1763 1065 1873 1098 potest,

131 1104 185 1132 ctis
205 1108 266 1138 etc„
287 1104 334 1133 ubi
356 1104 482 1141 signatur
503 1104 642 1133 distinctio
662 1104 770 1133 decima
792 1107 880 1133 sexta.
1032 1103 1181 1132 Christum
1209 1104 1355 1133 voluntate
1383 1109 1433 1134 etc.
1463 1105 1489 1134 ln
1522 1107 1604 1135 tertia
1633 1114 1700 1136 vero
1731 1107 1874 1145 subiungit

210 1150 301 1179 Prima
322 1158 387 1187 pars
408 1150 543 1179 dividitur
564 1151 589 1178 in
606 1154 663 1180 tres
678 1154 779 1188 partes.
801 1151 829 1179 ln
852 1158 971 1188 quarum
1029 1151 1170 1187 quoddam
1186 1151 1292 1180 dictum
1308 1151 1428 1181 notabile
1443 1152 1478 1181 ad
1495 1153 1628 1181 maiorem
1645 1153 1871 1190 praecedentium

130 1197 222 1234 prima
244 1197 319 1233 ponit
340 1197 468 1234 Magister
488 1197 692 1226 dubitationem
721 1197 794 1226 circa
816 1198 972 1234 passionem
1029 1198 1271 1235 explanationem,
1286 1198 1338 1227 ibi:
1362 1199 1398 1227 Et
1411 1202 1451 1227 est
1466 1198 1512 1227 liic
1527 1200 1703 1234 notandmn,
1725 1199 1873 1229 Christum

131 1243 235 1272 doloris
256 1243 282 1272 in
304 1243 428 1278 Christo,
451 1251 522 1281 quae
543 1251 578 1273 ex
601 1244 695 1273 verbis
716 1244 809 1272 Hilarii
833 1244 915 1273 babet
929 1253 972 1272 or·
1029 1244 1063 1273 de
1083 1245 1164 1272 omni
1182 1248 1262 1273 statii
1284 1244 1410 1273 hominis
1431 1248 1481 1274 etc.

779 1342 963 1371 TRACTATIO
985 1342 1227 1379 QUAESTIONUM.

209 1428 247 1457 Ad
269 1428 478 1465 intelligentiam
500 1432 594 1458 autem
617 1429 702 1457 huius
717 1429 804 1466 partis
819 1429 914 1458 incidit
928 1429 973 1458 hic

131 1475 257 1512 quaestio
271 1475 305 1504 de
326 1475 454 1512 passione
482 1475 586 1504 doloris
607 1475 634 1504 in
656 1475 773 1510 Christo,
794 1476 868 1504 circa
889 1484 972 1513 quam

131 1521 321 1559 principaliter
342 1525 518 1559 quaeruntur
540 1522 604 1551 duo.

209 1568 301 1597 Primo
321 1569 395 1597 enirn
423 1569 621 1606 inquirendum
654 1572 695 1598 est
723 1569 758 1598 de
779 1569 906 1606 passione
928 1569 974 1598 do-

130 1614 210 1649 loris,
232 1620 316 1652 prout
337 1615 449 1652 respicit
468 1615 590 1644 animam
605 1619 632 1644 et
650 1623 762 1644 carnem
778 1616 972 1645 communiter.

1109 1430 1236 1458 Secundo
1252 1437 1330 1464 vero,
1345 1434 1429 1467 prout
1445 1431 1557 1468 respicit
1572 1431 1693 1460 animam
1710 1432 1873 1469 specialiter.

1069 1476 1148 1505 Circa
1170 1476 1291 1513 primum
1314 1481 1491 1514 quaeruntur
1513 1478 1574 1506 tria.

1109 1523 1200 1551 Primo
1221 1524 1366 1560 quaeritur
1388 1524 1423 1552 de
1445 1524 1549 1553 doloris
1572 1525 1697 1554 veritate.

1109 1569 1235 1598 Secundo
1257 1577 1323 1599 vero
1344 1570 1379 1599 de
1401 1570 1506 1600 doloris
1526 1571 1686 1601 acerbitate.

1109 1617 1200 1645 Tertio
1222 1625 1288 1646 vero
1309 1617 1344 1646 de
1366 1617 1476 1646 dolendi
1492 1618 1551 1647 sive
1565 1619 1686 1656 patiendi
1702 1620 1873 1650 necessitate.

858 1714 1094 1748 ARTlCULUS
1120 1715 1141 1748 Ι.

418 1808 459 1836 De
476 1808 613 1845 passione
635 1808 762 1842 doloris,
781 1812 872 1845 prout
892 1808 1012 1845 respicit
1035 1808 1170 1837 animam
1191 1813 1216 1837 et
1237 1818 1357 1838 earnem
1379 1811 1580 1846 communiter.

904 1894 1067 1932 QUAESTlO
1089 1896 1107 1924 Ι.

622 1981 725 2010 Utrum
748 1982 778 2010 in
801 1981 916 2010 Christo
936 1980 1030 2020 fuerit
1051 1990 1122 2011 vera
1140 1982 1241 2019 passio
1263 1983 1382 2012 doloris.

209 2079 287 2108 Circa
302 2080 423 2116 primum
439 2079 478 2109 sic
492 2080 654 2117 proceditur
665 2082 692 2109 et
706 2080 861 2117 quaeritur,
877 2082 974 2108 utrum
1110 2080 1135 2109 3.
1158 2081 1240 2115 ltem,
1261 2081 1354 2110 anima
1375 2082 1522 2111 coniuncta
1536 2084 1645 2120 corpori
1668 2084 1791 2121 passibili
1808 2092 1873 2114 vere

131 2126 158 2154 in
180 2126 289 2155 Christo
310 2126 394 2155 fuerit
414 2134 481 2155 vera
508 2126 600 2163 passio
626 2126 739 2155 doloris.
762 2127 792 2155 Et
820 2127 895 2164 quod
916 2127 972 2162 sic,
1031 2127 1123 2162 dolet,
1145 2136 1262 2165 corpore
1283 2128 1440 2165 patiente⁵;
1462 2129 1509 2158 sed
1542 2130 1635 2158 anima
1657 2130 1758 2159 Christi
1781 2130 1874 2160 iuncta

131 2173 296 2201 ostenditur.
1030 2174 1082 2203 fuit
1103 2175 1196 2209 carni,
1218 2183 1289 2212 quae
1320 2184 1374 2204 non
1404 2178 1511 2204 tantum
1540 2176 1593 2205 fuit
1612 2177 1767 2214 passibilis,
1790 2178 1875 2206 immo

212 2221 235 2247 Ἰ.
258 2219 341 2249 lsaiae
362 2219 593 2257 quinquagesimo
614 2220 732 2249 tertio⁸t
754 2220 887 2249 Vidimus
907 2229 973 2249 eum
1030 2222 1114 2249 etiam
1136 2229 1231 2259 passa:
1254 2229 1320 2259 ergo
1343 2230 1441 2251 verum
1463 2223 1588 2252 dolorem
1611 2223 1663 2252 fuit
1684 2232 1824 2261 perpessa.

0 2266 323 2295 &undamenifflnooissimum
343 2266 495 2300 virorum,
516 2266 615 2295 virum
637 2266 771 2296 dotorum
792 2271 817 2295 et
837 2267 972 2296 scientem
1109 2268 1135 2296 4.
1159 2268 1240 2303 ltem,
1262 2269 1411 2298 satisfactio
1433 2270 1504 2298 facta
1524 2273 1566 2299 est
1587 2278 1637 2307 per
1658 2279 1774 2308 poenam
1801 2271 1876 2300 dolo-

131 2312 331 2350 infirmitatem
339 2324 349 2347 ,·
370 2313 419 2342 sed
441 2316 562 2348 constat,
583 2314 659 2351 quod
681 2322 735 2342 non
761 2313 888 2351 intelligit
910 2314 973 2342 Pro-
1031 2315 1084 2349 ris3
1106 2315 1154 2344 sed
1176 2315 1303 2344 Christus
1324 2316 1461 2345 veraciter
1482 2316 1627 2351 satisfecit,
1648 2318 1714 2354 quia
1735 2326 1800 2346 vere
1815 2317 1875 2346 lan-

130 2360 214 2397 pbeta
234 2360 269 2389 de
290 2360 404 2389 scientia
433 2360 576 2397 simplicis
596 2360 732 2389 notitiae:
755 2369 822 2398 ergo
843 2361 972 2398 intelligit
1028 2370 1136 2398 quares
1156 2365 1271 2390 nostros
1292 2362 1352 2399 ipse
1374 2362 1454 2397 tulit,
1485 2366 1510 2391 et
1531 2363 1644 2392 dolores
1666 2367 1781 2392 ¹nostros
1813 2364 1873 2401 ipse

130 2407 165 2435 de
184 2407 297 2436 scientia
311 2407 517 2444 experientiae:
539 2415 606 2444 ergo
622 2415 686 2436 vere
701 2411 837 2445 expertus
857 2411 899 2436 est
913 2415 973 2444 pas·
1026 2408 1158 2444 portavit
1169 2408 1194 2436 ⁶:
1216 2416 1282 2445 ergo
1304 2409 1440 2437 veraciter
1461 2409 1558 2437 doluit.

130 2454 221 2483 siones
241 2454 354 2483 doloris.
1109 2455 1134 2482 5.
1157 2454 1239 2488 ltem,
1261 2462 1314 2482 non
1336 2458 1377 2483 est
1406 2463 1536 2492 magnum
1562 2455 1630 2493 quid
1646 2456 1749 2485 habere
1771 2457 1873 2494 patien-

207 2502 233 2529 2.
257 2501 340 2535 ltem,
361 2501 387 2529 in
409 2509 528 2538 persona
555 2501 616 2529 eius
648 2501 750 2530 dicitur
772 2501 798 2529 in
821 2500 969 2529 Psalmo‘:
1029 2500 1095 2528 tiam
1117 2500 1143 2528 in
1167 2500 1213 2528 illa
1233 2500 1376 2538 passione,
1397 2510 1469 2538 quae
1490 2501 1599 2530 nullum
1629 2502 1710 2531 infert
1731 2503 1869 2537 dolorem;

131 2548 190 2584 Ego
211 2554 278 2575 sum
296 2555 411 2583 pauper
432 2550 458 2574 et
477 2546 592 2579 ‹lolem-‚-
613 2547 662 2575 sed
684 2546 811 2575 Christus
833 2554 897 2575 vere
919 2546 971 2574 fuit
1028 2546 1077 2575 sed
1099 2547 1230 2583 patientia
1251 2547 1352 2576 Christi
1376 2547 1496 2576 multum
1522 2549 1735 2578 commendatur
1758 2550 1784 2578 in
1807 2550 1873 2579 tole—

129 2601 237 2630 pauper
257 2595 284 2621 et
306 2592 450 2621 mendicus
472 2593 676 2629 temporaliter:
699 2601 765 2629 ergo
787 2600 853 2621 vero
874 2592 971 2621 dolore
1029 2593 1119 2621 rantia
1139 2593 1297 2629 passionum
1313 2594 1336 2621 ⁷:
1359 2602 1425 2631 ergo
1441 2595 1564 2630 videtur,
1586 2596 1660 2632 quod
1683 2596 1809 2625 Christus
1825 2605 1867 2626 ve-

130 2639 182 2668 fuit
202 2639 330 2668 afflictus.
1028 2648 1090 2668 rum
1113 2640 1237 2668 dolorem
1260 2640 1286 2668 in
1308 2641 1456 2678 semetipso
1478 2642 1653 2678 persenserit.

130 2776 151 2795 et
169 2778 221 2794 mox
237 2771 290 2794 edd.
307 2772 368 2793 solae
389 2772 496 2794 omittunt
517 2771 587 2794 verba
606 2770 646 2793 vbi
665 2771 776 2801 signatur
796 2771 912 2795 distinctio
935 2771 974 2795 de·
1031 2773 1101 2801 loris,
1121 2773 1171 2796 cod.
1190 2774 1207 2795 Α
1224 2773 1317 2797 dolores
1333 2773 1457 2803 passionis.

194 2733 200 2747 ¹
219 2733 275 2755 Edd.
292 2739 345 2755 cum
363 2732 468 2761 pluribus
485 2732 551 2755 codd.
575 2739 697 2761 perperam
718 2733 826 2755 exhibent
847 2733 970 2762 virtutem,
1030 2734 1096 2756 —ln
1114 2734 1159 2757 fine
1176 2741 1224 2763 arg.
1243 2741 1284 2762 pro
1300 2734 1421 2764 passiones
1438 2735 1528 2758 doloris
1544 2735 1612 2758 codd.
1630 2737 1646 2758 E
1658 2736 1674 2758 U
1691 2736 1822 2766 passionem
1835 2737 1865 2760 clo

130 2810 191 2834 cima
208 2812 283 2834 sexta.
297 2823 326 2826 —
338 2811 355 2832 Α
372 2810 450 2832 vorbis
467 2810 509 2833 Hic
525 2809 604 2833 oritur
620 2810 725 2839 quaestio
742 2811 792 2838 etc„
812 2817 823 2832 a
848 2811 933 2839 quibus
951 2812 972 2833 in
1000 2732 1003 2871 ⁴
1092 2812 1100 2826 ⁴
1119 2812 1199 2834 Psalm.
1218 2813 1258 2841 68,
1277 2813 1313 2835 30.

131 2851 204 2871 nostra
218 2849 316 2871 editione
333 2849 405 2871 oritur
417 2849 437 2871 3.
453 2855 502 2877 wip.
515 2848 538 2871 d.
560 2850 598 2876 16,
611 2852 658 2871 turn
672 2848 733 2876 apud
748 2849 770 2871 n.
789 2849 906 2872 Albcrtmn
924 2853 972 2872 turn
1093 2850 1102 2865 ⁵
1118 2851 1162 2873 Cl'r.
1181 2857 1249 2879 supra
1268 2852 1298 2873 lit.
1316 2852 1429 2880 Magistri,
1447 2852 1468 2874 d.
1488 2852 1537 2875 XV.
1555 2859 1573 2875 ‹·.
1596 2853 1612 2875 1.
1632 2866 1660 2869 —-
1679 2854 1746 2876 Paulo
1764 2858 1815 2877 ante
1832 2861 1874 2882 pro

130 2888 192 2916 apud
210 2888 231 2910 S.
250 2888 363 2910 Tliomam
382 2889 459 2916 incipit
476 2888 497 2910 d.
519 2888 556 2914 16ς
575 2888 614 2910 cfr.
632 2894 701 2916 snpra
721 2895 773 2916 pag.
792 2888 848 2917 344,
866 2891 917 2911 nota
940 2890 956 2911 Ι.
1030 2889 1155 2913 coniuncta
1179 2889 1245 2912 codd.
1270 2891 1285 2911 ..i
1297 2890 1312 2911 Ν
1324 2890 1366 2912 UZ
1387 2890 1473 2913 iuncta.
1497 2891 1518 2913 ln
1536 2891 1580 2913 line
1601 2898 1649 2920 arg.
1672 2892 1721 2914 cod.
1740 2893 1757 2914 K
1782 2894 1874 2921 supplet

193 2925 202 2940 ²
220 2926 275 2948 Edd.
294 2926 460 2956 quaestionem.
1029 2927 1112 2951 anima
1129 2927 1185 2951 eius.

193 2963 203 2978 ³
220 2964 283 2987 Vcrs.
294 2965 314 2986 2.
327 2971 374 2994 seq.
387 2965 408 2987 ln
423 2965 550 2987 testimonio
563 2966 628 2987 aliato
643 2972 685 2992 pro
703 2964 864 2995 infirmitatem
881 2966 972 2993 plurimi
1092 2966 1101 2981 ⁸
1119 2967 1158 2989 lsa.
1177 2967 1218 2995 53,
1238 2967 1258 2990 Ιι.
1268 2980 1297 2984 -
1308 2968 1409 2990 Subinde
1427 2971 1478 2997 post
1489 2969 1603 2993 veraciter
1620 2970 1670 2992 cod.
1685 2971 1701 2993 U
1715 2970 1805 2993 subiicit
1817 2971 1872 3001 ipse.

131 3002 198 3025 codd.
217 3002 371 3033 infirmitates.
385 3016 413 3019 —
426 3004 457 3026 Dc
474 3003 563 3026 minori
579 3004 631 3026 vide
650 3011 719 3032 snpra
738 3004 759 3026 d.
781 3004 813 3027 ¹4.
832 3011 851 3027 a.
870 3005 890 3027 3.
909 3012 930 3034 q.
951 3006 972 3028 2.
1092 3006 1101 3020 ⁷
1118 3005 1162 3028 Cir.
1181 3007 1246 3029 Marc.
1266 3007 1286 3035 8,
1305 3007 1345 3035 315
1363 3008 1384 3035 9,
1407 3008 1442 3035 ΙΙ;
1464 3008 1516 3030 Luc.
1535 3009 1559 3035 9,
1578 3009 1618 3037 22;
1637 3009 1677 3037 24,
1696 3010 1732 3032 26.
1750 3013 1771 3032 et
1789 3010 1825 3033 156.

258 3053 282 3077 S.
300 3054 387 3077 Boram.
404 3067 435 3072 —
453 3055 519 3077 Tom.
537 3055 568 3077 ΙΙΙ,
1715 3060 1741 3082 lili
