2166 3366
150 253 298 282 damnatus
319 255 346 280 et
367 252 416 281 Dei
439 252 575 281 inimicus.
607 252 711 289 Quodsi
733 252 786 281 hoc.
807 255 848 281 est
869 252 994 290 impossi-

149 298 220 333 bile,
243 301 344 332 restat,
366 298 440 335 quod
463 302 490 327 et
511 298 633 335 primum
647 298 664 326 ¹.

226 346 253 374 [ι.
276 346 358 378 ltem,
380 345 507 374 Christus
538 345 693 374 secundum
721 345 842 373 animam
864 345 916 373 fuit
936 346 992 374 Deo

149 392 309 422 simillimus
330 392 402 420 inter
423 395 567 421 creaturas
586 395 707 426 ceteras,
723 391 854 429 quoniam
870 392 992 421 maxime

149 440 201 469 fuit
222 440 282 468 eius
312 440 405 468 anima
436 439 614 472 deiformi523
636 438 684 467 sed
716 438 791 467 Deus
822 447 876 467 non
909 439 992 467 habet

148 486 298 524 potentiam
330 485 477 523 peccandi:
507 493 573 522 ergo
604 485 731 519 videtur,
757 485 832 522 quod
854 493 914 514 eam
937 480 990 514 non

148 533 278 562 habuerit
298 540 349 562 nec
370 532 535 561 assumserit
556 532 692 561 Christus.

465 634 480 654 c
489 634 505 655 o
513 635 533 654 N
541 634 556 654 c
565 635 580 654 L
589 634 606 654 U
615 634 629 654 s
637 635 644 654 1
652 634 676 655 o.

149 720 285 750 Christus
315 719 457 748 assumsit
474 720 634 756 potentiam
653 720 812 756 peccandi,
833 719 864 748 id
884 723 924 748 est
942 728 990 756 po-

226 767 359 799 tentiam,
382 774 441 804 qua
460 770 610 803 peccatur,
632 774 691 794 non
715 770 811 794 tamen
829 765 991 802 potentia-m

221 813 366 850 peccandi
385 813 555 841 ordinatum
577 813 618 841 ml
637 817 736 841 actum
755 812 907 850 peccandi.

224 907 403 935 Resposnssoz
426 906 597 940 Dicendum,
618 906 693 943 quod
714 906 836 942 potentia
856 905 988 942 peccandi

33 954 250 988 Quicnerdicitur
271 953 428 990 dupliciter.
453 953 508 981 Uno
539 953 622 981 modo
653 953 756 981 dicitur
786 952 908 989 potentia
929 960 989 989 pec-

21 984 243 1034 ῗιᾞῗῗρῖἓῖοεηᾱί,
266 1000 293 1029 id
316 1003 358 1029 est
380 1000 516 1037 potentia,
538 1008 597 1037 qua
616 1003 757 1036 peccatur
765 1010 775 1032 ;
796 1002 823 1028 et
837 999 876 1028 sic
899 1003 990 1035 poten-

23 1031 81 1050 Μὴ
145 1047 182 1076 tia
203 1047 334 1084 peccandi
357 1047 481 1075 nominat
503 1046 594 1083 ipsum
617 1046 737 1074 liberum
752 1045 900 1073 arbitrium
916 1053 990 1074 crea-

144 1097 203 1123 tum
213 1117 220 1129 ‚
235 1094 310 1131 quod
325 1093 439 1130 quidem
455 1096 543 1130 potest
559 1093 586 1121 in
601 1092 720 1127 bonum,
735 1092 862 1120 adiutum
885 1092 988 1129 gratia;

145 1145 172 1170 et
192 1141 258 1178 quia
278 1148 329 1177 per
350 1140 393 1169 sui
415 1143 545 1168 naturam
567 1142 609 1168 est
630 1139 800 1168 defectivum
813 1138 832 1173 ³,
853 1138 917 1167 hinc
938 1142 988 1173 est,

145 1188 220 1225 quod
241 1187 288 1216 illa
310 1186 432 1224 potentia
452 1186 511 1215 sive
535 1186 652 1214 facultas
681 1186 735 1214 dici
757 1189 846 1223 potest
867 1185 989 1222 potentia

146 1235 215 1264 bene
229 1234 346 1263 faciendi
362 1237 389 1262 et
404 1233 525 1270 potentia
540 1233 686 1270 peccandi,
701 1233 797 1261 nullus
808 1233 881 1261 enim
894 1235 989 1270 peccat

145 1282 197 1310 nisi
213 1289 262 1318 per
278 1280 362 1309 illam.
375 1296 414 1300 —
425 1280 482 1308 Alio
504 1279 587 1308 modo
601 1279 723 1316 potentia
739 1279 870 1316 peccandi
885 1279 988 1307 dicitur

144 1328 266 1366 potentia
277 1327 417 1356 ordinata
431 1327 472 1355 ad
482 1327 675 1363 peccandum,
687 1330 718 1355 ut
730 1326 851 1363 potentia
866 1326 989 1355 nominet

145 1375 250 1413 aliquid
273 1374 396 1404 inedium
420 1374 490 1403 inter
513 1374 696 1402 substantiam
717 1377 744 1402 et
759 1373 863 1411 peccati
885 1377 988 1408 actum,

145 1430 194 1460 per
215 1422 290 1459 quod
313 1421 468 1450 substantia
490 1421 537 1449 illa
558 1421 645 1458 possit
665 1420 745 1449 exire
767 1421 793 1448 in
809 1421 913 1457 peccati
929 1428 989 1457 per-

146 1469 337 1507 petrationem.

223 1516 249 1544 Si
271 1523 337 1552 ergo
359 1515 449 1552 primo
471 1514 553 1543 modo
574 1514 684 1543 dicatur
705 1514 826 1551 potentia
847 1514 989 1551 peccandi,

17 1566 24 1573 “
47 1566 104 1585 elusio
114 1566 131 1585 ¹·
146 1562 184 1592 sic
205 1562 311 1599 absque
332 1561 418 1590 dubio
439 1562 492 1590 fuit
523 1561 548 1589 in
581 1561 699 1589 Christo.
723 1561 753 1589 Et
774 1561 813 1589 sic
834 1561 989 1598 procedunt

26 1612 132 1655 stationes
145 1609 266 1638 rationes
287 1608 322 1637 ad
345 1609 463 1645 primam
487 1611 610 1645 partem,
632 1615 703 1645 quae
725 1608 889 1642 ostendunt,
914 1608 990 1636 Chri-

23 1642 42 1656 m
63 1640 133 1661 'pm'
145 1659 219 1685 stum
251 1655 382 1684 babuisse
414 1655 565 1692 potentiam
597 1654 744 1692 peccandi,
766 1655 832 1691 quia
856 1655 989 1683 assumsit

146 1703 251 1740 integre
274 1706 395 1731 nostram
425 1706 555 1730 naturam
577 1705 604 1730 et
635 1701 696 1730 eius
718 1702 872 1739 quamlibet
897 1705 990 1739 poten·

146 1751 220 1779 tiam.
243 1750 274 1778 Et
296 1750 358 1778 ideo
390 1749 510 1777 rationes
543 1748 605 1777 illae
634 1748 748 1777 concedi
772 1752 902 1785 possunt,
924 1748 989 1786 quia

145 1801 220 1825 recta
252 1797 296 1825 via
328 1796 482 1833 procedunt
510 1799 537 1823 et
570 1803 667 1824 verum
697 1795 875 1824 concludunt.
903 1812 942 1816 —-
962 1795 988 1823 Si

15 1847 130 1867 'musica
146 1851 212 1872 vero
233 1843 355 1880 potentia
376 1842 506 1879 peccandi
529 1842 638 1871 dicatur
660 1843 782 1879 potentia
796 1846 829 1870 nt
849 1842 989 1871 ordinata

145 1890 186 1918 ad
202 1893 356 1927 peecatum
376 1889 625 1926 perpetrandum,
648 1889 687 1917 sic
708 1897 762 1917 non
784 1892 826 1917 est
840 1889 990 1918 conceden-

145 1937 226 1971 dum,
259 1936 333 1974 quod
366 1936 494 1964 Christus
515 1935 635 1964 habuit⁴
659 1936 808 1972 potentiam
840 1936 989 1972 peccandi,

145 1991 194 2020 pro
215 1991 248 2012 eo
270 1983 344 2020 quod
368 1990 482 2019 peccare
505 1990 558 2010 non
581 1982 691 2019 potuit;
711 1985 738 2011 et
760 1982 822 2010 talis
842 1982 988 2017 ordinatio,

145 2030 230 2058 immo
252 2029 438 2061 deordinatio.
461 2029 592 2058 diminuit
606 2029 641 2058 de
656 2029 829 2066 plenitudine
845 2029 988 2058 libertatis.

226 2078 249 2106 1.
272 2077 303 2105 Et
324 2084 374 2113 per
395 2077 447 2105 hoc
469 2079 543 2113 patet
565 2076 707 2113 responsio
729 2076 763 2105 ad
781 2077 902 2113 primum
917 2076 990 2105 obie-

29 2128 134 2153 &rtieatio
146 2126 222 2153 ctum
244 2123 270 2151 in
293 2123 473 2152 eontrarium.

15 2157 66 2200 ”gg-e
71 2157 104 2176 pro
115 2153 133 2170 2.

208 2384 216 2398 ¹
235 2384 293 2406 Vide
310 2384 347 2406 hic
364 2384 393 2406 lit.
412 2384 522 2412 Magistri,
540 2390 559 2406 c.
578 2384 599 2406 2.

210 2422 220 2437 ²
233 2422 277 2445 Cir.
295 2426 382 2451 quaest.
400 2423 505 2450 praeced.
524 2422 625 2445 tundam.
647 2423 665 2445 l.
683 2426 704 2445 et
721 2423 743 2445 d.
765 2423 798 2445 13.
816 2430 835 2446 a.
856 2424 875 2445 1.
893 2430 915 2452 q.
935 2424 955 2446 t.
967 2425 989 2446 in

145 2468 208 2490 corp.
227 2474 256 2477 —
275 2462 316 2483 l‘ro
333 2460 469 2484 simillimus
487 2461 550 2483 multi
568 2461 635 2484 codd.
654 2467 695 2484 nec
713 2468 756 2484 non
774 2461 827 2484 edd.
846 2463 865 2491 t,
883 2463 896 2484 2
914 2464 990 2485 minus

146 2504 206 2523 recte
222 2499 313 2523 similis.
332 2500 353 2522 ln
371 2500 417 2522 nne
433 2506 481 2528 arg.
499 2500 567 2523 codd.
585 2500 601 2522 Η
613 2501 631 2522 Κ
641 2501 656 2522 S
667 2501 686 2523 V
695 2506 720 2523 cc
737 2506 785 2524 non
798 2500 880 2524 habuit
895 2507 938 2524 nec
954 2507 990 2524 as-

145 2539 231 2562 sumsit
247 2538 364 2562 Christus.

207 2577 217 2592 ³
235 2577 291 2599 Edd.
309 2583 362 2599 cum
380 2577 430 2599 cod.
448 2583 475 2599 cc
490 2580 591 2600 attexunt
607 2577 663 2600 bene
679 2577 787 2607 faciendi.

209 2615 218 2630 ⁴
236 2615 308 2638 Codd.
326 2615 342 2637 N
353 2615 371 2637 T
382 2615 399 2637 U
409 2615 428 2636 V
446 2614 561 2638 habuerit.

208 2654 218 2669 ⁵
237 2654 278 2676 Pro
296 2653 450 2683 aptitudinem
467 2660 511 2676 non
530 2655 597 2682 pauci
615 2655 682 2678 codd.
697 2658 719 2677 et
736 2655 788 2678 cdd.
810 2656 827 2684 l,
846 2657 859 2678 2
876 2655 990 2679 habitudi-

145 2697 212 2720 nem,
232 2692 299 2714 codd.
317 2692 364 2714 ΜΟ
381 2691 541 2715 habitudinem
557 2692 605 2715 sive
621 2693 782 2722 aptitudinem.
797 2706 828 2710 —-
845 2694 951 2717 Similiter
967 2695 988 2717 S.

146 2731 237 2759 Tuom„
255 2732 292 2753 hic
308 2738 330 2759 q.
348 2732 369 2753 2.
387 2737 406 2753 a.
425 2732 446 2753 2.
463 2732 508 2753 ait:
529 2739 540 2751 c
552 2733 621 2754 Actus
638 2738 663 2754 se
680 2732 788 2755 habetati
807 2734 930 2761 potentiam
948 2733 990 2756 du-

146 2770 248 2798 pliciter:
265 2771 317 2798 quia
340 2774 404 2792 nctus
421 2769 542 2799 eyrednur
558 2776 569 2791 a
589 2772 700 2798 potentia,
719 2774 741 2793 et
763 2772 845 2794 iterum
863 2778 905 2800 per
925 2775 990 2795 actus

145 2808 294 2839 specificatur
315 2810 437 2837 potentia...
457 2809 482 2831 Et
503 2810 578 2837 primo
595 2810 664 2832 modo
689 2816 733 2832 non
756 2814 829 2838 potest
846 2810 903 2839 dici,
926 2811 989 2840 quod

147 2848 181 2870 ille
198 2849 237 2877 qui
255 2848 323 2870 babet
340 2849 414 2871 visum
433 2848 580 2876 impeditum,
599 2848 680 2871 habent
699 2850 822 2876 potentiam
840 2849 945 2878 videndi,
963 2851 990 2872 si-

146 2890 184 2909 cut
201 2887 244 2909 non
263 2889 336 2915 pou-st
353 2887 413 2914 dici,
431 2887 494 2916 quod
512 2888 583 2915 possit
600 2888 685 2910 videre.
705 2888 811 2910 secundo
829 2888 899 2911 modo
916 2891 990 2916 potest

146 2925 201 2953 dici,
219 2926 282 2954 quod
302 2925 384 2948 habent
401 2927 524 2954 potentiam
542 2927 640 2949 visivam
654 2935 674 2948 ι.
692 2926 737 2949 Ctr.
755 2927 778 2949 ll.
796 2927 856 2949 Sciit.
874 2927 896 2949 d.
915 2926 950 2949 tt.
968 2934 988 2949 a.

150 2965 168 2986 l.
187 2970 208 2993 q.
228 2964 248 2986 2.
267 2977 297 2980 —
314 2965 365 2987 Post
380 2964 509 2994 messionis
527 2966 622 2993 supple:
639 2966 726 2993 omnis,
745 2966 780 2987 vel
799 2968 922 2988 truncatus.

767 174 847 203 DIST.
870 174 921 203 XII.
943 175 1016 203 ART.
1038 175 1067 203 11.
1089 175 1223 212 QUAEST.
1246 175 1274 204 ΙΙ.

1839 178 1894 205 269

1129 255 1154 281 2.
1178 253 1215 282 Ad
1239 253 1308 282 illud
1330 253 1405 290 quod
1427 253 1573 288 obiicitur,
1606 254 1680 291 quod
1706 255 1781 282 omni
1803 258 1896 291 poten-

1050 299 1087 328 tia
1108 304 1150 328 est
1171 300 1272 337 aliquis
1293 303 1406 337 potens;
1433 300 1599 334 dicendum,
1621 300 1696 337 quod
1718 309 1816 329 verum
1839 304 1896 336 est,
1913 307 2025 326 Nomadum-

1051 347 1073 375 si
1095 347 1223 384 potentia
1254 347 1327 376 dicat
1359 347 1574 375 ordinationem
1601 347 1642 376 ad
1661 351 1779 381 actuum
1801 348 1850 376 sed
1873 348 1894 376 si

1051 393 1124 422 dicat
1147 394 1237 423 solum
1269 393 1438 422 naturalem
1470 394 1697 431 aptitudinenff,
1726 403 1780 423 non
1812 395 1895 424 habet

1053 440 1214 475 veritatem,
1235 441 1300 477 quia
1321 444 1411 477 potest
1433 441 1560 477 impediri
1577 449 1627 478 per
1642 442 1800 478 oppositum
1822 441 1895 476 eius,

1050 487 1122 515 sicut
1142 487 1294 524 gressibilis
1317 487 1399 516 habet
1414 487 1570 516 naturalem
1585 488 1767 524 aptitudinem
1784 488 1819 517 ad
1835 496 1897 525 gra-

1051 533 1201 567 diendum,
1223 537 1250 562 et
1270 542 1369 562 caecus
1390 534 1425 562 ad
1450 534 1620 568 videndum;
1635 543 1688 562 non
1714 538 1806 563 tamen
1822 543 1896 572 gres-

1051 580 1139 608 sibilis
1162 584 1306 609 truncatus
1327 583 1418 617 potest
1439 581 1528 617 gradi.
1553 581 1582 609 Et
1596 581 1635 609 sic
1650 581 1772 610 damnati
1792 582 1895 610 habent

1051 627 1201 664 potentiam
1223 627 1364 661 merendi,
1386 627 1434 655 sed
1458 631 1549 655 tamen
1572 628 1673 656 mereri
1688 636 1742 656 non
1764 632 1894 665 possunt,

1050 673 1115 710 quia
1137 673 1318 709 praepeditur
1339 673 1365 701 in
1382 673 1421 702 eis
1436 673 1574 702 ordinatio
1594 673 1668 702 illius
1683 675 1821 711 potentiae
1836 676 1894 704 sive

1049 720 1144 748 exitus
1165 720 1192 748 in
1215 719 1296 748 talem
1325 723 1418 748 actum
1430 720 1447 747 ⁶.
1470 720 1513 748 Sic
1535 723 1562 748 et
1584 721 1610 748 in
1633 722 1775 758 proposito
1797 722 1894 750 intelli-

1049 767 1169 803 gendum
1192 770 1248 801 est,
1270 766 1335 803 quia
1367 767 1488 795 animam
1520 767 1620 796 Christi
1650 768 1728 796 exire
1750 769 1777 796 in
1799 772 1892 797 actum

1049 813 1152 850 peccati
1174 817 1216 841 est
1237 813 1422 850 impossibile,
1451 815 1581 850 quamvis
1613 814 1687 842 illam
1710 815 1826 843 eandem
1849 824 1894 852 po-

1049 860 1163 888 tentiam
1187 859 1301 893 habeat,
1324 867 1408 896 quam
1431 860 1514 888 habet
1545 863 1689 897 peccator,
1711 864 1737 889 et
1760 861 1811 890 hoc
1834 870 1895 898 pro-

1049 910 1110 944 pter
1125 906 1321 944 perfectionem
1338 906 1442 943 gratiae
1457 915 1512 935 non
1528 908 1690 937 sustinentis
1705 908 1788 937 talem
1804 916 1895 945 egres-

1048 961 1110 981 sum
1134 953 1192 981 sive
1214 953 1361 982 defectum.

1129 999 1154 1027 3.
1176 1000 1213 1028 Ad
1236 999 1305 1028 illud
1328 1000 1403 1037 quod
1425 1000 1570 1035 obiicitur,
1592 1001 1666 1038 quod
1689 1002 1811 1039 potentia
1833 1010 1894 1039 pec-

1049 1046 1129 1075 candi
1152 1050 1193 1075 est
1215 1047 1383 1083 principium
1399 1046 1510 1083 culpae;
1528 1047 1688 1082 dicendum,
1704 1048 1778 1085 quod
1795 1057 1893 1077 verum

1048 1096 1106 1127 est,
1128 1094 1177 1122 sed
1199 1093 1251 1122 hoc
1272 1097 1313 1122 est
1335 1093 1361 1121 in
1377 1097 1514 1131 quantum
1531 1094 1679 1131 deficiens,
1695 1095 1752 1124 sive
1768 1096 1794 1124 in
1810 1104 1895 1133 quan-

1047 1143 1106 1169 tum
1130 1140 1182 1169 sibi
1204 1140 1372 1177 relinquitur
1383 1141 1401 1169 ⁷.
1424 1140 1451 1168 ln
1474 1140 1583 1170 Christo
1612 1145 1704 1170 autem
1727 1151 1781 1170 non
1803 1146 1894 1180 potest

1048 1187 1099 1215 sibi
1122 1187 1240 1224 relinqui
1263 1190 1377 1224 propter
1393 1187 1606 1224 inseparabilem
1623 1189 1752 1217 unionem
1776 1198 1838 1218 cum
1856 1190 1894 1218 di-

1047 1233 1176 1267 vinitate;
1197 1237 1224 1262 et
1246 1233 1307 1262 ideo
1329 1242 1382 1262 non
1404 1238 1494 1271 potest
1514 1234 1624 1271 culpam
1641 1240 1813 1273 perpetrare,
1828 1245 1894 1274 quo-

1047 1280 1121 1309 niam
1143 1289 1197 1309 non
1220 1284 1261 1309 est
1282 1281 1309 1308 in
1331 1280 1440 1309 Christo
1462 1281 1514 1309 sub
1536 1288 1568 1309 ea
1589 1282 1710 1317 ratione,
1732 1291 1787 1320 qua
1809 1283 1894 1312 habet

1044 1327 1238 1364 prineipiare.
1255 1327 1285 1355 Et
1307 1327 1368 1356 ideo
1382 1336 1436 1356 non
1453 1328 1596 1364 sequitur,
1611 1329 1686 1366 quod
1702 1329 1784 1366 culpa
1799 1330 1893 1367 aliqua

1047 1373 1134 1410 possit
1154 1381 1214 1402 esse
1236 1373 1263 1401 in
1285 1373 1403 1402 Christo.

1127 1421 1153 1449 lt.
1176 1420 1213 1449 Ad
1237 1420 1304 1448 illud
1327 1421 1402 1457 quod
1430 1421 1576 1456 obiicitur,
1598 1422 1672 1459 quod
1705 1422 1832 1452 Christus
1853 1431 1893 1452 se-

1049 1468 1174 1496 cundum
1206 1468 1326 1496 animam
1360 1468 1411 1496 fuit
1442 1468 1499 1497 Deo
1530 1469 1704 1504 simillimus;
1727 1470 1892 1505 dicendum,

1049 1515 1122 1552 quod
1146 1515 1196 1543 etsi
1226 1514 1344 1543 similior
1374 1515 1426 1543 fuit
1457 1515 1550 1544 anima
1571 1515 1671 1544 Christi
1693 1516 1771 1545 Deo⁸
1793 1517 1893 1546 ceteris

1048 1561 1196 1595 creaturis
1218 1564 1310 1590 tamen
1343 1562 1656 1599 improportionabiliter
1677 1563 1761 1591 distat
1782 1571 1798 1591 a
1819 1564 1875 1592 Deo
1883 1575 1890 1598 3
1908 1570 2020 1589 Notandum.

1048 1608 1179 1644 quoniam
1202 1608 1292 1641 Deus,
1322 1616 1384 1637 cum
1408 1608 1443 1637 sit
1474 1616 1583 1638 summe
1605 1612 1702 1646 potens
1724 1609 1752 1638 z'n
1775 1618 1820 1644 se,
1839 1618 1893 1647 per

1047 1662 1077 1682 se
1097 1657 1124 1687 et
1145 1663 1180 1682 ex
1200 1663 1245 1688 se,
1267 1663 1320 1683 non
1342 1658 1432 1692 potest
1453 1655 1573 1684 deficere
1605 1664 1654 1684 nec
1676 1656 1779 1685 habere
1801 1661 1894 1694 poten-

1048 1701 1114 1729 tiam
1137 1701 1296 1735 deficiendi,
1312 1709 1363 1730 nec
1377 1705 1513 1738 quantum
1535 1703 1570 1731 ad
1592 1703 1820 1737 ordinationem,
1843 1711 1893 1732 nec

1048 1752 1185 1785 quantum
1207 1748 1240 1776 ad
1265 1748 1404 1777 radicem.
1426 1749 1477 1778 Sed
1511 1750 1604 1777 anima
1635 1750 1734 1778 Christi
1757 1753 1799 1779 est
1820 1758 1894 1779 crea-

1048 1799 1126 1829 tura,
1149 1795 1220 1823 sicut
1240 1798 1267 1823 et
1287 1795 1357 1824 aliae
1379 1796 1503 1830 animae,
1525 1800 1552 1825 et
1572 1805 1607 1825 ex
1625 1797 1676 1826 hoc
1698 1798 1757 1834 ipso
1779 1805 1829 1834 per
1850 1805 1895 1826 na-

1048 1846 1139 1871 turam
1163 1850 1243 1871 suam
1265 1846 1307 1871 est
1328 1843 1464 1871 vertibilis
1479 1847 1506 1872 et
1522 1843 1686 1872 defectibilis
1701 1848 1727 1872 et
1741 1844 1893 1881 potentiam

1049 1889 1132 1918 hahet
1153 1889 1315 1923 deficiendi3
1337 1890 1385 1918 sed
1408 1890 1481 1927 quod
1505 1898 1558 1918 non
1581 1890 1708 1925 deficiat,
1731 1891 1782 1919 hoc
1811 1891 1894 1920 habet

1048 1936 1182 1965 beneflcio
1203 1936 1263 1965 eius
1284 1936 1331 1973 qui
1361 1936 1440 1973 longe
1465 1937 1548 1965 distat
1569 1937 1604 1965 ab
1625 1938 1698 1966 omni
1722 1938 1839 1966 defectu.
1864 1938 1894 1966 Et

1048 1983 1110 2012 ideo
1132 1991 1186 2011 nou
1202 1983 1344 2020 sequitur,
1366 1984 1439 2020 quod
1458 1984 1551 2012 anima
1566 1984 1666 2013 Christi
1682 1985 1804 2013 caruerit
1818 1986 1893 2014 omni

1047 2030 1169 2067 potentia
1190 2030 1337 2066 peccandi,
1359 2031 1406 2059 sed
1441 2031 1515 2068 quod
1548 2031 1638 2060 caruit
1658 2032 1832 2061 ordinatione
1858 2032 1893 2061 ad

1049 2077 1131 2105 talem
1154 2081 1247 2106 actum
1269 2077 1328 2106 sive
1349 2078 1489 2106 defectum
1513 2085 1563 2115 per
1584 2078 1653 2107 illud
1675 2078 1796 2113 donum,
1819 2079 1893 2116 quod

1047 2123 1179 2158 faciebat,
1201 2124 1342 2153 Christum
1364 2132 1425 2153 esse
1446 2125 1503 2153 Deo
1525 2125 1698 2154 simillimum
1716 2126 1734 2153 ⁹.

1909 1103 2022 1122 Notandum.

1108 2384 1118 2399 θ
1136 2384 1195 2407 Libr.
1218 2385 1241 2407 ΙΙ.
1263 2386 1323 2408 Sciit.
1341 2385 1362 2407 d.
1380 2385 1418 2407 35.
1436 2391 1456 2408 a.
1479 2386 1500 2408 2.
1517 2392 1540 2418 q.
1559 2386 1581 2408 3.
1598 2385 1626 2407 ad
1645 2385 1673 2407 ὗε
1697 2386 1815 2408 Dumnatio
1836 2392 1892 2408 vero

1046 2427 1137 2446 aeterna
1155 2424 1230 2446 reddit
1248 2424 1413 2452 impossibilem
1431 2424 1583 2454 [hominem]
1605 2425 1634 2447 nd
1652 2424 1751 2452 bonum,
1775 2430 1819 2447 non
1838 2425 1891 2453 quia

1046 2463 1077 2486 ibi
1095 2464 1123 2486 sit
1140 2463 1257 2491 plenitudo
1274 2464 1348 2486 omnis
1366 2464 1430 2491 mali,
1444 2470 1486 2486 noc
1503 2464 1571 2486 etiam
1584 2464 1636 2492 quia
1654 2464 1768 2486 auferatur
1785 2464 1893 2486 naturalis

1046 2502 1149 2530 aptitudo
1170 2502 1199 2524 ad
1222 2502 1320 2530 bonum,
1344 2503 1384 2525 sed
1406 2503 1459 2531 quia
1483 2503 1585 2525 aufertur
1607 2502 1709 2524 merendi
1732 2503 1848 2531 spatium,
1871 2506 1893 2525 et

1047 2538 1107 2563 Defus
1123 2542 1223 2569 amplius
1240 2547 1283 2563 non
1302 2542 1367 2564 offert
1384 2542 1480 2570 gratiam
1504 2542 1619 2564 iuvantem
1638 2541 1666 2563 ad
1684 2541 1780 2564 bonum.
1798 2542 1823 2564 Et
1840 2541 1891 2564 idco

1046 2580 1082 2601 illu
1101 2580 1272 2608 impossibilitas
1289 2587 1332 2603 non
1351 2581 1433 2603 dicitur
1451 2587 1492 2609 per
1510 2581 1662 2609 privationem
1680 2580 1801 2603 habilitatis
1821 2582 1892 2603 omni·

1047 2619 1155 2647 modam,
1177 2619 1217 2641 sed
1239 2620 1315 2647 potius
1337 2624 1430 2647 propter
1453 2619 1511 2642 bone
1535 2619 1630 2641 faciendi
1653 2620 1823 2647 impedimenta.
1846 2619 1890 2642 Csr.

1049 2657 1079 2679 ibi
1099 2657 1120 2680 d.
1139 2657 1175 2679 34.
1193 2664 1213 2680 a.
1231 2658 1252 2680 2.
1270 2665 1292 2686 q.
1312 2659 1332 2679 2.
1344 2669 1376 2674 -—
1387 2658 1435 2680 Mox
1450 2664 1491 2685 pro
1503 2657 1560 2687 quia
1577 2657 1644 2680 codd.
1663 2658 1698 2680 lK
1710 2658 1759 2679 Lan
1771 2657 1802 2680 hb
1819 2658 1890 2688 quod,

1047 2699 1068 2719 et
1087 2702 1128 2725 pro
1145 2697 1224 2720 actum
1241 2696 1331 2726 peccati
1346 2697 1396 2719 cod.
1415 2699 1432 2718 Α
1449 2698 1529 2720 actitm
1543 2696 1664 2726 peccandi.

1109 2735 1118 2749 ⁷
1135 2735 1179 2757 Ctr.
1199 2735 1220 2757 ll.
1232 2736 1293 2757 Seni.
1306 2735 1327 2757 d.
1345 2735 1381 2757 34.
1399 2742 1419 2758 a.
1436 2736 1452 2757 Ι.
1471 2742 1492 2764 q.
1512 2736 1531 2758 2.
1550 2738 1572 2758 et
1583 2735 1605 2758 d.
1625 2735 1662 2758 44.
1674 2742 1694 2758 a.
1717 2737 1734 2758 l.
1746 2743 1768 2765 q.
1791 2737 1808 2759 l.
1826 2743 1891 2765 seqq.

1109 2773 1118 2789 Β
1137 2774 1187 2795 l‘ost
1199 2774 1245 2796 Deo
1263 2774 1331 2796 codd.
1344 2775 1360 2796 Α
1379 2774 1411 2802 (K
1425 2781 1436 2796 a
1455 2774 1556 2796 secunda
1570 2775 1653 2803 mann)
1670 2775 1712 2797 PR
1723 2776 1738 2797 S
1755 2776 1892 2798 interliciunt

1047 2812 1068 2834 et
1084 2811 1130 2839 sic,
1148 2811 1217 2834 codd.
1235 2811 1250 2833 F
1260 2812 1294 2834 ΙΙΙ
1313 2812 1344 2837 (lt
1367 2813 1486 2841 primitus)
1504 2812 1520 2834 L
1530 2812 1546 2834 Ν
1558 2813 1576 2834 Τ
1587 2813 1603 2835 b'
1614 2813 1633 2835 V
1644 2813 1664 2835 x
1674 2820 1700 2835 aa
1710 2819 1735 2836 cc
1753 2817 1775 2836 ct
1791 2814 1844 2837 cdd.
1867 2814 1889 2842 l,

1048 2850 1061 2872 2
1078 2851 1100 2872 et
1116 2849 1149 2873 sic
1166 2849 1199 2872 de.
1218 2851 1286 2872 Paulo
1307 2851 1400 2873 interius
1418 2858 1460 2879 pro
1476 2850 1509 2874 ad
1526 2851 1698 2875 ordinationem
1716 2852 1783 2874 codd.
1801 2852 1816 2874 F
1826 2853 1843 2875 U
1861 2852 1893 2875 at!

1047 2887 1165 2916 ordinem,
1185 2891 1207 2910 ct
1224 2889 1308 2916 pariter
1324 2890 1382 2911 circa
1401 2890 1469 2912 ssnem
1493 2890 1559 2913 solut.
1576 2890 1659 2914 ordine
1675 2897 1717 2919 pro
1735 2890 1891 2914 ordinatione.

1109 2926 1119 2942 ⁹
1138 2927 1194 2949 Vide
1212 2928 1313 2950 scholion
1332 2928 1360 2951 ad
1378 2929 1554 2957 praecedentem
1573 2934 1661 2958 quaest.
