2166 3366
0 704 1 708 ¹
15 694 126 715 Notandum.

855 190 937 219 DisT.
962 191 1047 220 xvnl.
1070 190 1176 220 bunia.

142 269 224 303 dum,
245 269 320 306 quod
342 276 392 305 per
410 268 586 305 passionem.
610 269 659 298 l'er
681 271 835 306 passionem
852 269 924 297 enim
948 278 987 298 sa-

143 315 242 344 tisfecit
262 319 289 344 et
317 315 438 352 pretium
471 316 618 352 persolvit;
641 324 690 345 nec
722 317 849 354 sequitur
871 320 986 355 propter

143 362 210 396 hoc,
241 362 315 399 quod
348 362 374 390 in
407 362 507 390 merito
539 364 704 399 protei-erit,
735 364 801 401 quia
832 372 886 392 non
918 364 986 398 sibi,

142 409 190 438 sed
212 409 291 437 nobis
314 409 431 442 meruit;
453 412 479 437 et
509 408 570 437 ideo
599 417 651 437 non
682 414 770 446 potest
791 411 918 439 concludi
950 419 985 439 ex

144 456 210 490 hoc,
230 456 305 492 qnod
332 456 389 492 ipse
414 455 578 492 profecerit,
606 457 653 484 sed
683 458 756 493 qnod
787 465 836 485 nos
868 459 987 494 profece-

143 503 231 531 rimus
247 503 264 531 ¹.

221 550 247 577 3.
269 549 305 578 Ad
329 549 398 578 illud
420 549 494 586 quod
516 549 662 583 obiicitur,
690 551 763 586 quod
796 552 925 580 meritum
950 556 986 580 to-

142 599 200 625 tum
223 596 348 625 consistit
379 596 405 624 in
438 596 530 624 radice
562 597 700 627 caritatis:
722 597 888 629 dicendum.
910 599 983 636 quod

141 646 183 672 est
205 643 336 671 meritum
357 642 520 679 (almisonis
543 643 619 670 vt'tac
646 647 798 676 aeternae,
822 648 849 672 ct
869 649 911 673 est
932 653 986 673 me-

143 690 227 718 ritum
249 689 430 718 dimissionis
448 697 566 726 poenae.
595 689 722 718 Meritum
753 691 829 718 vitae
850 695 986 720 aeternae

142 736 266 765 consistit
287 736 312 764 in
336 736 428 765 radice
450 736 588 768 caritatis.
618 736 748 764 meritum
771 741 864 765 autem
887 738 985 766 remis-

141 783 233 811 sionis
253 791 361 820 poenae
382 790 434 811 non
458 786 565 811 tantum
587 783 711 811 consistit
733 783 759 811 in
782 784 913 817 caritate„
936 785 983 813 sed

141 830 224 859 etiam
247 830 272 858 in
295 830 430 867 passionis
451 830 609 858 acerbitate.
639 831 748 866 apertio
769 835 863 859 antem
886 831 985 861 ianuae

142 878 332 917 principaliter
362 877 529 906 consistebat
559 881 695 914 quantum
728 878 762 906 ad
793 879 922 907 mci-itum
945 880 985 908 di-

142 924 291 953 missionis
320 932 445 961 poenae,
477 932 528 961 pro
558 932 591 952 eo
622 924 696 960 qnod
730 925 776 952 illa
796 926 901 962 apertio
926 926 984 954 lieri

141 971 261 1000 habebat
283 979 332 1008 per
351 979 423 1007 opus
444 970 653 1003 satisfactionis;
675 971 823 1000 satisfactio
845 977 938 1001 aulem
956 974 985 1002 tit

142 1018 264 1046 maxime
285 1025 335 1055 per
356 1025 440 1054 opera
464 1017 589 1054 poenalia
599 1017 617 1045 ¹².

219 1065 246 1093 4.
268 1064 305 1093 Ad
329 1064 396 1092 illud
419 1064 493 1101 quod
522 1064 665 1098 obiicitur,
693 1065 766 1102 quod
796 1069 844 1093 aut
866 1069 925 1094 crat
948 1067 985 1094 iu-

141 1115 231 1146 stum,
246 1114 294 1139 aut
310 1111 453 1145 iniustum,
469 1111 548 1139 nobis
564 1111 674 1139 ianuam
687 1112 805 1148 aperiri;
821 1112 981 1144 dicendum,

140 1157 216 1195 quod
247 1160 310 1186 ante
340 1157 568 1191 satisfactionem,
590 1161 669 1186 reatu
702 1162 845 1191 manente,
873 1159 982 1188 [ustum

140 1208 215 1239 erat,
237 1204 348 1233 ianuam
371 1204 450 1233 nobis
470 1204 577 1237 claudi;
598 1204 646 1233 sed
667 1205 851 1234 satisfactione
874 1206 926 1234 iam
950 1208 986 1234 fa—

140 1255 199 1285 cta,
221 1252 332 1280 iustum
352 1254 427 1286 erat,
449 1251 528 1280 nobis
550 1251 660 1280 ianuam
683 1252 794 1288 aperiri.
819 1253 893 1280 Unde
908 1253 985 1281 Chri-

140 1302 200 1328 stus
221 1298 414 1328 satisfaciendo
443 1298 506 1327 fecit
537 1298 616 1327 nobis
638 1298 672 1327 de
695 1299 817 1327 indebito
841 1300 984 1331 debitum,

139 1353 172 1374 ac
193 1353 242 1382 per
265 1345 317 1373 hoc
348 1352 413 1373 vere
434 1347 462 1373 et
494 1345 606 1381 proprie
638 1345 716 1372 nohis
748 1345 851 1373 meruit
882 1346 984 1382 aperiri

140 1392 257 1421 caelum.
281 1392 356 1421 Unde
377 1399 440 1421 cum
453 1392 463 1406 ³
476 1392 594 1425 dicitur,
609 1393 683 1429 quod
700 1392 829 1421 Christus
844 1393 913 1421 nihil
931 1402 984 1421 me—

141 1439 197 1468 ruit
218 1439 269 1467 nisi
291 1439 412 1472 iustum3
434 1438 600 1469 dicendum.
622 1439 696 1475 quod
720 1439 790 1467 illud
814 1439 896 1467 hahet
916 1440 984 1468 veri-

140 1489 241 1520 tatem,
261 1486 283 1514 si
306 1485 488 1522 intelligatur,
509 1486 583 1522 quod
608 1485 674 1514 illud
710 1486 826 1514 retineat
849 1487 981 1515 rationem

1828 194 1863 222 :39
1868 194 1884 222 :3

1045 269 1194 298 iniustitiae
1210 272 1270 305 post
1286 269 1449 297 meritorum
1467 270 1713 302 interventionem:
1735 272 1773 300 sic
1795 276 1888 301 autem

1045 324 1098 344 non
1119 319 1161 344 est
1184 315 1243 349 hic,
1265 315 1338 343 sicut
1359 316 1448 344 visum
1471 321 1521 345 est.

1123 364 1147 390 35.
1170 362 1207 391 :td
1231 362 1299 391 illud
1322 363 1396 400 quod
1419 363 1565 398 obiicitur,
1587 365 1661 402 quod
1677 365 1779 394 caritas
1801 374 1888 394 mere-

1044 413 1089 439 tur
1111 410 1226 446 gloriam
1248 413 1390 438 aeternam
1412 418 1447 439 cx
1463 412 1614 448 condigno;
1630 412 1789 443 dicendum.
1811 414 1886 450 quod

1044 461 1104 494 post
1127 457 1234 494 lapsum
1258 457 1377 485 hominis
1399 458 1500 486 caritas
1522 466 1574 486 non
1598 463 1722 488 meretur
1737 460 1787 488 nisi
1811 468 1887 497 prae-

1041 505 1155 533 ambulo
1178 508 1253 533 {notu
1276 504 1356 538 fidei3
1380 504 1448 533 fides
1470 509 1563 534 autem
1586 506 1712 535 absoluta
1736 515 1788 535 non
1811 507 1886 535 suffi-
1900 512 2014 530 Notandum-

1042 552 1094 586 cit,
1115 551 1165 580 nisi
1187 552 1222 579 sit
1244 551 1313 580 fides
1345 551 1486 579 Creatoris
1508 556 1535 580 et
1557 553 1729 588 Mediatoris,
1751 554 1810 582 sine
1832 563 1887 592 qua

1042 606 1123 627 nemo
1145 601 1233 634 potest
1255 597 1397 626 iustificari
1411 598 1432 631 ⁴;
1456 598 1517 626 ideo
1538 598 1660 627 efficacia
1682 601 1773 628 omnis
1795 601 1884 630 meriti

1043 644 1157 673 fundata
1177 648 1219 673 est
1239 652 1324 681 super
1347 644 1446 673 merita
1467 645 1576 673 Christi.
1606 646 1635 674 lit
1661 650 1807 683 propterea
1834 656 1887 676 non

1042 691 1184 728 sequitur,
1205 691 1280 728 quod
1302 691 1403 720 caritas
1435 696 1576 720 mereatur
1608 693 1738 728 gloriam,
1770 695 1887 723 circum-

1043 738 1152 775 scriptis
1174 738 1280 766 meritis
1301 738 1415 772 Christi,
1439 739 1480 767 vel
1498 739 1656 768 introducat
1671 741 1697 768 in
1721 741 1818 777 ipsam,
1835 750 1885 778 pro

1042 792 1075 812 eo
1095 785 1169 821 quod
1191 785 1321 813 meritum
1344 785 1466 813 caritatis
1489 789 1598 815 nostrae
1615 794 1668 814 non
1684 787 1811 816 excludit
1834 796 1886 817 me-

1043 831 1094 859 rita
1116 832 1226 865 Christi,
1248 832 1295 860 sed
1320 833 1411 869 potius
1433 833 1558 861 includit.

1122 880 1147 905 (ἱ.
1170 879 1205 907 :ld
1230 878 1298 907 illud
1320 879 1394 916 quod
1417 879 1562 913 obiicitur,
1584 881 1658 917 quod
1689 881 1758 910 fides
1785 882 1884 910 Christi

1042 928 1104 952 ante
1127 925 1281 961 passionem
1305 926 1498 955 introducebat
1530 927 1555 954 in
1579 927 1712 963 gratiam,
1735 937 1801 965 ergo
1824 930 1883 965 pari

1043 972 1148 1000 ratione
1169 976 1196 1000 ct
1217 973 1243 1000 in
1265 972 1396 1007 gloriam,
1425 973 1591 1007 dicendum,
1614 975 1688 1011 quod
1714 984 1766 1003 non
1789 979 1830 1004 est
1852 976 1885 1004 si-

1043 1019 1122 1051 mile,
1143 1019 1209 1056 quia
1241 1023 1329 1048 status
1356 1020 1475 1057 1(Ινιιιίιισ
1508 1021 1576 1049 hene
1598 1023 1767 1059 compatitur
1788 1030 1882 1051 secum

1042 1066 1236 1102 obligationem
1259 1066 1292 1094 ad
1316 1074 1445 1103 poenam:
1469 1075 1521 1096 non
1544 1068 1583 1096 sic.
1604 1073 1696 1097 autem
1720 1073 1809 1098 status
1828 1070 1886 1107 yto-

1043 1113 1122 1143 riae,
1144 1113 1191 1150 qui
1213 1113 1339 1141 excludit
1359 1121 1469 1142 omnem
1487 1114 1723 1151 imperfectionem
1740 1124 1844 1153 poenae
1860 1120 1887 1145 et

1042 1159 1148 1196 culpae.
1173 1159 1244 1193 ldeo,
1265 1160 1394 1196 quamvis
1417 1161 1550 1190 Dominus
1571 1162 1651 1191 daret
1669 1163 1804 1200 qratiam
1827 1172 1886 1201 pro-

1043 1210 1104 1242 pter
1124 1206 1336 1235 satisfactionem
1360 1208 1555 1244 pi·oiuissam⁵,
1578 1217 1631 1238 non
1665 1213 1755 1238 tamen
1789 1211 1886 1240 debuit

1042 1252 1109 1281 dare
1129 1253 1274 1289 (storiam,
1296 1254 1347 1282 nisi
1370 1255 1554 1284 satisfactione
1569 1256 1668 1285 soluta.
1692 1257 1724 1285 Et
1746 1258 1808 1286 ideo
1829 1266 1882 1286 non

1043 1300 1153 1336 patebat
1175 1300 1317 1337 ingressus
1339 1301 1365 1329 in
1388 1310 1522 1338 regnum,
1538 1303 1588 1331 nisi
1605 1303 1683 1340 prius
1705 1304 1885 1334 interveniret

1042 1346 1132 1383 passio
1153 1347 1270 1381 Christi,
1293 1356 1341 1384 per
1363 1357 1446 1385 quam
1469 1349 1626 1378 solveretur
1641 1351 1762 1388 pretinm
1779 1352 1883 1380 satisfa-

1041 1393 1176 1427 ctorium,
1197 1398 1224 1422 et
1246 1402 1295 1423 nos
1317 1403 1369 1423 non
1404 1399 1510 1424 tantum
1540 1397 1726 1426 liberaremur
1746 1407 1763 1427 a
1784 1399 1884 1436 culpa,

1041 1440 1088 1468 sed
1111 1441 1192 1468 etiam
1215 1441 1427 1470 absolveremur
1448 1451 1464 1471 a
1486 1447 1574 1472 reatu.
1591 1444 1659 1473 llaec
1674 1449 1766 1473 autem
1785 1446 1884 1474 melius

1040 1487 1156 1515 inferius
1167 1487 1176 1501 ⁰
1198 1488 1455 1517 manilesmbuntur.

722 1584 818 1613 [wssla
840 1584 933 1612 cinca
956 1584 1119 1613 LITTERAM
1142 1585 1302 1614 MAGlSTffl.

507 1682 574 1711 Dra.
596 1683 613 1710 l.

219 1777 246 1806 ln
270 1781 347 1814 parte
369 1777 420 1806 ista
441 1779 506 1805 sunt
527 1777 703 1814 quaestiones
718 1777 791 1805 circa
808 1776 942 1807 litteram,
957 1780 984 1805 et

140 1823 231 1861 primo
251 1823 397 1861 quaeritur
419 1823 453 1852 de
476 1823 527 1852 hoc
548 1823 623 1860 quod
645 1823 728 1852 dicit:
755 1823 860 1851 Jleruit
881 1832 900 1851 a
922 1832 984 1851 con-

139 1871 265 1909 ceptione
279 1879 337 1900 non
352 1871 436 1899 modo
447 1870 577 1908 yloriam
601 1870 867 1908 impassiln'iitatis⁷
887 1879 984 1907 corpo-

140 1919 201 1952 ris,
221 1918 272 1947 sed
285 1918 373 1946 etiam
387 1917 651 1955 impassibilitatem
666 1918 803 1949 animae.-
825 1918 890 1954 quia
911 1929 923 1943 «
935 1918 982 1945 uhi

139 1973 228 1994 unum
260 1967 374 2002 propter
405 1964 541 1997 alterum,
563 1963 599 1992 ibi
622 1972 709 1993 unum
733 1968 839 1993 tantum
855 1965 865 1978 ⁸
879 1976 906 1999 »;
935 1965 982 1993 sed

140 2011 349 2041 immortalitas
374 2019 428 2040 non
450 2015 491 2040 est
513 2011 539 2040 in
563 2019 679 2048 corpore
701 2012 752 2039 nisi
776 2019 825 2049 per
845 2012 983 2046 animam,

139 2059 211 2088 sicut
231 2066 282 2087 nec
304 2058 378 2093 vita;
396 2058 581 2095 passibilitas
602 2058 684 2087 etiam
708 2066 761 2086 non
783 2061 825 2086 est
846 2058 871 2086 in
891 2058 982 2085 anima

138 2105 190 2134 nisi
212 2112 263 2142 per
284 2113 402 2142 corpus,
423 2113 487 2133 cum
509 2105 602 2133 anima
623 2105 659 2133 sit
680 2104 834 2133 substantia
861 2104 983 2140 incorpo-

140 2151 222 2181 ralis:
246 2154 331 2180 restat
351 2159 434 2188 ergo,
455 2151 529 2189 quod
545 2151 619 2180 idem
634 2155 675 2180 est
689 2151 802 2180 omnino
818 2151 918 2179 mereri
936 2152 983 2179 im-

139 2198 348 2236 passibilitatem
364 2198 488 2235 corporis
502 2202 529 2227 et
545 2198 793 2235 impassibilitatem
815 2198 931 2226 animae.
945 2215 982 2218 —

139 2245 299 2278 Praeterea,
320 2252 436 2282 corpore
451 2245 587 2274 existente
602 2245 780 2282 impassibili,
802 2252 913 2273 necesse
928 2248 982 2280 est,

138 2293 260 2321 animam
281 2300 341 2321 esse
364 2292 582 2329 impassibilem:
602 2300 669 2329 ergo
690 2300 743 2320 non
766 2292 893 2325 videtur,
907 2292 980 2329 quod

139 2339 345 2376 impassibilitas
376 2338 500 2375 corporis
521 2338 621 2367 debeat
642 2339 836 2367 connumerari
860 2338 982 2374 impassi—

138 2385 236 2414 bilitati
258 2382 375 2414 animae.

1925 1691 2014 1714 Quaestio

1897 1719 1987 1732 CODDEUI.

1120 1684 1199 1712 luxta
1221 1684 1273 1713 hoc
1294 1686 1455 1721 quaeritur:
1478 1686 1522 1714 cui
1542 1688 1685 1724 perprius
1702 1688 1771 1717 inest
1788 1689 1885 1726 impas-

1041 1730 1180 1759 sibilitas?
1204 1732 1233 1759 Et
1253 1732 1327 1768 qnod
1349 1733 1453 1766 carni,
1476 1733 1602 1765 videtur.
1624 1736 1689 1772 quia
1712 1736 1886 1773 impassibili-

1042 1781 1083 1805 tas
1103 1781 1145 1806 est
1166 1778 1216 1807 dos
1237 1779 1380 1816 eorporis;
1402 1781 1477 1817 quod
1499 1785 1593 1810 autem
1608 1782 1741 1816 animae,
1764 1784 1884 1819 videtur,

1041 1825 1105 1861 quia
1128 1825 1235 1861 gloria9
1255 1830 1296 1854 est
1318 1834 1368 1863 per
1389 1827 1560 1856 influentiam
1583 1829 1692 1858 animae
1715 1830 1740 1858 in
1763 1839 1884 1860 carnem.

1120 1871 1298 1901 Rsssposnao:
1323 1873 1491 1908 Dicendum,
1513 1874 1588 1911 quod
1611 1875 1745 1904 inanima
1761 1877 1884 1914 passibili

1041 1917 1147 1954 duplex
1169 1922 1210 1947 est
1231 1926 1319 1955 genus
1341 1921 1521 1957 passionum:
1548 1930 1653 1957 unum,
1682 1923 1755 1960 quod
1779 1925 1884 1961 patitur

1042 1964 1071 1992 ιἰι
1091 1973 1121 1991 se
1143 1973 1192 2001 per
1212 1965 1388 2000 affectiones3
1403 1966 1496 2001 aliud,
1512 1976 1568 2005 quo
1582 1969 1751 2006 compatitur
1766 1972 1886 2008 corpori

1041 2014 1154 2047 propter
1182 2012 1306 2048 corporis
1329 2012 1462 2042 laesiones
1475 2014 1501 2042 ω.
1530 2015 1568 2043 Ad
1598 2015 1649 2044 hoc
1671 2020 1780 2051 autem,
1809 2018 1883 2055 quod

1040 2057 1132 2085 anima
1163 2057 1299 2088 efficiatur
1332 2060 1451 2097 perfecte
1480 2061 1673 2098 impassibilis,
1695 2071 1883 2094 necessarium

1040 2108 1096 2138 est,
1118 2105 1193 2142 quod
1214 2106 1250 2134 ab
1271 2110 1391 2144 utraque
1406 2108 1533 2144 passione
1548 2108 1685 2138 efficiatur
1700 2111 1820 2147 perfecte
1836 2112 1883 2140 im-

1040 2151 1148 2186 munis;
1173 2155 1200 2180 et
1220 2152 1257 2180 ita
1278 2153 1383 2190 duplex
1406 2154 1614 2191 impassibilitas
1630 2157 1770 2193 reperitur
1786 2159 1811 2187 in
1827 2160 1883 2187 ani-

1041 2205 1102 2226 ma:
1124 2206 1196 2233 una,
1217 2207 1289 2236 quae
1310 2204 1352 2229 est
1369 2202 1490 2238 proprie
1505 2202 1599 2239 ipsias
1619 2204 1758 2237 am'mae,·
1779 2205 1881 2240 altera,

1038 2252 1123 2280 quam
1145 2247 1341 2275 communicat
1373 2255 1440 2275 cum
1461 2256 1590 2285 corpore.
1615 2250 1644 2278 Et
1666 2250 1731 2279 istas
1753 2251 1824 2280 duas
1846 2252 1883 2280 in-

1040 2291 1126 2320 tendit
1147 2292 1274 2329 Magister
1296 2293 1322 2322 in
1345 2294 1436 2323 littera
1457 2303 1668 2325 connumerare.
1693 2297 1722 2325 Et
1747 2297 1785 2326 sic
1808 2302 1882 2335 patet

1038 2338 1181 2375 responsio
1201 2339 1236 2368 ad
1258 2340 1349 2377 primo
1369 2342 1536 2378 quaesitum.

1116 2385 1154 2413 Ad
1171 2385 1239 2414 illud
1256 2394 1336 2419 vero,
1351 2388 1424 2424 quod
1448 2389 1594 2425 quaeritur
1616 2391 1754 2425 secundo,
1769 2391 1812 2420 cui
1829 2400 1880 2429 per
1890 2391 1919 2409 Ad
1928 2392 2022 2414 ³¹¹³⁹⁵¹lffi

1892 2419 1934 2432 118111
1953 2420 2022 2433 <Onne-

1894 2443 1942 2456 ΧὶΙΠῚ.

202 2514 207 2528 ¹
226 2514 270 2537 Cfr.
288 2515 324 2536 hic
341 2515 370 2537 lit.
388 2514 500 2543 Magistri,
518 2521 538 2537 c.
556 2515 577 2537 5.

200 2552 208 2564 ²
225 2553 270 2576 Cfr.
287 2554 344 2576 infra
362 2554 383 2576 d.
406 2554 438 2576 19.
456 2560 476 2576 a.
497 2555 515 2576 l.
533 2561 555 2583 q.
574 2553 594 2576 4.

199 2592 209 2607 3
227 2592 268 2615 Pro
285 2598 340 2616 cam
357 2599 402 2615 non
414 2594 481 2621 pauci
493 2593 560 2615 codd.
573 2592 642 2623 quod.
659 2593 762 2615 Subinde
775 2600 816 2621 pro
828 2592 875 2616 nisi
887 2592 977 2616 iustam

138 2631 187 2653 Vat.
204 2630 326 2654 iniustam.
345 2631 413 2654 Paulo
430 2632 523 2654 inferius
548 2638 590 2660 pro
607 2632 734 2655 iniustitiae
751 2632 819 2654 codd.
837 2633 853 2654 A
866 2633 871 2654 l
883 2632 901 2654 K
912 2632 928 2653 Z
945 2632 977 2654 bb

137 2670 193 2693 falso
209 2669 317 2693 iustitiae..
335 2670 391 2692 Nam
408 2671 539 2693 immediate
556 2671 697 2699 praecedens
718 2678 762 2693 vox
785 2670 846 2693 illud
867 2671 979 2699 significat

137 2708 281 2737 apertionem
297 2709 379 2731 ianuae
398 2710 507 2732 caelestis.

200 2746 209 2762 ⁴
227 2747 283 2770 Vide.
300 2754 370 2776 supra
387 2754 441 2776 pag.
459 2748 519 2776 236,
538 2752 588 2771 nota
610 2750 643 2771 10.
669 2761 700 2765 —
718 2750 739 2771 ln
765 2749 828 2770 initio
851 2748 917 2770 solut.
935 2754 977 2776 pro

136 2785 239 2815 qtoriam
255 2787 376 2809 aeternam
393 2787 444 2809 cod.
462 2787 481 2809 K
499 2787 572 2810 vitam
588 2789 716 2811 aeternam.
735 2788 803 2809 Paulo
816 2787 910 2809 inferius
928 2790 979 2814 post

136 2823 212 2847 omnis
228 2824 307 2847 meriti
322 2825 389 2847 codd.
407 2826 424 2847 A
435 2826 452 2847 K
471 2825 503 2848 bb
520 2826 622 2848 subdunt
639 2825 721 2848 nostri.
740 2825 803 2847 Circa
822 2825 890 2846 tinem
908 2825 977 2846 solut.

137 2869 179 2891 pro
196 2868 244 2886 non
260 2863 365 2887 eoecludit
381 2864 448 2886 codd.
466 2865 483 2886 G
495 2866 501 2887 l
512 2865 527 2886 L
537 2865 583 2887 NT
593 2865 611 2887 U
622 2865 639 2887 V
650 2865 666 2886 Z
682 2871 708 2886 aa
727 2869 773 2886 non
790 2863 910 2887 eoectudat.

199 2901 209 2916 ⁵
225 2902 281 2925 Edd.
299 2903 371 2925 verbo
387 2903 531 2932 promissam
549 2905 696 2932 praemittunt
713 2902 784 2925 nobis.

199 2941 209 2956 ⁶
226 2941 279 2964 Dist.
300 2942 334 2964 19.
351 2949 371 2964 a.
393 2943 410 2965 Ι,
427 2949 449 2971 q.
467 2944 488 2965 2.
506 2946 528 2965 et
546 2942 566 2965 4.
586 2955 618 2959 —
635 2942 692 2965 Vide
714 2942 814 2964 scholion
837 2941 866 2963 ad
887 2948 977 2970 praeee-

138 2979 228 3002 dentcm
246 2983 333 3008 quaest.

261 3030 286 3054 S.
304 3031 392 3055 Bonae.
409 3044 439 3048 —-
457 3033 523 3054 Tom.
542 3033 575 3054 lll.

1097 2514 1107 2528 ⁷
1125 2515 1230 2543 Magister
1248 2516 1284 2537 hic
1301 2516 1322 2537 in
1341 2516 1372 2538 lit.
1390 2516 1454 2538 addit
1469 2518 1492 2539 et
1507 2517 1705 2547 immortalitates,
1725 2520 1753 2542 ad
1772 2521 1835 2548 quod
1857 2522 1878 2543 in

1034 2554 1182 2582 sequentibus
1199 2556 1325 2582 respicitur.

1098 2592 1107 2607 ⁸
1124 2594 1221 2621 Aristot„
1241 2594 1272 2616 ΙΙΙ.
1291 2594 1370 2622 Topic.
1388 2600 1407 2617 c.
1425 2596 1446 2617 2.
1464 2594 1508 2618 Cfr.
1526 2598 1582 2619 tom.
1601 2597 1623 2619 ll.
1641 2603 1695 2625 pag.
1714 2598 1770 2625 639,
1789 2602 1838 2621 nota
1857 2600 1878 2622 2.

1033 2643 1065 2648 -—
1082 2631 1130 2653 Mox
1147 2638 1190 2660 pro
1204 2638 1248 2661 per
1264 2632 1371 2656 animam
1388 2634 1456 2656 codd.
1473 2635 1491 2656 Α
1502 2635 1521 2656 K
1538 2637 1635 2664 propter
1651 2636 1766 2660 animam.

1097 2670 1107 2684 ⁹
1123 2670 1178 2693 Cod.
1196 2670 1214 2693 O
1231 2672 1323 2699 supplet
1339 2672 1461 2701 corporis‚·
1478 2674 1517 2695 cfr.
1545 2674 1580 2696 lV.
1599 2675 1659 2697 Sent.
1676 2675 1699 2697 d.
1720 2676 1755 2699 4⁹.
1774 2683 1795 2705 p.
1815 2677 1838 2700 ll.
1857 2684 1876 2700 a.

1034 2710 1130 2737 princip.
1152 2710 1170 2731 l.
1187 2716 1206 2732 a.
1229 2711 1245 2732 l.
1264 2717 1286 2739 q.
1305 2712 1325 2733 2.
1344 2724 1374 2727 —
1392 2712 1459 2734 Paulo
1476 2714 1583 2740 superius
1605 2720 1647 2742 pro
1672 2714 1732 2738 inest
1748 2715 1878 2745 impassibi-

1035 2747 1088 2771 {itas
1105 2749 1156 2771 cod.
1175 2749 1193 2770 T
1211 2748 1271 2772 inest
1285 2749 1436 2779 passibilitas.

1099 2787 1117 2802 ¹⁰
1134 2787 1178 2811 Cfr.
1190 2794 1260 2816 supra
1274 2795 1326 2817 pag.
1339 2789 1391 2817 354,
1405 2793 1455 2812 nota
1472 2791 1489 2812 l.
1501 2803 1530 2806 —
1540 2791 1608 2813 Paulo
1617 2793 1724 2820 superius
1737 2799 1779 2821 pro
1793 2800 1875 2819 zatum.

1034 2826 1097 2855 quod
1110 2826 1203 2856 patitur
1220 2827 1286 2850 codd.
1306 2828 1323 2849 H
1333 2828 1379 2850 RN
1398 2828 1428 2850 bb
1442 2835 1529 2857 ztmtm,
1543 2836 1590 2859 quo
1606 2831 1704 2860 patitur.
1723 2832 1817 2855 lnferius
1833 2839 1876 2861 pro

1037 2871 1098 2893 ima,
1118 2872 1178 2895 quae
1195 2867 1229 2889 est
1249 2866 1345 2896 proprie
1363 2867 1413 2890 cod.
1432 2869 1449 2889 Α
1468 2874 1531 2896 nna,
1551 2875 1612 2899 qaae
1629 2871 1663 2893 est
1677 2871 1788 2900 propria,
1807 2872 1876 2895 codd.

1035 2904 1052 2925 G
1063 2904 1095 2926 11.
1105 2904 1123 2926 T
1141 2911 1166 2926 aa
1184 2911 1241 2933 una,
1255 2911 1315 2935 quae
1326 2907 1360 2928 est
1377 2906 1510 2936 improprie.
1529 2907 1630 2931 Subinde
1647 2915 1688 2937 pro
1700 2909 1789 2939 altera,
1804 2917 1877 2940 qaam

1035 2943 1085 2965 eod.
1104 2945 1120 2965 Α
1138 2943 1230 2972 altera,
1249 2943 1274 2966 in
1290 2950 1352 2974 qaa,
1372 2945 1422 2967 cod.
1441 2946 1458 2968 K
1477 2945 1561 2974 altera,
1579 2953 1633 2970 cam
1651 2954 1706 2978 qua.

1722 3038 1751 3060 50
