2166 3366
743 167 825 195 DlST.
848 167 960 196 XXXlx.
982 168 1054 196 ΛΒΤ.
1075 168 1092 196 1.
1115 168 1250 204 QUAEST.
1272 168 1312 196 ΙΙΙ.

154 245 260 282 peierat
281 253 332 282 pro
359 245 416 273 vita
436 245 561 281 corporis
589 245 740 279 servanda,
761 245 827 282 quia
854 245 941 282 magis
961 245 1000 273 di-

154 291 223 320 lexit
244 299 347 328 corpus
368 299 454 328 quam
475 292 614 325 animam,
635 291 740 320 ieiunet
765 295 822 320 tres
847 292 1000 329 quadrage-

154 338 280 366 simas».
302 338 356 366 Nec
377 340 419 366 est
439 338 529 366 simile
551 338 585 366 de
606 338 700 372 furto:
728 338 794 375 quia
815 338 922 366 furtum
944 346 999 366 non

153 387 195 413 est
226 384 330 412 malum
364 384 416 412 nisi
448 388 562 421 propter
597 392 693 413 rerum
725 385 998 421 appropriationem

153 433 282 459 extrema
309 434 404 459 autem
432 431 582 459 necessitas
607 431 700 459 omnia
729 431 793 460 facit
821 431 999 466 communia,

1842 169 1898 197 865

1056 245 1133 274 nulla
1154 248 1247 274 autem
1270 245 1418 274 necessitas
1440 245 1511 274 tollit
1534 245 1650 283 periurii
1673 245 1898 280 deformitatem,

1055 299 1088 320 eo
1108 292 1182 329 quod
1204 291 1282 320 nulla
1303 292 1466 321 necessitate
1488 292 1594 321 licitum
1616 293 1651 321 sit
1675 299 1776 321 nomen
1798 292 1847 321 Dei
1870 293 1896 320 in

1056 346 1160 367 vanum
1180 346 1336 367 assumere:
1359 342 1386 368 et
1407 339 1444 367 ita
1459 347 1513 367 non
1529 342 1571 368 est
1592 339 1682 368 simile
1697 339 1761 368 hinc
1783 342 1810 368 et
1824 339 1897 368 inde.

1055 402 1094 405 —
1108 385 1147 413 De
1167 385 1334 421 obligatione
1349 388 1441 413 tamen
1463 385 1611 414 iuramenti
1627 386 1722 414 coacti
1740 385 1810 414 infra
1823 385 1830 398 ¹
1855 385 1899 414 de-

1057 431 1253 460 terminabitur
1274 431 1362 468 magis
1383 431 1465 468 plane
1475 432 1493 460 ².

914 529 1077 565 QUAESTlO
1098 529 1139 561 lu,

639 623 743 651 Utrum
765 631 847 651 omne
865 622 1036 659 periurium
1056 622 1096 650 sit
1115 621 1239 650 mortale
1258 625 1418 658 peccatum.

233 720 326 748 Tertio
340 720 495 757 quaeritur,
507 724 602 749 utrum
615 728 697 749 omne
711 720 869 758 periurium
881 720 916 749 sit
928 727 998 748 mor-

155 766 209 795 tale
231 769 385 803 peccatum.
408 767 439 795 Et
459 767 534 804 quod
556 767 608 800 sic,
629 767 750 795 videtur.

236 814 259 841 ·1.
289 812 459 849 Augustinus
488 813 515 840 in
547 813 668 850 quodam
700 821 829 842 sermone
861 812 895 841 de
927 812 999 840 iura-

24 870 54 888 Αα
67 869 141 893 opposi-
156 859 280 888 ment0³:
308 870 321 884 «
336 859 413 887 Falsa
435 859 536 887 iuratio
557 859 724 896 perniciosa,
740 867 806 888 vera
828 859 998 896 periculosa,

60 894 107 911 ’ω’
154 906 232 934 nulla
253 913 352 934 secura
366 917 393 940 »3
415 905 463 934 sed
485 906 560 943 quod
582 910 623 935 est
644 906 831 943 perniciosum
857 909 899 934 est
927 913 999 933 mor-

154 952 208 981 tale
231 956 390 988 peccatum:
412 960 476 980 cum
498 960 565 989 ergo
586 960 668 980 omne
689 952 846 989 periurium
872 952 907 980 sit
929 951 998 980 falsa

153 999 269 1028 iuratio:
291 1007 358 1036 ergo
379 999 536 1036 periurium
558 1002 600 1027 est
622 999 739 1027 mortale
760 1001 914 1035 peccatum.

232 1047 258 1074 ⁶2.
280 1045 359 1079 Item,
381 1045 456 1082 quod
478 1045 583 1074 directe
604 1048 646 1074 est
667 1049 764 1073 contra
785 1045 949 1073 mandatum
971 1047 998 1073 et

154 1092 369 1129 prohibitionem
402 1095 443 1120 est
469 1094 615 1128 peccatum
648 1091 800 1125 mortale⁴;
829 1091 877 1120 sed
907 1091 998 1128 periu-

152 1138 227 1166 rium
249 1138 353 1167 directe
374 1141 416 1166 est
440 1140 537 1166 contra
558 1137 773 1174 prohibitionem
799 1137 938 1166 secundae
961 1141 999 1166 ta-

152 1184 235 1213 bulae
256 1187 283 1213 et
314 1184 434 1221 primae:
466 1191 533 1220 ergo
564 1184 690 1218 videtur,
715 1184 790 1221 quod
822 1191 934 1221 semper
962 1184 998 1212 sit

151 1231 269 1260 mortale
291 1233 448 1267 peccatum3
471 1230 498 1258 in
519 1234 640 1267 utraque
655 1230 728 1258 enim
748 1230 915 1267 prohibetur
937 1238 998 1267 per-

152 1277 267 1306 iurium.

231 1324 256 1353 3.
279 1324 362 1358 item,
384 1326 562 1361 contemptus
588 1323 740 1352 introducit
766 1323 883 1352 mortale
903 1331 997 1360 pecca-

152 1374 228 1404 tum:
249 1371 299 1400 sed
320 1371 411 1399 omnis
432 1370 560 1408 peierans
575 1370 726 1399 contemnit
747 1370 835 1407 ipsam
856 1378 995 1399 summam

154 1417 318 1452 Veritatem,
341 1417 409 1446 dum
431 1425 491 1446 eam
508 1417 622 1446 adducit
644 1417 671 1445 in
686 1417 874 1446 testimonium
897 1417 997 1446 falsi⁶t

151 1472 218 1501 ergo
238 1471 320 1493 omne
341 1464 499 1501 periurium
520 1467 564 1492 est
585 1467 728 1500 peccatum
751 1464 878 1493 mortale.

230 1511 257 1540 lt.
279 1511 358 1545 item,
380 1511 558 1540 mendacium
580 1511 614 1540 de
642 1518 687 1545 se,
715 1511 829 1548 quando
857 1511 996 1540 seriosum

151 1560 208 1592 est,
229 1561 374 1594 peccatum
397 1565 482 1593 grave
502 1560 558 1586 est:
580 1565 644 1586 cum
659 1565 727 1594 ergo
742 1557 931 1586 iuramentum
954 1566 998 1586 su-

151 1603 331 1641 peradditum
359 1604 451 1632 trabat
480 1603 571 1640 ipsum
593 1604 771 1632 mendacium
801 1603 828 1631 in
849 1603 926 1632 aliud
954 1611 998 1641 ge-

151 1658 206 1679 nus
220 1651 238 1684 ⁶,
266 1651 388 1685 videtur,
409 1651 484 1687 quod
511 1650 718 1687 qualecumque
747 1650 924 1679 mendacium
947 1658 997 1687 per

152 1697 341 1726 iuramentum
364 1697 578 1734 superadditum
599 1696 648 1725 fiat
670 1697 787 1725 mortale
809 1700 963 1733 peccatum.

229 1738 282 1772 San
303 1751 426 1772 com-aix:
452 1744 476 1771 1.
498 1743 574 1772 Sicut
594 1743 740 1780 contingit,
762 1743 884 1780 aliquem
908 1744 997 1772 iocose

11 1789 263 1819 Fundamenta-amenti&
277 1790 295 1824 ⁷,
314 1789 352 1818 sic
367 1789 450 1818 etiam
465 1789 610 1826 contingit,
626 1789 748 1826 aliquem
772 1789 866 1818 iurare
881 1789 996 1823 falsum:

152 1836 202 1866 sed
216 1836 290 1874 quod
310 1836 369 1865 ioco
384 1835 415 1864 fit
437 1844 493 1864 non
512 1835 543 1864 fit
566 1839 740 1872 contemptu:
764 1836 786 1864 si
802 1843 868 1872 ergo
883 1835 996 1873 aliquod

151 1882 309 1920 periurium
331 1885 422 1919 potest
445 1889 505 1911 esse
526 1881 664 1916 iocosum,
690 1889 744 1910 non
773 1881 899 1916 videtur,
921 1882 997 1919 quod

152 1937 234 1958 omne
253 1929 410 1966 periurium
432 1929 467 1957 sit
488 1928 606 1957 mortale
628 1931 782 1965 peccatum.

231 1976 257 2004 ΞΣ.
279 1975 362 2010 Item,
391 1975 462 2004 sicut
489 1978 532 2003 est
559 1974 673 2012 aliquod
702 1974 894 2009 mendacium,
922 1975 996 2012 quod

151 2021 222 2050 nulli
243 2021 322 2050 obest
342 2024 370 2050 et
389 2021 472 2050 alicui
494 2021 623 2058 prodest,
638 2021 676 2049 ita
697 2025 861 2058 potestesse
882 2021 996 2059 aliquod

153 2068 330 2105 periurium3
351 2068 399 2096 sed
432 2068 485 2096 tale
514 2067 670 2104 periurium
693 2068 780 2105 magis
806 2068 932 2105 procedit
960 2076 996 2097 ex

152 2115 254 2152 pietate
275 2123 359 2152 quam
381 2122 418 2144 ex
433 2115 561 2143 libidine:
584 2122 649 2143 cum
670 2122 736 2152 ergo
752 2115 837 2143 libido
855 2115 891 2144 sit
913 2115 995 2144 radix

152 2162 242 2191 omnis
256 2162 360 2199 peccati
377 2161 502 2190 mortalis
512 2161 531 2196 ⁸,
547 2161 667 2195 videtur,
682 2161 755 2199 quod
772 2170 825 2190 non
841 2170 923 2191 omne
937 2170 997 2199 pcr-

153 2209 258 2238 iurium
279 2209 436 2238 necessario
457 2209 492 2237 sit
513 2209 631 2237 mortale
653 2212 809 2246 peccatum.

232 2256 257 2285 3.
274 2256 352 2288 item,
367 2256 439 2284 sicut
454 2255 598 2292 contingit,
613 2255 735 2292 aliquem
755 2255 997 2292 impraemeditate

153 2303 228 2341 loqui
254 2303 368 2338 falsum,
390 2303 427 2331 ita
441 2302 586 2339 contingit,
611 2302 733 2339 aliquem
755 2302 996 2338 impraemeditate

153 2350 247 2379 iurare
269 2349 385 2381 falsum:
407 2349 455 2377 sed
478 2352 621 2385 peccatum
645 2356 698 2376 non
723 2351 765 2376 est
790 2347 922 2381 mortale,
944 2347 995 2375 nisi

217 2506 223 2520 ¹
242 2507 288 2528 Art.
307 2506 328 2527 3.
345 2512 368 2534 q.
387 2506 407 2526 -2,
425 2517 454 2520 -
472 2504 520 2526 nox
538 2509 580 2532 pro
597 2503 674 2533 maqls
690 2503 760 2532 plane
776 2503 844 2526 codd.
863 2504 880 2526 l<
892 2504 910 2525 Ο
921 2504 936 2525 ll
950 2509 997 2526 ηια-

152 2545 189 2575 91'3
203 2544 278 2574 plene.

217 2584 225 2598 '⁴¹
243 2583 300 2605 Vide
318 2583 418 2604 scholion
437 2581 465 2603 ad
481 2581 656 2609 praecedentem
675 2583 762 2610 quaest.

217 2621 226 2637 ³
243 2623 315 2644 serm
338 2621 386 2642 180.
405 2620 469 2643 (alias
487 2620 523 2642 28,
542 2619 570 2641 de
588 2619 669 2641 Verbis
687 2619 796 2647 Apostoli)
810 2625 829 2641 c.
844 2619 862 2641 4.
881 2625 902 2641 n.
921 2618 945 2646 h,
958 2618 997 2640 ubi

154 2664 226 2683 textus
243 2660 360 2688 originalis
378 2666 419 2687 pro
435 2657 569 2687 perniciosa
586 2657 701 2680 substituit
718 2657 825 2680 eoeitiosu.

216 2699 225 2714 ⁴
244 2700 301 2721 Vide
321 2699 343 2720 ll.
360 2699 421 2720 Sciit.
440 2698 461 2719 d.
481 2697 517 2719 42.
542 2704 561 2719 a.
588 2698 608 2719 -2,
626 2703 648 2725 q.
670 2697 687 2718 1.
705 2709 735 2712 -
752 2697 783 2718 Dc
800 2695 889 2719 minori
905 2696 944 2718 rl'r.
962 2703 997 2718 su-

154 2745 194 2767 pra
212 2739 234 2761 ‹l.
252 2739 289 2761 37.
307 2738 362 2760 dub.
381 2738 401 2759 2.
418 2741 439 2759 et
457 2738 478 2758 8.
495 2748 526 2752 —
544 2736 585 2758 l¹ro
602 2736 684 2759 contra
701 2735 841 2758 mandatum
859 2736 880 2758 et
895 2735 998 2765 prohibi-

155 2777 240 2801 tionem
257 2777 308 2799 rod.
326 2778 343 2799 l<
363 2777 445 2799 contra
459 2775 629 2798 mmulalorum
645 2773 831 2803 prnhihiliunenz.

217 2817 227 2831 ⁵
243 2816 270 2838 Ut
287 2820 438 2838 monstratum
456 2818 489 2837 est
507 2817 593 2842 quaest.
613 2814 719 2841 praeced.
737 2826 765 2829 —
779 2814 810 2835 Ue
821 2813 909 2836 maiori
921 2813 961 2836 cfr.
975 2814 997 2835 ll.

155 2856 215 2878 Seni..
233 2855 254 2878 d,
274 2855 309 2877 152.
328 2862 347 2876 n.
366 2855 386 2876 Ξ.
405 2861 427 2882 q.
449 2855 466 2875 l.

217 2892 227 2907 ⁶
243 2893 331 2914 Scilicet
347 2891 454 2921 periurii.
472 2891 516 2914 Csr.
534 2897 602 2918 supra
622 2897 644 2919 q.
667 2891 671 2912 l
686 2898 691 2917 ;
709 2894 730 2913 et
748 2891 776 2913 dc
793 2889 880 2913 maim-i
897 2890 997 2917 suprad.

156 2932 191 2953 38,
209 2938 231 2960 q.
250 2932 270 2953 2.
289 2937 336 2959 seq.

281 2982 304 3003 S,
323 2981 410 3003 nonar.
430 2993 458 2996 =
476 2981 541 3001 'four
561 2980 592 3001 lll.

1053 719 1100 747 fiat
1123 727 1159 748 ex
1181 718 1381 747 deliberatione
1403 722 1430 748 et
1451 721 1621 749 consensu⁹t
1647 729 1714 758 ergo
1741 730 1795 750 non
1818 730 1899 751 omne

1054 765 1211 802 periurium
1233 768 1275 793 est
1295 765 1413 794 mortale
1432 769 1585 803 peccatum.

1133 812 1160 840 [ι.
1181 811 1263 845 item,
1285 811 1357 840 sicut
1377 820 1521 841 assumere
1542 821 1642 842 nomen
1664 814 1712 843 Dei
1733 823 1822 852 super
1845 814 1901 852 fal-

1053 866 1118 886 sum
1136 861 1273 895 repugnat
1294 859 1426 887 mandato
1439 859 1581 896 Decalogi,
1603 860 1639 888 ita
1655 861 1738 889 etiam
1756 869 1899 891 assumere

1055 904 1086 932 in
1102 913 1227 937 vanum;
1242 905 1290 933 sed
1303 913 1356 933 non
1372 913 1493 943 semper,
1508 914 1573 935 cum
1588 907 1651 944 quis
1666 908 1784 936 assumit
1798 915 1898 936 nomen

1054 951 1103 980 Dei
1126 951 1157 979 in
1171 960 1299 985 vanum,
1315 955 1410 989 peccat
1428 953 1592 986 mortaliter,
1606 957 1638 982 ut
1652 957 1727 990 patet
1742 954 1777 983 de
1793 954 1836 983 bis
1851 955 1898 992 qui

1055 997 1150 1026 iurant
1164 1001 1275 1034 praeter
1289 999 1482 1027 necessitatem
1497 999 1533 1027 ¹⁰:
1549 1007 1615 1036 ergo
1632 1000 1742 1028 videtur
1764 1001 1900 1032 similiter,

1055 1044 1129 1081 quod
1151 1052 1206 1072 non
1227 1052 1339 1082 semper
1361 1045 1517 1074 mortaliter
1538 1049 1633 1083 peccet
1654 1046 1700 1083 qui
1723 1047 1842 1075 assumit
1856 1055 1901 1076 no-

1055 1098 1117 1118 men
1134 1090 1181 1119 Dei
1199 1099 1288 1127 stt-per
1302 1089 1428 1128 falsum:
1444 1099 1511 1128 ergo
1527 1099 1580 1120 non
1595 1100 1677 1121 omne
1688 1093 1844 1129 periurium
1860 1097 1902 1122 est

1056 1136 1173 1165 mortale
1195 1140 1349 1174 peccatum.

1369 1239 1581 1260 CONCLUSIO.

1101 1322 1163 1351 Non
1186 1331 1268 1352 omne
1286 1323 1457 1360 periurium
1478 1328 1518 1353 est
1539 1325 1662 1354 mortale
1680 1330 1852 1362 peccatum,

1133 1369 1279 1407 deficiente
1298 1370 1407 1399 seilicet
1426 1370 1584 1409 sufficienti
1602 1372 1815 1402 deliberacione.

1133 1464 1308 1493 Rnseounsso:
1331 1464 1370 1493 Ad
1391 1465 1599 1501 praedictorum
1627 1466 1836 1504 intelligentiam
1858 1471 1899 1496 est

1054 1510 1221 1544 notandum,
1245 1510 1321 1547 quod
1346 1510 1503 1547 periurium
1529 1512 1586 1540 duo
1600 1512 1678 1547 dicit,
1704 1513 1834 1542 videlicet
1855 1514 1986 1547 iu-Quoftu
1997 1526 2041 1544 ner-

1053 1556 1197 1585 rationem
1212 1559 1240 1585 et
1253 1556 1509 1586 inordinationem.
1533 1559 1578 1587 Est
1592 1559 1665 1587 enim
1687 1560 1843 1596 periurium
1860 1561 1899 1589 in-
1924 1549 1980 1562 mm

1054 1607 1213 1631 ramentum
1235 1603 1422 1632 inordinatum
1438 1607 1466 1632 et
1487 1604 1650 1633 indebitum.
1673 1606 1789 1634 Iuratio
1803 1610 1898 1636 autem
1912 1613 1987 1641 rumex
2001 1614 2029 1632 iu-

1054 1649 1157 1686 triplex
1173 1652 1222 1678 est.
1245 1650 1387 1686 Quaedam
1403 1654 1445 1679 est
1465 1650 1626 1682 deliberata
1643 1655 1671 1681 et
1691 1652 1897 1688 solemnizant,
1923 1639 1978 1655 ‘³²¹⁰'

1054 1696 1126 1725 sicut
1153 1696 1265 1733 quando
1293 1699 1377 1725 testes
1405 1697 1498 1726 iurant
1526 1705 1611 1735 super
1639 1703 1815 1728 sacrosancta
1848 1700 1896 1729 Dei

1056 1743 1203 1779 Evangelia
1218 1742 1244 1771 in
1260 1743 1360 1772 iudicis
1381 1744 1546 1780 praesentia.
1568 1745 1711 1781 Quaedam
1725 1745 1744 1758 ¹¹
1769 1750 1810 1775 est
1832 1747 1899 1775 (leli-

1055 1788 1175 1822 beram,
1197 1789 1244 1817 sed
1267 1797 1325 1817 non
1345 1789 1557 1824 solemnizam,
1583 1791 1696 1827 quando
1717 1792 1780 1828 quis
1802 1792 1828 1820 in
1857 1800 1899 1821 oc-

1054 1835 1129 1863 culto
1152 1835 1226 1864 iurat
1246 1835 1352 1872 aliquid
1374 1843 1410 1864 ex
1426 1836 1638 1871 deliberatione,
1660 1838 1807 1867 intendens
1829 1838 1897 1867 illud

1054 1889 1105 1919 per
1126 1882 1237 1910 divinae
1252 1882 1383 1911 Veritatis
1404 1883 1593 1911 testiinonium
1616 1884 1792 1914 confirmare.
1813 1886 1899 1922 Quae-

1055 1929 1120 1957 dam
1141 1931 1235 1957 autem
1257 1932 1299 1957 est
1320 1937 1370 1957 nec
1391 1928 1551 1958 deliberata
1565 1938 1616 1958 nee
1636 1930 1847 1964 solemnizant,
1867 1931 1900 1960 si-

1055 1978 1102 2004 cut
1123 1974 1235 2012 quando
1263 1975 1326 2012 quis
1351 1975 1425 2004 iurat
1453 1975 1480 2004 in
1501 1977 1643 2005 communi
1672 1984 1816 2012 sermone,
1845 1986 1898 2006 non

1054 2021 1216 2056 attendens,
1230 2029 1313 2059 quem
1330 2022 1439 2051 invocat
1453 2025 1480 2051 et
1500 2022 1534 2050 ad
1556 2023 1637 2060 quid,
1659 2023 1707 2052 sed
1723 2032 1758 2052 ex
1777 2024 1898 2061 quadam

1054 2068 1264 2097 consuetudine.

1134 2116 1164 2144 Et
1185 2115 1341 2144 secundum
1356 2116 1408 2144 hoc
1425 2116 1580 2152 periurium
1596 2119 1685 2153 polest
1703 2117 1836 2145 committi
1853 2117 1898 2145 tri·
1921 2124 2027 2151 Pei-iuriam

1054 2162 1176 2199 pliciter:
1190 2165 1218 2191 et
1239 2162 1260 2190 si
1277 2162 1467 2191 committatur
1488 2162 1561 2191 circa
1577 2163 1742 2191 iurationem
1762 2163 1899 2192 delibera·
1911 2147 2027 2189 ffif'mhm'

1055 2211 1115 2236 tam
1143 2211 1168 2236 el
1188 2207 1434 2241 solemnizatum,
1465 2208 1503 2236 sic
1524 2211 1566 2236 est
1597 2216 1681 2245 grave
1703 2212 1848 2245 peccatum
1870 2213 1897 2238 et
1910 2217 2038 2236 Conclusioi.

1054 2262 1184 2287 enorme,
1206 2254 1242 2282 ita
1257 2254 1332 2291 quod
1347 2254 1439 2283 reddit
1459 2254 1542 2282 etiam
1559 2255 1698 2283 bominem
1721 2255 1851 2283 infamem
1865 2255 1896 2283 ¹².

1054 2301 1080 2329 Si
1097 2308 1163 2329 vero
1178 2300 1368 2329 committatur
1383 2301 1456 2330 circa
1473 2301 1636 2330 iurationem
1661 2310 1710 2330 nec
1725 2302 1897 2331 solemniza-

1055 2350 1115 2375 tum
1135 2356 1187 2375 nee
1208 2347 1419 2380 deliberatiuam
1447 2347 1486 2375 sic
1509 2356 1560 2375 non
1589 2351 1630 2376 est
1652 2353 1795 2385 peccatum
1826 2357 1897 2377 mor·
1909 2355 2007 2375 Conclusio
2019 2357 2036 2375 Ξ.

1115 2504 1125 2518 ⁷
1143 2504 1200 2526 Vide
1217 2510 1287 2532 supra
1306 2504 1327 2526 d.
1346 2504 1382 2526 38.
1400 2511 1422 2533 q.
1440 2505 1466 2532 55,
1485 2504 1523 2526 ulii
1541 2505 1608 2527 ctiam
1634 2504 1712 2527 maior
1733 2511 1781 2534 seq.
1799 2511 1847 2533 arg.
1865 2506 1911 2527 in·'

1053 2543 1164 2565 sinuatur.
1182 2555 1212 2559 —
1229 2543 1323 2565 insci-ius
1339 2544 1390 2565 voci
1409 2544 1540 2572 contemptu
1559 2543 1608 2566 cod.
1629 2544 1644 2566 U
1663 2544 1786 2571 praemittit
1803 2550 1841 2566 ew.

1116 2581 1125 2595 Β
1143 2581 1233 2603 Vidcsis
1250 2581 1271 2603 d.
1290 2581 1326 2603 38.
1343 2581 1399 2603 dub.
1417 2582 1437 2603 2.
1456 2594 1485 2597 —
1502 2581 1557 2604 Cod.
1584 2582 1601 2604 l<
1629 2581 1735 2605 onmium
1757 2582 1895 2605 mortalium

1052 2621 1211 2649 peccalorum.

1115 2658 1125 2672 ⁰
1142 2658 1186 2680 Cir.
1203 2665 1272 2686 snpra
1291 2665 1343 2687 pag.
1360 2658 1417 2687 845,
1437 2662 1486 2681 nota
1505 2660 1526 2681 0.

1117 2696 1135 2711 ¹0
1153 2696 1210 2719 Vide
1227 2703 1295 2724 supra
1314 2697 1336 2719 (1.
1355 2698 1391 2719 ³7.
1409 2697 1464 2720 dub.
1483 2698 1503 2720 2³..

1117 2735 1134 2749 ¹¹
1152 2735 1173 2756 ln
1191 2735 1258 2756 vodd,
1276 2735 1292 2756 A
1305 2734 1345 2756 FG
1357 2735 1373 2756 ll
1384 2735 1400 2756 N
1412 2735 1429 2756 T
1441 2735 1458 2757 V
1469 2742 1494 2757 aa
1513 2735 1604 2757 additur
1614 2737 1707 2761 (tillem,
1725 2736 1745 2757 in
1763 2735 1831 2758 codd.
1850 2736 1865 2758 U
1879 2737 1894 2758 Z

1054 2773 1085 2796 hb
1102 2780 1164 2796 vero.
1183 2774 1231 2795 Mox
1249 2773 1321 2795 verbo
1338 2773 1433 2803 quando
1451 2773 1500 2795 cod.
1520 2774 1535 2795 Z
1553 2775 1676 2802 praemittit
1693 2774 1760 2797 sicut.

1118 2812 1135 2826 Μ’
1152 2812 1205 2833 (Ian.
1221 2812 1253 2833 17.
1267 2811 1368 2840 lnfitmt's
1380 2819 1399 2834 ν.
1413 2813 1433 2834 li.
1446 2819 1468 2840 q.
1485 2813 1506 2834 l:
1521 2813 1615 2834 lustum-s
1627 2819 1677 2834 osse
1689 2819 1728 2835 cras
1742 2820 1851 2840 personas
1863 2813 1894 2835 di-

1054 2851 1208 2879 ειίιιιιςμμιηο
1221 2851 1348 2878 proaliquo
1367 2851 1432 2878 culpa
1447 2854 1551 2873 notantur
1563 2851 1667 2879 infamia,
1681 2852 1703 2873 id
1715 2856 1748 2874 ost
1761 2859 1840 2874 onitu-s
1853 2853 1891 2881 qni

1054 2890 1187 2911 christianam
1201 2889 1256 2916 logis·
1269 2895 1372 2911 nnrnunn
1390 2889 1520 2912 abin-inni...
1542 2891 1645 2918 periuros
1665 2894 1707 2912 vir.
1728 2890 1772 2913 (tir.
1794 2891 1848 2913 ibid.
1869 2892 1892 2913 (ζ.

1054 2926 1243 2949 l'rtietlicdmlmn
1262 2934 1281 2948 ‹·.
1300 2928 1336 2949 22.
1353 2934 1375 2955 «1.
1398 2928 1415 2950 1.
1433 2940 1463 2944 -
1476 2929 1586 2956 Superius·
1604 2935 1645 2956 pro
1658 2930 1678 2951 1¹!
1695 2929 1716 2952 si
1726 2929 1778 2951 edd.
1791 2936 1847 2951 imm
1865 2929 1892 2951 si.

1723 2980 1763 3001 1οἱ)
