2166 3366
262 217 317 245 8⁹26

262 293 468 322 habitationem
490 295 622 321 sanctam.
646 292 676 319 Et
697 291 742 320 hic
763 294 805 319 est
826 293 920 319 rectus
941 290 1019 325 ordo,
1042 291 1108 327 quia

261 340 339 368 Pater
361 348 377 367 a
398 339 490 373 nullo,
512 338 595 366 Filius
617 346 632 365 a
656 338 734 366 Patre
755 337 829 371 solo,
851 337 971 374 Spiritus
993 339 1106 365 sanctus

260 394 328 415 vero
349 385 473 422 procedit
495 384 578 412 simul
600 393 616 412 a
637 384 716 412 Patre
737 387 764 412 et
786 383 859 412 Filio.
883 400 920 404 —
936 384 1018 412 quta
1032 383 1107 412 hunc

260 433 385 461 ordinem
412 432 491 460 docet
510 430 634 459 ordinari
655 430 690 458 ad
711 430 899 467 proximant,
923 430 948 457 10
970 433 1106 467 quantum

261 478 345 506 habet
356 477 577 506 conformitatem
593 477 627 505 ad
644 477 742 505 Deum.
755 476 832 505 Unde
844 476 999 505 secundum
1015 475 1089 512 quod
1101 475 1108 489 ¹

261 524 451 553 conformatur
474 523 560 558 Patri,
582 523 674 560 primo
696 523 791 558 docet,
810 522 941 551 emhiberi
960 522 1012 551 sibi
1034 530 1109 550 reve-

259 570 395 599 rentiam.
425 570 585 599 Secundum
605 570 680 607 qnod
703 570 893 599 conformatur
919 569 1001 603 Filio,
1028 569 1108 597 docet

260 618 355 646 vitare
375 618 436 646 0105
457 617 624 650 iniuriain,·
646 617 719 654 quod
752 620 843 654 potest
864 616 922 645 fieri
945 615 1108 653 quadrupli-

260 665 342 694 citer:
364 672 415 701 per
437 664 636 699 homicidium,
658 672 709 701 per
724 663 912 698 adulterium,
927 670 978 700 per
1000 662 1107 691 furtum

259 715 286 740 et
317 719 367 749 per
398 711 500 740 falsum
531 711 730 739 testimonium.
762 711 919 745 Postremo,
951 710 1107 739 secundum

259 759 334 796 quod
356 759 440 787 homo
454 758 538 787 habet
552 758 720 787 conformari
742 757 855 795 Spiritui
879 760 986 792 sancto,
1007 757 1106 791 dictat,

259 805 434 843 fugiendam
455 814 514 834 esse
535 805 818 842 concupiscentiam,
840 813 890 842 per
913 812 997 842 qnam
1019 803 1107 841 inqui-

259 855 343 884 natur
364 852 457 881 cordis
479 851 698 885 habitaculam,
720 854 747 880 et
779 851 830 880 hoc
860 851 973 888 quidem
1006 850 1036 878 fit
1056 858 1107 887 per

260 899 317 928 (1110
339 899 470 928 mandata
492 902 641 936 postrema.
664 915 702 919 —-
724 898 755 926 Et
783 898 821 927 sic
850 900 925 935 patet
946 898 1015 926 ordo
1037 897 1108 934 1050-

260 954 324 975 rum
348 946 543 975 mandatorum
566 945 694 982 Decalogi
711 945 866 974 secundum
883 944 1009 981 regulam
1025 944 1108 973 dicta-

260 993 342 1021 minis
363 993 452 1030 ipsius
474 992 548 1021 fidei.

338 1038 396 1066 Alio
424 1038 505 1067 etiam
539 1038 622 1067 modo
654 1038 831 1067 considerare
863 1045 1015 1074 possumus
1046 1045 1107 1065 con-

149 1085 417 1122 Modus2.gr11entiani
439 1084 545 1113 ordinis
578 1084 773 1113 mandatorum
807 1083 951 1120 Decalogi‚
978 1083 1107 1111 videlicet

259 1132 414 1161 secundnm
437 1131 606 1168 exigentiam
628 1131 814 1168 obligationis
836 1130 973 1159 institiae.
998 1130 1027 1158 Et
1042 1138 1107 1167 quo-

160 1178 334 1207 1131101010οι
356 1178 461 1206 iustitia
482 1178 570 1215 magis
602 1177 705 1212 dictat,
728 1185 778 1205 nos
799 1177 915 1214 obligari
942 1177 1000 1205 Deo
1022 1184 1106 1214 quam

256 1225 412 1262 prooeiinoe
433 1224 496 1252 ideo
518 1224 737 1261 praemittuntur
760 1224 890 1252 mandata
911 1223 946 1251 ad
963 1223 1052 1251 Deum
1066 1231 1108 1251 or-

259 1272 383 1301 dinantia
405 1275 537 1308 tanquam
560 1271 687 1308 digniora
708 1273 735 1299 et
756 1270 955 1299 excellentiora
971 1273 997 1298 et
1020 1269 1107 1306 magis

159 1329 214 1348 Ratio
226 1329 245 1347 2.
259 1318 417 1355 obligantia.
439 1334 477 1338 -—
502 1319 634 1351 Rarsas,
667 1317 732 1354 qnia
763 1317 828 1354 plus
858 1320 900 1345 est
932 1316 1048 1353 obligari
1071 1316 1107 1345 ad

259 1369 352 1394 actum
384 1364 480 1402 operis
501 1372 596 1401 qnam
630 1364 665 1392 ad
687 1367 781 1392 actum
804 1363 882 1397 oris,
908 1366 936 1392 et
956 1363 990 1391 ad
1013 1366 1106 1391 actum

260 1412 321 1441 oris
342 1420 426 1449 quam
449 1411 484 1440 ad
505 1414 597 1439 actum
621 1410 734 1444 eoi-(tatu
750 1410 814 1439 11100
835 1413 885 1444 051,
901 1410 977 1447 quod
998 1418 1109 1447 praece-

259 1463 338 1496 ptum
361 1458 531 1487 adorationis
557 1458 583 1486 in
616 1466 700 1494 opere
731 1460 861 1494 respectu
883 1456 970 1485 Patris
992 1459 1034 1485 est
1055 1456 1109 1493 pri-

261 1513 357 1539 mum3
379 1508 559 1542 praeceptum
582 1512 649 1532 vero
664 1503 843 1532 consessionis
857 1503 884 1531 in
908 1512 957 1531 0νο
978 1506 1108 1540 respectu

259 1552 316 1580 Filii
339 1555 381 1580 est
402 1551 574 1585 secundnm;
596 1553 776 1588 praeceptum
793 1558 860 1579 vero
881 1549 1108 1578 sanctificationis

161 1609 215 1627 nano
229 1607 246 1627 3.
260 1599 287 1627 111
309 1599 395 1627 cordo
416 1601 545 1635 respectu
567 1598 687 1634 Spiritus
702 1597 788 1626 sancti
804 1600 846 1625 est
867 1597 989 1626 tertium.
1011 1613 1050 1617 —
1071 1597 1108 1625 Si-

260 1645 376 1679 militer,
392 1645 458 1682 quia
473 1645 536 1681 plus
551 1648 592 1673 051
607 1643 724 1680 obligari
740 1644 775 1672 ad
792 1643 1007 1680 beneficentiam
1023 1651 1108 1680 quam

260 1692 295 1721 ad
319 1691 533 1724 iimoeentiam;
554 1693 735 1727 praeceptum
766 1690 852 1724 illud,
874 1698 924 1727 per
946 1690 1022 1726 qnod
1043 1690 1109 1718 obli-

260 1747 360 1776 gamur
382 1739 416 1767 ad
441 1736 679 1775 benefaciendum
707 1737 777 1771 atii,
809 1737 952 1774 praecedit
973 1737 1036 1768 illa,
1058 1744 1108 1774 per

261 1794 333 1823 qnae
354 1785 513 1822 obligamur
534 1785 568 1813 ad
591 1793 648 1812 non
669 1784 840 1812 nocendum.
867 1800 900 1804 —
923 1783 953 1811 Et
985 1783 1106 1819 iterum,

261 1832 326 1869 qnia
357 1832 446 1868 magis
477 1831 636 1868 obligamur
667 1831 755 1859 vitare
786 1830 886 1858 maius
907 1833 1107 1858 nocumentum

260 1878 399 1915 proximi:
431 1881 458 1905 01
489 1877 577 1914 magis
610 1880 809 1906 nocumentum
841 1879 882 1905 est
904 1877 931 1904 in
958 1876 1109 1904 homicidio

261 1933 346 1962 qnam
369 1925 394 1953 10
417 1924 571 1958 adulterio,
593 1926 619 1952 et
648 1924 674 1951 in
697 1923 837 1951 adulterio
868 1930 952 1959 quam
975 1922 1002 1950 10
1024 1922 1108 1956 furto,

262 1975 288 2000 et
310 1971 336 1999 in
359 1972 433 1999 snrto
456 1979 540 2008 qnam
563 1970 589 1998 10
612 1970 682 1998 falso
704 1969 877 2003 testimonio,
899 1972 925 1997 et
946 1969 973 1996 10
995 1968 1039 1997 1115
1054 1976 1110 1996 010-

263 2019 345 2046 nibns
366 2026 449 2055 quam
473 2017 499 2045 in
532 2016 754 2054 concupiscentia
786 2016 894 2050 cordis,
915 2019 942 2044 01
963 2016 989 2043 10
1012 2023 1110 2044 concu-

262 2064 397 2101 piscentia
419 2063 511 2092 cordis
533 2063 620 2099 magis
642 2065 770 2099 respectu
793 2062 892 2091 uxoris
913 2070 996 2099 quam
1020 2069 1110 2099 respe-

263 2114 308 2139 ctu
331 2110 370 2138 rei
396 2109 572 2147 temporalisg
595 2113 622 2137 et
643 2110 694 2137 1100
716 2109 813 2137 ordine
844 2108 1011 2137 ordinantur
1036 2116 1111 2136 man-

263 2157 327 2185 data
349 2156 491 2192 Decalogi:
514 2156 579 2184 hinc
599 2159 656 2190 est,
678 2155 753 2192 qnod
775 2155 984 2184 convenientem
1008 2155 1110 2183 liabent

263 2204 389 2232 ordinem
413 2203 567 2231 secundnm
599 2202 725 2239 regulam
746 2202 931 2240 obliqatiom‘s
953 2201 1047 2238 ipsius
1069 2202 1111 2230 ia-

263 2250 367 2278 stitiae.
391 2267 428 2270 —-
452 2249 665 2278 Concedendnm
699 2253 740 2278 est
762 2249 861 2286 igitur,
883 2249 958 2286 quod
981 2249 1111 2277 mandata

264 2297 392 2334 Decalogi
419 2300 494 2325 recto
523 2296 619 2324 ordine
652 2295 834 2329 ordinantur,
867 2295 925 2324 sive
956 2295 1111 2323 considere-

265 2352 329 2372 mus
351 2343 476 2380 regulam
500 2343 565 2372 fidei
587 2342 731 2377 dictantis,
754 2343 812 2371 sive
840 2342 967 2378 regulam
989 2342 1110 2370 institiae

263 2390 451 2427 exsequentis.

348 2438 368 2464 l.
392 2436 429 2464 Ad
454 2436 521 2465 illud
545 2444 611 2464 vero
633 2435 708 2472 quod
730 2435 822 2472 primo
850 2435 980 2463 obiicitur
1002 2435 1027 2462 in
1050 2442 1111 2463 con-

133 2479 400 2516 So“¹¹³0012·trarnnn,
422 2483 497 2519 qnod
520 2483 564 2510 via
586 2482 663 2519 prior
694 2486 735 2511 est
756 2490 840 2519 quam
873 2481 958 2516 1111111,
978 2481 1013 2509 ad
1036 2481 1110 2518 quod

133 2504 244 2527 positorum.

161 1797 215 1815 Ratio
229 1797 246 1814 si.

936 213 1187 242 SENTENTIARUM
1209 214 1269 242 LIB.
1291 214 1331 242 Ill.

1164 291 1256 324 ducit,
1279 291 1444 326 dicendum,
1466 291 1541 329 quod
1570 291 1699 328 quamvis
1726 290 1849 327 impletio
1870 291 2013 320 mandato-

1165 345 1228 365 rum
1251 338 1389 366 secundae
1410 338 1523 367 tabulae
1544 337 1693 375 praecedat
1714 337 1742 365 in
1758 337 1938 366 exsecutione
1953 345 2013 374 per·
2027 343 2142 385 ugiaslffictio

1164 384 1264 412 sectam
1286 384 1475 421 impletionem
1498 384 1697 413 mandatorum
1719 384 1826 421 primae
1847 384 1967 419 tabulae,
1984 385 2012 413 in
2112 380 2117 385 ’

1165 430 1386 459 consideratione
1406 433 1499 460 tamen
1521 434 1549 459 et
1565 431 1591 459 in
1606 430 1757 459 intentione
1771 434 1813 460 est
1827 439 1842 459 e
1863 431 2011 460 contrario.

1165 477 1241 505 Ordo
1272 480 1365 505 autem
1398 478 1596 506 mandatorum
1628 478 1717 514 magis
1749 477 1902 506 attenditur
1928 486 2012 515 penes

1164 523 1291 551 ordinem
1314 523 1456 560 dignitatis
1476 531 1561 560 quam
1583 526 1694 552 nostrae
1713 524 1902 552 exsecutionis
1914 524 1932 551 ².

1244 571 1270 597 ⁰2.
1292 569 1331 597 Ad
1353 569 1422 598 illud
1445 570 1520 607 quod
1542 570 1688 604 obiicitur,
1704 570 1778 607 quod
1794 573 1898 607 quanto
1919 570 2013 608 aliqua

1165 615 1384 650 universaliora,
1416 619 1491 644 tanto
1524 616 1633 653 priora;
1665 617 1832 651 dicendum,
1865 617 1939 653 quod
1961 617 2013 645 etsi

1166 662 1236 691 illud
1257 663 1291 691 sit
1313 671 1413 691 verum
1444 663 1601 691 secundum
1632 663 1755 701 aliquod
1776 671 1866 700 genus
1886 663 2013 700 priorita-

1165 709 1215 743 tis;
1236 709 1306 737 nihil
1328 711 1420 738 tamen
1442 709 1572 746 prohibet
1594 709 1653 738 alio
1668 717 1770 747 genere
1784 710 1938 746 prioritatis
1952 718 2013 739 esse

1164 763 1180 784 e
1201 756 1352 790 contrario,
1374 758 1470 793 utpote
1493 758 1629 792 quantum
1651 756 1686 784 ad
1711 756 1886 793 prioritatem
1907 756 2013 785 electio-

1165 803 1207 831 nis
1229 805 1256 831 et
1277 802 1426 839 dignitatis.
1449 803 1583 839 Quamvis
1604 803 1677 831 enim
1698 802 1750 831 flos
1772 803 1807 831 sit
1828 803 1905 840 prior
1919 803 2013 832 fructu

1164 852 1290 886 tempore
1321 851 1348 877 et
1378 849 1503 886 origine,
1535 848 1644 877 fructus
1677 852 1768 878 tamen
1801 852 1843 878 est
1863 849 1940 886 prior
1961 849 2014 878 ele-

1165 896 1254 925 ctione
1275 898 1302 924 et
1323 895 1456 932 dignitate
1467 895 1485 923 ³.
1509 896 1538 924 Et
1559 895 1598 924 sic
1619 895 1647 924 10
1680 896 1821 933 proposito
1852 899 1894 925 est
1915 895 2014 925 intelli-

1165 943 1296 979 gendum.

1244 990 1270 1018 3.
1292 990 1330 1018 Ad
1352 990 1424 1018 illud
1445 990 1521 1027 quod
1536 990 1681 1024 obiicitur,
1697 990 1772 1027 quod
1788 990 1865 1027 prior
1879 993 1920 1019 est
1934 993 2013 1019 actus

1165 1036 1257 1065 cordis
1279 1044 1363 1073 quam
1388 1036 1445 1064 oris
1457 1036 1484 1069 *ς
1500 1036 1651 1064 dicendum
1673 1036 1813 1071 similiter,
1829 1036 1904 1073 quod
1918 1044 2014 1074 quam-

1164 1082 1207 1111 vis
1228 1082 1305 1119 prior
1327 1082 1361 1111 sit
1382 1082 1496 1120 oriyine
1516 1085 1595 1111 actus
1617 1082 1709 1111 cordis
1738 1091 1822 1120 quam
1846 1082 1939 1120 operis
1947 1093 1954 1117 3
1975 1083 2014 1111 ni-

1165 1128 1205 1157 hil
1226 1132 1317 1157 tamen
1340 1128 1482 1165 probibet,
1506 1129 1646 1157 hominem
1662 1129 1751 1166 magis
1772 1128 1900 1166 obtiqari
1919 1129 1955 1158 ad
1976 1129 2014 1157 vi-

1165 1175 1282 1204 tandum
1313 1178 1406 1204 actum
1439 1175 1531 1212 operis
1563 1183 1647 1212 quam
1679 1175 1779 1204 cordis.
1811 1175 1887 1204 Ordo
1918 1179 2012 1204 autem

1166 1225 1379 1259 praeceptorum
1404 1222 1491 1259 magis
1512 1222 1625 1259 respicit
1640 1222 1826 1251 maioritatem
1841 1230 1926 1259 quam
1942 1222 2013 1259 prio-

1165 1268 1275 1297 ritatem
1297 1268 1420 1305 originis.

1243 1316 1269 1344 li.
1293 1315 1331 1344 Ad
1352 1315 1423 1344 illud
1445 1316 1519 1353 quod
1535 1315 1681 1350 obiicitur,
1696 1315 1770 1352 quod
1786 1316 1863 1352 prior
1877 1318 1919 1344 est
1933 1318 2012 1344 actus

1165 1362 1308 1391 rationalis
1329 1370 1414 1399 quam
1446 1362 1593 1391 irascibilis
1626 1362 1670 1391 vel
1692 1362 1931 1398 concupiscibilis;
1958 1362 2012 1391 dici

1166 1412 1255 1446 potest
1277 1409 1432 1438 secundnm
1464 1408 1657 1446 praehabitam
1681 1409 1768 1443 viam,
1801 1409 1875 1446 quod
1897 1409 1950 1438 1]οο
1971 1412 2013 1438 051

1165 1464 1263 1484 verum
1280 1456 1314 1484 de
1330 1455 1473 1492 prioritate
1496 1455 1622 1493 orz'yinis
1633 1455 1650 1483 ⁵.
1666 1472 1704 1476 —-
1719 1455 1802 1484 Aliter
1818 1455 1900 1484 etiam
1922 1457 2012 1493 potest
2025 1463 2092 1483 anter.

1166 1502 1219 1531 dici
1233 1525 1238 1536 ,
1261 1502 1336 1539 quod
1351 1501 1420 1530 nibil
1435 1502 1577 1539 prohibet,
1600 1502 1756 1530 secundum
1771 1501 1893 1539 aliquam
1909 1510 2013 1539 appro-

1162 1548 1340 1586 priationem
1362 1552 1455 1577 actum
1479 1548 1625 1577 irascibilis
1647 1548 1828 1585 praecedere,
1857 1548 2012 1577 secundum

1165 1596 1241 1633 quod
1262 1595 1309 1624 ille
1330 1598 1409 1624 001115
1431 1595 1631 1632 correspondet
1652 1603 1788 1632 personae
1810 1595 1912 1630 Patris,
1941 1603 2013 1633 quae

1165 1646 1207 1671 est
1229 1643 1319 1680 prima
1340 1650 1457 1679 persona
1480 1642 1507 1670 in
1531 1637 1700 1675 Trinitate⁵;
1715 1645 1741 1671 01
1757 1642 1912 1671 secundum
1936 1641 2012 1671 illam

1165 1689 1441 1726 correspondentiam
1462 1689 1621 1725 assignatur
1637 1689 1705 1717 ordo
1728 1688 1754 1717 in
1778 1688 1925 1723 mandatis,
1940 1696 2012 1725 quae

1166 1739 1291 1773 spectant
1312 1736 1347 1764 ad
1369 1735 1521 1764 secundam
1543 1735 1676 1764 tabulam.

1246 1792 1270 1810 ·J.
1294 1782 1332 1810 Ad
1354 1781 1423 1810 illud
1446 1782 1521 1818 quod
1548 1781 1689 1816 obiicitur,
1722 1782 1797 1818 quod
1819 1784 1861 1810 est
1882 1781 1920 1809 ibi
1940 1781 2012 1810 ordi-

1166 1829 1208 1857 nis
1229 1829 1427 1865 repuynantia
1450 1829 1522 1857 inter
1554 1828 1684 1857 mandata
1714 1828 1821 1865 primae
1852 1828 1965 1857 tabulae
1985 1831 2013 1856 et

1166 1875 1317 1908 secundae,
1339 1875 1405 1911 qnia
1426 1875 1498 1903 inter
1520 1875 1652 1903 mandata
1674 1875 1781 1911 primae
1800 1874 1912 1903 tabulae
1933 1882 2013 1911 nega-

1166 1922 1222 1950 tiva
1243 1925 1455 1958 praeponuntur
1476 1920 1660 1955 affirmativo,
1684 1921 1847 1956 dicendum,
1869 1921 1943 1958 quod
1960 1921 2012 1950 hoc

1166 1972 1207 1997 est
1228 1968 1344 1996 falsum:
1367 1968 1441 2005 quia,
1457 1968 1586 2005 quamvis
1600 1968 1726 2004 primum
1743 1968 1905 1997 mandatum
1921 1968 2012 1997 videa·
2026 1977 2141 1997 Notandum.

1166 2018 1212 2043 tur
1234 2022 1294 2043 esse
1316 2015 1476 2051 negativum
1499 2018 1633 2052 qnantum
1656 2015 1692 2043 ad
1715 2014 1839 2049 modum,
1872 2014 2012 2043 affirmati-

1167 2069 1232 2089 vum
1256 2064 1347 2089 tamen
1370 2064 1411 2089 est
1432 2065 1567 2098 qnantum
1590 2062 1624 2089 ad
1648 2069 1716 2090 rem.
1738 2061 1923 2090 Proliibentur
1938 2062 2011 2090 enim

1166 2107 1277 2136 adorari
1300 2107 1455 2144 sculptilia,
1477 2111 1504 2136 et
1535 2108 1563 2135 in
1586 2108 1637 2136 hoc
1660 2107 1817 2142 clauditur,
1841 2108 1915 2145 quod
1938 2116 2012 2136 11005

1167 2154 1243 2184 50105
1265 2154 1339 2183 Deus
1360 2154 1460 2183 debeat
1481 2154 1591 2183 adorari
1614 2157 1641 2183 et
1660 2155 1712 2183 coli
1726 2155 1744 2182 ⁷.

1248 2202 1272 2229 6.
1295 2201 1333 2229 Ad
1355 2201 1425 2230 illud
1454 2201 1529 2238 quod
1559 2201 1702 2236 obiicitur,
1725 2201 1800 2238 quod
1822 2201 1849 2229 in
1873 2201 2011 2230 mandatis

1168 2248 1274 2284 primae
1297 2247 1408 2276 tabulae
1439 2247 1644 2276 nobilissimum
1676 2242 1790 2285 ponitur
1816 2247 1916 2276 ultimo
1937 2247 2012 2282 loco,

1168 2294 1329 2331 responderi
1361 2297 1450 2330 potest
1481 2302 1533 2330 pei·
1565 2293 1811 2331 interemptionem
1823 2294 1842 2328 S,
1865 2295 1931 2331 quia
1959 2302 2013 2322 non

1167 2344 1209 2369 est
1231 2341 1320 2369 maius
1352 2340 1503 2369 Sabbatum
1535 2340 1708 2369 sanctificare
1734 2349 1819 2377 quam
1842 2341 1930 2370 Deum
1952 2341 2014 2369 ado-

1168 2395 1240 2415 rare.
1261 2404 1301 2408 —
1321 2387 1404 2415 Aliter
1424 2387 1506 2415 etiam
1526 2387 1688 2424 responderi
1711 2390 1815 2424 potest,
1838 2387 1913 2424 quod
1935 2391 2012 2421 esto,
2027 2397 2100 2417 s01u210
2112 2398 2130 2416 2.

1168 2434 1242 2471 quod
1265 2434 1469 2462 nobilissimum
1492 2437 1644 2470 poneretur
1660 2434 1740 2462 tertio
1755 2434 1827 2468 loco,
1850 2434 1943 2463 adhuc
1958 2442 2013 2462 non

1169 2484 1210 2509 051
1232 2480 1421 2511 (100111100110.
1444 2481 1509 2518 quia
1531 2480 1600 2509 illud
1623 2481 1772 2517 respondet
1788 2480 1925 2514 bonitati,
1941 2489 2013 2518 quae

328 2639 334 2653 ¹
352 2639 407 2661 Cod.
426 2640 441 2661 Z
459 2639 522 2661 addit
539 2638 616 2661 1101110.

325 2678 335 2692 ‘³
353 2678 409 2700 Vide
427 2684 497 2705 snpra
516 2684 568 2705 pag⁴
587 2678 644 2705 610,
664 2680 714 2699 nota
743 2678 775 2699 11.
800 2677 868 2699 vei-ba
892 2678 989 2705 August,
1007 2677 1110 2705 allegata.

264 2729 293 2730 j
306 2716 412 2738 Axioma:
431 2716 498 2744 Quod
510 2717 610 2743 primum
629 2718 663 2738 est
675 2717 696 2737 in
714 2716 837 2738 intentione
849 2718 883 2738 est
894 2716 1001 2738 ultimum
1015 2716 1037 2737 in
1050 2722 1110 2737 exse-

264 2756 368 2781 cutione,
388 2756 496 2782 proponit
512 2756 609 2782 Aristot,
627 2755 649 2776 ll.
668 2754 696 2776 de
714 2755 818 2776 Generat.
836 2755 927 2776 animal.
946 2761 964 2777 c.
985 2754 1004 2776 4.
1024 2755 1052 2780 (0.
1071 2754 1110 2783 6.),

264 2796 285 2815 ot
302 2794 333 2815 lll.
351 2794 420 2816 litliic.
439 2800 457 2815 r.
476 2794 496 2815 3.

326 2832 335 2846 3
352 2834 455 2860 August.¹
474 2832 520 2853 ΧΗ.
538 2831 638 2854 Consess.
657 2838 676 2853 0.
690 2832 726 2853 29.
740 2838 761 2853 0.
775 2831 810 2859 40,
829 2831 906 2860 docet,
920 2835 1018 2860 quatuor
1036 2831 1111 2853 modis

267 2869 309 2891 dici
327 2871 412 2898 aliquid
429 2870 512 2899 prius:
530 2871 672 2898 aeternitate,
691 2871 749 2892 510111
773 2871 832 2893 Deus
849 2870 1000 2899 [praecedit]
1018 2871 1109 2897 omnia3

267 2910 382 2935 temporo,
399 2910 455 2930 sicut
480 2910 521 2931 1105
538 2909 654 2936 fructuum
678 2910 799 2937 electione,
822 2911 879 2932 sicut
902 2911 990 2932 fructus
1014 2910 1110 2937 floreum

268 2946 369 2973 origine,
393 2948 450 2969 sient
467 2954 537 2970 sonus
554 2951 654 2970 cantum.
673 2948 718 2970 cfr.
736 2949 759 2970 ll.
777 2949 837 2971 Seni.
856 2949 877 2971 d.
897 2950 918 2971 2.
936 2955 958 2977 p.
977 2949 991 2970 l.
1009 2955 1030 2970 0.
1048 2949 1069 2971 2.
1088 2955 1109 2977 q.

270 2983 290 3004 3.
308 2984 336 3005 ad
358 2985 376 3006 1.
393 2988 415 3007 et
431 2992 500 3013 supra
518 2993 571 3014 pag.
589 2988 647 3015 (503,
666 2991 716 3010 nota
735 2988 755 3009 8.

1231 2637 1239 2651 ⁴¹
1258 2638 1279 2659 ln
1300 2637 1348 2659 Vat.
1366 2637 1459 2659 additur
1470 2638 1491 2660 et
1508 2637 1593 2666 operz's.
1605 2637 1668 2660 Circa
1687 2637 1754 2659 finem
1773 2637 1839 2659 solut.
1852 2639 1904 2665 post
1919 2636 2013 2659 mm'ori‘

1170 2677 1240 2699 {atem
1258 2676 1308 2698 cod.
1327 2677 1344 2697 A
1362 2676 1454 2703 supplet
1470 2675 1626 2706 obligationis.

1232 2715 1242 2729 ⁵
1261 2715 1317 2737 Vide
1335 2721 1404 2743 snpra
1423 2722 1444 2743 q.
1464 2716 1484 2737 1.
1502 2715 1531 2737 011
1549 2715 1570 2737 8.

1230 2754 1240 2768 ⁶
1258 2753 1302 2776 Csr.
1320 2755 1334 2776 l.
1354 2755 1414 2776 Seni.
1431 2754 1453 2776 11.
1473 2754 1493 2776 3.
1512 2760 1534 2782 p.
1553 2754 1575 2776 ll.
1594 2760 1613 2776 0.
1633 2755 1653 2776 11.
1671 2761 1693 2783 (1.
1713 2754 1732 2776 11.
1745 2754 1774 2776 ad
1793 2754 1816 2782 3,
1835 2753 1874 2776 ubi
1891 2754 2013 2775 5101110110-

1169 2793 1237 2815 betur
1254 2793 1282 2815 de
1299 2792 1428 2821 memoria,
1447 2799 1506 2821 quae
1524 2793 1582 2815 Patri
1599 2793 1769 2821 appropriatur.

1231 2832 1241 2845 ⁷
1259 2832 1316 2854 Vide
1334 2833 1370 2854 liic
1394 2832 1423 2854 lit.
1448 2832 1561 2859 Magistri,
1580 2837 1598 2853 c.
1623 2832 1640 2853 1.
1663 2835 1684 2854 01
1706 2832 1726 2859 3,
1748 2837 1790 2853 nec
1811 2837 1855 2853 non
1877 2831 1934 2853 infra
1957 2831 2011 2853 dub.

1174 2871 1190 2891 1.
1212 2883 1242 2886 —
1262 2871 1372 2898 Superius
1389 2877 1432 2898 pro
1453 2870 1594 2900 affirmativo
1615 2870 1667 2892 edd.
1686 2876 1738 2892 cnm
1756 2870 1842 2898 aliquot
1859 2870 1926 2892 codd.
1950 2869 2012 2899 affir-

1169 2909 1269 2932 nntliris.

1230 2947 1239 2962 ⁸
1256 2947 1300 2970 Csr.
1318 2954 1387 2976 supra
1406 2954 1458 2976 pag.
1477 2948 1533 2974 570,
1552 2950 1603 2969 0010
1622 2948 1634 2969 6
1653 2951 1673 2969 01
1691 2954 1744 2975 pag.
1763 2947 1818 2975 620,
1839 2950 1890 2970 nota
1909 2948 1929 2969 2.
