<?xml version="1.0" encoding="UTF-8"?>
<!DOCTYPE html PUBLIC "-//W3C//DTD XHTML 1.0 Transitional//EN"
    "http://www.w3.org/TR/xhtml1/DTD/xhtml1-transitional.dtd">
<html xmlns="http://www.w3.org/1999/xhtml" xml:lang="en" lang="en">
 <head>
  <title>
</title>
<meta http-equiv="Content-Type" content="text/html;charset=utf-8" />
  <meta name='ocr-system' content='tesseract 3.04.00' />
  <meta name='ocr-capabilities' content='ocr_page ocr_carea ocr_par ocr_line ocrx_word'/>
</head>
<body>
  <div class='ocr_page' id='page_1' title='image "./doctorisseraphic03bona_0681.png"; bbox 0 0 2166 3366; ppageno 0'>
   <div class='ocr_carea' id='block_1_1' title="bbox 11 1696 128 1738">
    <p class='ocr_par' dir='ltr' id='par_1_1' title="bbox 11 1696 128 1738">
     <span class='ocr_line' id='line_1_1' title="bbox 11 1696 128 1720; baseline 0 -5"><span class='ocrx_word' id='word_1_1' title='bbox 11 1696 41 1715; x_wconf 76' lang='lat' dir='ltr'>Ad</span> <span class='ocrx_word' id='word_1_2' title='bbox 54 1696 128 1720; x_wconf 83' lang='lat' dir='ltr'>opposi-</span> 
     </span>
     <span class='ocr_line' id='line_1_2' title="bbox 46 1722 93 1738; baseline -0.021 0"><span class='ocrx_word' id='word_1_3' title='bbox 46 1722 93 1738; x_wconf 59' lang='lat' dir='ltr'>tum.</span> 
     </span>
    </p>
   </div>
   <div class='ocr_carea' id='block_1_2' title="bbox 706 190 1887 227">
    <p class='ocr_par' dir='ltr' id='par_1_2' title="bbox 706 190 1887 227">
     <span class='ocr_line' id='line_1_3' title="bbox 706 190 1887 227; baseline 0.002 -9"><span class='ocrx_word' id='word_1_4' title='bbox 706 190 789 218; x_wconf 85' lang='lat' dir='ltr'>DlST.</span> <span class='ocrx_word' id='word_1_5' title='bbox 811 190 889 218; x_wconf 88' lang='lat' dir='ltr'>XXX.</span> <span class='ocrx_word' id='word_1_6' title='bbox 911 191 984 219; x_wconf 73' lang='lat' dir='ltr'>ART.</span> <span class='ocrx_word' id='word_1_7' title='bbox 1006 190 1121 220; x_wconf 87' lang='lat' dir='ltr'>UNlCUS</span> <span class='ocrx_word' id='word_1_8' title='bbox 1142 190 1278 227; x_wconf 80' lang='lat' dir='ltr'>QUAEST.</span> <span class='ocrx_word' id='word_1_9' title='bbox 1300 190 1328 218; x_wconf 91' lang='lat' dir='ltr'>ll.</span> <span class='ocrx_word' id='word_1_10' title='bbox 1832 192 1887 220; x_wconf 79' lang='lat'>659</span> 
     </span>
    </p>
   </div>
   <div class='ocr_carea' id='block_1_3' title="bbox 884 320 1145 356">
    <p class='ocr_par' dir='ltr' id='par_1_3' title="bbox 884 320 1145 356">
     <span class='ocr_line' id='line_1_4' title="bbox 884 320 1145 356; baseline 0 0"><span class='ocrx_word' id='word_1_11' title='bbox 884 320 1145 356; x_wconf 83' lang='lat' dir='ltr'>SOHOLION.</span> 
     </span>
    </p>
   </div>
   <div class='ocr_carea' id='block_1_4' title="bbox 137 411 989 1258">
    <p class='ocr_par' dir='ltr' id='par_1_4' title="bbox 138 411 989 946">
     <span class='ocr_line' id='line_1_5' title="bbox 203 411 985 440; baseline -0.003 -5"><span class='ocrx_word' id='word_1_12' title='bbox 203 413 217 435; x_wconf 87' lang='lat' dir='ltr'>l.</span> <span class='ocrx_word' id='word_1_13' title='bbox 235 412 417 435; x_wconf 71' lang='lat' dir='ltr'>praenotandum</span> <span class='ocrx_word' id='word_1_14' title='bbox 430 416 474 440; x_wconf 87' lang='lat' dir='ltr'>est,</span> <span class='ocrx_word' id='word_1_15' title='bbox 492 411 556 440; x_wconf 90' lang='lat' dir='ltr'>quod</span> <span class='ocrx_word' id='word_1_16' title='bbox 572 412 658 440; x_wconf 76' lang='lat' dir='ltr'>antiqui</span> <span class='ocrx_word' id='word_1_17' title='bbox 674 411 819 439; x_wconf 77' lang='lat' dir='ltr'>Scliolastici,</span> <span class='ocrx_word' id='word_1_18' title='bbox 836 411 895 433; x_wconf 85' lang='lat' dir='ltr'>sicut</span> <span class='ocrx_word' id='word_1_19' title='bbox 912 415 933 433; x_wconf 88' lang='lat' dir='ltr'>et</span> <span class='ocrx_word' id='word_1_20' title='bbox 951 411 985 433; x_wconf 86' lang='lat' dir='ltr'>Ss.</span> 
     </span>
     <span class='ocr_line' id='line_1_6' title="bbox 140 448 986 480; baseline -0.004 -6"><span class='ocrx_word' id='word_1_21' title='bbox 140 452 228 480; x_wconf 77' lang='lat' dir='ltr'>Patres,</span> <span class='ocrx_word' id='word_1_22' title='bbox 247 457 291 474; x_wconf 93' lang='lat' dir='ltr'>non</span> <span class='ocrx_word' id='word_1_23' title='bbox 308 452 337 473; x_wconf 85' lang='lat' dir='ltr'>ita</span> <span class='ocrx_word' id='word_1_24' title='bbox 355 450 498 479; x_wconf 85' lang='lat' dir='ltr'>distinguunt</span> <span class='ocrx_word' id='word_1_25' title='bbox 514 452 537 472; x_wconf 91' lang='lat' dir='ltr'>et</span> <span class='ocrx_word' id='word_1_26' title='bbox 552 452 660 478; x_wconf 83' lang='lat' dir='ltr'>separant</span> <span class='ocrx_word' id='word_1_27' title='bbox 676 450 775 478; x_wconf 77' lang='lat' dir='ltr'>gratiam</span> <span class='ocrx_word' id='word_1_28' title='bbox 795 448 941 472; x_wconf 71' lang='lat' dir='ltr'><em>habitualem</em></span> <span class='ocrx_word' id='word_1_29' title='bbox 964 452 986 471; x_wconf 90' lang='lat' dir='ltr'>et</span> 
     </span>
     <span class='ocr_line' id='line_1_7' title="bbox 139 487 986 518; baseline -0.004 -5"><span class='ocrx_word' id='word_1_30' title='bbox 139 490 270 518; x_wconf 77' lang='lat' dir='ltr'><em>actualem,</em></span> <span class='ocrx_word' id='word_1_31' title='bbox 290 493 315 512; x_wconf 91' lang='lat' dir='ltr'>ut</span> <span class='ocrx_word' id='word_1_32' title='bbox 332 490 430 517; x_wconf 79' lang='lat' dir='ltr'>theologi</span> <span class='ocrx_word' id='word_1_33' title='bbox 448 489 586 511; x_wconf 75' lang='lat' dir='ltr'>recentiores</span> <span class='ocrx_word' id='word_1_34' title='bbox 603 489 689 517; x_wconf 85' lang='lat' dir='ltr'>passim</span> <span class='ocrx_word' id='word_1_35' title='bbox 707 489 799 510; x_wconf 83' lang='lat' dir='ltr'>faciunt.</span> <span class='ocrx_word' id='word_1_36' title='bbox 817 488 861 516; x_wconf 79' lang='lat' dir='ltr'>lpsi</span> <span class='ocrx_word' id='word_1_37' title='bbox 872 489 934 510; x_wconf 87' lang='lat' dir='ltr'>enim</span> <span class='ocrx_word' id='word_1_38' title='bbox 946 487 986 511; x_wconf 79' lang='lat' dir='ltr'>lta-</span> 
     </span>
     <span class='ocr_line' id='line_1_8' title="bbox 139 527 986 552; baseline -0.002 0"><span class='ocrx_word' id='word_1_39' title='bbox 139 528 223 552; x_wconf 74' lang='lat' dir='ltr'>bituali</span> <span class='ocrx_word' id='word_1_40' title='bbox 238 528 364 551; x_wconf 85' lang='lat' dir='ltr'>attribuunt</span> <span class='ocrx_word' id='word_1_41' title='bbox 376 534 420 550; x_wconf 91' lang='lat' dir='ltr'>non</span> <span class='ocrx_word' id='word_1_42' title='bbox 433 531 520 550; x_wconf 89' lang='lat' dir='ltr'>tantum</span> <span class='ocrx_word' id='word_1_43' title='bbox 537 527 644 550; x_wconf 77' lang='lat' dir='ltr'>effectum</span> <span class='ocrx_word' id='word_1_44' title='bbox 660 527 766 549; x_wconf 85' lang='lat' dir='ltr'>elevandi</span> <span class='ocrx_word' id='word_1_45' title='bbox 783 527 884 549; x_wconf 85' lang='lat' dir='ltr'>animam</span> <span class='ocrx_word' id='word_1_46' title='bbox 900 527 929 549; x_wconf 85' lang='lat' dir='ltr'>ad</span> <span class='ocrx_word' id='word_1_47' title='bbox 941 528 986 550; x_wconf 81' lang='lat' dir='ltr'>sta-</span> 
     </span>
     <span class='ocr_line' id='line_1_9' title="bbox 139 565 987 596; baseline -0.002 -5"><span class='ocrx_word' id='word_1_48' title='bbox 139 569 190 591; x_wconf 80' lang='lat' dir='ltr'>tum</span> <span class='ocrx_word' id='word_1_49' title='bbox 213 568 310 596; x_wconf 78' lang='lat' dir='ltr'>gratiae,</span> <span class='ocrx_word' id='word_1_50' title='bbox 333 573 379 595; x_wconf 86' lang='lat' dir='ltr'>quo</span> <span class='ocrx_word' id='word_1_51' title='bbox 397 567 449 595; x_wconf 81' lang='lat' dir='ltr'>quis</span> <span class='ocrx_word' id='word_1_52' title='bbox 471 567 568 589; x_wconf 81' lang='lat' dir='ltr'>efficitur</span> <span class='ocrx_word' id='word_1_53' title='bbox 586 566 632 588; x_wconf 90' lang='lat' dir='ltr'>Deo</span> <span class='ocrx_word' id='word_1_54' title='bbox 652 568 772 594; x_wconf 84' lang='lat' dir='ltr'>acceptus,</span> <span class='ocrx_word' id='word_1_55' title='bbox 790 566 831 588; x_wconf 88' lang='lat' dir='ltr'>sed</span> <span class='ocrx_word' id='word_1_56' title='bbox 848 566 917 588; x_wconf 89' lang='lat' dir='ltr'>etiam</span> <span class='ocrx_word' id='word_1_57' title='bbox 938 565 987 589; x_wconf 75' lang='lat' dir='ltr'>vir-</span> 
     </span>
     <span class='ocr_line' id='line_1_10' title="bbox 139 604 987 634; baseline -0.005 -4"><span class='ocrx_word' id='word_1_58' title='bbox 139 608 212 630; x_wconf 76' lang='lat' dir='ltr'>tutem</span> <span class='ocrx_word' id='word_1_59' title='bbox 228 609 371 634; x_wconf 81' lang='lat' dir='ltr'>moventem,</span> <span class='ocrx_word' id='word_1_60' title='bbox 390 606 556 628; x_wconf 85' lang='lat' dir='ltr'>illuminantem</span> <span class='ocrx_word' id='word_1_61' title='bbox 578 609 600 628; x_wconf 87' lang='lat' dir='ltr'>et</span> <span class='ocrx_word' id='word_1_62' title='bbox 617 605 778 632; x_wconf 76' lang='lat' dir='ltr'>roborantem,</span> <span class='ocrx_word' id='word_1_63' title='bbox 802 607 827 627; x_wconf 88' lang='lat' dir='ltr'>ut</span> <span class='ocrx_word' id='word_1_64' title='bbox 846 605 892 627; x_wconf 88' lang='lat' dir='ltr'>iam</span> <span class='ocrx_word' id='word_1_65' title='bbox 910 604 987 627; x_wconf 84' lang='lat' dir='ltr'>obser-</span> 
     </span>
     <span class='ocr_line' id='line_1_11' title="bbox 139 643 986 673; baseline -0.002 -5"><span class='ocrx_word' id='word_1_66' title='bbox 139 649 219 668; x_wconf 83' lang='lat' dir='ltr'>vatum</span> <span class='ocrx_word' id='word_1_67' title='bbox 236 648 270 668; x_wconf 88' lang='lat' dir='ltr'>est</span> <span class='ocrx_word' id='word_1_68' title='bbox 287 645 310 667; x_wconf 88' lang='lat' dir='ltr'>ll.</span> <span class='ocrx_word' id='word_1_69' title='bbox 327 645 388 667; x_wconf 75' lang='lat' dir='ltr'>sent.</span> <span class='ocrx_word' id='word_1_70' title='bbox 406 644 428 667; x_wconf 94' lang='lat' dir='ltr'>d.</span> <span class='ocrx_word' id='word_1_71' title='bbox 442 644 479 666; x_wconf 79' lang='lat'>26.</span> <span class='ocrx_word' id='word_1_72' title='bbox 493 651 516 673; x_wconf 88' lang='lat' dir='ltr'>q.</span> <span class='ocrx_word' id='word_1_73' title='bbox 538 644 556 666; x_wconf 93' lang='lat' dir='ltr'>l.</span> <span class='ocrx_word' id='word_1_74' title='bbox 573 647 595 666; x_wconf 90' lang='lat' dir='ltr'>et</span> <span class='ocrx_word' id='word_1_75' title='bbox 607 644 628 666; x_wconf 82' lang='lat'>6.</span> <span class='ocrx_word' id='word_1_76' title='bbox 647 644 668 666; x_wconf 94' lang='lat' dir='ltr'>in</span> <span class='ocrx_word' id='word_1_77' title='bbox 686 644 779 666; x_wconf 81' lang='lat' dir='ltr'>scholiis</span> <span class='ocrx_word' id='word_1_78' title='bbox 796 643 846 672; x_wconf 78' lang='lat' dir='ltr'>(cfr.</span> <span class='ocrx_word' id='word_1_79' title='bbox 859 645 880 666; x_wconf 81' lang='lat' dir='ltr'>S.</span> <span class='ocrx_word' id='word_1_80' title='bbox 894 644 986 672; x_wconf 63' lang='lat' dir='ltr'>Tuom„</span> 
     </span>
     <span class='ocr_line' id='line_1_12' title="bbox 139 682 986 713; baseline -0.002 -7"><span class='ocrx_word' id='word_1_81' title='bbox 139 685 161 707; x_wconf 80' lang='lat' dir='ltr'>S.</span> <span class='ocrx_word' id='word_1_82' title='bbox 180 684 194 706; x_wconf 91' lang='grc' dir='ltr'>Ι.</span> <span class='ocrx_word' id='word_1_83' title='bbox 211 684 234 706; x_wconf 91' lang='lat' dir='ltr'>ll.</span> <span class='ocrx_word' id='word_1_84' title='bbox 252 690 274 713; x_wconf 90' lang='lat' dir='ltr'>q.</span> <span class='ocrx_word' id='word_1_85' title='bbox 295 684 345 706; x_wconf 75' lang='lat'>109.</span> <span class='ocrx_word' id='word_1_86' title='bbox 363 683 471 711; x_wconf 80' lang='lat' dir='ltr'>passim).</span> <span class='ocrx_word' id='word_1_87' title='bbox 489 683 545 705; x_wconf 79' lang='lat' dir='ltr'>ilinc</span> <span class='ocrx_word' id='word_1_88' title='bbox 557 683 624 705; x_wconf 79' lang='lat' dir='ltr'>etiam</span> <span class='ocrx_word' id='word_1_89' title='bbox 642 682 677 710; x_wconf 80' lang='lat' dir='ltr'>fit,</span> <span class='ocrx_word' id='word_1_90' title='bbox 690 685 714 704; x_wconf 91' lang='lat' dir='ltr'>ut</span> <span class='ocrx_word' id='word_1_91' title='bbox 726 682 748 704; x_wconf 88' lang='lat' dir='ltr'>S.</span> <span class='ocrx_word' id='word_1_92' title='bbox 762 682 845 704; x_wconf 85' lang='lat' dir='ltr'>Thom.</span> <span class='ocrx_word' id='word_1_93' title='bbox 864 682 900 709; x_wconf 83' lang='lat' dir='ltr'>(S.</span> <span class='ocrx_word' id='word_1_94' title='bbox 914 683 945 704; x_wconf 93' lang='lat' dir='ltr'>lll.</span> <span class='ocrx_word' id='word_1_95' title='bbox 964 689 986 711; x_wconf 89' lang='lat' dir='ltr'>q.</span> 
     </span>
     <span class='ocr_line' id='line_1_13' title="bbox 139 721 988 751; baseline -0.004 -5"><span class='ocrx_word' id='word_1_96' title='bbox 139 724 176 746; x_wconf 81' lang='lat'>6-2.</span> <span class='ocrx_word' id='word_1_97' title='bbox 194 729 214 746; x_wconf 88' lang='lat' dir='ltr'>a.</span> <span class='ocrx_word' id='word_1_98' title='bbox 232 723 254 745; x_wconf 83' lang='lat'>6.</span> <span class='ocrx_word' id='word_1_99' title='bbox 272 723 301 745; x_wconf 90' lang='lat' dir='ltr'>ad</span> <span class='ocrx_word' id='word_1_100' title='bbox 324 723 349 750; x_wconf 77' lang='lat'>3,</span> <span class='ocrx_word' id='word_1_101' title='bbox 367 729 389 751; x_wconf 88' lang='lat' dir='ltr'>q.</span> <span class='ocrx_word' id='word_1_102' title='bbox 407 722 444 744; x_wconf 87' lang='lat'>70.</span> <span class='ocrx_word' id='word_1_103' title='bbox 462 728 483 744; x_wconf 85' lang='lat' dir='ltr'>a.</span> <span class='ocrx_word' id='word_1_104' title='bbox 502 721 521 744; x_wconf 69' lang='lat'>4.</span> <span class='ocrx_word' id='word_1_105' title='bbox 545 722 566 744; x_wconf 92' lang='lat' dir='ltr'>in</span> <span class='ocrx_word' id='word_1_106' title='bbox 585 721 660 749; x_wconf 89' lang='lat' dir='ltr'>corp.)</span> <span class='ocrx_word' id='word_1_107' title='bbox 677 721 778 743; x_wconf 89' lang='lat' dir='ltr'>eundem</span> <span class='ocrx_word' id='word_1_108' title='bbox 801 722 908 744; x_wconf 75' lang='lat' dir='ltr'>effectum</span> <span class='ocrx_word' id='word_1_109' title='bbox 926 723 988 744; x_wconf 86' lang='lat' dir='ltr'>attri-</span> 
     </span>
     <span class='ocr_line' id='line_1_14' title="bbox 139 760 989 791; baseline -0.002 -6"><span class='ocrx_word' id='word_1_110' title='bbox 139 762 195 785; x_wconf 84' lang='lat' dir='ltr'>buat</span> <span class='ocrx_word' id='word_1_111' title='bbox 210 761 304 791; x_wconf 68' lang='lat' dir='ltr'>qratia?</span> <span class='ocrx_word' id='word_1_112' title='bbox 320 760 448 789; x_wconf 75' lang='lat' dir='ltr'><em>habituali,</em></span> <span class='ocrx_word' id='word_1_113' title='bbox 472 767 542 790; x_wconf 89' lang='lat' dir='ltr'>quem</span> <span class='ocrx_word' id='word_1_114' title='bbox 561 761 597 783; x_wconf 78' lang='lat' dir='ltr'>liic</span> <span class='ocrx_word' id='word_1_115' title='bbox 614 760 692 783; x_wconf 81' lang='lat' dir='ltr'>tribuit</span> <span class='ocrx_word' id='word_1_116' title='bbox 713 761 799 783; x_wconf 87' lang='lat' dir='ltr'>caritati</span> <span class='ocrx_word' id='word_1_117' title='bbox 823 761 836 782; x_wconf 94' lang='lat' dir='ltr'>i.</span> <span class='ocrx_word' id='word_1_118' title='bbox 855 767 874 783; x_wconf 88' lang='lat' dir='ltr'>e.</span> <span class='ocrx_word' id='word_1_119' title='bbox 897 760 989 784; x_wconf 77' lang='lat' dir='ltr'>habitui</span> 
     </span>
     <span class='ocr_line' id='line_1_15' title="bbox 138 800 986 830; baseline -0.002 -6"><span class='ocrx_word' id='word_1_120' title='bbox 138 802 248 829; x_wconf 81' lang='lat' dir='ltr'>caritatis,</span> <span class='ocrx_word' id='word_1_121' title='bbox 266 801 305 830; x_wconf 86' lang='lat' dir='ltr'>qui</span> <span class='ocrx_word' id='word_1_122' title='bbox 322 800 504 829; x_wconf 80' lang='lat' dir='ltr'>inseparabiliter</span> <span class='ocrx_word' id='word_1_123' title='bbox 520 803 555 823; x_wconf 86' lang='lat' dir='ltr'>est</span> <span class='ocrx_word' id='word_1_124' title='bbox 571 806 688 822; x_wconf 87' lang='lat' dir='ltr'>connexus</span> <span class='ocrx_word' id='word_1_125' title='bbox 699 806 753 822; x_wconf 89' lang='lat' dir='ltr'>cum</span> <span class='ocrx_word' id='word_1_126' title='bbox 771 800 843 828; x_wconf 82' lang='lat' dir='ltr'>gratia</span> <span class='ocrx_word' id='word_1_127' title='bbox 861 800 986 828; x_wconf 71' lang='lat' dir='ltr'>habituali,</span> 
     </span>
     <span class='ocr_line' id='line_1_16' title="bbox 138 839 988 868; baseline -0.002 -5"><span class='ocrx_word' id='word_1_128' title='bbox 138 841 188 868; x_wconf 87' lang='lat' dir='ltr'>vel,</span> <span class='ocrx_word' id='word_1_129' title='bbox 206 843 230 862; x_wconf 92' lang='lat' dir='ltr'>ut</span> <span class='ocrx_word' id='word_1_130' title='bbox 247 840 358 862; x_wconf 86' lang='lat' dir='ltr'>Scotistae</span> <span class='ocrx_word' id='word_1_131' title='bbox 375 839 467 868; x_wconf 86' lang='lat' dir='ltr'>volunt,</span> <span class='ocrx_word' id='word_1_132' title='bbox 486 845 530 862; x_wconf 92' lang='lat' dir='ltr'>non</span> <span class='ocrx_word' id='word_1_133' title='bbox 548 840 590 862; x_wconf 88' lang='lat' dir='ltr'>nisi</span> <span class='ocrx_word' id='word_1_134' title='bbox 608 840 695 862; x_wconf 86' lang='lat' dir='ltr'>ratione</span> <span class='ocrx_word' id='word_1_135' title='bbox 712 839 741 861; x_wconf 88' lang='lat' dir='ltr'>ab</span> <span class='ocrx_word' id='word_1_136' title='bbox 758 845 786 861; x_wconf 90' lang='lat' dir='ltr'>eo</span> <span class='ocrx_word' id='word_1_137' title='bbox 804 839 932 861; x_wconf 83' lang='lat' dir='ltr'>distinctus.</span> <span class='ocrx_word' id='word_1_138' title='bbox 945 840 988 861; x_wconf 89' lang='lat' dir='ltr'>Do-</span> 
     </span>
     <span class='ocr_line' id='line_1_17' title="bbox 138 878 988 908; baseline -0.001 -6"><span class='ocrx_word' id='word_1_139' title='bbox 138 882 175 902; x_wconf 85' lang='lat' dir='ltr'>cet</span> <span class='ocrx_word' id='word_1_140' title='bbox 190 880 264 907; x_wconf 90' lang='lat' dir='ltr'>enim,</span> <span class='ocrx_word' id='word_1_141' title='bbox 283 879 346 908; x_wconf 91' lang='lat' dir='ltr'>quod</span> <span class='ocrx_word' id='word_1_142' title='bbox 367 887 377 899; x_wconf 75' lang='grc' dir='ltr'><strong>α</strong></span> <span class='ocrx_word' id='word_1_143' title='bbox 389 879 484 901; x_wconf 84' lang='lat' dir='ltr'>minima</span> <span class='ocrx_word' id='word_1_144' title='bbox 495 878 575 908; x_wconf 73' lang='lat' dir='ltr'>qratia</span> <span class='ocrx_word' id='word_1_145' title='bbox 588 882 662 907; x_wconf 86' lang='lat' dir='ltr'>potest</span> <span class='ocrx_word' id='word_1_146' title='bbox 678 879 784 901; x_wconf 84' lang='lat' dir='ltr'>resistere</span> <span class='ocrx_word' id='word_1_147' title='bbox 796 879 889 902; x_wconf 80' lang='lat' dir='ltr'>cuilibet</span> <span class='ocrx_word' id='word_1_148' title='bbox 906 886 988 902; x_wconf 86' lang='lat' dir='ltr'>concu-</span> 
     </span>
     <span class='ocr_line' id='line_1_18' title="bbox 139 917 758 946; baseline -0.002 -6"><span class='ocrx_word' id='word_1_149' title='bbox 139 918 263 946; x_wconf 87' lang='lat' dir='ltr'>piscentiae</span> <span class='ocrx_word' id='word_1_150' title='bbox 280 921 301 940; x_wconf 86' lang='lat' dir='ltr'>et</span> <span class='ocrx_word' id='word_1_151' title='bbox 318 918 390 940; x_wconf 77' lang='lat' dir='ltr'>vitare</span> <span class='ocrx_word' id='word_1_152' title='bbox 408 923 476 939; x_wconf 87' lang='lat' dir='ltr'>omne</span> <span class='ocrx_word' id='word_1_153' title='bbox 494 920 615 945; x_wconf 88' lang='lat' dir='ltr'>peccatum</span> <span class='ocrx_word' id='word_1_154' title='bbox 628 917 725 939; x_wconf 84' lang='lat' dir='ltr'>mortale</span> <span class='ocrx_word' id='word_1_155' title='bbox 737 926 758 939; x_wconf 80' lang='grc' dir='ltr'>ι.</span> 
     </span>
    </p>

    <p class='ocr_par' dir='ltr' id='par_1_5' title="bbox 137 956 989 1258">
     <span class='ocr_line' id='line_1_19' title="bbox 202 956 988 985; baseline 0 -7"><span class='ocrx_word' id='word_1_156' title='bbox 202 956 225 979; x_wconf 90' lang='lat' dir='ltr'>ll.</span> <span class='ocrx_word' id='word_1_157' title='bbox 244 957 286 979; x_wconf 77' lang='lat' dir='ltr'>Pro</span> <span class='ocrx_word' id='word_1_158' title='bbox 304 962 368 978; x_wconf 87' lang='lat' dir='ltr'>more</span> <span class='ocrx_word' id='word_1_159' title='bbox 385 962 428 978; x_wconf 85' lang='lat' dir='ltr'>suo</span> <span class='ocrx_word' id='word_1_160' title='bbox 445 956 466 978; x_wconf 84' lang='lat' dir='ltr'>S.</span> <span class='ocrx_word' id='word_1_161' title='bbox 484 956 570 978; x_wconf 72' lang='lat' dir='ltr'>Bonav.</span> <span class='ocrx_word' id='word_1_162' title='bbox 581 974 586 983; x_wconf 90' lang='lat'>,</span> <span class='ocrx_word' id='word_1_163' title='bbox 605 956 690 984; x_wconf 83' lang='lat' dir='ltr'>duplici</span> <span class='ocrx_word' id='word_1_164' title='bbox 703 962 759 978; x_wconf 82' lang='lat' dir='ltr'>usus</span> <span class='ocrx_word' id='word_1_165' title='bbox 776 956 932 985; x_wconf 68' lang='lat' dir='ltr'>distinctione.</span> <span class='ocrx_word' id='word_1_166' title='bbox 950 957 988 979; x_wconf 82' lang='lat' dir='ltr'>ali-</span> 
     </span>
     <span class='ocr_line' id='line_1_20' title="bbox 138 995 988 1025; baseline 0 -7"><span class='ocrx_word' id='word_1_167' title='bbox 138 996 236 1025; x_wconf 77' lang='lat' dir='ltr'>qualiter</span> <span class='ocrx_word' id='word_1_168' title='bbox 244 996 348 1018; x_wconf 82' lang='lat' dir='ltr'>conciliat</span> <span class='ocrx_word' id='word_1_169' title='bbox 357 995 416 1018; x_wconf 88' lang='lat' dir='ltr'>duas</span> <span class='ocrx_word' id='word_1_170' title='bbox 427 995 470 1018; x_wconf 85' lang='lat' dir='ltr'>sibi</span> <span class='ocrx_word' id='word_1_171' title='bbox 482 996 601 1023; x_wconf 80' lang='lat' dir='ltr'>oppositas</span> <span class='ocrx_word' id='word_1_172' title='bbox 612 996 733 1024; x_wconf 82' lang='lat' dir='ltr'>opiniones</span> <span class='ocrx_word' id='word_1_173' title='bbox 745 995 852 1025; x_wconf 82' lang='lat' dir='ltr'>dicitque,</span> <span class='ocrx_word' id='word_1_174' title='bbox 865 999 988 1025; x_wconf 82' lang='lat' dir='ltr'>utramque</span> 
     </span>
     <span class='ocr_line' id='line_1_21' title="bbox 137 1034 987 1064; baseline 0 -7"><span class='ocrx_word' id='word_1_175' title='bbox 137 1034 224 1064; x_wconf 91' lang='lat' dir='ltr'>aliquid</span> <span class='ocrx_word' id='word_1_176' title='bbox 234 1035 335 1057; x_wconf 88' lang='lat' dir='ltr'>veritatis</span> <span class='ocrx_word' id='word_1_177' title='bbox 344 1035 468 1057; x_wconf 84' lang='lat' dir='ltr'>continere.</span> <span class='ocrx_word' id='word_1_178' title='bbox 477 1035 552 1056; x_wconf 80' lang='lat' dir='ltr'>Prima</span> <span class='ocrx_word' id='word_1_179' title='bbox 562 1034 705 1056; x_wconf 85' lang='lat' dir='ltr'>distinctione</span> <span class='ocrx_word' id='word_1_180' title='bbox 715 1035 785 1057; x_wconf 91' lang='lat' dir='ltr'>utitur</span> <span class='ocrx_word' id='word_1_181' title='bbox 794 1035 862 1057; x_wconf 88' lang='lat' dir='ltr'>etiam</span> <span class='ocrx_word' id='word_1_182' title='bbox 873 1035 895 1057; x_wconf 86' lang='lat' dir='ltr'>S.</span> <span class='ocrx_word' id='word_1_183' title='bbox 904 1035 987 1057; x_wconf 86' lang='lat' dir='ltr'>Thom.</span> 
     </span>
     <span class='ocr_line' id='line_1_22' title="bbox 140 1073 988 1102; baseline 0.001 -7"><span class='ocrx_word' id='word_1_184' title='bbox 140 1073 185 1098; x_wconf 85' lang='grc' dir='ltr'><strong>(ΙΙΙ.</strong></span> <span class='ocrx_word' id='word_1_185' title='bbox 203 1074 264 1096; x_wconf 85' lang='lat' dir='ltr'>Sent.</span> <span class='ocrx_word' id='word_1_186' title='bbox 282 1073 304 1096; x_wconf 93' lang='lat' dir='ltr'>d.</span> <span class='ocrx_word' id='word_1_187' title='bbox 323 1074 360 1096; x_wconf 84' lang='grc'>31.</span> <span class='ocrx_word' id='word_1_188' title='bbox 372 1080 394 1102; x_wconf 93' lang='lat' dir='ltr'>q.</span> <span class='ocrx_word' id='word_1_189' title='bbox 413 1074 433 1095; x_wconf 80' lang='lat' dir='ltr'>l.</span> <span class='ocrx_word' id='word_1_190' title='bbox 452 1080 472 1095; x_wconf 86' lang='lat' dir='ltr'>a.</span> <span class='ocrx_word' id='word_1_191' title='bbox 491 1074 522 1101; x_wconf 87' lang='grc'>3.)</span> <span class='ocrx_word' id='word_1_192' title='bbox 541 1076 563 1096; x_wconf 87' lang='lat' dir='ltr'>et</span> <span class='ocrx_word' id='word_1_193' title='bbox 579 1073 673 1096; x_wconf 86' lang='lat' dir='ltr'>resolvit</span> <span class='ocrx_word' id='word_1_194' title='bbox 690 1073 719 1096; x_wconf 87' lang='lat' dir='ltr'>ad</span> <span class='ocrx_word' id='word_1_195' title='bbox 739 1077 840 1096; x_wconf 86' lang='lat' dir='ltr'>mentem</span> <span class='ocrx_word' id='word_1_196' title='bbox 858 1075 928 1096; x_wconf 82' lang='lat' dir='ltr'>nostri</span> <span class='ocrx_word' id='word_1_197' title='bbox 948 1080 988 1096; x_wconf 87' lang='lat' dir='ltr'>au-</span> 
     </span>
     <span class='ocr_line' id='line_1_23' title="bbox 139 1112 988 1141; baseline 0 -7"><span class='ocrx_word' id='word_1_198' title='bbox 139 1113 218 1140; x_wconf 83' lang='lat' dir='ltr'>ctoris,</span> <span class='ocrx_word' id='word_1_199' title='bbox 236 1112 300 1141; x_wconf 88' lang='lat' dir='ltr'>quod</span> <span class='ocrx_word' id='word_1_200' title='bbox 318 1113 401 1135; x_wconf 88' lang='lat' dir='ltr'>virtute</span> <span class='ocrx_word' id='word_1_201' title='bbox 414 1113 522 1134; x_wconf 80' lang='lat' dir='ltr'>minimae</span> <span class='ocrx_word' id='word_1_202' title='bbox 539 1113 626 1140; x_wconf 83' lang='lat' dir='ltr'>gratiae</span> <span class='ocrx_word' id='word_1_203' title='bbox 643 1112 715 1140; x_wconf 78' lang='lat' dir='ltr'>possit</span> <span class='ocrx_word' id='word_1_204' title='bbox 732 1113 785 1141; x_wconf 84' lang='lat' dir='ltr'>quis</span> <span class='ocrx_word' id='word_1_205' title='bbox 801 1113 907 1135; x_wconf 78' lang='lat' dir='ltr'>resistere</span> <span class='ocrx_word' id='word_1_206' title='bbox 921 1116 988 1135; x_wconf 81' lang='lat' dir='ltr'>tenta-</span> 
     </span>
     <span class='ocr_line' id='line_1_24' title="bbox 139 1150 987 1180; baseline 0 -7"><span class='ocrx_word' id='word_1_207' title='bbox 139 1151 194 1173; x_wconf 88' lang='lat' dir='ltr'>tioni</span> <span class='ocrx_word' id='word_1_208' title='bbox 212 1151 389 1180; x_wconf 77' lang='lat' dir='ltr'>qualicumque,</span> <span class='ocrx_word' id='word_1_209' title='bbox 406 1155 432 1174; x_wconf 82' lang='lat' dir='ltr'>ut</span> <span class='ocrx_word' id='word_1_210' title='bbox 448 1156 495 1174; x_wconf 83' lang='lat' dir='ltr'>non</span> <span class='ocrx_word' id='word_1_211' title='bbox 508 1150 627 1179; x_wconf 78' lang='lat' dir='ltr'>vincatur,</span> <span class='ocrx_word' id='word_1_212' title='bbox 646 1151 696 1173; x_wconf 88' lang='lat' dir='ltr'>sive</span> <span class='ocrx_word' id='word_1_213' title='bbox 709 1155 733 1173; x_wconf 86' lang='lat' dir='ltr'>ut</span> <span class='ocrx_word' id='word_1_214' title='bbox 752 1157 764 1173; x_wconf 87' lang='lat' dir='ltr'>a</span> <span class='ocrx_word' id='word_1_215' title='bbox 782 1150 843 1173; x_wconf 81' lang='lat' dir='ltr'>bono</span> <span class='ocrx_word' id='word_1_216' title='bbox 856 1152 987 1180; x_wconf 86' lang='lat' dir='ltr'>proposito,</span> 
     </span>
     <span class='ocr_line' id='line_1_25' title="bbox 139 1189 988 1218; baseline 0 -6"><span class='ocrx_word' id='word_1_217' title='bbox 139 1190 227 1212; x_wconf 88' lang='lat' dir='ltr'>oriente</span> <span class='ocrx_word' id='word_1_218' title='bbox 251 1191 386 1218; x_wconf 79' lang='lat' dir='ltr'>tentatione,</span> <span class='ocrx_word' id='word_1_219' title='bbox 412 1196 457 1212; x_wconf 92' lang='lat' dir='ltr'>non</span> <span class='ocrx_word' id='word_1_220' title='bbox 479 1189 557 1217; x_wconf 83' lang='lat' dir='ltr'>cadat,</span> <span class='ocrx_word' id='word_1_221' title='bbox 583 1189 624 1212; x_wconf 89' lang='lat' dir='ltr'>sed</span> <span class='ocrx_word' id='word_1_222' title='bbox 650 1196 694 1212; x_wconf 90' lang='lat' dir='ltr'>non</span> <span class='ocrx_word' id='word_1_223' title='bbox 721 1190 765 1218; x_wconf 83' lang='lat' dir='ltr'>ita,</span> <span class='ocrx_word' id='word_1_224' title='bbox 792 1193 817 1212; x_wconf 89' lang='lat' dir='ltr'>ut</span> <span class='ocrx_word' id='word_1_225' title='bbox 841 1191 988 1212; x_wconf 72' lang='lat' dir='ltr'>tentationem</span> 
     </span>
     <span class='ocr_line' id='line_1_26' title="bbox 141 1228 989 1258; baseline -0.001 -6"><span class='ocrx_word' id='word_1_226' title='bbox 141 1228 220 1252; x_wconf 74' lang='lat' dir='ltr'>vincat</span> <span class='ocrx_word' id='word_1_227' title='bbox 238 1237 249 1249; x_wconf 70' lang='grc' dir='ltr'>ι</span> <span class='ocrx_word' id='word_1_228' title='bbox 261 1235 288 1251; x_wconf 87' lang='lat' dir='ltr'>ex</span> <span class='ocrx_word' id='word_1_229' title='bbox 305 1228 464 1257; x_wconf 78' lang='lat' dir='ltr'>magnitudine</span> <span class='ocrx_word' id='word_1_230' title='bbox 481 1229 572 1251; x_wconf 81' lang='lat' dir='ltr'>virtutis</span> <span class='ocrx_word' id='word_1_231' title='bbox 584 1236 610 1256; x_wconf 72' lang='grc' dir='ltr'>ις</span> <span class='ocrx_word' id='word_1_232' title='bbox 628 1235 681 1251; x_wconf 91' lang='lat' dir='ltr'>cum</span> <span class='ocrx_word' id='word_1_233' title='bbox 699 1229 792 1256; x_wconf 87' lang='lat' dir='ltr'>caritas,</span> <span class='ocrx_word' id='word_1_234' title='bbox 809 1235 869 1258; x_wconf 87' lang='lat' dir='ltr'>quae</span> <span class='ocrx_word' id='word_1_235' title='bbox 887 1229 908 1251; x_wconf 89' lang='lat' dir='ltr'>in</span> <span class='ocrx_word' id='word_1_236' title='bbox 927 1230 989 1257; x_wconf 89' lang='lat' dir='ltr'>prin-</span> 
     </span>
    </p>
   </div>
   <div class='ocr_carea' id='block_1_5' title="bbox 1043 411 1894 1258">
    <p class='ocr_par' dir='ltr' id='par_1_6' title="bbox 1043 411 1891 630">
     <span class='ocr_line' id='line_1_27' title="bbox 1043 411 1891 441; baseline 0.004 -8"><span class='ocrx_word' id='word_1_237' title='bbox 1043 411 1102 439; x_wconf 89' lang='lat' dir='ltr'>cipio</span> <span class='ocrx_word' id='word_1_238' title='bbox 1115 412 1243 434; x_wconf 76' lang='lat' dir='ltr'>tentationis</span> <span class='ocrx_word' id='word_1_239' title='bbox 1260 412 1288 434; x_wconf 84' lang='lat' dir='ltr'>sit</span> <span class='ocrx_word' id='word_1_240' title='bbox 1306 418 1390 440; x_wconf 82' lang='lat' dir='ltr'>parva,</span> <span class='ocrx_word' id='word_1_241' title='bbox 1409 413 1431 434; x_wconf 93' lang='lat' dir='ltr'>in</span> <span class='ocrx_word' id='word_1_242' title='bbox 1450 412 1493 434; x_wconf 77' lang='lat' dir='ltr'>fine</span> <span class='ocrx_word' id='word_1_243' title='bbox 1511 412 1616 435; x_wconf 80' lang='lat' dir='ltr'>ciusdem</span> <span class='ocrx_word' id='word_1_244' title='bbox 1639 413 1677 435; x_wconf 80' lang='lat' dir='ltr'>fiat</span> <span class='ocrx_word' id='word_1_245' title='bbox 1695 419 1785 441; x_wconf 85' lang='lat' dir='ltr'>magna.</span> <span class='ocrx_word' id='word_1_246' title='bbox 1802 414 1844 435; x_wconf 74' lang='lat' dir='ltr'>«Si</span> <span class='ocrx_word' id='word_1_247' title='bbox 1863 416 1891 436; x_wconf 89' lang='lat' dir='ltr'>ta-</span> 
     </span>
     <span class='ocr_line' id='line_1_28' title="bbox 1043 450 1891 480; baseline 0.002 -7"><span class='ocrx_word' id='word_1_248' title='bbox 1043 456 1095 473; x_wconf 88' lang='lat' dir='ltr'>men</span> <span class='ocrx_word' id='word_1_249' title='bbox 1113 454 1227 479; x_wconf 86' lang='lat' dir='ltr'>ponatur,</span> <span class='ocrx_word' id='word_1_250' title='bbox 1247 450 1310 479; x_wconf 87' lang='lat' dir='ltr'>quod</span> <span class='ocrx_word' id='word_1_251' title='bbox 1332 457 1425 479; x_wconf 86' lang='lat' dir='ltr'>semper</span> <span class='ocrx_word' id='word_1_252' title='bbox 1451 457 1521 478; x_wconf 78' lang='lat' dir='ltr'>parva</span> <span class='ocrx_word' id='word_1_253' title='bbox 1548 454 1662 478; x_wconf 76' lang='lat' dir='ltr'>maneret,</span> <span class='ocrx_word' id='word_1_254' title='bbox 1686 458 1731 474; x_wconf 81' lang='lat' dir='ltr'>non</span> <span class='ocrx_word' id='word_1_255' title='bbox 1749 456 1827 480; x_wconf 87' lang='lat' dir='ltr'>posset</span> <span class='ocrx_word' id='word_1_256' title='bbox 1850 459 1891 480; x_wconf 88' lang='lat' dir='ltr'>per</span> 
     </span>
     <span class='ocr_line' id='line_1_29' title="bbox 1044 490 1891 519; baseline 0.002 -7"><span class='ocrx_word' id='word_1_257' title='bbox 1044 490 1139 513; x_wconf 89' lang='lat' dir='ltr'>modum</span> <span class='ocrx_word' id='word_1_258' title='bbox 1162 490 1249 512; x_wconf 87' lang='lat' dir='ltr'>dictum</span> <span class='ocrx_word' id='word_1_259' title='bbox 1267 490 1382 512; x_wconf 81' lang='lat' dir='ltr'>tentationi</span> <span class='ocrx_word' id='word_1_260' title='bbox 1400 491 1505 512; x_wconf 77' lang='lat' dir='ltr'>resistere</span> <span class='ocrx_word' id='word_1_261' title='bbox 1518 499 1538 512; x_wconf 74' lang='grc' dir='ltr'>ι.</span> <span class='ocrx_word' id='word_1_262' title='bbox 1557 491 1664 513; x_wconf 76' lang='lat' dir='ltr'>Similiter</span> <span class='ocrx_word' id='word_1_263' title='bbox 1681 491 1821 519; x_wconf 85' lang='lat' dir='ltr'>respondent</span> <span class='ocrx_word' id='word_1_264' title='bbox 1834 492 1891 514; x_wconf 78' lang='lat' dir='ltr'>Petr.</span> 
     </span>
     <span class='ocr_line' id='line_1_30' title="bbox 1043 528 1890 558; baseline 0.002 -7"><span class='ocrx_word' id='word_1_265' title='bbox 1043 535 1056 552; x_wconf 86' lang='lat' dir='ltr'>a</span> <span class='ocrx_word' id='word_1_266' title='bbox 1073 529 1134 557; x_wconf 92' lang='lat' dir='ltr'>Tar.,</span> <span class='ocrx_word' id='word_1_267' title='bbox 1147 529 1178 551; x_wconf 90' lang='grc' dir='ltr'>ΙΙΙ.</span> <span class='ocrx_word' id='word_1_268' title='bbox 1190 529 1250 551; x_wconf 78' lang='lat' dir='ltr'>Sont.</span> <span class='ocrx_word' id='word_1_269' title='bbox 1264 528 1286 550; x_wconf 92' lang='lat' dir='ltr'>d.</span> <span class='ocrx_word' id='word_1_270' title='bbox 1298 529 1335 550; x_wconf 89' lang='grc'>31.</span> <span class='ocrx_word' id='word_1_271' title='bbox 1353 535 1375 557; x_wconf 87' lang='lat' dir='ltr'>q.</span> <span class='ocrx_word' id='word_1_272' title='bbox 1397 529 1414 551; x_wconf 86' lang='lat' dir='ltr'>l.</span> <span class='ocrx_word' id='word_1_273' title='bbox 1433 535 1452 551; x_wconf 87' lang='lat' dir='ltr'>a.</span> <span class='ocrx_word' id='word_1_274' title='bbox 1467 528 1492 556; x_wconf 70' lang='lat'>4,</span> <span class='ocrx_word' id='word_1_275' title='bbox 1509 532 1531 551; x_wconf 85' lang='lat' dir='ltr'>et</span> <span class='ocrx_word' id='word_1_276' title='bbox 1542 529 1648 552; x_wconf 79' lang='lat' dir='ltr'>Ricliard.</span> <span class='ocrx_word' id='word_1_277' title='bbox 1666 536 1678 552; x_wconf 85' lang='lat' dir='ltr'>a</span> <span class='ocrx_word' id='word_1_278' title='bbox 1696 530 1761 558; x_wconf 72' lang='lat' dir='ltr'>ltled.,</span> <span class='ocrx_word' id='word_1_279' title='bbox 1780 530 1811 552; x_wconf 85' lang='grc'>111.</span> <span class='ocrx_word' id='word_1_280' title='bbox 1830 532 1890 553; x_wconf 81' lang='lat' dir='ltr'>Sent.</span> 
     </span>
     <span class='ocr_line' id='line_1_31' title="bbox 1043 567 1889 598; baseline 0.004 -9"><span class='ocrx_word' id='word_1_281' title='bbox 1043 568 1065 590; x_wconf 88' lang='lat' dir='ltr'>d.</span> <span class='ocrx_word' id='word_1_282' title='bbox 1079 568 1115 590; x_wconf 86' lang='grc'>31.</span> <span class='ocrx_word' id='word_1_283' title='bbox 1133 574 1153 589; x_wconf 93' lang='lat' dir='ltr'>a.</span> <span class='ocrx_word' id='word_1_284' title='bbox 1176 568 1193 589; x_wconf 85' lang='lat' dir='ltr'>l.</span> <span class='ocrx_word' id='word_1_285' title='bbox 1211 574 1232 596; x_wconf 84' lang='lat' dir='ltr'>q.</span> <span class='ocrx_word' id='word_1_286' title='bbox 1251 567 1271 589; x_wconf 88' lang='grc'>3.</span> <span class='ocrx_word' id='word_1_287' title='bbox 1292 567 1323 589; x_wconf 86' lang='lat' dir='ltr'>De</span> <span class='ocrx_word' id='word_1_288' title='bbox 1341 568 1449 595; x_wconf 81' lang='lat' dir='ltr'>opinione</span> <span class='ocrx_word' id='word_1_289' title='bbox 1466 568 1546 591; x_wconf 82' lang='lat' dir='ltr'>Guliel.</span> <span class='ocrx_word' id='word_1_290' title='bbox 1564 569 1686 591; x_wconf 80' lang='lat' dir='ltr'>Antissiod.</span> <span class='ocrx_word' id='word_1_291' title='bbox 1704 569 1758 591; x_wconf 88' lang='lat' dir='ltr'>vide</span> <span class='ocrx_word' id='word_1_292' title='bbox 1771 576 1824 597; x_wconf 61' lang='lat' dir='ltr'>pag.</span> <span class='ocrx_word' id='word_1_293' title='bbox 1837 569 1889 598; x_wconf 78' lang='lat'>658,</span> 
     </span>
     <span class='ocr_line' id='line_1_32' title="bbox 1044 608 1134 630; baseline 0 -1"><span class='ocrx_word' id='word_1_294' title='bbox 1044 611 1095 630; x_wconf 85' lang='lat' dir='ltr'>nota</span> <span class='ocrx_word' id='word_1_295' title='bbox 1114 608 1134 629; x_wconf 80' lang='lat'>9.</span> 
     </span>
    </p>

    <p class='ocr_par' dir='ltr' id='par_1_7' title="bbox 1044 646 1892 903">
     <span class='ocr_line' id='line_1_33' title="bbox 1108 646 1892 674; baseline 0.004 -6"><span class='ocrx_word' id='word_1_296' title='bbox 1108 647 1140 668; x_wconf 92' lang='lat' dir='ltr'>lll.</span> <span class='ocrx_word' id='word_1_297' title='bbox 1158 646 1244 669; x_wconf 88' lang='lat' dir='ltr'>Solutio</span> <span class='ocrx_word' id='word_1_298' title='bbox 1261 652 1309 674; x_wconf 85' lang='lat' dir='ltr'>seq.</span> <span class='ocrx_word' id='word_1_299' title='bbox 1328 646 1368 674; x_wconf 72' lang='lat'>(2.)</span> <span class='ocrx_word' id='word_1_300' title='bbox 1387 647 1527 674; x_wconf 85' lang='lat' dir='ltr'>quaestionis</span> <span class='ocrx_word' id='word_1_301' title='bbox 1539 652 1583 668; x_wconf 91' lang='lat' dir='ltr'>non</span> <span class='ocrx_word' id='word_1_302' title='bbox 1602 646 1670 669; x_wconf 82' lang='lat' dir='ltr'>habet</span> <span class='ocrx_word' id='word_1_303' title='bbox 1682 647 1838 670; x_wconf 83' lang='lat' dir='ltr'>difficultatem</span> <span class='ocrx_word' id='word_1_304' title='bbox 1851 654 1892 671; x_wconf 86' lang='lat' dir='ltr'>nec</span> 
     </span>
     <span class='ocr_line' id='line_1_34' title="bbox 1044 685 1892 716; baseline 0.002 -8"><span class='ocrx_word' id='word_1_305' title='bbox 1044 685 1126 708; x_wconf 86' lang='lat' dir='ltr'>eadem</span> <span class='ocrx_word' id='word_1_306' title='bbox 1151 685 1180 708; x_wconf 87' lang='lat' dir='ltr'>ab</span> <span class='ocrx_word' id='word_1_307' title='bbox 1206 685 1255 707; x_wconf 82' lang='lat' dir='ltr'>aliis</span> <span class='ocrx_word' id='word_1_308' title='bbox 1279 685 1499 707; x_wconf 82' lang='lat' dir='ltr'>commentatoribus</span> <span class='ocrx_word' id='word_1_309' title='bbox 1525 686 1624 713; x_wconf 81' lang='lat' dir='ltr'>Magistri</span> <span class='ocrx_word' id='word_1_310' title='bbox 1647 688 1761 709; x_wconf 80' lang='lat' dir='ltr'>tractatur.</span> <span class='ocrx_word' id='word_1_311' title='bbox 1780 687 1892 716; x_wconf 81' lang='lat' dir='ltr'>Tangitur</span> 
     </span>
     <span class='ocr_line' id='line_1_35' title="bbox 1044 723 1890 755; baseline 0.001 -8"><span class='ocrx_word' id='word_1_312' title='bbox 1044 728 1120 747; x_wconf 77' lang='lat' dir='ltr'>autem</span> <span class='ocrx_word' id='word_1_313' title='bbox 1139 725 1188 752; x_wconf 88' lang='lat' dir='ltr'>ipsa</span> <span class='ocrx_word' id='word_1_314' title='bbox 1206 730 1218 746; x_wconf 87' lang='lat' dir='ltr'>a</span> <span class='ocrx_word' id='word_1_315' title='bbox 1236 724 1258 745; x_wconf 75' lang='lat' dir='ltr'>S.</span> <span class='ocrx_word' id='word_1_316' title='bbox 1277 724 1367 745; x_wconf 78' lang='lat' dir='ltr'>Tlioma</span> <span class='ocrx_word' id='word_1_317' title='bbox 1385 723 1426 748; x_wconf 76' lang='grc' dir='ltr'><strong>(ΙΙΙ,</strong></span> <span class='ocrx_word' id='word_1_318' title='bbox 1445 724 1505 746; x_wconf 67' lang='grc' dir='ltr'><strong>Ξθηῑ,</strong></span> <span class='ocrx_word' id='word_1_319' title='bbox 1523 724 1546 746; x_wconf 90' lang='lat' dir='ltr'>d.</span> <span class='ocrx_word' id='word_1_320' title='bbox 1564 725 1600 746; x_wconf 77' lang='lat'>29.</span> <span class='ocrx_word' id='word_1_321' title='bbox 1619 731 1639 747; x_wconf 85' lang='lat' dir='ltr'>a.</span> <span class='ocrx_word' id='word_1_322' title='bbox 1658 725 1679 746; x_wconf 83' lang='lat'>8.</span> <span class='ocrx_word' id='word_1_323' title='bbox 1697 726 1839 754; x_wconf 73' lang='lat' dir='ltr'>quaestiunc.</span> <span class='ocrx_word' id='word_1_324' title='bbox 1859 727 1890 755; x_wconf 75' lang='lat'>2.)</span> 
     </span>
     <span class='ocr_line' id='line_1_36' title="bbox 1045 763 1891 793; baseline 0.002 -8"><span class='ocrx_word' id='word_1_325' title='bbox 1045 764 1066 785; x_wconf 93' lang='lat' dir='ltr'>in</span> <span class='ocrx_word' id='word_1_326' title='bbox 1085 763 1229 792; x_wconf 82' lang='lat' dir='ltr'>quaestione:</span> <span class='ocrx_word' id='word_1_327' title='bbox 1247 765 1324 785; x_wconf 88' lang='lat' dir='ltr'>utrum</span> <span class='ocrx_word' id='word_1_328' title='bbox 1341 768 1422 785; x_wconf 84' lang='lat' dir='ltr'>omnes</span> <span class='ocrx_word' id='word_1_329' title='bbox 1440 765 1558 785; x_wconf 84' lang='lat' dir='ltr'>teneantur</span> <span class='ocrx_word' id='word_1_330' title='bbox 1575 763 1603 785; x_wconf 86' lang='lat' dir='ltr'>ad</span> <span class='ocrx_word' id='word_1_331' title='bbox 1621 764 1737 786; x_wconf 84' lang='lat' dir='ltr'>caritatem</span> <span class='ocrx_word' id='word_1_332' title='bbox 1756 765 1891 793; x_wconf 79' lang='lat' dir='ltr'>perfectam,</span> 
     </span>
     <span class='ocr_line' id='line_1_37' title="bbox 1045 801 1891 831; baseline 0.001 -7"><span class='ocrx_word' id='word_1_333' title='bbox 1045 802 1180 830; x_wconf 80' lang='lat' dir='ltr'>praesertim</span> <span class='ocrx_word' id='word_1_334' title='bbox 1198 802 1219 823; x_wconf 95' lang='lat' dir='ltr'>in</span> <span class='ocrx_word' id='word_1_335' title='bbox 1238 801 1350 823; x_wconf 80' lang='lat' dir='ltr'>solutione</span> <span class='ocrx_word' id='word_1_336' title='bbox 1367 801 1395 823; x_wconf 88' lang='lat' dir='ltr'>ad</span> <span class='ocrx_word' id='word_1_337' title='bbox 1408 801 1429 823; x_wconf 87' lang='grc'>3,</span> <span class='ocrx_word' id='word_1_338' title='bbox 1447 801 1554 824; x_wconf 84' lang='lat' dir='ltr'>Similiter</span> <span class='ocrx_word' id='word_1_339' title='bbox 1572 802 1592 823; x_wconf 95' lang='lat' dir='ltr'>in</span> <span class='ocrx_word' id='word_1_340' title='bbox 1611 802 1692 824; x_wconf 86' lang='lat' dir='ltr'>eadem</span> <span class='ocrx_word' id='word_1_341' title='bbox 1711 804 1844 831; x_wconf 80' lang='lat' dir='ltr'>quaestione</span> <span class='ocrx_word' id='word_1_342' title='bbox 1867 805 1891 826; x_wconf 82' lang='lat' dir='ltr'>B.</span> 
     </span>
     <span class='ocr_line' id='line_1_38' title="bbox 1045 840 1890 869; baseline 0.001 -5"><span class='ocrx_word' id='word_1_343' title='bbox 1045 841 1137 869; x_wconf 66' lang='lat' dir='ltr'>Albert„</span> <span class='ocrx_word' id='word_1_344' title='bbox 1156 841 1187 863; x_wconf 93' lang='lat' dir='ltr'>lll.</span> <span class='ocrx_word' id='word_1_345' title='bbox 1206 841 1266 863; x_wconf 81' lang='lat' dir='ltr'>Sent.</span> <span class='ocrx_word' id='word_1_346' title='bbox 1280 840 1302 863; x_wconf 87' lang='lat' dir='ltr'>d.</span> <span class='ocrx_word' id='word_1_347' title='bbox 1315 841 1351 863; x_wconf 82' lang='lat'>29.</span> <span class='ocrx_word' id='word_1_348' title='bbox 1369 847 1389 862; x_wconf 85' lang='lat' dir='ltr'>a.</span> <span class='ocrx_word' id='word_1_349' title='bbox 1403 841 1428 868; x_wconf 81' lang='lat'>8,</span> <span class='ocrx_word' id='word_1_350' title='bbox 1445 843 1467 863; x_wconf 89' lang='lat' dir='ltr'>et</span> <span class='ocrx_word' id='word_1_351' title='bbox 1480 841 1536 863; x_wconf 84' lang='lat' dir='ltr'>Petr.</span> <span class='ocrx_word' id='word_1_352' title='bbox 1558 847 1570 863; x_wconf 92' lang='lat' dir='ltr'>a</span> <span class='ocrx_word' id='word_1_353' title='bbox 1583 841 1645 869; x_wconf 84' lang='lat' dir='ltr'>Tar.,</span> <span class='ocrx_word' id='word_1_354' title='bbox 1659 841 1687 863; x_wconf 88' lang='lat' dir='ltr'>de</span> <span class='ocrx_word' id='word_1_355' title='bbox 1699 842 1731 863; x_wconf 89' lang='lat' dir='ltr'>lll.</span> <span class='ocrx_word' id='word_1_356' title='bbox 1745 843 1806 864; x_wconf 83' lang='lat' dir='ltr'>Sem.</span> <span class='ocrx_word' id='word_1_357' title='bbox 1819 842 1840 865; x_wconf 83' lang='lat' dir='ltr'>d.</span> <span class='ocrx_word' id='word_1_358' title='bbox 1854 844 1890 865; x_wconf 79' lang='lat'>29.</span> 
     </span>
     <span class='ocr_line' id='line_1_39' title="bbox 1044 879 1474 903; baseline -0.005 0"><span class='ocrx_word' id='word_1_359' title='bbox 1044 887 1064 903; x_wconf 89' lang='lat' dir='ltr'>a.</span> <span class='ocrx_word' id='word_1_360' title='bbox 1078 882 1098 903; x_wconf 83' lang='lat'>9.</span> <span class='ocrx_word' id='word_1_361' title='bbox 1112 880 1141 903; x_wconf 89' lang='lat' dir='ltr'>ad</span> <span class='ocrx_word' id='word_1_362' title='bbox 1154 880 1174 902; x_wconf 87' lang='lat'>3.</span> <span class='ocrx_word' id='word_1_363' title='bbox 1192 880 1293 902; x_wconf 81' lang='lat' dir='ltr'>breviter</span> <span class='ocrx_word' id='word_1_364' title='bbox 1309 879 1371 902; x_wconf 71' lang='lat' dir='ltr'>idem</span> <span class='ocrx_word' id='word_1_365' title='bbox 1389 879 1474 902; x_wconf 82' lang='lat' dir='ltr'>dicunt.</span> 
     </span>
    </p>

    <p class='ocr_par' dir='ltr' id='par_1_8' title="bbox 1045 919 1894 1258">
     <span class='ocr_line' id='line_1_40' title="bbox 1108 919 1892 948; baseline 0.003 -7"><span class='ocrx_word' id='word_1_366' title='bbox 1108 919 1144 942; x_wconf 94' lang='lat' dir='ltr'>lV.</span> <span class='ocrx_word' id='word_1_367' title='bbox 1163 919 1263 941; x_wconf 81' lang='lat' dir='ltr'>Tertiam</span> <span class='ocrx_word' id='word_1_368' title='bbox 1283 919 1441 947; x_wconf 81' lang='lat' dir='ltr'>quaestionem</span> <span class='ocrx_word' id='word_1_369' title='bbox 1462 919 1495 941; x_wconf 86' lang='lat' dir='ltr'>sic</span> <span class='ocrx_word' id='word_1_370' title='bbox 1514 920 1622 947; x_wconf 74' lang='lat' dir='ltr'>proponit</span> <span class='ocrx_word' id='word_1_371' title='bbox 1639 920 1662 942; x_wconf 93' lang='grc' dir='ltr'>Β.</span> <span class='ocrx_word' id='word_1_372' title='bbox 1681 919 1765 943; x_wconf 73' lang='lat' dir='ltr'>Albert.</span> <span class='ocrx_word' id='word_1_373' title='bbox 1787 921 1838 948; x_wconf 84' lang='lat' dir='ltr'>(loc.</span> <span class='ocrx_word' id='word_1_374' title='bbox 1856 922 1892 943; x_wconf 89' lang='lat' dir='ltr'>cit.</span> 
     </span>
     <span class='ocr_line' id='line_1_41' title="bbox 1045 957 1892 988; baseline 0.002 -8"><span class='ocrx_word' id='word_1_375' title='bbox 1045 965 1065 981; x_wconf 61' lang='lat' dir='ltr'>a.</span> <span class='ocrx_word' id='word_1_376' title='bbox 1077 959 1120 986; x_wconf 74' lang='lat'>9.):</span> <span class='ocrx_word' id='word_1_377' title='bbox 1133 958 1166 980; x_wconf 83' lang='lat' dir='ltr'>An</span> <span class='ocrx_word' id='word_1_378' title='bbox 1179 958 1231 986; x_wconf 81' lang='lat' dir='ltr'>plus</span> <span class='ocrx_word' id='word_1_379' title='bbox 1243 957 1370 980; x_wconf 77' lang='lat' dir='ltr'>secundum</span> <span class='ocrx_word' id='word_1_380' title='bbox 1388 960 1463 980; x_wconf 89' lang='lat' dir='ltr'>actum</span> <span class='ocrx_word' id='word_1_381' title='bbox 1477 960 1565 980; x_wconf 89' lang='lat' dir='ltr'>tenetur</span> <span class='ocrx_word' id='word_1_382' title='bbox 1583 958 1677 986; x_wconf 79' lang='lat' dir='ltr'>diligere</span> <span class='ocrx_word' id='word_1_383' title='bbox 1689 959 1804 987; x_wconf 77' lang='lat' dir='ltr'>perfectus</span> <span class='ocrx_word' id='word_1_384' title='bbox 1822 966 1892 988; x_wconf 84' lang='lat' dir='ltr'>quam</span> 
     </span>
     <span class='ocr_line' id='line_1_42' title="bbox 1045 995 1892 1024; baseline 0.002 -6"><span class='ocrx_word' id='word_1_385' title='bbox 1045 997 1208 1024; x_wconf 82' lang='lat' dir='ltr'>imperfectus;</span> <span class='ocrx_word' id='word_1_386' title='bbox 1233 998 1255 1018; x_wconf 90' lang='lat' dir='ltr'>et</span> <span class='ocrx_word' id='word_1_387' title='bbox 1275 995 1378 1023; x_wconf 82' lang='lat' dir='ltr'>resolvit,</span> <span class='ocrx_word' id='word_1_388' title='bbox 1399 996 1463 1024; x_wconf 82' lang='lat' dir='ltr'>quod</span> <span class='ocrx_word' id='word_1_389' title='bbox 1487 1004 1497 1015; x_wconf 70' lang='grc' dir='ltr'><strong>α</strong></span> <span class='ocrx_word' id='word_1_390' title='bbox 1518 996 1632 1024; x_wconf 77' lang='lat' dir='ltr'>perlectus</span> <span class='ocrx_word' id='word_1_391' title='bbox 1653 999 1741 1019; x_wconf 81' lang='lat' dir='ltr'>tenetur</span> <span class='ocrx_word' id='word_1_392' title='bbox 1763 998 1892 1021; x_wconf 82' lang='lat' dir='ltr'>secundum</span> 
     </span>
     <span class='ocr_line' id='line_1_43' title="bbox 1045 1033 1892 1065; baseline 0.001 -8"><span class='ocrx_word' id='word_1_393' title='bbox 1045 1038 1121 1057; x_wconf 86' lang='lat' dir='ltr'>actum</span> <span class='ocrx_word' id='word_1_394' title='bbox 1137 1035 1189 1062; x_wconf 87' lang='lat' dir='ltr'>plus</span> <span class='ocrx_word' id='word_1_395' title='bbox 1206 1034 1301 1062; x_wconf 78' lang='lat' dir='ltr'>diligere</span> <span class='ocrx_word' id='word_1_396' title='bbox 1312 1040 1338 1056; x_wconf 73' lang='lat' dir='ltr'>ex</span> <span class='ocrx_word' id='word_1_397' title='bbox 1351 1033 1488 1062; x_wconf 78' lang='lat' dir='ltr'>commisso,</span> <span class='ocrx_word' id='word_1_398' title='bbox 1504 1040 1548 1056; x_wconf 90' lang='lat' dir='ltr'>non</span> <span class='ocrx_word' id='word_1_399' title='bbox 1560 1041 1587 1057; x_wconf 83' lang='lat' dir='ltr'>ex</span> <span class='ocrx_word' id='word_1_400' title='bbox 1597 1036 1721 1064; x_wconf 73' lang='lat' dir='ltr'>praecepto</span> <span class='ocrx_word' id='word_1_401' title='bbox 1734 1035 1784 1063; x_wconf 80' lang='lat' dir='ltr'>(cfr.</span> <span class='ocrx_word' id='word_1_402' title='bbox 1799 1036 1892 1065; x_wconf 85' lang='lat' dir='ltr'>Bonav.,</span> 
     </span>
     <span class='ocr_line' id='line_1_44' title="bbox 1045 1073 1893 1103; baseline 0.002 -7"><span class='ocrx_word' id='word_1_403' title='bbox 1045 1074 1076 1096; x_wconf 90' lang='lat' dir='ltr'>ibi</span> <span class='ocrx_word' id='word_1_404' title='bbox 1099 1073 1128 1096; x_wconf 89' lang='lat' dir='ltr'>ad</span> <span class='ocrx_word' id='word_1_405' title='bbox 1146 1074 1185 1103; x_wconf 79' lang='grc'>2.).</span> <span class='ocrx_word' id='word_1_406' title='bbox 1206 1074 1297 1096; x_wconf 77' lang='lat' dir='ltr'>Praeter</span> <span class='ocrx_word' id='word_1_407' title='bbox 1316 1074 1377 1096; x_wconf 90' lang='lat' dir='ltr'>hunc</span> <span class='ocrx_word' id='word_1_408' title='bbox 1397 1076 1477 1096; x_wconf 86' lang='lat' dir='ltr'>tractat</span> <span class='ocrx_word' id='word_1_409' title='bbox 1495 1074 1593 1096; x_wconf 87' lang='lat' dir='ltr'>eandem</span> <span class='ocrx_word' id='word_1_410' title='bbox 1613 1075 1771 1103; x_wconf 84' lang='lat' dir='ltr'>quaestionem</span> <span class='ocrx_word' id='word_1_411' title='bbox 1792 1076 1854 1098; x_wconf 85' lang='lat' dir='ltr'>solus</span> <span class='ocrx_word' id='word_1_412' title='bbox 1871 1076 1893 1098; x_wconf 86' lang='lat' dir='ltr'>S.</span> 
     </span>
     <span class='ocr_line' id='line_1_45' title="bbox 1046 1113 1894 1142; baseline 0.004 -8"><span class='ocrx_word' id='word_1_413' title='bbox 1046 1113 1137 1140; x_wconf 60' lang='lat' dir='ltr'>Tuom„</span> <span class='ocrx_word' id='word_1_414' title='bbox 1150 1113 1191 1135; x_wconf 87' lang='lat' dir='ltr'>loe.</span> <span class='ocrx_word' id='word_1_415' title='bbox 1204 1113 1240 1134; x_wconf 90' lang='lat' dir='ltr'>cit.</span> <span class='ocrx_word' id='word_1_416' title='bbox 1253 1118 1272 1134; x_wconf 90' lang='lat' dir='ltr'>a.</span> <span class='ocrx_word' id='word_1_417' title='bbox 1290 1113 1311 1134; x_wconf 81' lang='lat'>8.</span> <span class='ocrx_word' id='word_1_418' title='bbox 1332 1113 1474 1140; x_wconf 81' lang='lat' dir='ltr'>quaestiunc.</span> <span class='ocrx_word' id='word_1_419' title='bbox 1496 1113 1516 1135; x_wconf 85' lang='lat'>3.</span> <span class='ocrx_word' id='word_1_420' title='bbox 1531 1125 1560 1129; x_wconf 87' lang='lat'>—-</span> <span class='ocrx_word' id='word_1_421' title='bbox 1573 1113 1603 1135; x_wconf 87' lang='lat' dir='ltr'>De</span> <span class='ocrx_word' id='word_1_422' title='bbox 1624 1114 1726 1142; x_wconf 80' lang='lat' dir='ltr'>quinque</span> <span class='ocrx_word' id='word_1_423' title='bbox 1747 1115 1894 1142; x_wconf 81' lang='lat' dir='ltr'>perfectionis</span> 
     </span>
     <span class='ocr_line' id='line_1_46' title="bbox 1045 1151 1894 1181; baseline 0.002 -7"><span class='ocrx_word' id='word_1_424' title='bbox 1045 1151 1170 1180; x_wconf 82' lang='lat' dir='ltr'>generibus</span> <span class='ocrx_word' id='word_1_425' title='bbox 1182 1151 1235 1174; x_wconf 87' lang='lat' dir='ltr'>vide</span> <span class='ocrx_word' id='word_1_426' title='bbox 1255 1158 1307 1179; x_wconf 82' lang='lat' dir='ltr'>pag.</span> <span class='ocrx_word' id='word_1_427' title='bbox 1324 1151 1376 1178; x_wconf 78' lang='lat'>662,</span> <span class='ocrx_word' id='word_1_428' title='bbox 1394 1154 1445 1173; x_wconf 87' lang='lat' dir='ltr'>nota</span> <span class='ocrx_word' id='word_1_429' title='bbox 1462 1151 1482 1174; x_wconf 71' lang='grc'>4.</span> <span class='ocrx_word' id='word_1_430' title='bbox 1502 1152 1591 1174; x_wconf 79' lang='lat' dir='ltr'>videsis</span> <span class='ocrx_word' id='word_1_431' title='bbox 1608 1153 1676 1175; x_wconf 82' lang='lat' dir='ltr'>ctiam</span> <span class='ocrx_word' id='word_1_432' title='bbox 1695 1153 1835 1181; x_wconf 84' lang='lat' dir='ltr'>praeclaram</span> <span class='ocrx_word' id='word_1_433' title='bbox 1855 1154 1894 1176; x_wconf 89' lang='lat' dir='ltr'>do-</span> 
     </span>
     <span class='ocr_line' id='line_1_47' title="bbox 1045 1190 1894 1220; baseline 0.004 -8"><span class='ocrx_word' id='word_1_434' title='bbox 1045 1191 1141 1213; x_wconf 85' lang='lat' dir='ltr'>ctrinam</span> <span class='ocrx_word' id='word_1_435' title='bbox 1157 1190 1185 1212; x_wconf 91' lang='lat' dir='ltr'>de</span> <span class='ocrx_word' id='word_1_436' title='bbox 1203 1196 1257 1212; x_wconf 80' lang='lat' dir='ltr'>vera</span> <span class='ocrx_word' id='word_1_437' title='bbox 1275 1191 1362 1212; x_wconf 85' lang='lat' dir='ltr'>ratione</span> <span class='ocrx_word' id='word_1_438' title='bbox 1383 1191 1539 1219; x_wconf 74' lang='lat' dir='ltr'>perfectionis,</span> <span class='ocrx_word' id='word_1_439' title='bbox 1561 1197 1631 1220; x_wconf 83' lang='lat' dir='ltr'>quam</span> <span class='ocrx_word' id='word_1_440' title='bbox 1652 1192 1674 1214; x_wconf 88' lang='lat' dir='ltr'>S.</span> <span class='ocrx_word' id='word_1_441' title='bbox 1695 1192 1781 1214; x_wconf 74' lang='lat' dir='ltr'>Bonav.</span> <span class='ocrx_word' id='word_1_442' title='bbox 1802 1192 1894 1216; x_wconf 82' lang='lat' dir='ltr'>exhibet</span> 
     </span>
     <span class='ocr_line' id='line_1_48' title="bbox 1045 1229 1704 1258; baseline 0.003 -7"><span class='ocrx_word' id='word_1_443' title='bbox 1045 1230 1068 1251; x_wconf 90' lang='lat' dir='ltr'>in</span> <span class='ocrx_word' id='word_1_444' title='bbox 1086 1229 1199 1257; x_wconf 84' lang='lat' dir='ltr'>opusculo</span> <span class='ocrx_word' id='word_1_445' title='bbox 1217 1229 1327 1257; x_wconf 77' lang='lat' dir='ltr'>Apologia</span> <span class='ocrx_word' id='word_1_446' title='bbox 1340 1235 1483 1257; x_wconf 77' lang='lat' dir='ltr'>pauperum,</span> <span class='ocrx_word' id='word_1_447' title='bbox 1501 1236 1562 1258; x_wconf 87' lang='lat' dir='ltr'>resp.</span> <span class='ocrx_word' id='word_1_448' title='bbox 1579 1230 1593 1252; x_wconf 95' lang='lat' dir='ltr'>l.</span> <span class='ocrx_word' id='word_1_449' title='bbox 1612 1237 1631 1253; x_wconf 91' lang='lat' dir='ltr'>c.</span> <span class='ocrx_word' id='word_1_450' title='bbox 1649 1232 1670 1253; x_wconf 72' lang='lat'>2.</span> <span class='ocrx_word' id='word_1_451' title='bbox 1683 1231 1704 1253; x_wconf 84' lang='lat'>3.</span> 
     </span>
    </p>
   </div>
   <div class='ocr_carea' id='block_1_6' title="bbox 911 1320 1125 1357">
    <p class='ocr_par' dir='ltr' id='par_1_9' title="bbox 911 1320 1125 1357">
     <span class='ocr_line' id='line_1_49' title="bbox 911 1320 1125 1357; baseline -0.005 -8"><span class='ocrx_word' id='word_1_452' title='bbox 911 1320 1075 1357; x_wconf 73' lang='lat' dir='ltr'>QUAESTIO</span> <span class='ocrx_word' id='word_1_453' title='bbox 1098 1320 1125 1348; x_wconf 91' lang='lat' dir='ltr'>ll.</span> 
     </span>
    </p>
   </div>
   <div class='ocr_carea' id='block_1_7' title="bbox 234 1406 1803 1445">
    <p class='ocr_par' dir='ltr' id='par_1_10' title="bbox 234 1406 1803 1445">
     <span class='ocr_line' id='line_1_50' title="bbox 234 1406 1803 1445; baseline 0.001 -10"><span class='ocrx_word' id='word_1_454' title='bbox 234 1406 339 1436; x_wconf 81' lang='lat' dir='ltr'>Utrum</span> <span class='ocrx_word' id='word_1_455' title='bbox 361 1406 458 1440; x_wconf 79' lang='lat' dir='ltr'>homo,</span> <span class='ocrx_word' id='word_1_456' title='bbox 481 1407 513 1435; x_wconf 81' lang='lat' dir='ltr'>in</span> <span class='ocrx_word' id='word_1_457' title='bbox 534 1407 803 1445; x_wconf 76' lang='lat' dir='ltr'>quantulacumque</span> <span class='ocrx_word' id='word_1_458' title='bbox 825 1407 950 1436; x_wconf 76' lang='lat' dir='ltr'>caritate</span> <span class='ocrx_word' id='word_1_459' title='bbox 971 1407 1161 1441; x_wconf 70' lang='lat' dir='ltr'>constitutus,</span> <span class='ocrx_word' id='word_1_460' title='bbox 1184 1411 1317 1436; x_wconf 72' lang='lat' dir='ltr'>teneatur</span> <span class='ocrx_word' id='word_1_461' title='bbox 1337 1411 1460 1436; x_wconf 79' lang='lat' dir='ltr'>mortem</span> <span class='ocrx_word' id='word_1_462' title='bbox 1480 1417 1535 1445; x_wconf 84' lang='lat' dir='ltr'>pro</span> <span class='ocrx_word' id='word_1_463' title='bbox 1559 1407 1674 1437; x_wconf 75' lang='lat' dir='ltr'>Christo</span> <span class='ocrx_word' id='word_1_464' title='bbox 1695 1409 1803 1438; x_wconf 75' lang='lat' dir='ltr'>subire.</span> 
     </span>
    </p>
   </div>
   <div class='ocr_carea' id='block_1_8' title="bbox 140 1505 990 2526">
    <p class='ocr_par' dir='ltr' id='par_1_11' title="bbox 140 1505 989 1636">
     <span class='ocr_line' id='line_1_51' title="bbox 220 1505 989 1542; baseline 0 -9"><span class='ocrx_word' id='word_1_465' title='bbox 220 1505 347 1534; x_wconf 85' lang='lat' dir='ltr'>Secundo</span> <span class='ocrx_word' id='word_1_466' title='bbox 368 1506 528 1542; x_wconf 82' lang='lat' dir='ltr'>quaeritur,</span> <span class='ocrx_word' id='word_1_467' title='bbox 550 1509 645 1534; x_wconf 87' lang='lat' dir='ltr'>utrum</span> <span class='ocrx_word' id='word_1_468' title='bbox 668 1505 768 1540; x_wconf 83' lang='lat' dir='ltr'>homo,</span> <span class='ocrx_word' id='word_1_469' title='bbox 793 1505 820 1533; x_wconf 93' lang='lat' dir='ltr'>in</span> <span class='ocrx_word' id='word_1_470' title='bbox 843 1505 989 1542; x_wconf 84' lang='lat' dir='ltr'>quantula-</span> 
     </span>
     <span class='ocr_line' id='line_1_52' title="bbox 141 1552 988 1589; baseline 0 -9"><span class='ocrx_word' id='word_1_471' title='bbox 141 1559 262 1589; x_wconf 84' lang='lat' dir='ltr'>cumque</span> <span class='ocrx_word' id='word_1_472' title='bbox 287 1552 402 1581; x_wconf 69' lang='lat' dir='ltr'>caritate</span> <span class='ocrx_word' id='word_1_473' title='bbox 431 1552 610 1587; x_wconf 82' lang='lat' dir='ltr'>constitutus,</span> <span class='ocrx_word' id='word_1_474' title='bbox 640 1555 768 1581; x_wconf 82' lang='lat' dir='ltr'>teneatur</span> <span class='ocrx_word' id='word_1_475' title='bbox 797 1556 914 1581; x_wconf 90' lang='lat' dir='ltr'>mortem</span> <span class='ocrx_word' id='word_1_476' title='bbox 936 1560 988 1589; x_wconf 91' lang='lat' dir='ltr'>pro</span> 
     </span>
     <span class='ocr_line' id='line_1_53' title="bbox 140 1598 746 1636; baseline 0 -9"><span class='ocrx_word' id='word_1_477' title='bbox 140 1598 250 1627; x_wconf 87' lang='lat' dir='ltr'>Christo</span> <span class='ocrx_word' id='word_1_478' title='bbox 272 1599 376 1628; x_wconf 89' lang='lat' dir='ltr'>subire.</span> <span class='ocrx_word' id='word_1_479' title='bbox 400 1599 430 1628; x_wconf 82' lang='lat' dir='ltr'>Et</span> <span class='ocrx_word' id='word_1_480' title='bbox 450 1599 525 1636; x_wconf 90' lang='lat' dir='ltr'>quod</span> <span class='ocrx_word' id='word_1_481' title='bbox 548 1599 602 1632; x_wconf 82' lang='lat' dir='ltr'>sic.</span> <span class='ocrx_word' id='word_1_482' title='bbox 625 1599 746 1628; x_wconf 78' lang='lat' dir='ltr'>videtur.</span> 
     </span>
    </p>

    <p class='ocr_par' dir='ltr' id='par_1_12' title="bbox 140 1645 990 2011">
     <span class='ocr_line' id='line_1_54' title="bbox 223 1645 990 1681; baseline -0.001 -6"><span class='ocrx_word' id='word_1_483' title='bbox 223 1647 247 1675; x_wconf 91' lang='lat'>1.</span> <span class='ocrx_word' id='word_1_484' title='bbox 270 1646 358 1675; x_wconf 79' lang='lat' dir='ltr'>Lucae</span> <span class='ocrx_word' id='word_1_485' title='bbox 373 1653 446 1674; x_wconf 90' lang='lat' dir='ltr'>nono</span> <span class='ocrx_word' id='word_1_486' title='bbox 458 1646 478 1673; x_wconf 89' lang='lat'>¹:</span> <span class='ocrx_word' id='word_1_487' title='bbox 500 1645 558 1681; x_wconf 77' lang='lat' dir='ltr'>Qui</span> <span class='ocrx_word' id='word_1_488' title='bbox 571 1654 616 1674; x_wconf 78' lang='lat' dir='ltr'>me</span> <span class='ocrx_word' id='word_1_489' title='bbox 630 1645 781 1674; x_wconf 78' lang='lat' dir='ltr'>erubuerit</span> <span class='ocrx_word' id='word_1_490' title='bbox 800 1649 826 1674; x_wconf 83' lang='lat' dir='ltr'>et</span> <span class='ocrx_word' id='word_1_491' title='bbox 840 1654 917 1674; x_wconf 74' lang='lat' dir='ltr'>meos</span> <span class='ocrx_word' id='word_1_492' title='bbox 931 1654 990 1674; x_wconf 79' lang='lat' dir='ltr'>ser-</span> 
     </span>
     <span class='ocr_line' id='line_1_55' title="bbox 140 1691 988 1728; baseline 0 -8"><span class='ocrx_word' id='word_1_493' title='bbox 140 1701 252 1725; x_wconf 77' lang='lat' dir='ltr'>mones,</span> <span class='ocrx_word' id='word_1_494' title='bbox 275 1691 352 1720; x_wconf 79' lang='lat' dir='ltr'>hunc</span> <span class='ocrx_word' id='word_1_495' title='bbox 365 1691 446 1728; x_wconf 76' lang='lat' dir='ltr'>filius</span> <span class='ocrx_word' id='word_1_496' title='bbox 468 1691 594 1720; x_wconf 66' lang='lat' dir='ltr'>hominis</span> <span class='ocrx_word' id='word_1_497' title='bbox 609 1691 768 1726; x_wconf 79' lang='lat' dir='ltr'>erubescet,</span> <span class='ocrx_word' id='word_1_498' title='bbox 790 1701 856 1720; x_wconf 83' lang='lat' dir='ltr'>cum</span> <span class='ocrx_word' id='word_1_499' title='bbox 879 1693 988 1721; x_wconf 75' lang='lat' dir='ltr'>venerit</span> 
     </span>
     <span class='ocr_line' id='line_1_56' title="bbox 141 1739 988 1773; baseline -0.001 -5"><span class='ocrx_word' id='word_1_500' title='bbox 141 1740 172 1768; x_wconf 77' lang='lat' dir='ltr'>in</span> <span class='ocrx_word' id='word_1_501' title='bbox 193 1739 345 1768; x_wconf 74' lang='lat' dir='ltr'>maiestate</span> <span class='ocrx_word' id='word_1_502' title='bbox 358 1748 432 1772; x_wconf 81' lang='lat' dir='ltr'>suu;</span> <span class='ocrx_word' id='word_1_503' title='bbox 454 1739 500 1768; x_wconf 88' lang='lat' dir='ltr'>sed</span> <span class='ocrx_word' id='word_1_504' title='bbox 517 1739 646 1767; x_wconf 88' lang='lat' dir='ltr'>Christus</span> <span class='ocrx_word' id='word_1_505' title='bbox 668 1739 805 1768; x_wconf 86' lang='lat' dir='ltr'>neminem</span> <span class='ocrx_word' id='word_1_506' title='bbox 828 1739 988 1773; x_wconf 86' lang='lat' dir='ltr'>erubescet,</span> 
     </span>
     <span class='ocr_line' id='line_1_57' title="bbox 141 1786 985 1824; baseline -0.002 -8"><span class='ocrx_word' id='word_1_507' title='bbox 141 1795 205 1816; x_wconf 86' lang='lat' dir='ltr'>cum</span> <span class='ocrx_word' id='word_1_508' title='bbox 228 1787 335 1815; x_wconf 87' lang='lat' dir='ltr'>venerit</span> <span class='ocrx_word' id='word_1_509' title='bbox 358 1787 384 1815; x_wconf 93' lang='lat' dir='ltr'>in</span> <span class='ocrx_word' id='word_1_510' title='bbox 406 1786 562 1821; x_wconf 80' lang='lat' dir='ltr'>maiestate,</span> <span class='ocrx_word' id='word_1_511' title='bbox 584 1787 635 1815; x_wconf 90' lang='lat' dir='ltr'>nisi</span> <span class='ocrx_word' id='word_1_512' title='bbox 659 1794 710 1824; x_wconf 89' lang='lat' dir='ltr'>pro</span> <span class='ocrx_word' id='word_1_513' title='bbox 727 1786 835 1815; x_wconf 84' lang='lat' dir='ltr'>mortali</span> <span class='ocrx_word' id='word_1_514' title='bbox 859 1790 985 1824; x_wconf 81' lang='lat' dir='ltr'>peccato:</span> 
     </span>
     <span class='ocr_line' id='line_1_58' title="bbox 141 1833 987 1871; baseline 0.001 -9"><span class='ocrx_word' id='word_1_515' title='bbox 141 1833 163 1862; x_wconf 86' lang='lat' dir='ltr'>si</span> <span class='ocrx_word' id='word_1_516' title='bbox 186 1833 271 1871; x_wconf 84' lang='lat' dir='ltr'>igitur</span> <span class='ocrx_word' id='word_1_517' title='bbox 292 1833 428 1862; x_wconf 81' lang='lat' dir='ltr'>sententia</span> <span class='ocrx_word' id='word_1_518' title='bbox 450 1833 502 1862; x_wconf 78' lang='lat' dir='ltr'>ista</span> <span class='ocrx_word' id='word_1_519' title='bbox 523 1833 661 1870; x_wconf 79' lang='lat' dir='ltr'>generalis</span> <span class='ocrx_word' id='word_1_520' title='bbox 682 1837 739 1867; x_wconf 83' lang='lat' dir='ltr'>est,</span> <span class='ocrx_word' id='word_1_521' title='bbox 763 1833 886 1868; x_wconf 84' lang='lat' dir='ltr'>videtur,</span> <span class='ocrx_word' id='word_1_522' title='bbox 911 1834 987 1871; x_wconf 87' lang='lat' dir='ltr'>qnod</span> 
     </span>
     <span class='ocr_line' id='line_1_59' title="bbox 141 1880 988 1918; baseline 0 -9"><span class='ocrx_word' id='word_1_523' title='bbox 141 1888 238 1910; x_wconf 87' lang='lat' dir='ltr'>omnes</span> <span class='ocrx_word' id='word_1_524' title='bbox 267 1880 420 1909; x_wconf 84' lang='lat' dir='ltr'>mortaliter</span> <span class='ocrx_word' id='word_1_525' title='bbox 449 1884 578 1918; x_wconf 72' lang='lat' dir='ltr'>peccent,</span> <span class='ocrx_word' id='word_1_526' title='bbox 605 1880 652 1918; x_wconf 88' lang='lat' dir='ltr'>qui</span> <span class='ocrx_word' id='word_1_527' title='bbox 682 1880 709 1909; x_wconf 91' lang='lat' dir='ltr'>in</span> <span class='ocrx_word' id='word_1_528' title='bbox 738 1880 864 1918; x_wconf 84' lang='lat' dir='ltr'>periculo</span> <span class='ocrx_word' id='word_1_529' title='bbox 889 1880 988 1909; x_wconf 87' lang='lat' dir='ltr'>mortis</span> 
     </span>
     <span class='ocr_line' id='line_1_60' title="bbox 141 1927 988 1965; baseline 0 -9"><span class='ocrx_word' id='word_1_530' title='bbox 141 1928 312 1957; x_wconf 86' lang='lat' dir='ltr'>erubescunt</span> <span class='ocrx_word' id='word_1_531' title='bbox 340 1928 432 1965; x_wconf 88' lang='lat' dir='ltr'>ipsum</span> <span class='ocrx_word' id='word_1_532' title='bbox 462 1927 610 1956; x_wconf 88' lang='lat' dir='ltr'>Dominum</span> <span class='ocrx_word' id='word_1_533' title='bbox 633 1927 773 1957; x_wconf 87' lang='lat' dir='ltr'>confiteri:</span> <span class='ocrx_word' id='word_1_534' title='bbox 803 1935 870 1965; x_wconf 79' lang='lat' dir='ltr'>ergo</span> <span class='ocrx_word' id='word_1_535' title='bbox 891 1935 988 1956; x_wconf 85' lang='lat' dir='ltr'>omnes</span> 
     </span>
     <span class='ocr_line' id='line_1_61' title="bbox 142 1973 741 2011; baseline -0.002 -8"><span class='ocrx_word' id='word_1_536' title='bbox 142 1977 271 2003; x_wconf 87' lang='lat' dir='ltr'>tenentur</span> <span class='ocrx_word' id='word_1_537' title='bbox 293 1977 411 2002; x_wconf 85' lang='lat' dir='ltr'>mortem</span> <span class='ocrx_word' id='word_1_538' title='bbox 434 1982 485 2011; x_wconf 88' lang='lat' dir='ltr'>pro</span> <span class='ocrx_word' id='word_1_539' title='bbox 506 1973 615 2003; x_wconf 85' lang='lat' dir='ltr'>Christo</span> <span class='ocrx_word' id='word_1_540' title='bbox 636 1974 741 2003; x_wconf 88' lang='lat' dir='ltr'>subire.</span> 
     </span>
    </p>

    <p class='ocr_par' dir='ltr' id='par_1_13' title="bbox 140 2020 989 2339">
     <span class='ocr_line' id='line_1_62' title="bbox 221 2020 988 2058; baseline 0 -9"><span class='ocrx_word' id='word_1_541' title='bbox 221 2022 246 2049; x_wconf 75' lang='lat'>2.</span> <span class='ocrx_word' id='word_1_542' title='bbox 269 2020 352 2055; x_wconf 83' lang='lat' dir='ltr'>item,</span> <span class='ocrx_word' id='word_1_543' title='bbox 375 2020 481 2058; x_wconf 82' lang='lat' dir='ltr'>primae</span> <span class='ocrx_word' id='word_1_544' title='bbox 503 2020 611 2049; x_wconf 86' lang='lat' dir='ltr'>loannis</span> <span class='ocrx_word' id='word_1_545' title='bbox 633 2020 748 2049; x_wconf 78' lang='lat' dir='ltr'>tertio²z</span> <span class='ocrx_word' id='word_1_546' title='bbox 773 2020 920 2056; x_wconf 78' lang='lat' dir='ltr'>Quoniam</span> <span class='ocrx_word' id='word_1_547' title='bbox 942 2020 988 2049; x_wconf 77' lang='lat' dir='ltr'>ille</span> 
     </span>
     <span class='ocr_line' id='line_1_63' title="bbox 141 2067 988 2104; baseline 0 -8"><span class='ocrx_word' id='word_1_548' title='bbox 141 2067 277 2096; x_wconf 81' lang='lat' dir='ltr'>animam</span> <span class='ocrx_word' id='word_1_549' title='bbox 297 2076 385 2096; x_wconf 79' lang='lat' dir='ltr'>suam</span> <span class='ocrx_word' id='word_1_550' title='bbox 407 2076 464 2104; x_wconf 76' lang='lat' dir='ltr'>pro</span> <span class='ocrx_word' id='word_1_551' title='bbox 490 2067 573 2096; x_wconf 75' lang='lat' dir='ltr'>nobis</span> <span class='ocrx_word' id='word_1_552' title='bbox 593 2068 707 2104; x_wconf 73' lang='lat' dir='ltr'>posuit,</span> <span class='ocrx_word' id='word_1_553' title='bbox 733 2071 759 2096; x_wconf 78' lang='lat' dir='ltr'>et</span> <span class='ocrx_word' id='word_1_554' title='bbox 781 2076 832 2096; x_wconf 78' lang='lat' dir='ltr'>nos</span> <span class='ocrx_word' id='word_1_555' title='bbox 853 2067 988 2096; x_wconf 75' lang='lat' dir='ltr'>debemus</span> 
     </span>
     <span class='ocr_line' id='line_1_64' title="bbox 140 2113 988 2152; baseline -0.001 -9"><span class='ocrx_word' id='word_1_556' title='bbox 140 2122 195 2151; x_wconf 86' lang='lat' dir='ltr'>pro</span> <span class='ocrx_word' id='word_1_557' title='bbox 216 2113 367 2152; x_wconf 78' lang='lat' dir='ltr'>fratribus</span> <span class='ocrx_word' id='word_1_558' title='bbox 387 2114 507 2143; x_wconf 75' lang='lat' dir='ltr'>animas</span> <span class='ocrx_word' id='word_1_559' title='bbox 518 2122 640 2151; x_wconf 81' lang='lat' dir='ltr'>ponere:</span> <span class='ocrx_word' id='word_1_560' title='bbox 661 2113 683 2143; x_wconf 90' lang='lat' dir='ltr'>si</span> <span class='ocrx_word' id='word_1_561' title='bbox 705 2122 772 2151; x_wconf 83' lang='lat' dir='ltr'>ergo</span> <span class='ocrx_word' id='word_1_562' title='bbox 787 2114 915 2143; x_wconf 87' lang='lat' dir='ltr'>Christus</span> <span class='ocrx_word' id='word_1_563' title='bbox 937 2122 988 2151; x_wconf 92' lang='lat' dir='ltr'>pro</span> 
     </span>
     <span class='ocr_line' id='line_1_65' title="bbox 141 2160 989 2198; baseline 0 -9"><span class='ocrx_word' id='word_1_564' title='bbox 141 2160 272 2190; x_wconf 85' lang='lat' dir='ltr'>omnibns</span> <span class='ocrx_word' id='word_1_565' title='bbox 293 2161 414 2189; x_wconf 87' lang='lat' dir='ltr'>animam</span> <span class='ocrx_word' id='word_1_566' title='bbox 440 2161 548 2198; x_wconf 82' lang='lat' dir='ltr'>posuit,</span> <span class='ocrx_word' id='word_1_567' title='bbox 571 2160 701 2195; x_wconf 86' lang='lat' dir='ltr'>videtur,</span> <span class='ocrx_word' id='word_1_568' title='bbox 730 2161 805 2198; x_wconf 88' lang='lat' dir='ltr'>quod</span> <span class='ocrx_word' id='word_1_569' title='bbox 827 2168 924 2189; x_wconf 84' lang='lat' dir='ltr'>omnes</span> <span class='ocrx_word' id='word_1_570' title='bbox 953 2163 989 2189; x_wconf 90' lang='lat' dir='ltr'>te-</span> 
     </span>
     <span class='ocr_line' id='line_1_66' title="bbox 141 2207 988 2245; baseline 0 -9"><span class='ocrx_word' id='word_1_571' title='bbox 141 2211 245 2237; x_wconf 89' lang='lat' dir='ltr'>nentur</span> <span class='ocrx_word' id='word_1_572' title='bbox 276 2210 303 2237; x_wconf 87' lang='lat' dir='ltr'>et</span> <span class='ocrx_word' id='word_1_573' title='bbox 334 2208 436 2237; x_wconf 87' lang='lat' dir='ltr'>debent</span> <span class='ocrx_word' id='word_1_574' title='bbox 465 2211 584 2237; x_wconf 85' lang='lat' dir='ltr'>mortem</span> <span class='ocrx_word' id='word_1_575' title='bbox 617 2216 668 2245; x_wconf 89' lang='lat' dir='ltr'>pro</span> <span class='ocrx_word' id='word_1_576' title='bbox 702 2207 763 2245; x_wconf 89' lang='lat' dir='ltr'>ipso</span> <span class='ocrx_word' id='word_1_577' title='bbox 793 2211 821 2237; x_wconf 90' lang='lat' dir='ltr'>et</span> <span class='ocrx_word' id='word_1_578' title='bbox 852 2208 988 2237; x_wconf 89' lang='lat' dir='ltr'>membris</span> 
     </span>
     <span class='ocr_line' id='line_1_67' title="bbox 141 2254 989 2292; baseline 0 -9"><span class='ocrx_word' id='word_1_579' title='bbox 141 2254 203 2284; x_wconf 85' lang='lat' dir='ltr'>eius</span> <span class='ocrx_word' id='word_1_580' title='bbox 223 2255 337 2289; x_wconf 68' lang='lat' dir='ltr'>subire,</span> <span class='ocrx_word' id='word_1_581' title='bbox 360 2263 422 2284; x_wconf 86' lang='lat' dir='ltr'>cum</span> <span class='ocrx_word' id='word_1_582' title='bbox 445 2262 475 2284; x_wconf 89' lang='lat' dir='ltr'>se</span> <span class='ocrx_word' id='word_1_583' title='bbox 502 2254 637 2284; x_wconf 88' lang='lat' dir='ltr'>obtulerit</span> <span class='ocrx_word' id='word_1_584' title='bbox 657 2255 852 2292; x_wconf 85' lang='lat' dir='ltr'>opportunitas</span> <span class='ocrx_word' id='word_1_585' title='bbox 881 2255 932 2284; x_wconf 86' lang='lat' dir='ltr'>loci</span> <span class='ocrx_word' id='word_1_586' title='bbox 961 2258 989 2283; x_wconf 87' lang='lat' dir='ltr'>et</span> 
     </span>
     <span class='ocr_line' id='line_1_68' title="bbox 143 2301 286 2339; baseline -0.014 -8"><span class='ocrx_word' id='word_1_587' title='bbox 143 2301 286 2339; x_wconf 84' lang='lat' dir='ltr'>temporis.</span> 
     </span>
    </p>

    <p class='ocr_par' dir='ltr' id='par_1_14' title="bbox 143 2347 990 2526">
     <span class='ocr_line' id='line_1_69' title="bbox 222 2347 986 2385; baseline 0.001 -9"><span class='ocrx_word' id='word_1_588' title='bbox 222 2347 248 2376; x_wconf 81' lang='lat'>3.</span> <span class='ocrx_word' id='word_1_589' title='bbox 275 2348 357 2383; x_wconf 86' lang='lat' dir='ltr'>item,</span> <span class='ocrx_word' id='word_1_590' title='bbox 384 2348 502 2385; x_wconf 87' lang='lat' dir='ltr'>quilibet</span> <span class='ocrx_word' id='word_1_591' title='bbox 529 2351 640 2377; x_wconf 85' lang='lat' dir='ltr'>tenetur</span> <span class='ocrx_word' id='word_1_592' title='bbox 668 2348 733 2385; x_wconf 88' lang='lat' dir='ltr'>plus</span> <span class='ocrx_word' id='word_1_593' title='bbox 760 2348 877 2385; x_wconf 79' lang='lat' dir='ltr'>diligere</span> <span class='ocrx_word' id='word_1_594' title='bbox 900 2348 986 2377; x_wconf 90' lang='lat' dir='ltr'>Deum</span> 
     </span>
     <span class='ocr_line' id='line_1_70' title="bbox 143 2395 990 2433; baseline 0 -10"><span class='ocrx_word' id='word_1_595' title='bbox 143 2402 227 2432; x_wconf 88' lang='lat' dir='ltr'>quam</span> <span class='ocrx_word' id='word_1_596' title='bbox 249 2402 331 2423; x_wconf 90' lang='lat' dir='ltr'>omne</span> <span class='ocrx_word' id='word_1_597' title='bbox 352 2398 496 2429; x_wconf 79' lang='lat' dir='ltr'>creatum,</span> <span class='ocrx_word' id='word_1_598' title='bbox 518 2398 779 2433; x_wconf 83' lang='lat' dir='ltr'>quantumcumque</span> <span class='ocrx_word' id='word_1_599' title='bbox 806 2395 842 2424; x_wconf 86' lang='lat' dir='ltr'>sit</span> <span class='ocrx_word' id='word_1_600' title='bbox 862 2395 990 2432; x_wconf 81' lang='lat' dir='ltr'>imperfe-</span> 
     </span>
     <span class='ocr_line' id='line_1_71' title="bbox 143 2441 989 2479; baseline 0 -9"><span class='ocrx_word' id='word_1_601' title='bbox 143 2446 220 2471; x_wconf 84' lang='lat' dir='ltr'>ctus:</span> <span class='ocrx_word' id='word_1_602' title='bbox 241 2450 308 2479; x_wconf 79' lang='lat' dir='ltr'>ergo</span> <span class='ocrx_word' id='word_1_603' title='bbox 323 2441 440 2479; x_wconf 85' lang='lat' dir='ltr'>quilibet</span> <span class='ocrx_word' id='word_1_604' title='bbox 461 2445 571 2471; x_wconf 89' lang='lat' dir='ltr'>tenetur</span> <span class='ocrx_word' id='word_1_605' title='bbox 585 2451 637 2479; x_wconf 89' lang='lat' dir='ltr'>pro</span> <span class='ocrx_word' id='word_1_606' title='bbox 658 2443 763 2471; x_wconf 85' lang='lat' dir='ltr'>honore</span> <span class='ocrx_word' id='word_1_607' title='bbox 784 2442 832 2471; x_wconf 90' lang='lat' dir='ltr'>Dei</span> <span class='ocrx_word' id='word_1_608' title='bbox 853 2445 880 2471; x_wconf 87' lang='lat' dir='ltr'>et</span> <span class='ocrx_word' id='word_1_609' title='bbox 901 2442 989 2479; x_wconf 84' lang='lat' dir='ltr'>gloria</span> 
     </span>
     <span class='ocr_line' id='line_1_72' title="bbox 143 2487 989 2526; baseline 0 -9"><span class='ocrx_word' id='word_1_610' title='bbox 143 2487 369 2526; x_wconf 80' lang='lat' dir='ltr'>parvipendere³</span> <span class='ocrx_word' id='word_1_611' title='bbox 392 2495 421 2517; x_wconf 86' lang='lat' dir='ltr'>se</span> <span class='ocrx_word' id='word_1_612' title='bbox 446 2491 474 2517; x_wconf 89' lang='lat' dir='ltr'>et</span> <span class='ocrx_word' id='word_1_613' title='bbox 501 2496 566 2517; x_wconf 85' lang='lat' dir='ltr'>sua:</span> <span class='ocrx_word' id='word_1_614' title='bbox 596 2496 659 2517; x_wconf 87' lang='lat' dir='ltr'>cum</span> <span class='ocrx_word' id='word_1_615' title='bbox 690 2488 775 2525; x_wconf 81' lang='lat' dir='ltr'>igitur</span> <span class='ocrx_word' id='word_1_616' title='bbox 795 2488 989 2525; x_wconf 85' lang='lat' dir='ltr'>opportunitas</span> 
     </span>
    </p>
   </div>
   <div class='ocr_carea' id='block_1_9' title="bbox 1045 1505 2033 2526">
    <p class='ocr_par' dir='ltr' id='par_1_15' title="bbox 1045 1505 1893 1589">
     <span class='ocr_line' id='line_1_73' title="bbox 1045 1505 1893 1544; baseline 0.005 -11"><span class='ocrx_word' id='word_1_617' title='bbox 1045 1505 1179 1542; x_wconf 88' lang='lat' dir='ltr'>temporis</span> <span class='ocrx_word' id='word_1_618' title='bbox 1200 1513 1229 1534; x_wconf 86' lang='lat' dir='ltr'>se</span> <span class='ocrx_word' id='word_1_619' title='bbox 1258 1505 1353 1540; x_wconf 82' lang='lat' dir='ltr'>offert,</span> <span class='ocrx_word' id='word_1_620' title='bbox 1376 1505 1496 1540; x_wconf 81' lang='lat' dir='ltr'>videtur,</span> <span class='ocrx_word' id='word_1_621' title='bbox 1525 1507 1599 1544; x_wconf 64' lang='lat' dir='ltr'>quoll</span> <span class='ocrx_word' id='word_1_622' title='bbox 1622 1507 1739 1544; x_wconf 87' lang='lat' dir='ltr'>quilibet</span> <span class='ocrx_word' id='word_1_623' title='bbox 1766 1511 1893 1537; x_wconf 85' lang='lat' dir='ltr'>teneatur</span> 
     </span>
     <span class='ocr_line' id='line_1_74' title="bbox 1045 1553 1493 1589; baseline 0.004 -9"><span class='ocrx_word' id='word_1_624' title='bbox 1045 1555 1163 1581; x_wconf 84' lang='lat' dir='ltr'>mortem</span> <span class='ocrx_word' id='word_1_625' title='bbox 1187 1560 1237 1589; x_wconf 89' lang='lat' dir='ltr'>pro</span> <span class='ocrx_word' id='word_1_626' title='bbox 1259 1553 1368 1581; x_wconf 84' lang='lat' dir='ltr'>Christo</span> <span class='ocrx_word' id='word_1_627' title='bbox 1390 1553 1493 1582; x_wconf 87' lang='lat' dir='ltr'>subire.</span> 
     </span>
    </p>

    <p class='ocr_par' dir='ltr' id='par_1_16' title="bbox 1045 1599 1893 2104">
     <span class='ocr_line' id='line_1_75' title="bbox 1124 1599 1893 1638; baseline 0.004 -11"><span class='ocrx_word' id='word_1_628' title='bbox 1124 1599 1151 1627; x_wconf 81' lang='grc' dir='ltr'>[ι.</span> <span class='ocrx_word' id='word_1_629' title='bbox 1173 1599 1255 1633; x_wconf 81' lang='lat' dir='ltr'>ltem,</span> <span class='ocrx_word' id='word_1_630' title='bbox 1284 1599 1540 1637; x_wconf 79' lang='lat' dir='ltr'>incomparabiliter</span> <span class='ocrx_word' id='word_1_631' title='bbox 1566 1601 1629 1638; x_wconf 87' lang='lat' dir='ltr'>plus</span> <span class='ocrx_word' id='word_1_632' title='bbox 1658 1601 1799 1638; x_wconf 81' lang='lat' dir='ltr'>diligenda</span> <span class='ocrx_word' id='word_1_633' title='bbox 1828 1606 1893 1630; x_wconf 84' lang='lat' dir='ltr'>sunt</span> 
     </span>
     <span class='ocr_line' id='line_1_76' title="bbox 1046 1645 1893 1685; baseline 0.004 -11"><span class='ocrx_word' id='word_1_634' title='bbox 1046 1645 1116 1674; x_wconf 84' lang='lat' dir='ltr'>bona</span> <span class='ocrx_word' id='word_1_635' title='bbox 1138 1648 1251 1674; x_wconf 82' lang='lat' dir='ltr'>aeterna</span> <span class='ocrx_word' id='word_1_636' title='bbox 1273 1654 1356 1683; x_wconf 85' lang='lat' dir='ltr'>qnam</span> <span class='ocrx_word' id='word_1_637' title='bbox 1381 1647 1559 1684; x_wconf 74' lang='lat' dir='ltr'>temporalia,</span> <span class='ocrx_word' id='word_1_638' title='bbox 1581 1647 1653 1676; x_wconf 87' lang='lat' dir='ltr'>sicut</span> <span class='ocrx_word' id='word_1_639' title='bbox 1672 1648 1893 1685; x_wconf 79' lang='lat' dir='ltr'>incomparabili-</span> 
     </span>
     <span class='ocr_line' id='line_1_77' title="bbox 1045 1692 1890 1731; baseline 0.005 -11"><span class='ocrx_word' id='word_1_640' title='bbox 1045 1695 1087 1720; x_wconf 87' lang='lat' dir='ltr'>ter</span> <span class='ocrx_word' id='word_1_641' title='bbox 1108 1695 1174 1721; x_wconf 89' lang='lat' dir='ltr'>sunt</span> <span class='ocrx_word' id='word_1_642' title='bbox 1190 1692 1321 1727; x_wconf 79' lang='lat' dir='ltr'>meliora3</span> <span class='ocrx_word' id='word_1_643' title='bbox 1343 1693 1390 1721; x_wconf 87' lang='lat' dir='ltr'>sed</span> <span class='ocrx_word' id='word_1_644' title='bbox 1407 1694 1602 1731; x_wconf 84' lang='lat' dir='ltr'>unusquisque</span> <span class='ocrx_word' id='word_1_645' title='bbox 1618 1694 1737 1723; x_wconf 87' lang='lat' dir='ltr'>libenter</span> <span class='ocrx_word' id='word_1_646' title='bbox 1759 1695 1806 1723; x_wconf 77' lang='lat' dir='ltr'>(lat</span> <span class='ocrx_word' id='word_1_647' title='bbox 1822 1695 1890 1724; x_wconf 82' lang='lat' dir='ltr'>illud</span> 
     </span>
     <span class='ocr_line' id='line_1_78' title="bbox 1045 1738 1892 1778; baseline 0.005 -12"><span class='ocrx_word' id='word_1_648' title='bbox 1045 1739 1119 1775; x_wconf 86' lang='lat' dir='ltr'>quod</span> <span class='ocrx_word' id='word_1_649' title='bbox 1146 1738 1240 1767; x_wconf 87' lang='lat' dir='ltr'>minus</span> <span class='ocrx_word' id='word_1_650' title='bbox 1262 1739 1351 1775; x_wconf 85' lang='lat' dir='ltr'>diligit</span> <span class='ocrx_word' id='word_1_651' title='bbox 1380 1748 1430 1777; x_wconf 90' lang='lat' dir='ltr'>pro</span> <span class='ocrx_word' id='word_1_652' title='bbox 1451 1748 1484 1768; x_wconf 89' lang='lat' dir='ltr'>eo</span> <span class='ocrx_word' id='word_1_653' title='bbox 1511 1741 1586 1777; x_wconf 87' lang='lat' dir='ltr'>qnod</span> <span class='ocrx_word' id='word_1_654' title='bbox 1616 1741 1704 1778; x_wconf 82' lang='lat' dir='ltr'>magis</span> <span class='ocrx_word' id='word_1_655' title='bbox 1732 1741 1840 1778; x_wconf 84' lang='lat' dir='ltr'>diligit:</span> <span class='ocrx_word' id='word_1_656' title='bbox 1870 1742 1892 1771; x_wconf 88' lang='lat' dir='ltr'>si</span> 
     </span>
     <span class='ocr_line' id='line_1_79' title="bbox 1045 1786 1893 1824; baseline 0.006 -12"><span class='ocrx_word' id='word_1_657' title='bbox 1045 1793 1112 1822; x_wconf 86' lang='lat' dir='ltr'>ergo</span> <span class='ocrx_word' id='word_1_658' title='bbox 1133 1793 1230 1814; x_wconf 82' lang='lat' dir='ltr'>omnes</span> <span class='ocrx_word' id='word_1_659' title='bbox 1252 1789 1382 1814; x_wconf 85' lang='lat' dir='ltr'>tenentur</span> <span class='ocrx_word' id='word_1_660' title='bbox 1403 1786 1437 1814; x_wconf 84' lang='lat' dir='ltr'>ad</span> <span class='ocrx_word' id='word_1_661' title='bbox 1461 1786 1633 1823; x_wconf 84' lang='lat' dir='ltr'>diligendum</span> <span class='ocrx_word' id='word_1_662' title='bbox 1658 1787 1722 1824; x_wconf 83' lang='lat' dir='ltr'>plus</span> <span class='ocrx_word' id='word_1_663' title='bbox 1743 1789 1828 1816; x_wconf 83' lang='lat' dir='ltr'>vitam</span> <span class='ocrx_word' id='word_1_664' title='bbox 1850 1797 1893 1817; x_wconf 85' lang='lat' dir='ltr'>ae-</span> 
     </span>
     <span class='ocr_line' id='line_1_80' title="bbox 1046 1833 1892 1872; baseline 0.006 -12"><span class='ocrx_word' id='word_1_665' title='bbox 1046 1835 1154 1861; x_wconf 84' lang='lat' dir='ltr'>ternam</span> <span class='ocrx_word' id='word_1_666' title='bbox 1176 1840 1260 1869; x_wconf 76' lang='lat' dir='ltr'>quam</span> <span class='ocrx_word' id='word_1_667' title='bbox 1284 1833 1483 1870; x_wconf 80' lang='lat' dir='ltr'>temporalem,</span> <span class='ocrx_word' id='word_1_668' title='bbox 1506 1834 1627 1868; x_wconf 83' lang='lat' dir='ltr'>videtur,</span> <span class='ocrx_word' id='word_1_669' title='bbox 1648 1835 1723 1872; x_wconf 86' lang='lat' dir='ltr'>qnod</span> <span class='ocrx_word' id='word_1_670' title='bbox 1738 1843 1835 1864; x_wconf 84' lang='lat' dir='ltr'>omnes</span> <span class='ocrx_word' id='word_1_671' title='bbox 1857 1839 1892 1865; x_wconf 88' lang='lat' dir='ltr'>te-</span> 
     </span>
     <span class='ocr_line' id='line_1_81' title="bbox 1045 1879 1892 1918; baseline 0.005 -11"><span class='ocrx_word' id='word_1_672' title='bbox 1045 1882 1165 1908; x_wconf 83' lang='lat' dir='ltr'>neantur</span> <span class='ocrx_word' id='word_1_673' title='bbox 1181 1879 1252 1907; x_wconf 89' lang='lat' dir='ltr'>velle</span> <span class='ocrx_word' id='word_1_674' title='bbox 1269 1879 1387 1908; x_wconf 84' lang='lat' dir='ltr'>libenter</span> <span class='ocrx_word' id='word_1_675' title='bbox 1403 1880 1484 1908; x_wconf 90' lang='lat' dir='ltr'>morti</span> <span class='ocrx_word' id='word_1_676' title='bbox 1500 1888 1643 1918; x_wconf 87' lang='lat' dir='ltr'>exponere</span> <span class='ocrx_word' id='word_1_677' title='bbox 1665 1886 1839 1918; x_wconf 79' lang='lat' dir='ltr'>praesentem</span> <span class='ocrx_word' id='word_1_678' title='bbox 1856 1883 1892 1911; x_wconf 85' lang='lat' dir='ltr'>vi-</span> 
     </span>
     <span class='ocr_line' id='line_1_82' title="bbox 1046 1925 1893 1965; baseline 0.005 -11"><span class='ocrx_word' id='word_1_679' title='bbox 1046 1929 1118 1960; x_wconf 82' lang='lat' dir='ltr'>tam,</span> <span class='ocrx_word' id='word_1_680' title='bbox 1140 1929 1171 1954; x_wconf 89' lang='lat' dir='ltr'>ut</span> <span class='ocrx_word' id='word_1_681' title='bbox 1188 1925 1333 1955; x_wconf 88' lang='lat' dir='ltr'>lucrentur</span> <span class='ocrx_word' id='word_1_682' title='bbox 1347 1930 1499 1955; x_wconf 84' lang='lat' dir='ltr'>aeternam.</span> <span class='ocrx_word' id='word_1_683' title='bbox 1515 1927 1567 1956; x_wconf 81' lang='lat' dir='ltr'>Sed</span> <span class='ocrx_word' id='word_1_684' title='bbox 1586 1928 1661 1965; x_wconf 90' lang='lat' dir='ltr'>quod</span> <span class='ocrx_word' id='word_1_685' title='bbox 1677 1928 1761 1957; x_wconf 87' lang='lat' dir='ltr'>homo</span> <span class='ocrx_word' id='word_1_686' title='bbox 1783 1932 1893 1958; x_wconf 87' lang='lat' dir='ltr'>tenetur</span> 
     </span>
     <span class='ocr_line' id='line_1_83' title="bbox 1045 1972 1893 2013; baseline 0.005 -13"><span class='ocrx_word' id='word_1_687' title='bbox 1045 1972 1135 2007; x_wconf 83' lang='lat' dir='ltr'>velle,</span> <span class='ocrx_word' id='word_1_688' title='bbox 1163 1981 1215 2010; x_wconf 89' lang='lat' dir='ltr'>pro</span> <span class='ocrx_word' id='word_1_689' title='bbox 1247 1973 1307 2003; x_wconf 84' lang='lat' dir='ltr'>loco</span> <span class='ocrx_word' id='word_1_690' title='bbox 1338 1978 1365 2002; x_wconf 83' lang='lat' dir='ltr'>et</span> <span class='ocrx_word' id='word_1_691' title='bbox 1387 1978 1511 2011; x_wconf 84' lang='lat' dir='ltr'>tempore</span> <span class='ocrx_word' id='word_1_692' title='bbox 1544 1978 1654 2003; x_wconf 87' lang='lat' dir='ltr'>tenetur</span> <span class='ocrx_word' id='word_1_693' title='bbox 1686 1975 1794 2004; x_wconf 83' lang='lat' dir='ltr'>facere:</span> <span class='ocrx_word' id='word_1_694' title='bbox 1827 1984 1893 2013; x_wconf 83' lang='lat' dir='ltr'>ergo</span> 
     </span>
     <span class='ocr_line' id='line_1_84' title="bbox 1045 2020 1893 2059; baseline 0.004 -11"><span class='ocrx_word' id='word_1_695' title='bbox 1045 2020 1252 2057; x_wconf 84' lang='lat' dir='ltr'>opportunitate</span> <span class='ocrx_word' id='word_1_696' title='bbox 1274 2029 1303 2050; x_wconf 85' lang='lat' dir='ltr'>se</span> <span class='ocrx_word' id='word_1_697' title='bbox 1324 2021 1470 2054; x_wconf 77' lang='lat' dir='ltr'>offerente,</span> <span class='ocrx_word' id='word_1_698' title='bbox 1494 2021 1613 2057; x_wconf 78' lang='lat' dir='ltr'>videtur,</span> <span class='ocrx_word' id='word_1_699' title='bbox 1635 2022 1710 2059; x_wconf 83' lang='lat' dir='ltr'>quod</span> <span class='ocrx_word' id='word_1_700' title='bbox 1733 2030 1830 2052; x_wconf 83' lang='lat' dir='ltr'>omnes</span> <span class='ocrx_word' id='word_1_701' title='bbox 1858 2026 1893 2052; x_wconf 91' lang='lat' dir='ltr'>te-</span> 
     </span>
     <span class='ocr_line' id='line_1_85' title="bbox 1046 2067 1619 2104; baseline 0.002 -9"><span class='ocrx_word' id='word_1_702' title='bbox 1046 2070 1147 2095; x_wconf 86' lang='lat' dir='ltr'>nentur</span> <span class='ocrx_word' id='word_1_703' title='bbox 1169 2070 1287 2096; x_wconf 89' lang='lat' dir='ltr'>mortem</span> <span class='ocrx_word' id='word_1_704' title='bbox 1311 2075 1361 2104; x_wconf 89' lang='lat' dir='ltr'>pro</span> <span class='ocrx_word' id='word_1_705' title='bbox 1383 2067 1493 2096; x_wconf 83' lang='lat' dir='ltr'>Christo</span> <span class='ocrx_word' id='word_1_706' title='bbox 1514 2068 1619 2097; x_wconf 89' lang='lat' dir='ltr'>subire.</span> 
     </span>
    </p>

    <p class='ocr_par' dir='ltr' id='par_1_17' title="bbox 1045 2115 2033 2387">
     <span class='ocr_line' id='line_1_86' title="bbox 1124 2115 2033 2153; baseline 0.003 -11"><span class='ocrx_word' id='word_1_707' title='bbox 1124 2115 1177 2142; x_wconf 68' lang='lat' dir='ltr'>San</span> <span class='ocrx_word' id='word_1_708' title='bbox 1198 2122 1319 2143; x_wconf 56' lang='lat' dir='ltr'>comni:</span> <span class='ocrx_word' id='word_1_709' title='bbox 1346 2116 1368 2143; x_wconf 90' lang='lat' dir='ltr'>l.</span> <span class='ocrx_word' id='word_1_710' title='bbox 1391 2115 1499 2143; x_wconf 84' lang='lat' dir='ltr'>loannis</span> <span class='ocrx_word' id='word_1_711' title='bbox 1520 2115 1629 2144; x_wconf 82' lang='lat' dir='ltr'>decimo</span> <span class='ocrx_word' id='word_1_712' title='bbox 1650 2116 1782 2153; x_wconf 83' lang='lat' dir='ltr'>quint0⁴:</span> <span class='ocrx_word' id='word_1_713' title='bbox 1806 2117 2033 2145; x_wconf 70' lang='lat' dir='ltr'>Maio-Fundamenta.</span> 
     </span>
     <span class='ocr_line' id='line_1_87' title="bbox 1045 2161 1893 2201; baseline 0.004 -12"><span class='ocrx_word' id='word_1_714' title='bbox 1045 2169 1106 2189; x_wconf 78' lang='lat' dir='ltr'>rem</span> <span class='ocrx_word' id='word_1_715' title='bbox 1129 2161 1285 2190; x_wconf 77' lang='lat' dir='ltr'>caritatem</span> <span class='ocrx_word' id='word_1_716' title='bbox 1305 2170 1387 2190; x_wconf 72' lang='lat' dir='ltr'>uerno</span> <span class='ocrx_word' id='word_1_717' title='bbox 1410 2161 1506 2196; x_wconf 73' lang='lat' dir='ltr'>habet,</span> <span class='ocrx_word' id='word_1_718' title='bbox 1529 2166 1562 2191; x_wconf 81' lang='lat' dir='ltr'>ut</span> <span class='ocrx_word' id='word_1_719' title='bbox 1582 2163 1717 2192; x_wconf 73' lang='lat' dir='ltr'>animam</span> <span class='ocrx_word' id='word_1_720' title='bbox 1738 2172 1826 2192; x_wconf 75' lang='lat' dir='ltr'>suam</span> <span class='ocrx_word' id='word_1_721' title='bbox 1846 2173 1893 2201; x_wconf 81' lang='lat' dir='ltr'>po-</span> 
     </span>
     <span class='ocr_line' id='line_1_88' title="bbox 1045 2209 1893 2247; baseline 0.002 -10"><span class='ocrx_word' id='word_1_722' title='bbox 1045 2213 1097 2237; x_wconf 75' lang='lat' dir='ltr'>nat</span> <span class='ocrx_word' id='word_1_723' title='bbox 1118 2209 1184 2246; x_wconf 81' lang='lat' dir='ltr'>quis</span> <span class='ocrx_word' id='word_1_724' title='bbox 1195 2218 1252 2246; x_wconf 79' lang='lat' dir='ltr'>pro</span> <span class='ocrx_word' id='word_1_725' title='bbox 1274 2209 1381 2238; x_wconf 68' lang='lat' dir='ltr'>amieis</span> <span class='ocrx_word' id='word_1_726' title='bbox 1394 2210 1473 2238; x_wconf 74' lang='lat' dir='ltr'>suis:</span> <span class='ocrx_word' id='word_1_727' title='bbox 1495 2217 1562 2247; x_wconf 80' lang='lat' dir='ltr'>ergo</span> <span class='ocrx_word' id='word_1_728' title='bbox 1578 2214 1695 2239; x_wconf 88' lang='lat' dir='ltr'>mortem</span> <span class='ocrx_word' id='word_1_729' title='bbox 1718 2219 1769 2247; x_wconf 87' lang='lat' dir='ltr'>pro</span> <span class='ocrx_word' id='word_1_730' title='bbox 1783 2211 1893 2240; x_wconf 83' lang='lat' dir='ltr'>Christo</span> 
     </span>
     <span class='ocr_line' id='line_1_89' title="bbox 1045 2255 1893 2293; baseline 0.004 -10"><span class='ocrx_word' id='word_1_731' title='bbox 1045 2255 1141 2283; x_wconf 86' lang='lat' dir='ltr'>subire</span> <span class='ocrx_word' id='word_1_732' title='bbox 1170 2255 1282 2284; x_wconf 86' lang='lat' dir='ltr'>videtur</span> <span class='ocrx_word' id='word_1_733' title='bbox 1310 2255 1488 2293; x_wconf 79' lang='lat' dir='ltr'>perfectionis</span> <span class='ocrx_word' id='word_1_734' title='bbox 1511 2256 1666 2289; x_wconf 57' lang='lat' dir='ltr'>maximam</span> <span class='ocrx_word' id='word_1_735' title='bbox 1695 2257 1744 2285; x_wconf 85' lang='lat' dir='ltr'>sed</span> <span class='ocrx_word' id='word_1_736' title='bbox 1767 2257 1893 2286; x_wconf 87' lang='lat' dir='ltr'>homines</span> 
     </span>
     <span class='ocr_line' id='line_1_90' title="bbox 1046 2302 1893 2340; baseline 0.002 -10"><span class='ocrx_word' id='word_1_737' title='bbox 1046 2302 1198 2339; x_wconf 78' lang='lat' dir='ltr'>imperfecti</span> <span class='ocrx_word' id='word_1_738' title='bbox 1221 2310 1275 2331; x_wconf 90' lang='lat' dir='ltr'>non</span> <span class='ocrx_word' id='word_1_739' title='bbox 1298 2305 1428 2331; x_wconf 85' lang='lat' dir='ltr'>tenentur</span> <span class='ocrx_word' id='word_1_740' title='bbox 1449 2303 1485 2332; x_wconf 87' lang='lat' dir='ltr'>ad</span> <span class='ocrx_word' id='word_1_741' title='bbox 1507 2311 1592 2340; x_wconf 83' lang='lat' dir='ltr'>opera</span> <span class='ocrx_word' id='word_1_742' title='bbox 1614 2304 1804 2340; x_wconf 76' lang='lat' dir='ltr'>perfectionis:</span> <span class='ocrx_word' id='word_1_743' title='bbox 1827 2312 1893 2340; x_wconf 75' lang='lat' dir='ltr'>ergo</span> 
     </span>
     <span class='ocr_line' id='line_1_91' title="bbox 1046 2350 1842 2387; baseline 0.001 -10"><span class='ocrx_word' id='word_1_744' title='bbox 1046 2357 1100 2377; x_wconf 92' lang='lat' dir='ltr'>non</span> <span class='ocrx_word' id='word_1_745' title='bbox 1122 2357 1219 2378; x_wconf 82' lang='lat' dir='ltr'>omnes</span> <span class='ocrx_word' id='word_1_746' title='bbox 1242 2352 1371 2378; x_wconf 86' lang='lat' dir='ltr'>tenentur</span> <span class='ocrx_word' id='word_1_747' title='bbox 1395 2353 1512 2378; x_wconf 84' lang='lat' dir='ltr'>mortem</span> <span class='ocrx_word' id='word_1_748' title='bbox 1535 2359 1586 2387; x_wconf 88' lang='lat' dir='ltr'>pro</span> <span class='ocrx_word' id='word_1_749' title='bbox 1607 2350 1717 2378; x_wconf 83' lang='lat' dir='ltr'>Christo</span> <span class='ocrx_word' id='word_1_750' title='bbox 1739 2351 1842 2379; x_wconf 88' lang='lat' dir='ltr'>subire.</span> 
     </span>
    </p>

    <p class='ocr_par' dir='ltr' id='par_1_18' title="bbox 1046 2396 1893 2526">
     <span class='ocr_line' id='line_1_92' title="bbox 1125 2396 1893 2434; baseline 0.001 -10"><span class='ocrx_word' id='word_1_751' title='bbox 1125 2397 1151 2424; x_wconf 64' lang='grc' dir='ltr'>ἰ).</span> <span class='ocrx_word' id='word_1_752' title='bbox 1174 2396 1256 2430; x_wconf 82' lang='lat' dir='ltr'>item,</span> <span class='ocrx_word' id='word_1_753' title='bbox 1278 2396 1313 2424; x_wconf 85' lang='lat' dir='ltr'>ad</span> <span class='ocrx_word' id='word_1_754' title='bbox 1336 2396 1473 2425; x_wconf 79' lang='lat' dir='ltr'>Romanos</span> <span class='ocrx_word' id='word_1_755' title='bbox 1494 2397 1597 2425; x_wconf 81' lang='lat' dir='ltr'>sexto⁶</span> <span class='ocrx_word' id='word_1_756' title='bbox 1620 2405 1705 2434; x_wconf 79' lang='lat' dir='ltr'>snper</span> <span class='ocrx_word' id='word_1_757' title='bbox 1729 2397 1812 2426; x_wconf 80' lang='lat' dir='ltr'>illud:</span> <span class='ocrx_word' id='word_1_758' title='bbox 1835 2397 1893 2425; x_wconf 86' lang='lat' dir='ltr'>IIu-</span> 
     </span>
     <span class='ocr_line' id='line_1_93' title="bbox 1046 2442 1892 2479; baseline 0.002 -10"><span class='ocrx_word' id='word_1_759' title='bbox 1046 2450 1170 2470; x_wconf 77' lang='lat' dir='ltr'>manum</span> <span class='ocrx_word' id='word_1_760' title='bbox 1191 2442 1255 2470; x_wconf 77' lang='lat' dir='ltr'>dico</span> <span class='ocrx_word' id='word_1_761' title='bbox 1274 2446 1395 2479; x_wconf 79' lang='lat' dir='ltr'>propter</span> <span class='ocrx_word' id='word_1_762' title='bbox 1417 2442 1619 2478; x_wconf 75' lang='lat' dir='ltr'>infirmitatem</span> <span class='ocrx_word' id='word_1_763' title='bbox 1641 2443 1744 2471; x_wconf 73' lang='lat' dir='ltr'>carnis</span> <span class='ocrx_word' id='word_1_764' title='bbox 1764 2447 1892 2477; x_wconf 75' lang='lat' dir='ltr'>vestrae,</span> 
     </span>
     <span class='ocr_line' id='line_1_94' title="bbox 1046 2489 1892 2526; baseline 0.002 -10"><span class='ocrx_word' id='word_1_765' title='bbox 1046 2489 1160 2517; x_wconf 79' lang='lat' dir='ltr'>Glossa:</span> <span class='ocrx_word' id='word_1_766' title='bbox 1189 2500 1201 2513; x_wconf 86' lang='lat'>«</span> <span class='ocrx_word' id='word_1_767' title='bbox 1217 2489 1400 2517; x_wconf 87' lang='lat' dir='ltr'>Inveniuntur</span> <span class='ocrx_word' id='word_1_768' title='bbox 1420 2489 1522 2526; x_wconf 79' lang='lat' dir='ltr'>aliqui,</span> <span class='ocrx_word' id='word_1_769' title='bbox 1543 2490 1590 2526; x_wconf 90' lang='lat' dir='ltr'>qui</span> <span class='ocrx_word' id='word_1_770' title='bbox 1621 2493 1793 2526; x_wconf 81' lang='lat' dir='ltr'>praeponant</span> <span class='ocrx_word' id='word_1_771' title='bbox 1817 2489 1892 2518; x_wconf 87' lang='lat' dir='ltr'>iusti-</span> 
     </span>
    </p>
   </div>
   <div class='ocr_carea' id='block_1_10' title="bbox 755 2576 1271 2580">
    <p class='ocr_par' dir='ltr' id='par_1_19' title="bbox 755 2576 1271 2580">
     <span class='ocr_line' id='line_1_95' title="bbox 755 2576 1271 2580; baseline 0 0"><span class='ocrx_word' id='word_1_772' title='bbox 755 2576 1271 2580; x_wconf 95' lang='lat' dir='ltr'> </span> 
     </span>
    </p>
   </div>
   <div class='ocr_carea' id='block_1_11' title="bbox 144 2633 991 3012">
    <p class='ocr_par' dir='ltr' id='par_1_20' title="bbox 144 2633 990 2696">
     <span class='ocr_line' id='line_1_96' title="bbox 208 2633 990 2662; baseline -0.001 -5"><span class='ocrx_word' id='word_1_773' title='bbox 208 2635 213 2648; x_wconf 96' lang='lat'><strong>¹</strong></span> <span class='ocrx_word' id='word_1_774' title='bbox 233 2634 298 2657; x_wconf 72' lang='lat' dir='ltr'>vers.</span> <span class='ocrx_word' id='word_1_775' title='bbox 317 2635 353 2656; x_wconf 72' lang='grc'>26,</span> <span class='ocrx_word' id='word_1_776' title='bbox 371 2646 402 2650; x_wconf 96' lang='grc'>-</span> <span class='ocrx_word' id='word_1_777' title='bbox 420 2634 441 2656; x_wconf 91' lang='lat' dir='ltr'>ln</span> <span class='ocrx_word' id='word_1_778' title='bbox 459 2633 548 2656; x_wconf 73' lang='lat' dir='ltr'>minori</span> <span class='ocrx_word' id='word_1_779' title='bbox 572 2634 640 2656; x_wconf 82' lang='lat' dir='ltr'>codd.</span> <span class='ocrx_word' id='word_1_780' title='bbox 658 2634 676 2656; x_wconf 76' lang='grc' dir='ltr'>Κ</span> <span class='ocrx_word' id='word_1_781' title='bbox 688 2634 730 2656; x_wconf 84' lang='lat' dir='ltr'>UZ</span> <span class='ocrx_word' id='word_1_782' title='bbox 748 2637 854 2662; x_wconf 76' lang='lat' dir='ltr'>repetunt</span> <span class='ocrx_word' id='word_1_783' title='bbox 870 2640 916 2657; x_wconf 74' lang='lat' dir='ltr'>sua</span> <span class='ocrx_word' id='word_1_784' title='bbox 939 2638 990 2662; x_wconf 80' lang='lat' dir='ltr'>post</span> 
     </span>
     <span class='ocr_line' id='line_1_97' title="bbox 144 2672 272 2696; baseline -0.008 0"><span class='ocrx_word' id='word_1_785' title='bbox 144 2672 272 2696; x_wconf 71' lang='lat' dir='ltr'>maiestate.</span> 
     </span>
    </p>

    <p class='ocr_par' dir='ltr' id='par_1_21' title="bbox 207 2712 354 2734">
     <span class='ocr_line' id='line_1_98' title="bbox 207 2712 354 2734; baseline -0.007 0"><span class='ocrx_word' id='word_1_786' title='bbox 207 2712 216 2726; x_wconf 80' lang='lat'><strong>²</strong></span> <span class='ocrx_word' id='word_1_787' title='bbox 235 2712 300 2734; x_wconf 80' lang='lat' dir='ltr'>Vers.</span> <span class='ocrx_word' id='word_1_788' title='bbox 321 2713 354 2734; x_wconf 83' lang='grc'>16.</span> 
     </span>
    </p>

    <p class='ocr_par' dir='ltr' id='par_1_22' title="bbox 207 2750 483 2779">
     <span class='ocr_line' id='line_1_99' title="bbox 207 2750 483 2779; baseline 0.004 -7"><span class='ocrx_word' id='word_1_789' title='bbox 207 2750 216 2765; x_wconf 83' lang='lat'>³</span> <span class='ocrx_word' id='word_1_790' title='bbox 233 2751 288 2773; x_wconf 67' lang='lat' dir='ltr'>(lod.</span> <span class='ocrx_word' id='word_1_791' title='bbox 308 2751 325 2772; x_wconf 89' lang='lat' dir='ltr'>V</span> <span class='ocrx_word' id='word_1_792' title='bbox 344 2750 483 2779; x_wconf 68' lang='lat' dir='ltr'>impendere.</span> 
     </span>
    </p>

    <p class='ocr_par' dir='ltr' id='par_1_23' title="bbox 208 2789 354 2811">
     <span class='ocr_line' id='line_1_100' title="bbox 208 2789 354 2811; baseline 0 0"><span class='ocrx_word' id='word_1_793' title='bbox 208 2789 217 2803; x_wconf 78' lang='lat'><strong>⁴</strong></span> <span class='ocrx_word' id='word_1_794' title='bbox 236 2789 298 2811; x_wconf 81' lang='lat' dir='ltr'>Vcrs.</span> <span class='ocrx_word' id='word_1_795' title='bbox 321 2790 354 2811; x_wconf 80' lang='grc'>13.</span> 
     </span>
    </p>

    <p class='ocr_par' dir='ltr' id='par_1_24' title="bbox 147 2827 991 3012">
     <span class='ocr_line' id='line_1_101' title="bbox 208 2827 990 2851; baseline 0 -1"><span class='ocrx_word' id='word_1_796' title='bbox 208 2828 218 2842; x_wconf 83' lang='lat'><strong>⁵</strong></span> <span class='ocrx_word' id='word_1_797' title='bbox 236 2828 299 2850; x_wconf 81' lang='lat' dir='ltr'>Vers.</span> <span class='ocrx_word' id='word_1_798' title='bbox 321 2829 355 2851; x_wconf 68' lang='lat'>19.</span> <span class='ocrx_word' id='word_1_799' title='bbox 371 2841 403 2845; x_wconf 96' lang='lat'><strong>—</strong></span> <span class='ocrx_word' id='word_1_800' title='bbox 421 2829 462 2850; x_wconf 75' lang='lat' dir='ltr'>l‘ro</span> <span class='ocrx_word' id='word_1_801' title='bbox 479 2827 559 2851; x_wconf 63' lang='lat' dir='ltr'>carnii·</span> <span class='ocrx_word' id='word_1_802' title='bbox 585 2829 677 2850; x_wconf 71' lang='lat' dir='ltr'>nestrae</span> <span class='ocrx_word' id='word_1_803' title='bbox 702 2828 769 2850; x_wconf 70' lang='lat' dir='ltr'>voda.</span> <span class='ocrx_word' id='word_1_804' title='bbox 794 2831 815 2849; x_wconf 73' lang='lat' dir='ltr'>et</span> <span class='ocrx_word' id='word_1_805' title='bbox 841 2828 893 2850; x_wconf 77' lang='lat' dir='ltr'>1·‹l‹l.</span> <span class='ocrx_word' id='word_1_806' title='bbox 912 2831 990 2850; x_wconf 73' lang='lat' dir='ltr'>t&#39;olilffl</span> 
     </span>
     <span class='ocr_line' id='line_1_102' title="bbox 147 2867 991 2894; baseline 0.001 -6"><span class='ocrx_word' id='word_1_807' title='bbox 147 2867 268 2893; x_wconf 68' lang='lat' dir='ltr'>Vulgatam</span> <span class='ocrx_word' id='word_1_808' title='bbox 286 2867 367 2890; x_wconf 76' lang='lat' dir='ltr'>carnis</span> <span class='ocrx_word' id='word_1_809' title='bbox 385 2868 486 2890; x_wconf 72' lang='lat' dir='ltr'>nostrae.</span> <span class='ocrx_word' id='word_1_810' title='bbox 504 2868 582 2889; x_wconf 50' lang='lat' dir='ltr'>(ilos-zu</span> <span class='ocrx_word' id='word_1_811' title='bbox 597 2868 710 2889; x_wconf 70' lang='lat' dir='ltr'>invenitur</span> <span class='ocrx_word' id='word_1_812' title='bbox 727 2867 790 2894; x_wconf 74' lang='lat' dir='ltr'>apud</span> <span class='ocrx_word' id='word_1_813' title='bbox 809 2867 866 2889; x_wconf 74' lang='lat' dir='ltr'>l‘otr.</span> <span class='ocrx_word' id='word_1_814' title='bbox 885 2867 991 2889; x_wconf 77' lang='lat' dir='ltr'>Lomlmr·</span> 
     </span>
     <span class='ocr_line' id='line_1_103' title="bbox 147 2905 990 2934; baseline 0 -7"><span class='ocrx_word' id='word_1_815' title='bbox 147 2906 214 2932; x_wconf 86' lang='lat' dir='ltr'>(lum,</span> <span class='ocrx_word' id='word_1_816' title='bbox 233 2907 271 2934; x_wconf 84' lang='lat' dir='ltr'>qui</span> <span class='ocrx_word' id='word_1_817' title='bbox 294 2910 368 2928; x_wconf 77' lang='lat' dir='ltr'>tamen</span> <span class='ocrx_word' id='word_1_818' title='bbox 391 2906 463 2928; x_wconf 79' lang='lat' dir='ltr'>xerbo</span> <span class='ocrx_word' id='word_1_819' title='bbox 487 2905 618 2934; x_wconf 75' lang='lat' dir='ltr'>sormidam</span> <span class='ocrx_word' id='word_1_820' title='bbox 641 2906 741 2933; x_wconf 74' lang='lat' dir='ltr'>prm-{lxii</span> <span class='ocrx_word' id='word_1_821' title='bbox 762 2905 818 2934; x_wconf 77' lang='lat' dir='ltr'>pati.</span> <span class='ocrx_word' id='word_1_822' title='bbox 836 2906 935 2927; x_wconf 69' lang='lat' dir='ltr'>Conflata</span> <span class='ocrx_word' id='word_1_823' title='bbox 958 2909 990 2927; x_wconf 57' lang='lat' dir='ltr'>‹ns-t</span> 
     </span>
     <span class='ocr_line' id='line_1_104' title="bbox 147 2944 991 2973; baseline 0.001 -8"><span class='ocrx_word' id='word_1_824' title='bbox 147 2951 172 2966; x_wconf 64' lang='lat' dir='ltr'>vx</span> <span class='ocrx_word' id='word_1_825' title='bbox 192 2944 269 2967; x_wconf 72' lang='lat' dir='ltr'>wrbis</span> <span class='ocrx_word' id='word_1_826' title='bbox 287 2946 394 2973; x_wconf 52' lang='lat' dir='ltr'>August„</span> <span class='ocrx_word' id='word_1_827' title='bbox 412 2946 484 2967; x_wconf 71' lang='lat' dir='ltr'>Serui.</span> <span class='ocrx_word' id='word_1_828' title='bbox 508 2945 555 2966; x_wconf 64' lang='grc' dir='ltr'>Ιῖἱῖ).</span> <span class='ocrx_word' id='word_1_829' title='bbox 574 2945 638 2967; x_wconf 61' lang='lat' dir='ltr'>tulin&lt;</span> <span class='ocrx_word' id='word_1_830' title='bbox 659 2944 691 2966; x_wconf 80' lang='lat'>17.</span> <span class='ocrx_word' id='word_1_831' title='bbox 711 2944 738 2965; x_wconf 71' lang='lat' dir='ltr'>‹lt-</span> <span class='ocrx_word' id='word_1_832' title='bbox 755 2944 832 2966; x_wconf 71' lang='lat' dir='ltr'>verbis</span> <span class='ocrx_word' id='word_1_833' title='bbox 849 2945 959 2971; x_wconf 64' lang='lat' dir='ltr'>Apostoli)</span> <span class='ocrx_word' id='word_1_834' title='bbox 972 2951 991 2966; x_wconf 72' lang='grc' dir='ltr'>ι’.</span> 
     </span>
     <span class='ocr_line' id='line_1_105' title="bbox 148 2983 991 3012; baseline -0.001 -8"><span class='ocrx_word' id='word_1_835' title='bbox 148 2984 169 3004; x_wconf 86' lang='grc'>6.</span> <span class='ocrx_word' id='word_1_836' title='bbox 188 2990 208 3005; x_wconf 82' lang='grc' dir='ltr'>ιι.</span> <span class='ocrx_word' id='word_1_837' title='bbox 228 2983 249 3005; x_wconf 91' lang='grc'>7.</span> <span class='ocrx_word' id='word_1_838' title='bbox 267 2989 328 3012; x_wconf 61' lang='grc' dir='ltr'>3ιίιῄ</span> <span class='ocrx_word' id='word_1_839' title='bbox 347 2984 428 3006; x_wconf 81' lang='lat' dir='ltr'>l‘aruiii</span> <span class='ocrx_word' id='word_1_840' title='bbox 447 2987 495 3011; x_wconf 65' lang='lat' dir='ltr'>cst,</span> <span class='ocrx_word' id='word_1_841' title='bbox 514 2988 537 3006; x_wconf 81' lang='lat' dir='ltr'>itt</span> <span class='ocrx_word' id='word_1_842' title='bbox 558 2988 691 3005; x_wconf 53' lang='lat' dir='ltr'>contutimus·</span> <span class='ocrx_word' id='word_1_843' title='bbox 713 2983 827 3011; x_wconf 71' lang='lat' dir='ltr'>quidquid</span> <span class='ocrx_word' id='word_1_844' title='bbox 854 2986 873 3004; x_wconf 65' lang='lat' dir='ltr'>lc,</span> <span class='ocrx_word' id='word_1_845' title='bbox 897 2983 991 3004; x_wconf 64' lang='lat' dir='ltr'>‹inlecta-</span> 
     </span>
    </p>
   </div>
   <div class='ocr_carea' id='block_1_12' title="bbox 1048 2633 1893 3005">
    <p class='ocr_par' dir='ltr' id='par_1_25' title="bbox 1048 2633 1893 3005">
     <span class='ocr_line' id='line_1_106' title="bbox 1048 2633 1892 2662; baseline 0.002 -7"><span class='ocrx_word' id='word_1_846' title='bbox 1048 2633 1101 2661; x_wconf 50' lang='lat' dir='ltr'>hau</span> <span class='ocrx_word' id='word_1_847' title='bbox 1119 2637 1239 2655; x_wconf 78' lang='lat' dir='ltr'>contemm-</span> <span class='ocrx_word' id='word_1_848' title='bbox 1257 2633 1370 2662; x_wconf 78' lang='lat' dir='ltr'>quidquid</span> <span class='ocrx_word' id='word_1_849' title='bbox 1389 2637 1408 2655; x_wconf 77' lang='lat' dir='ltr'>tc</span> <span class='ocrx_word' id='word_1_850' title='bbox 1429 2634 1550 2656; x_wconf 64' lang='lat' dir='ltr'>tvvm-bat...</span> <span class='ocrx_word' id='word_1_851' title='bbox 1571 2634 1592 2655; x_wconf 88' lang='lat' dir='ltr'>ln</span> <span class='ocrx_word' id='word_1_852' title='bbox 1615 2637 1712 2662; x_wconf 80' lang='lat' dir='ltr'>utroque</span> <span class='ocrx_word' id='word_1_853' title='bbox 1734 2634 1807 2661; x_wconf 75' lang='lat' dir='ltr'>gradu</span> <span class='ocrx_word' id='word_1_854' title='bbox 1828 2641 1892 2657; x_wconf 75' lang='lat' dir='ltr'>tima-</span> 
     </span>
     <span class='ocr_line' id='line_1_107' title="bbox 1048 2672 1893 2701; baseline 0.001 -7"><span class='ocrx_word' id='word_1_855' title='bbox 1048 2673 1111 2695; x_wconf 78' lang='lat' dir='ltr'>tores</span> <span class='ocrx_word' id='word_1_856' title='bbox 1128 2672 1230 2695; x_wconf 73' lang='lat' dir='ltr'>iustitiae</span> <span class='ocrx_word' id='word_1_857' title='bbox 1247 2679 1290 2694; x_wconf 69' lang='lat' dir='ltr'>vos</span> <span class='ocrx_word' id='word_1_858' title='bbox 1308 2673 1411 2700; x_wconf 68' lang='lat' dir='ltr'>probate.</span> <span class='ocrx_word' id='word_1_859' title='bbox 1429 2673 1560 2694; x_wconf 70' lang='lat' dir='ltr'>law-nimus</span> <span class='ocrx_word' id='word_1_860' title='bbox 1573 2673 1663 2694; x_wconf 75' lang='lat' dir='ltr'>forsitan</span> <span class='ocrx_word' id='word_1_861' title='bbox 1677 2673 1765 2701; x_wconf 80' lang='lat' dir='ltr'>aliquos</span> <span class='ocrx_word' id='word_1_862' title='bbox 1777 2674 1815 2701; x_wconf 85' lang='lat' dir='ltr'>qui</span> <span class='ocrx_word' id='word_1_863' title='bbox 1829 2680 1893 2701; x_wconf 83' lang='lat' dir='ltr'>prac-</span> 
     </span>
     <span class='ocr_line' id='line_1_108' title="bbox 1048 2711 1893 2739; baseline 0.001 -6"><span class='ocrx_word' id='word_1_864' title='bbox 1048 2715 1134 2739; x_wconf 77' lang='lat' dir='ltr'>ponant</span> <span class='ocrx_word' id='word_1_865' title='bbox 1156 2712 1252 2733; x_wconf 71' lang='lat' dir='ltr'>iustitiae</span> <span class='ocrx_word' id='word_1_866' title='bbox 1278 2711 1450 2733; x_wconf 54' lang='lat' dir='ltr'>‹leiim-tationem</span> <span class='ocrx_word' id='word_1_867' title='bbox 1470 2711 1625 2739; x_wconf 71' lang='lat' dir='ltr'>voluptatibus</span> <span class='ocrx_word' id='word_1_868' title='bbox 1642 2715 1663 2733; x_wconf 72' lang='lat' dir='ltr'>ct</span> <span class='ocrx_word' id='word_1_869' title='bbox 1681 2711 1822 2734; x_wconf 64' lang='lat' dir='ltr'>delectationi</span> <span class='ocrx_word' id='word_1_870' title='bbox 1846 2718 1893 2734; x_wconf 77' lang='lat' dir='ltr'>cor-</span> 
     </span>
     <span class='ocr_line' id='line_1_109' title="bbox 1049 2750 1893 2779; baseline 0.002 -8"><span class='ocrx_word' id='word_1_871' title='bbox 1049 2751 1112 2778; x_wconf 83' lang='lat' dir='ltr'>poris</span> <span class='ocrx_word' id='word_1_872' title='bbox 1129 2751 1178 2776; x_wconf 80' lang='lat' dir='ltr'>sui;</span> <span class='ocrx_word' id='word_1_873' title='bbox 1197 2751 1234 2778; x_wconf 82' lang='lat' dir='ltr'>qni</span> <span class='ocrx_word' id='word_1_874' title='bbox 1253 2754 1329 2772; x_wconf 75' lang='lat' dir='ltr'>:nitent</span> <span class='ocrx_word' id='word_1_875' title='bbox 1348 2756 1390 2778; x_wconf 79' lang='lat' dir='ltr'>pro</span> <span class='ocrx_word' id='word_1_876' title='bbox 1407 2750 1442 2772; x_wconf 85' lang='lat' dir='ltr'>illa</span> <span class='ocrx_word' id='word_1_877' title='bbox 1461 2756 1556 2778; x_wconf 70' lang='lat' dir='ltr'>poenas,</span> <span class='ocrx_word' id='word_1_878' title='bbox 1575 2750 1666 2772; x_wconf 64' lang='lat' dir='ltr'>dolores</span> <span class='ocrx_word' id='word_1_879' title='bbox 1684 2754 1828 2779; x_wconf 76' lang='lat' dir='ltr'>inortcniqm¹</span> <span class='ocrx_word' id='word_1_880' title='bbox 1840 2758 1893 2773; x_wconf 87' lang='lat' dir='ltr'>con-</span> 
     </span>
     <span class='ocr_line' id='line_1_110' title="bbox 1049 2789 1892 2817; baseline 0.001 -6"><span class='ocrx_word' id='word_1_881' title='bbox 1049 2792 1146 2814; x_wconf 67' lang='lat' dir='ltr'>temnat,</span> <span class='ocrx_word' id='word_1_882' title='bbox 1165 2792 1231 2816; x_wconf 69' lang='lat' dir='ltr'>putas</span> <span class='ocrx_word' id='word_1_883' title='bbox 1248 2792 1281 2810; x_wconf 65' lang='lat' dir='ltr'>ost</span> <span class='ocrx_word' id='word_1_884' title='bbox 1299 2790 1380 2817; x_wconf 70' lang='lat' dir='ltr'>aliquis</span> <span class='ocrx_word' id='word_1_885' title='bbox 1398 2790 1418 2811; x_wconf 87' lang='lat' dir='ltr'>in</span> <span class='ocrx_word' id='word_1_886' title='bbox 1438 2789 1524 2811; x_wconf 68' lang='lat' dir='ltr'>mnis?</span> <span class='ocrx_word' id='word_1_887' title='bbox 1541 2789 1585 2811; x_wconf 69' lang='grc' dir='ltr'>(Ἰν.</span> <span class='ocrx_word' id='word_1_888' title='bbox 1604 2789 1671 2817; x_wconf 75' lang='lat' dir='ltr'>Epist.</span> <span class='ocrx_word' id='word_1_889' title='bbox 1693 2789 1741 2811; x_wconf 66' lang='lat'>1655.</span> <span class='ocrx_word' id='word_1_890' title='bbox 1754 2790 1818 2814; x_wconf 70' lang='lat' dir='ltr'>(nlius</span> <span class='ocrx_word' id='word_1_891' title='bbox 1835 2790 1892 2816; x_wconf 70' lang='lat' dir='ltr'>li&#39;i.)</span> 
     </span>
     <span class='ocr_line' id='line_1_111' title="bbox 1049 2827 1891 2855; baseline 0.002 -7"><span class='ocrx_word' id='word_1_892' title='bbox 1049 2834 1070 2849; x_wconf 89' lang='lat' dir='ltr'>n.</span> <span class='ocrx_word' id='word_1_893' title='bbox 1089 2827 1109 2848; x_wconf 71' lang='lat'>55.</span> <span class='ocrx_word' id='word_1_894' title='bbox 1130 2840 1157 2842; x_wconf 84' lang='lat'><strong>—</strong></span> <span class='ocrx_word' id='word_1_895' title='bbox 1175 2828 1196 2849; x_wconf 83' lang='lat' dir='ltr'>ln</span> <span class='ocrx_word' id='word_1_896' title='bbox 1215 2828 1293 2849; x_wconf 68' lang='lat' dir='ltr'>(nossa</span> <span class='ocrx_word' id='word_1_897' title='bbox 1313 2834 1354 2855; x_wconf 80' lang='lat' dir='ltr'>pro</span> <span class='ocrx_word' id='word_1_898' title='bbox 1379 2827 1553 2850; x_wconf 55' lang='lat' dir='ltr'>delectationem</span> <span class='ocrx_word' id='word_1_899' title='bbox 1576 2828 1628 2850; x_wconf 74' lang='lat' dir='ltr'>cdd.</span> <span class='ocrx_word' id='word_1_900' title='bbox 1653 2834 1705 2850; x_wconf 84' lang='lat' dir='ltr'>cum</span> <span class='ocrx_word' id='word_1_901' title='bbox 1732 2829 1808 2850; x_wconf 73' lang='lat' dir='ltr'>multis</span> <span class='ocrx_word' id='word_1_902' title='bbox 1825 2828 1891 2851; x_wconf 69' lang='lat' dir='ltr'>codd.</span> 
     </span>
     <span class='ocr_line' id='line_1_112' title="bbox 1048 2865 1893 2895; baseline 0.002 -8"><span class='ocrx_word' id='word_1_903' title='bbox 1048 2866 1153 2887; x_wconf 71' lang='lat' dir='ltr'>cxliilwnt</span> <span class='ocrx_word' id='word_1_904' title='bbox 1171 2865 1322 2888; x_wconf 71' lang='lat' dir='ltr'>ditm-tionem.</span> <span class='ocrx_word' id='word_1_905' title='bbox 1343 2879 1371 2882; x_wconf 87' lang='lat'>-—</span> <span class='ocrx_word' id='word_1_906' title='bbox 1388 2867 1480 2888; x_wconf 66' lang='lat' dir='ltr'>(ilos-&lt;no</span> <span class='ocrx_word' id='word_1_907' title='bbox 1498 2867 1610 2889; x_wconf 66' lang='lat' dir='ltr'>adamim·</span> <span class='ocrx_word' id='word_1_908' title='bbox 1628 2867 1690 2895; x_wconf 78' lang='lat' dir='ltr'>apud</span> <span class='ocrx_word' id='word_1_909' title='bbox 1709 2868 1766 2889; x_wconf 69' lang='lat' dir='ltr'>l‘vtr.</span> <span class='ocrx_word' id='word_1_910' title='bbox 1784 2867 1893 2889; x_wconf 80' lang='lat' dir='ltr'>Lonibar-</span> 
     </span>
     <span class='ocr_line' id='line_1_113' title="bbox 1048 2904 1890 2934; baseline 0.005 -9"><span class='ocrx_word' id='word_1_911' title='bbox 1048 2904 1103 2926; x_wconf 83' lang='lat' dir='ltr'>dum</span> <span class='ocrx_word' id='word_1_912' title='bbox 1123 2905 1178 2926; x_wconf 69' lang='lat' dir='ltr'>lun-1·</span> <span class='ocrx_word' id='word_1_913' title='bbox 1204 2906 1394 2932; x_wconf 66' lang='lat' dir='ltr'>praeniiituntur:</span> <span class='ocrx_word' id='word_1_914' title='bbox 1418 2906 1439 2926; x_wconf 65' lang='lat' dir='ltr'>Si</span> <span class='ocrx_word' id='word_1_915' title='bbox 1457 2912 1513 2933; x_wconf 67' lang='lat' dir='ltr'>vrgo</span> <span class='ocrx_word' id='word_1_916' title='bbox 1531 2912 1574 2927; x_wconf 83' lang='lat' dir='ltr'>mm</span> <span class='ocrx_word' id='word_1_917' title='bbox 1593 2907 1643 2934; x_wconf 71' lang='lat' dir='ltr'>plus</span> <span class='ocrx_word' id='word_1_918' title='bbox 1660 2906 1764 2928; x_wconf 53' lang='lat' dir='ltr'>sarritur·</span> <span class='ocrx_word' id='word_1_919' title='bbox 1781 2906 1890 2933; x_wconf 68' lang='lat' dir='ltr'>institiae,</span> 
     </span>
     <span class='ocr_line' id='line_1_114' title="bbox 1050 2943 1891 2974; baseline 0.004 -10"><span class='ocrx_word' id='word_1_920' title='bbox 1050 2943 1095 2970; x_wconf 65' lang='lat' dir='ltr'>xvi,</span> <span class='ocrx_word' id='word_1_921' title='bbox 1114 2944 1136 2965; x_wconf 79' lang='grc' dir='ltr'>Μ</span> <span class='ocrx_word' id='word_1_922' title='bbox 1154 2948 1184 2964; x_wconf 53' lang='grc' dir='ltr'>νει</span> <span class='ocrx_word' id='word_1_923' title='bbox 1204 2944 1283 2965; x_wconf 64' lang='lat' dir='ltr'>saltem</span> <span class='ocrx_word' id='word_1_924' title='bbox 1303 2947 1388 2966; x_wconf 76' lang='lat' dir='ltr'>tantuin</span> <span class='ocrx_word' id='word_1_925' title='bbox 1415 2945 1540 2969; x_wconf 62' lang='lat' dir='ltr'>sumimur.</span> <span class='ocrx_word' id='word_1_926' title='bbox 1567 2949 1676 2972; x_wconf 66' lang='lat' dir='ltr'>[plautum</span> <span class='ocrx_word' id='word_1_927' title='bbox 1704 2949 1756 2967; x_wconf 78' lang='lat' dir='ltr'>tun·-</span> <span class='ocrx_word' id='word_1_928' title='bbox 1782 2946 1891 2974; x_wconf 68' lang='lat' dir='ltr'>iniquitati</span> 
     </span>
     <span class='ocr_line' id='line_1_115' title="bbox 1049 2983 1201 3005; baseline 0.007 -1"><span class='ocrx_word' id='word_1_929' title='bbox 1049 2983 1201 3005; x_wconf 64' lang='lat' dir='ltr'>svrvivhnunu</span> 
     </span>
    </p>
   </div>
  </div>
 </body>
</html>
