2166 3366
240 184 297 211 864

238 261 312 298 quod
335 260 408 288 iuret
429 259 544 291 falsum3
566 257 612 285 sed
637 255 786 284 necessitas
809 263 861 282 non
885 254 969 282 babet
985 253 1083 289 legem,

237 308 323 336 immo
344 314 415 343 quae
437 305 505 333 alias
527 306 592 332 sunt
614 303 708 331 illicita
736 302 884 330 necessitas
907 301 970 329 facit
992 300 1084 333 licita,

238 354 309 382 sicut
330 356 403 389 patet
425 352 459 379 de
480 359 512 379 eo
534 350 580 386 qui
603 349 715 377 furatur
737 352 763 376 et
785 352 826 376 est
848 348 874 375 in
890 351 1018 376 extrema
1040 355 1085 375 ne-

239 398 405 429 cessitate1:
433 405 499 433 ergo
532 396 657 429 videtur,
680 395 754 432 quod
777 395 875 423 saltem
898 394 925 422 in
948 394 993 422 tali
1017 401 1083 422 casu

238 446 393 483 periurium
417 445 452 473 sit
484 443 606 476 licitum,
638 446 664 470 et
693 442 732 470 sic
753 450 807 469 non
829 445 870 470 est
891 440 1038 470 essentiale
1060 440 1083 468 ei

238 500 298 521 esse
321 494 473 528 peccatum.

317 539 368 566 SED
390 545 514 566 CONTRA:
540 537 562 564 1.
586 535 704 564 Gravius
736 535 834 563 vitium
868 538 894 563 et
921 535 1008 571 magis
1040 534 1085 562 de-

98 585 326 614 Fundameumffiorme
348 587 388 613 est
410 583 566 620 periurium
589 590 674 619 quain
691 582 811 618 simplex
827 581 1017 614 mendacium;
1036 581 1085 609 sed

244 638 380 660 «necesse
401 634 458 664 est,
480 637 561 658 omne
583 629 760 657 mendacium
775 636 835 657 esse
857 632 1001 665 peccatum
1014 639 1027 653 »
1048 635 1086 656 se-

238 679 363 708 cundum
385 677 460 714 quod
483 676 653 713 Augustinus
679 675 758 710 dicit,
787 678 814 704 et
835 675 961 703 habitum
989 678 1031 703 est
1059 675 1085 703 in

228 724 510 763 praecedentibus&
538 723 650 752 videtur
678 731 757 759 ergo,
787 723 862 760 quod
892 722 1020 750 similiter
1050 722 1086 750 sit

239 773 313 801 circa
335 773 424 808 ipsum
449 771 619 808 periurium,
641 770 729 800 immo
748 770 837 798 multo
858 770 967 798 fortius.

319 820 344 847 ἐξ.
368 819 446 852 nem,
461 818 632 855 quicumque
654 817 771 854 peierat,
787 817 861 845 iurat
876 816 1045 850 inordinate,
1061 819 1087 844 et

240 866 287 904 qui
310 866 384 894 iurat
406 865 562 893 inordinate
582 865 657 893 iurat
678 864 780 892 iniuste
796 863 839 892 vel
861 863 1042 897 temerarie³;
1060 866 1088 892 et

239 913 330 942 omnis
353 913 413 941 talis
435 914 544 949 peccat:
568 920 635 948 ergo
656 914 708 940 etc.

320 960 345 988 3.
368 960 448 993 Item,
470 959 560 987 omnis
582 959 629 996 qui
655 959 774 995 peierat,
789 958 907 987 assumit
923 965 1022 986 nomen
1039 958 1087 986 Dei

241 1008 268 1036 in
286 1015 387 1035 vanum
401 1007 421 1041 ⁴,
442 1009 469 1035 et
490 1006 580 1034 omnis
597 1006 658 1034 talis
672 1006 736 1034 facit
758 1005 955 1034 contumeliam
978 1005 1088 1034 divinae

241 1054 372 1088 Veritati3
395 1054 446 1082 boc
468 1056 561 1082 autem
584 1056 625 1081 est
648 1055 790 1089 peccatum
814 1056 841 1080 et
863 1052 968 1080 malum
990 1060 1089 1080 secuu-

242 1101 313 1129 dum
341 1110 389 1129 se:
417 1108 484 1137 ergo
511 1107 624 1128 necesse
652 1103 708 1133 est,
738 1107 819 1128 omne
848 1099 1005 1136 periurium
1034 1106 1090 1127 ma-

242 1149 302 1177 lum
323 1156 392 1177 esse.

321 1195 449 1229 4.1tem,
471 1202 553 1223 omne
582 1193 652 1222 illud
674 1196 715 1222 est
744 1193 866 1227 malum,
895 1193 939 1221 cui
969 1192 1089 1221 debetur

242 1251 344 1281 poena3
365 1242 413 1271 sed
436 1241 510 1270 omni
532 1241 657 1278 periurio
673 1240 791 1269 debetur
807 1248 910 1277 poena,
933 1240 1089 1268 secundum

243 1290 317 1327 quod
347 1288 450 1317 dicitur
478 1287 691 1315 Proverbiorum
721 1286 829 1315 decimo
857 1286 971 1315 non0⁵2
1001 1286 1090 1314 Testis

242 1336 340 1374 salsus
360 1343 418 1363 nou
439 1334 496 1362 erit
515 1333 699 1370 inmunibus.-
722 1341 789 1370 ergo
818 1333 838 1362 si
863 1333 1021 1370 periurium
1049 1336 1091 1362 est

242 1383 311 1411 falsa
334 1381 499 1415 testificatio,
522 1380 634 1409 videtur
655 1379 824 1414 necessario,
839 1380 914 1417 quod
930 1388 1012 1408 omne
1031 1387 1089 1417 per-

244 1430 347 1459 iurium
370 1429 405 1457 sit
427 1430 581 1465 peccatum.

558 1529 771 1551 CONCLUSIO.

284 1616 459 1645 Periurium
481 1620 523 1644 est
539 1616 653 1644 malum
674 1624 733 1644 non
753 1615 934 1644 solummodo
957 1615 987 1644 in
1008 1624 1051 1649 se,

467 1664 518 1692 sed
538 1664 626 1693 etiam
647 1663 808 1692 secu-udum
829 1672 867 1692 se.

324 1759 499 1787 Respoixmssoz
522 1757 691 1792 Dicendum,
713 1757 788 1794 quod
810 1757 917 1794 absque
933 1757 1019 1786 dubio
1034 1765 1094 1794 per-

124 1816 230 1836 eoneiusio.
244 1806 348 1835 iurium
371 1808 413 1835 est
436 1805 542 1834 malum
562 1813 616 1833 non
635 1804 812 1833 solummodo
827 1804 858 1833 in
879 1813 922 1838 se,
945 1805 992 1834 sed
1009 1805 1091 1834 etiam

243 1853 404 1882 seeundum
415 1861 455 1886 se,
468 1852 503 1880 ita
515 1852 590 1889 quod
602 1851 680 1880 nullo
699 1851 781 1880 modo
794 1854 884 1888 potest
898 1851 959 1880 fieri
974 1852 1094 1880 bene.—

127 1910 182 1929 uano
199 1910 232 1929 ciu-
246 1901 322 1929 Ratio
336 1903 430 1929 autem
446 1900 532 1929 liuius
546 1903 588 1928 est
602 1899 721 1936 duplex:
738 1907 794 1928 una
809 1902 923 1936 propter
935 1899 1002 1934 hoc,
1018 1899 1093 1936 quod

134 1935 184 1958 ΡΜ
242 1947 415 1985 plerumque
429 1947 586 1984 periurium
602 1946 707 1975 claudit
723 1946 750 1974 in
765 1953 794 1974 se
810 1945 1001 1980 mendacium,
1017 1945 1092 1982 quod

246 1997 287 2024 est
308 1994 463 2023 secundum
486 2001 516 2022 se
534 1993 655 2027 malum3
676 1992 731 2021 alia
747 2000 812 2021 vero
834 1992 905 2021 ratio
920 1995 961 2021 est
982 2000 1094 2029 genera-

246 2041 293 2076 lis,
308 2041 374 2078 quia
395 2040 486 2069 omnis
502 2040 649 2077 periurans
667 2039 865 2068 contumeliam
880 2039 945 2067 facit
966 2046 1094 2068 summae

247 2087 374 2122 Veritati,
390 2087 457 2116 dum
480 2094 540 2115 eam
557 2086 672 2115 adducit
684 2085 694 2099 ⁸
713 2086 748 2114 ad
764 2086 824 2114 eius
839 2085 1093 2119 confirmationem,

246 2135 282 2164 ad
297 2134 372 2172 quod
394 2142 449 2162 non
471 2134 586 2162 deberet
606 2133 721 2162 assumi.
738 2133 768 2161 Et
791 2133 865 2167 ideo,
881 2133 947 2170 quia
968 2141 1022 2161 non
1038 2136 1095 2161 tan-

246 2185 305 2211 tum
329 2181 476 2211 deordinat
503 2181 645 2209 hominem
667 2180 701 2209 ad
730 2180 907 2217 proximum,
933 2180 981 2209 sed
1010 2180 1094 2208 etiam

246 2228 394 2257 deordinat
415 2228 557 2256 bominem
578 2227 614 2256 ad
635 2227 741 2261 Deum3
763 2227 828 2255 inde
849 2229 906 2261 est,
928 2226 1004 2263 quod
1026 2234 1095 2255 sem-

246 2284 297 2313 per
318 2278 360 2304 est
375 2275 489 2303 malum.
505 2291 544 2296 —
563 2275 640 2304 Unde
661 2274 855 2303 concedendae
871 2277 936 2302 sunt
957 2273 1094 2307 rationes,

247 2331 319 2360 quae
341 2322 393 2351 hoc
414 2322 573 2351 ostendunt.

330 2370 353 2397 l.
375 2369 413 2397 Ad
429 2369 498 2397 illud
516 2377 582 2397 vero
597 2368 672 2406 quod
688 2368 780 2405 primo
801 2367 931 2396 obiicitur
946 2368 974 2396 in
989 2371 1096 2396 contra-

119 2427 190 2454 Solutio
203 2433 235 2451 op.
249 2417 323 2445 rium
339 2417 374 2445 de
389 2424 421 2445 eo
436 2417 483 2453 qui
499 2416 573 2444 iurat
585 2416 696 2450 falsum,
711 2416 785 2452 quod
802 2418 882 2452 putat
903 2423 964 2444 esse
986 2423 1094 2449 verum,

120 2453 230 2475 'mmmm'
248 2467 363 2501 propter
378 2463 525 2492 utilitatem
542 2463 679 2500 proximi3
693 2462 856 2497 dicendum,
868 2462 942 2498 quod
960 2462 1021 2491 talis
1037 2470 1096 2499 pec-

914 175 1166 204 SENTENTIARUM
1188 174 1247 202 [ΑΒ.
1271 174 1308 201 tlt.

1141 256 1184 280 cat
1200 255 1313 288 propter
1329 252 1458 280 Veritatis
1474 254 1679 287 contemptum;
1694 251 1823 287 quamvis
1841 252 1913 279 enim
1932 259 1985 279 non

1142 302 1299 327 contemnat
1322 299 1408 335 ipsam
1426 299 1576 327 Veritatem
1596 306 1631 326 ex
1648 301 1728 326 certa
1748 298 1885 331 seientia,
1901 298 1988 327 addu-

1142 346 1229 374 cendo
1252 354 1312 374 eam
1339 347 1365 373 in
1394 346 1582 374 testimonium
1606 345 1746 379 salsitatis,
1772 345 1923 373 contemnit
1952 349 1989 373 ta-

1144 401 1205 421 men
1221 401 1257 421 ex
1273 393 1332 429 ipsa
1348 393 1513 421 temeritate.
1529 393 1601 421 Adeo
1616 393 1688 421 enim
1706 396 1745 421 est
1762 400 1861 421 nomen
1877 392 1986 420 Domini
2001 395 2114 414 Notandum-

1143 439 1268 468 terribile
1290 443 1316 467 et
1331 439 1490 468 venerabile
1504 439 1522 473 ⁷,
1544 439 1618 476 quod
1635 439 1730 467 nullus
1751 439 1833 467 debet
1853 439 1944 475 ipsum
1962 439 1989 467 in

1143 486 1332 515 testimonium
1353 494 1510 518 assumere,
1533 486 1584 514 nisi
1608 486 1729 520 noverit,
1755 486 1822 522 quid
1848 485 1988 522 loquatur.

1144 533 1221 561 Unde
1244 533 1397 569 ignorantia
1420 541 1473 560 non
1496 537 1613 561 excusat
1637 533 1661 560 in
1679 533 1724 561 tali
1748 533 1912 561 iuramento.
1936 533 1989 561 lloc

1144 580 1216 608 enim
1240 579 1322 608 debet
1343 579 1539 616 unusquisque
1560 580 1643 612 scire,
1671 580 1745 616 quod
1772 588 1825 607 non
1848 580 1930 608 debet
1953 580 1991 608 iu-

1144 630 1270 655 ramento
1286 626 1389 663 aliquid
1408 626 1535 661 firmare,
1557 627 1608 655 nisi
1625 627 1658 655 de
1682 627 1728 654 illo
1743 627 1778 655 sit
1796 631 1897 655 certus.
1914 627 1990 656 Unde

1144 674 1193 702 etsi
1217 674 1279 702 talis
1301 674 1408 710 ignoret
1430 681 1503 707 rem,
1526 673 1560 701 de
1581 682 1637 710 qua
1660 674 1745 707 iurat⁷
1769 674 1819 702 boc
1842 674 1901 711 ipso
1923 674 1990 709 scit,

1145 728 1173 749 se
1196 720 1268 749 male
1290 720 1397 754 iurare,
1419 720 1440 748 si
1464 728 1524 748 eam
1548 720 1704 749 iuramento
1725 720 1866 755 affirmat3
1889 724 1915 749 et
1930 721 1992 750 ideo

1145 775 1200 795 non
1221 771 1375 796 excusatur
1396 775 1412 795 a
1427 767 1518 804 culpa.

1223 815 1249 842 ⁹2.
1268 814 1307 842 Ad
1324 814 1393 842 illud
1412 814 1488 850 quod
1502 814 1645 848 obiicitur,
1662 815 1736 852 quod
1752 814 1835 849 illud,
1852 823 1902 852 per
1917 816 1992 852 quod

1145 861 1207 898 quis
1229 861 1315 895 iurat,
1331 864 1482 889 veneratur
1504 864 1530 889 et
1545 864 1631 895 amat;
1652 861 1816 896 dicendum,
1832 862 1905 898 quod
1922 862 1993 891 illud

1145 916 1245 938 verum
1267 912 1320 942 est,
1336 908 1448 945 quando
1470 912 1544 936 recte
1559 912 1585 937 et
1606 908 1732 937 ordinate
1752 917 1801 945 per
1818 909 1886 938 illud
1906 910 1993 943 iurat;

1145 956 1194 985 sed
1216 956 1328 993 quando
1350 955 1419 984 falso
1440 958 1467 984 et
1481 955 1638 984 inordinate
1659 964 1709 993 per
1725 956 1817 993 ipsum
1839 957 1926 991 iurat⁷
1942 957 1994 986 etsi

1145 1003 1275 1031 videatur
1306 1002 1434 1031 venerari
1468 1010 1516 1039 per
1542 1003 1756 1037 credulitatem,
1786 1003 1877 1040 potius
1903 1007 1994 1033 conte-

1147 1049 1216 1077 mnit
1238 1052 1264 1077 et
1285 1049 1483 1078 contumeliam
1499 1049 1550 1077 sibi
1567 1049 1630 1078 facit
1645 1058 1695 1086 per
1711 1050 1895 1079 inordinatam
1913 1051 1991 1088 ,locu-

1146 1096 1259 1124 tionem.

1226 1143 1252 1171 3.
1274 1143 1312 1171 Ad
1334 1143 1404 1171 illud
1426 1143 1501 1180 quod
1516 1143 1655 1178 obiicitur,
1678 1144 1753 1181 quod
1774 1145 1932 1181 periurium
1947 1153 1993 1182 op-

1147 1190 1261 1227 ponitur
1284 1190 1404 1224 veritati,
1430 1198 1501 1227 quae
1523 1194 1564 1219 est
1591 1191 1616 1219 in
1639 1191 1794 1223 intellectu;
1824 1192 1992 1227 dicendum,

1148 1237 1223 1273 quod
1245 1237 1400 1265 secundum
1423 1238 1498 1274 quod
1520 1237 1627 1274 duplex
1649 1242 1691 1266 est
1712 1238 1843 1275 cognitio,
1865 1239 2113 1276 Specula.nisunctio.

1149 1283 1210 1311 tiva
1231 1286 1258 1312 et
1275 1284 1427 1320 practica,
1457 1284 1496 1313 sic
1525 1285 1674 1322 dupliciter
1699 1286 1832 1323 contingit
1861 1286 1935 1324 loqui
1959 1286 1993 1316 de

1149 1330 1209 1367 ipsa
1230 1331 1363 1359 veritate:
1385 1334 1434 1359 aut
1455 1334 1539 1368 prout
1566 1335 1608 1360 est
1630 1332 1727 1369 regula
1752 1341 1846 1362 merae
1866 1334 1996 1371 specula-

1150 1377 1251 1410 tionis,
1266 1380 1314 1405 aut
1335 1381 1419 1414 prout
1434 1381 1475 1406 est
1498 1378 1595 1415 regula
1610 1379 1698 1416 ipsius
1719 1379 1873 1408 locutionis
1894 1384 1921 1409 et
1936 1389 1997 1418 ope-

1149 1424 1284 1452 rationis.
1300 1424 1409 1453 Veritas
1423 1425 1497 1453 enim
1513 1425 1577 1454 fidei
1593 1429 1620 1454 et
1638 1426 1803 1462 prudentiae
1819 1427 1916 1462 dictat,
1931 1436 1997 1465 qua-

1149 1471 1212 1500 liter
1234 1471 1420 1508 loquendum,
1441 1475 1468 1501 et
1489 1472 1556 1509 quid
1573 1473 1722 1509 agendum.
1745 1473 1813 1502 Cum
1841 1481 1908 1511 ergo
1930 1475 1994 1504 dici·
2007 1474 2124 1493 Nffludum·

1150 1522 1205 1553 tur,
1227 1519 1303 1556 quod
1326 1519 1501 1548 mendacium
1524 1522 1551 1548 et
1573 1520 1729 1556 periurium
1751 1521 1902 1558 opponitur
1926 1523 1996 1551 veri-

1151 1565 1218 1599 tati,
1239 1565 1291 1594 hoc
1313 1574 1368 1594 non
1390 1565 1554 1603 intelligitur
1576 1566 1610 1595 de
1632 1567 1750 1596 veritate
1767 1567 1867 1604 primo
1897 1569 1998 1604 modo,

1150 1612 1199 1641 sed
1215 1612 1249 1641 de
1265 1612 1381 1641 veritate
1394 1613 1520 1641 secundo
1537 1613 1626 1642 modo.
1640 1614 1671 1642 Et
1686 1614 1738 1643 ista
1753 1614 1855 1643 veritas
1870 1615 1996 1644 secundo

1151 1660 1234 1688 modo
1254 1660 1327 1688 dicta
1342 1660 1436 1689 iuncta
1458 1664 1499 1689 est
1515 1660 1629 1689 bonitati
1650 1664 1677 1690 et
1692 1664 1766 1690 tenet
1788 1662 1923 1691 rationem
1939 1662 1996 1691 vir-

1151 1706 1234 1739 tutis,
1251 1710 1277 1735 et
1292 1710 1371 1735 actus
1393 1707 1453 1735 eius
1468 1710 1509 1736 est
1525 1707 1550 1735 in
1574 1712 1734 1744 praecepto.
1750 1709 1904 1737 secundnm
1921 1710 1997 1747 quod

1151 1753 1253 1782 dicitur
1268 1754 1303 1782 ad
1320 1754 1453 1790 Ephesios
1467 1757 1568 1791 quarto
1578 1754 1599 1782 ⁸:
1612 1755 1781 1792 Loquiiiiz‘nz'
1796 1756 1997 1794 unusquisque

1149 1800 1301 1829 veritatem
1323 1809 1390 1829 cum
1414 1801 1550 1837 proaez‘mo
1564 1810 1628 1829 suo.
1649 1802 1709 1838 Ipse
1730 1806 1823 1831 autern
1846 1803 1939 1832 obiicit
1960 1804 1995 1833 de

1152 1848 1280 1881 veritate,
1303 1851 1386 1884 prout
1407 1848 1531 1876 consistit
1557 1848 1583 1876 in
1607 1857 1684 1877 mera
1705 1849 1909 1886 speculatione;
1932 1850 1994 1879 ideo

1151 1895 1221 1922 ratio
1243 1895 1289 1922 illa
1311 1903 1365 1923 non
1388 1895 1468 1923 valet.

1229 1942 1255 1970 [ι.
1279 1942 1316 1970 Ad
1338 1942 1407 1970 illud
1423 1942 1498 1978 quod
1513 1942 1643 1971 obiicitur
1658 1943 1693 1972 de
1706 1951 1739 1972 eo
1753 1944 1800 1980 qui
1821 1944 1939 1981 peierat,
1955 1953 1999 1974 ne-

1151 1988 1279 2017 cessitate
1303 1988 1483 2025 compulsus,
1510 1989 1585 2026 quod
1607 1997 1660 2017 non
1690 1993 1802 2027 peccat;
1831 1991 1998 2027 dicendum,

1152 2035 1225 2072 quod
1248 2035 1350 2064 falsum
1372 2039 1421 2065 est.
1437 2036 1482 2064 Est
1503 2036 1576 2064 enim
1593 2037 1742 2065 necessitas
1762 2041 1891 2066 naturae
1905 2042 1932 2067 et
1953 2047 1998 2068 ne·
2012 2038 2084 2061 ⁰⁰⁹¹&
2096 2041 2130 2056 ¹¹⁰·

1152 2084 1266 2112 cessitas
1288 2084 1454 2112 coactionis.
1477 2083 1642 2118 Necessitas,
1664 2085 1792 2122 inquam,
1813 2090 1942 2115 naturae
1964 2063 2094 2115 ΙΕ-εεξεηόςι

1152 2138 1213 2167 gem
1238 2139 1290 2158 non
1314 2131 1439 2159 habetet
1460 2135 1550 2168 potest
1564 2140 1584 2160 α
1605 2135 1660 2160 toto
1675 2140 1825 2166 excusare3
1849 2133 1999 2162 necessitas

1153 2186 1218 2206 vero
1240 2178 1399 2206 coactionis
1421 2186 1474 2206 non
1496 2183 1614 2207 excusat
1635 2188 1655 2207 a
1677 2183 1732 2207 toto
1756 2179 1781 2207 in
1805 2180 1847 2208 liis
1869 2188 1941 2217 quae
1959 2188 1999 2209 se-

1152 2225 1277 2254 cundum
1299 2233 1329 2253 se
1351 2225 1422 2253 mala
1445 2229 1522 2259 sunt,
1545 2226 1593 2254 sed
1615 2229 1732 2255 excusat
1754 2226 1844 2255 solum
1866 2235 1886 2255 a
1908 2231 1998 2262 tanto,

1153 2272 1218 2309 quia
1240 2272 1369 2300 voluntas
1390 2272 1560 2301 sufficienter
1581 2273 1639 2310 cogi
1663 2281 1716 2301 non
1739 2277 1828 2310 potest
1844 2273 1862 2301 ⁰.
1886 2274 1917 2302 Et
1938 2283 2000 2311 pro-

1153 2323 1266 2357 pterea,
1293 2320 1359 2356 quia
1387 2320 1543 2357 periurium
1573 2320 1729 2349 secundum
1751 2328 1781 2349 se
1810 2321 1915 2349 malum
1938 2325 1998 2356 est,

1153 2370 1413 2404 quantumcumque
1444 2367 1507 2403 quis
1538 2367 1716 2404 compellitur
1748 2367 1781 2396 ad
1816 2367 1907 2402 illud,
1943 2376 1997 2396 non

1153 2413 1270 2442 omnino
1298 2421 1311 2441 a
1336 2417 1447 2450 peccato
1474 2417 1640 2448 excusatur,
1668 2414 1752 2442 immo
1778 2414 1829 2443 sibi
1856 2422 1872 2442 a
1894 2423 1998 2444 canone

1153 2469 1242 2498 poena
1257 2461 1417 2497 imponitur.
1440 2461 1510 2489 Dicit
1525 2461 1599 2489 enim
1621 2469 1707 2489 canon
1724 2461 1754 2496 ¹⁰,
1776 2462 1850 2498 quod
1868 2473 1881 2487 <‹
1895 2462 1917 2490 si
1937 2463 2000 2499 quis

312 2577 319 2591 ¹
338 2577 411 2605 Beda,
431 2578 452 2599 in
472 2577 538 2599 Marc.
557 2577 583 2604 2,
601 2577 646 2599 27:
673 2576 794 2604 Discipulis
811 2576 977 2603 esurientibus,
996 2576 1059 2604 quod
1077 2576 1099 2597 li-

249 2618 319 2639 citum
337 2622 381 2639 non
400 2619 448 2638 erat
465 2617 486 2638 in
505 2616 565 2644 Lege
584 2617 717 2638 necessitate
734 2617 800 2638 samis
818 2617 902 2638 sartum
921 2619 955 2638 est
972 2616 1065 2638 licitum.

311 2656 320 2670 2
338 2656 392 2678 Dist.
410 2655 516 2683 praeced.
536 2662 557 2684 (ι.
576 2656 601 2682 2,
621 2655 659 2677 ubi
678 2656 699 2677 in
718 2655 819 2677 tundam.
840 2656 859 2677 rl.
872 2656 982 2677 svnientia
1001 2657 1096 2683 August.

249 2694 376 2717 exhibetur.
395 2707 425 2710 --
441 2695 553 2722 Superius
572 2701 613 2722 pro
630 2693 735 2723 deforme
752 2694 804 2716 cod.
822 2695 839 2716 Α
857 2700 959 2717 enorme.

312 2734 321 2748 3
338 2733 382 2756 Csr.
401 2740 469 2761 supi-n
489 2740 510 2762 q.
528 2734 544 2755 1.
558 2735 579 2755 in
598 2740 661 2761 corp.
674 2738 696 2756 et
707 2733 763 2755 insi-a
777 2733 833 2755 dub.
855 2734 860 2755 l
873 2751 878 2761 ‚
897 2739 938 2755 nec
951 2739 996 2755 nou
1010 2733 1040 2755 lit.
1053 2733 1099 2755 Ma-

251 2773 327 2800 gistri,
346 2779 365 2794 c.
387 2773 427 2794 1-3.
445 2785 476 2789 -
493 2773 515 2794 ln
533 2773 577 2795 noc
594 2776 616 2794 et
632 2773 653 2794 in
672 2779 720 2801 seq.
739 2779 787 2800 arg.
807 2778 848 2800 pro
865 2772 956 2801 peierat
973 2773 1026 2795 edd.
1044 2779 1097 2794 cum

252 2811 358 2838 pluribus
376 2811 442 2833 codd.
460 2811 575 2840 periurat.
595 2812 643 2839 lpse
661 2812 803 2839 Augustinus
820 2816 917 2840 utraque
936 2812 1007 2834 forma
1021 2813 1098 2834 utitur.

316 2849 324 2863 ⁴
343 2850 470 2877 Resideitur
488 2851 556 2873 Exod.
576 2851 617 2879 20,
635 2850 664 2872 7:
683 2851 729 2872 Non
743 2857 847 2873 assumes
860 2857 942 2873 nomen
957 2851 1045 2873 Domini
1059 2851 1098 2873 Dei

253 2888 283 2909 tui
302 2888 323 2909 in
342 2895 435 2910 vanum.
454 2889 498 2911 Ct'r.
516 2896 585 2917 supra
604 2890 625 2911 d.
645 2890 681 2912 37.
699 2890 754 2912 dub.
773 2891 793 2911 ⁴2.
811 2893 833 2912 et
851 2891 871 2912 8.

317 2926 326 2940 ⁵
344 2927 408 2948 Vers.
427 2928 447 2949 5.
466 2940 496 2943 ——
513 2928 628 2951 Maiorem
646 2929 745 2951 insinuat
757 2930 867 2957 August„
887 2930 918 2951 lll.
937 2929 965 2951 de
984 2929 1031 2951 Lib.
1044 2928 1098 2951 Arb.

253 2970 272 2986 c.
294 2964 326 2985 18.
345 2970 366 2986 n.
384 2965 408 2986 :¹2¹1
420 2971 425 2986 ;
438 2965 516 2987 Omnis
528 2970 604 2988 autem
618 2973 691 2994 poena
704 2968 722 2989 si
735 2968 792 2989 iusta
805 2971 850 2995 est,
870 2969 957 2995 peccati
972 2974 1044 2994 poena
1058 2970 1098 2990 est.

1217 2575 1226 2589 ⁶
1244 2574 1316 2598 Codd.
1335 2575 1352 2597 U
1363 2576 1392 2597 W
1410 2574 1517 2597 assumit.

1217 2614 1226 2629 ⁷
1245 2615 1325 2637 Dsnlm.
1344 2615 1385 2642 95³,
1405 2614 1433 2636 3:
1452 2614 1565 2642 Quoniam
1578 2613 1686 2643 [nomen]
1700 2614 1798 2636 terribile
1810 2617 1832 2636 et
1843 2619 1947 2637 sanctum
1960 2618 2000 2637 est.

1154 2667 1185 2670 —
1203 2655 1224 2676 ln
1243 2654 1287 2675 line
1305 2654 1370 2676 solut.
1390 2660 1431 2681 pro
1448 2653 1583 2676 iuramento
1601 2653 1652 2675 cod.
1670 2655 1687 2675 Α
1705 2653 1816 2676 iurando.

1217 2692 1227 2707 S
1246 2693 1309 2715 Vers.
1323 2693 1359 2715 ⁴25.
1371 2705 1401 2709 -—
1414 2693 1481 2714 Paulo
1499 2693 1606 2720 superius
1623 2698 1666 2720 pro
1683 2692 1809 2721 opponitur
1821 2692 1888 2715 codd.
1906 2692 1924 2713 K
1935 2692 1951 2713 Z
1964 2698 2000 2721 op-

1154 2733 1285 2761 ponuntur.

1219 2771 1229 2785 ⁴³
1245 2770 1288 2793 Ga».
1308 2771 1330 2793 11.
1348 2772 1408 2793 Seni.
1428 2771 1448 2793 d.
1467 2771 1504 2793 ⁶25.
1523 2777 1545 2798 p.
1564 2771 1586 2792 ll.
1604 2778 1626 2799 q.
1645 2770 1665 2792 4.
1678 2777 1726 2799 seq.
1739 2783 1768 2786 —
1780 2770 1874 2792 lnt'erius
1886 2776 1928 2797 pro
1940 2776 1999 2793 com-

1155 2810 1252 2840 pellitur
1270 2810 1318 2832 cod.
1337 2810 1352 2831 Z
1371 2809 1533 2839 compellatur.

1220 2849 1238 2863 ¹⁰
1256 2849 1279 2872 C.
1301 2850 1321 2872 3.
1343 2856 1361 2871 c.
1384 2850 1419 2871 2-2.
1440 2856 1461 2878 q.
1483 2848 1552 2872 5:82'
1568 2848 1619 2878 qm's
1637 2852 1729 2871 coactus
1747 2854 1789 2876 pro
1807 2849 1851 2870 vita
1865 2848 1999 2871 redimenda

1156 2890 1193 2911 vel
1211 2895 1253 2917 pro
1271 2888 1372 2917 (utrilibet
1390 2895 1456 2911 cansa
1476 2888 1511 2910 rvi
1530 2889 1662 2910 necessitate
1680 2887 1792 2914 periurat,
1811 2888 1863 2915 quin
1882 2887 1934 2915 plus
1951 2893 2001 2910 cor-

1156 2934 1200 2956 pus
1218 2934 1287 2956 quain
1306 2928 1405 2949 animam
1423 2927 1510 2954 dilexit,
1530 2930 1575 2948 tres
1600 2925 1790 2954 quadragesimas
1816 2926 1936 2953 poeniteat.
1958 2926 1999 2948 Alii

1157 2973 1213 2989 vero
1231 2966 1331 2988 iudicant
1349 2970 1393 2988 tres
1410 2971 1492 2992 annos,
1512 2970 1583 2986 unum
1601 2970 1627 2986 ex
1645 2964 1679 2985 liis
1696 2964 1717 2985 iu
1736 2969 1795 2991 pano
1812 2966 1833 2985 et
1850 2970 1917 2992 aqua.
