2166 3366
152 243 194 269 est
215 248 281 278 pars
302 240 467 277 prudentiae
485 241 508 268 ¹:
530 248 597 277 ergo
617 244 666 269 aut
688 240 792 269 donum
819 242 925 270 consilii
948 251 1002 271 non

16 291 19 319 t
153 290 195 316 est
215 287 296 316 nobis
317 290 521 324 opportunum,
543 291 591 316 aut
605 291 648 316 est
668 287 702 316 ad
718 287 804 316 alium
826 291 934 323 actum3
954 289 1002 318 sed

16 325 18 342 ἶ
154 337 274 368 constat,
295 334 370 371 quod
393 334 473 363 nobis
494 338 536 363 est
558 338 762 371 opportunum:
789 335 902 364 videtur
923 344 1001 373 ergo.

153 380 228 418 quod
250 380 407 409 consiliari
427 389 481 409 non
503 381 538 409 sit
559 381 620 409 eius
642 384 721 410 actus
742 382 882 419 proprius.

468 482 681 503 concrcsio.

152 568 230 597 Doni
250 568 368 597 consilii
397 573 482 597 actus
503 569 646 606 proprius
677 573 718 597 est
742 569 871 607 diripere
903 569 934 598 in
955 569 1003 598 ete-

0 617 16 670 .)
231 615 323 644 ctione
358 615 465 644 horum
500 624 576 654 quac
600 620 670 645 sunt
700 617 877 651 arduitatis,
903 625 1001 646 secan-

231 663 302 692 dam
324 663 470 692 dictamen
491 663 570 692 iuri-5
592 664 703 698 divini,
725 668 752 693 et
778 664 817 693 sic
838 664 1001 693 consiliari.

12 718 14 736 l

231 756 410 785 Rssronnao:
444 757 618 792 Dicendum,
645 757 721 795 quod
743 758 815 786 sieut
844 757 1002 786 intellectus

16 810 118 830 intellectus
126 811 144 828 et
152 803 304 841 aliquando
324 804 461 841 accipitur
483 812 534 841 pro
549 808 619 833 actu
638 804 829 842 intelliqendi,
850 805 1002 842 aliquando

33 834 144 876 unffl'r'mfr'i-
151 859 203 889 pio
224 851 285 888 ipso
313 851 452 880 intellecto
481 851 539 880 sive
561 851 741 888 intelligibili
770 851 922 889 aliquando
950 859 1002 888 pro

15 880 91 905 'mmm
151 898 212 936 ipso
233 897 351 932 habita,
371 899 419 936 qui
441 898 535 935 dirigit
556 898 728 927 intellectum
745 899 772 927 in
795 898 944 927 iudicando
966 898 1001 927 de

152 945 226 974 veris
247 949 274 974 et
295 945 372 974 falsis
387 945 411 979 ἢ
437 946 476 974 sic
497 949 525 974 et
553 945 709 974 consilium
737 945 883 982 tripliciter
913 945 1000 983 accipi

151 992 310 1021 consuevit:
333 992 484 1030 aliquando
505 1001 556 1030 pro
578 993 638 1030 ipso
652 996 721 1021 acta
743 992 924 1021 consiliandi
931 1003 940 1026 ,·
954 993 1002 1021 ali—

152 1039 265 1076 quando
279 1048 330 1077 pro
345 1047 390 1073 en,
412 1039 447 1068 ad
462 1039 538 1076 quod
561 1043 739 1068 terminatur
754 1039 800 1068 ille
821 1043 913 1073 actus,
929 1040 1001 1068 sicut

151 1086 265 1124 quando
287 1086 402 1115 dieitur:
425 1087 477 1115 boc
491 1090 533 1115 est
554 1086 701 1115 consilium
718 1094 826 1121 meum,
848 1086 1000 1124 aliquando

151 1141 219 1162 vero
240 1141 291 1171 pro
318 1133 378 1171 ipso
399 1132 522 1167 nabitu,
553 1133 601 1171 qui
623 1133 739 1170 expedit
769 1136 797 1162 et
823 1133 916 1170 dirigit
945 1133 1001 1162 ani-

151 1188 226 1209 mam
248 1180 281 1209 ad
315 1180 474 1217 eligendum
504 1181 699 1218 prosequenda
720 1184 747 1209 et
776 1181 811 1209 ad
835 1180 998 1217 fugiendum

20 1240 51 1260 „se
63 1235 137 1255 habitus
149 1227 270 1256 vitanda.
286 1244 323 1248 ——
340 1227 384 1255 Hic
400 1230 493 1255 autem
511 1226 628 1255 liabitas
644 1227 767 1264 dirigens
785 1227 819 1255 ad
837 1227 998 1256 huiusmodi

0 1293 1 1311 3
34 1259 107 1283 ‘⁰⁹¹⁰‘
148 1273 311 1303 electionem
333 1274 439 1311 duplex
462 1277 504 1302 est
525 1274 680 1303 secundum
709 1274 900 1303 diversitatem
922 1274 1000 1311 eligi-

0 1320 2 1353 ζ
149 1320 251 1349 billum
273 1324 300 1349 et
320 1320 475 1349 secundum
493 1320 683 1349 diversitatem
707 1321 862 1349 modorum
884 1321 942 1349 sive
957 1329 1000 1349 ra-

149 1368 255 1397 tionum
277 1368 406 1405 eligendi.
429 1368 495 1396 Num
525 1367 666 1406 eliqibz‘lz'a
694 1368 832 1405 quaedam
855 1372 921 1397 sunt
955 1377 999 1396 nc-

5 1417 10 1441 t
148 1415 305 1449 cess-itatis,
321 1415 458 1452 quaedam
476 1423 542 1443 vero
557 1415 728 1443 arduitatis.
746 1415 773 1443 ln
790 1415 888 1452 primis
903 1415 998 1452 dirigit

0 1443 321 1506 ⁴pneumopraaentta,
344 1463 370 1490 in
393 1462 523 1490 secundis
547 1470 612 1490 vero
633 1462 728 1499 dirigit
750 1462 859 1490 donani-
882 1462 999 1490 consilii

4 1593 8 1608 Ρ

2 1619 8 1736 ἰ

147 1512 263 1546 propter
277 1508 504 1537 excellentiorem
517 1512 544 1537 et
557 1508 689 1537 maiorem
707 1508 909 1543 difficultatem,
925 1516 997 1545 quae

147 1555 174 1584 in
197 1555 237 1584 eis
259 1563 330 1593 quae
352 1555 500 1584 arduitatis
522 1559 602 1589 sunt,
626 1555 710 1584 babet
731 1555 908 1592 reperiri.—
926 1556 996 1583 Rur-

147 1612 213 1637 sus,
235 1603 316 1640 dirigi
333 1603 360 1631 in
377 1602 509 1631 electione
532 1605 622 1639 potest
643 1602 744 1639 aliquis
772 1602 813 1630 vel
841 1602 994 1631 secundum

148 1650 275 1688 regulam
297 1650 367 1679 iuris
389 1649 554 1683 naturalis,
578 1650 619 1678 vel
642 1649 797 1679 secuudum
815 1649 941 1686 regulam
959 1649 997 1678 iu-

147 1697 186 1726 ris
201 1697 306 1731 (livini,
322 1700 349 1726 et
369 1697 492 1734 primum
508 1697 622 1733 quidem
642 1701 683 1725 est
699 1696 818 1724 vii-tntis
830 1696 966 1733 politicae
978 1696 996 1731 ³,

149 1744 304 1774 secundum
333 1752 399 1772 vero
421 1747 527 1780 spectat
555 1743 589 1772 ad
612 1743 722 1772 donnin
743 1743 866 1772 consilii.
892 1760 930 1764 -—
957 1744 995 1772 Ex

148 1792 192 1820 his
207 1795 297 1829 potest
318 1791 379 1821 elici
395 1799 445 1828 per
466 1791 607 1829 quandam
627 1790 918 1825 circumlocutionem,
933 1790 996 1827 quis

11 1845 133 1866 conclusioi.
147 1839 183 1868 sit
203 1842 288 1868 actus
308 1838 450 1875 proprius
465 1838 528 1867 doni
552 1837 672 1866 consilii:
689 1837 819 1875 quoniam
843 1841 922 1866 actus
936 1837 997 1866 eius

147 1890 189 1915 est
220 1886 341 1922 dirigere
374 1886 400 1914 in
422 1885 556 1914 electione
577 1884 770 1922 agendorum,
793 1884 997 1921 prosequendo-

0 1914 6 1973 ἦ
147 1941 228 1968 rum,
250 1933 292 1962 vel
316 1932 530 1970 fugiendorum,
553 1940 625 1970 quae
647 1935 711 1960 sunt
727 1931 855 1973 specialis
876 1931 997 1960 arduita-

0 1980 6 2011 l
147 1979 198 2014 tis,
219 1982 246 2008 et
269 1979 319 2008 lioc
345 1979 500 2008 seeundum
525 1978 651 2015 regulam
682 1977 751 2006 iuris
772 1977 887 2011 dioini;
914 1981 941 2006 et
970 1977 995 2005 in

1 2039 3 2053 t
146 2026 197 2055 lioc
219 2026 402 2062 distinguitur
424 2029 504 2054 actus
525 2025 586 2054 eius
607 2024 642 2053 ab
663 2028 727 2052 artu
746 2024 996 2061 prudentiae-oir-

147 2073 217 2102 tntis
232 2077 259 2102 et
273 2072 497 2101 scientiae-doni
508 2073 525 2100 ⁴.
542 2089 578 2092 —
593 2072 618 2100 Si
642 2071 727 2108 igitur
742 2079 877 2108 quaeras,
899 2075 995 2100 utrum

0 2113 4 2148 ι’
146 2124 226 2149 actus
253 2119 318 2148 doni
339 2119 445 2148 consilii
468 2119 503 2148 sit
524 2118 698 2152 consiliaii;
723 2115 889 2153 dicendum,
912 2119 997 2156 quod-

0 2161 3 2171 *
148 2167 169 2196 si
193 2175 241 2204 per
272 2167 388 2195 verbum
412 2165 591 2194 consiliandi
619 2165 789 2202 intelligatur
814 2166 930 2194 directio
958 2174 997 2195 se-

0 2213 271 2254 traminsioe.cuntl1un
295 2213 420 2250 regulam
443 2216 470 2241 et
492 2212 585 2241 lumen
608 2212 730 2246 consilii;
756 2212 794 2241 sic
817 2212 885 2241 bene
908 2216 997 2249 potest

148 2260 273 2293 concedi
296 2259 370 2296 quod
392 2263 471 2287 artus
493 2259 554 2287 eius
576 2259 610 2287 sit
632 2259 780 2287 consiliari.
792 2276 829 2279 ——
844 2259 895 2288 Sed
912 2263 997 2288 atten-

148 2306 271 2335 denduui
294 2309 350 2338 est
373 2305 464 2342 quod.
488 2305 643 2334 secundum
666 2305 740 2342 quod
765 2305 825 2334 vult
853 2305 998 2334 Damasce-

0 2340 2 2393 ζ
32 2361 136 2386 Respicit„
126 2363 136 2375 ³
149 2353 230 2387 nus',
245 2352 391 2381 consilium
409 2351 519 2388 tespiiit
535 2351 655 2389 aliquem
672 2355 765 2380 ictum
778 2352 996 2389 pinea-edentem

0 2423 1 2437 ,
43 2387 101 2404 κω
149 2405 175 2429 et
190 2400 311 2437 aliquem
334 2403 425 2428 ictum
446 2403 616 2437 sequentem.
633 2399 703 2428 Dicit
717 2407 805 2431 enini
820 2400 893 2436 quod
916 2408 994 2436 «pii

0 2460 1 2484 l
150 2455 195 2476 mo
217 2447 300 2475 homo
323 2446 436 2482 inquirit
458 2450 485 2474 et
510 2446 681 2478 consiliatur,
704 2446 804 2474 deinde
826 2446 947 2482 disponit
969 2449 996 2475 et

148 2494 277 2522 ordinat.
301 2492 477 2530 postmodum
501 2493 577 2529 eligit
598 2496 624 2521 et
646 2493 782 2521 consentit
797 2505 822 2520 ιι.
846 2493 876 2521 Et
900 2501 996 2521 secun—

700 163 783 191 DlST.
806 163 907 192 XXXV.
929 164 1002 192 ΛΒΤ.
1025 164 1141 194 UNtCUS
1162 165 1298 202 QUAEST.
1321 166 1362 194 tv.

1854 170 1906 199 781

1060 243 1127 272 dum
1151 243 1203 272 hoc
1225 244 1436 282 intelligendum
1466 249 1523 280 est,
1545 246 1619 282 quod
1650 246 1731 283 dirigi
1754 248 1909 276 secundum

1061 290 1186 327 regulam
1203 291 1322 325 consilii,
1345 292 1397 320 hoc
1412 295 1503 329 potest
1524 300 1584 321 esse
1599 293 1761 330 dupliciter:
1784 297 1833 323 aut
1847 303 1911 323 con—

1059 336 1161 364 silium
1183 336 1372 375 inquirendo,
1394 342 1443 367 aut
1463 339 1620 368 secundum
1643 340 1790 369 consilium
1817 341 1910 378 dispo-

1059 383 1152 412 nendo
1167 387 1194 412 et
1209 384 1347 421 eliqendo.
1363 385 1454 413 Primo
1469 386 1583 422 quidem
1600 386 1682 415 modo
1698 395 1751 415 non
1773 391 1815 416 est
1829 392 1908 417 aetus
1922 395 2035 415 Notandum.

1060 430 1149 467 ipsius
1170 431 1275 460 consilii
1296 431 1475 469 principalis
1490 436 1517 461 et
1538 433 1734 468 aniversalis,
1757 435 1804 463 sed
1828 435 1906 472 quasi

1059 480 1138 505 aetus
1160 478 1220 506 eius
1236 477 1375 511 initialis,
1397 482 1424 507 et
1437 479 1446 492 ⁶
1469 479 1495 507 in
1511 487 1552 513 eo,
1576 480 1602 508 in
1618 489 1674 517 quo
1695 484 1737 510 est
1752 482 1908 511 secundum

1060 526 1162 552 statum
1181 524 1409 561 imperfectionis3
1425 526 1548 555 serundo
1570 535 1637 556 vero
1653 528 1736 557 modo
1754 532 1834 558 actus
1849 529 1909 558 eius

1058 570 1239 599 aniversalis
1253 574 1295 599 est
1310 575 1337 600 et
1349 572 1535 609 principalis.
1559 574 1635 603 Unde
1650 574 1708 603 sive
1724 582 1774 612 per
1789 575 1908 604 verbum

1059 617 1253 652 consiliandi,
1275 618 1334 647 sive
1357 626 1407 656 per
1428 619 1547 648 verbum
1569 620 1755 655 consulendi,
1779 622 1837 651 sive
1859 630 1909 660 per

1059 664 1258 702 quodcumque
1279 665 1354 693 aliud
1379 666 1498 695 verbum
1520 667 1547 695 id
1570 667 1755 704 significetur,
1777 669 1853 706 quod
1868 673 1910 699 est

1059 711 1141 749 dirigi
1158 712 1184 740 in
1206 712 1340 741 electione
1355 713 1457 742 horum
1475 722 1547 751 quae
1563 719 1628 743 sunt
1649 715 1799 745 arduitatis
1814 725 1910 746 secun—

1059 758 1128 787 dum
1149 759 1254 787 consilii
1271 759 1389 794 donum,
1408 761 1483 797 quod
1505 761 1577 798 regit
1592 762 1747 791 secundum
1769 763 1908 793 dictamen

1059 805 1129 834 iuris
1144 800 1256 839 clicini;
1277 806 1428 835 dicendum
1444 810 1501 841 est,
1516 808 1591 844 quod
1615 808 1659 837 liic
1674 812 1715 837 est
1736 813 1815 838 actus
1828 810 1910 847 prin-
1922 821 2021 840 Conclusio
2032 822 2049 840 ³.

1059 851 1164 888 cipalis
1185 855 1212 880 et
1237 853 1383 890 proprius
1404 853 1468 882 doni
1490 854 1606 883 consilii.
1631 871 1671 875 —-
1697 856 1773 884 Unde
1794 857 1908 886 concedi

1059 902 1162 935 potest,
1177 899 1251 936 quod
1274 900 1431 928 consiliari
1445 901 1600 930 secundum
1617 901 1699 930 istam
1720 903 1908 940 acceptionem

1058 948 1100 973 est
1119 945 1180 974 eius
1201 949 1281 975 actus
1302 947 1451 984 proprius,
1479 947 1552 976 sicut
1582 948 1702 978 rationes
1724 949 1759 978 ad
1789 950 1908 986 primam

1059 996 1166 1028 partem
1189 993 1319 1022 inductae
1341 994 1501 1023 ostendunt.

1137 1040 1175 1068 Ad
1201 1040 1269 1069 illud
1296 1049 1363 1070 vero
1391 1042 1466 1079 quod
1494 1042 1593 1071 ultimo
1621 1043 1751 1072 obiicitur
1780 1044 1814 1073 de
1843 1049 1907 1073 actu
1921 1055 1951 1074 Ad
1964 1056 1981 1074 a.
1999 1057 2038 1075 sun-

1057 1088 1234 1123 eonsulendi,
1256 1089 1397 1126 quomodo
1419 1092 1525 1126 spectet
1545 1090 1580 1119 ad
1596 1090 1702 1119 donum
1724 1091 1829 1120 consilii
1841 1103 1848 1126 ;
1870 1093 1908 1121 di·
1921 1079 2035 1098 dammum

1057 1135 1194 1169 cendum,
1222 1136 1296 1173 quod
1326 1136 1492 1171 consulere,
1521 1142 1606 1175 prout
1635 1139 1747 1175 respicit
1767 1139 1906 1175 alterum,

1057 1182 1157 1210 accidit
1178 1182 1251 1210 dono
1273 1183 1399 1217 consilii;
1428 1183 1532 1212 donum
1562 1185 1635 1213 enim
1666 1185 1770 1214 consilii
1795 1187 1907 1223 proprie

1057 1229 1170 1266 respicit
1191 1229 1373 1259 directionem
1396 1234 1475 1259 actus
1498 1232 1623 1268 proprii3
1646 1232 1721 1261 unde
1744 1233 1807 1261 licet
1828 1237 1907 1262 actus

1056 1275 1120 1304 doni
1143 1276 1249 1305 consilii
1264 1277 1426 1306 attendatur
1443 1278 1467 1306 in
1484 1278 1663 1315 dispositione
1685 1283 1712 1308 et
1733 1280 1906 1310 ordinatione

1055 1322 1232 1351 arduorum⁷
1255 1325 1533 1361 prosequendorum3
1558 1325 1624 1363 quia
1646 1330 1737 1355 tamen
1757 1327 1861 1355 donum
1879 1327 1906 1355 il-

1056 1368 1104 1397 lud
1126 1369 1278 1406 aliquando
1299 1374 1341 1399 est
1362 1370 1388 1399 in
1409 1371 1597 1406 abundantia,
1612 1372 1764 1409 aliquando
1786 1373 1811 1401 in
1835 1374 1906 1402 dese-

1054 1421 1116 1449 ctu,
1138 1421 1165 1445 et
1187 1425 1250 1446 cum
1273 1421 1315 1446 est.
1337 1418 1362 1446 in
1392 1418 1577 1453 abundantia,
1594 1420 1676 1448 habet
1702 1420 1799 1449 iuvare
1821 1421 1904 1455 alios,

1054 1471 1117 1491 cum
1142 1471 1207 1492 vero
1222 1467 1263 1492 est
1280 1464 1305 1492 in
1328 1464 1451 1499 defectu,
1475 1465 1557 1494 habet
1580 1466 1668 1494 iuvari
1685 1466 1720 1495 ab
1742 1467 1818 1496 aliis:
1842 1467 1905 1497 hine
1920 1478 2035 1497 Notandum.

1054 1513 1110 1544 est,
1132 1510 1207 1547 quod
1228 1514 1307 1540 actus
1335 1511 1507 1540 con-sulendi
1533 1512 1644 1547 aliam,
1668 1514 1709 1542 vel
1734 1514 1906 1543 consulendi

1053 1555 1108 1583 alii
1134 1557 1207 1585 dono
1228 1557 1334 1586 consilii
1357 1562 1446 1594 potest
1467 1559 1602 1593 attribui;
1625 1563 1723 1589 neuter
1744 1564 1835 1589 tamen
1862 1564 1904 1590 est

1052 1607 1131 1632 actus
1153 1603 1213 1632 eius
1234 1604 1404 1641 principalis.
1434 1605 1510 1634 Unde
1526 1606 1597 1635 inter
1617 1606 1683 1635 istos
1699 1607 1770 1636 duos
1793 1608 1903 1637 medius

1053 1650 1126 1679 cadit
1147 1654 1226 1679 actus
1247 1651 1442 1686 consiliandi,
1465 1653 1571 1682 ratione
1592 1654 1673 1683 cuius
1688 1655 1775 1683 etalii
1799 1655 1902 1684 habent

1052 1705 1114 1726 esse
1135 1698 1198 1726 doni
1221 1698 1336 1727 consilii.
1360 1699 1474 1736 Propter
1496 1700 1569 1737 quod
1595 1709 1647 1729 non
1668 1701 1792 1730 absurde
1812 1706 1901 1739 potest

1053 1743 1122 1778 dici,
1144 1744 1219 1781 quod
1241 1748 1320 1773 actus
1335 1745 1398 1774 doni
1415 1746 1520 1774 consilii
1537 1750 1578 1775 est
1593 1748 1775 1785 semetipsum
1792 1756 1901 1785 regere,

1053 1794 1080 1819 et
1095 1790 1229 1826 ulterius,
1245 1799 1310 1820 cum
1325 1792 1468 1827 abundat,
1490 1793 1568 1822 scire'
1579 1794 1603 1822 in
1620 1795 1755 1823 consimili
1779 1795 1899 1824 alterum

1053 1837 1188 1866 adiuvare
1209 1842 1237 1866 et
1258 1838 1388 1875 dirigere.

1135 1885 1158 1912 l.
1181 1885 1218 1913 Ad
1242 1885 1309 1914 illud
1333 1889 1426 1914 autem
1446 1887 1521 1923 quod
1538 1887 1627 1924 primo
1650 1888 1781 1917 obiicitur
1802 1890 1829 1917 in
1845 1897 2035 1927 con-Somno„

1054 1931 1188 1966 trarium,
1211 1932 1284 1969 quod
1313 1933 1458 1962 consilium
1482 1937 1524 1963 est
1547 1934 1755 1964 iustificationes
1777 1936 1906 1964 observa·
1919 1926 2027 1947 '’⁰⁵¹‘'m'ffi'

1054 1986 1102 2012 re3
1125 1978 1291 2014 dicendum,
1313 1980 1388 2017 quod
1412 1980 1447 2009 ibi
1471 1989 1524 2009 non
1548 1981 1672 2019 tangitur
1693 1986 1772 2011 actus
1798 1983 1904 2011 consilii

1050 2025 1246 2063 principalis,
1273 2027 1320 2055 sed
1351 2036 1534 2066 consequens.
1558 2029 1623 2057 Nam
1647 2029 1711 2058 doni
1735 2029 1840 2058 consilii
1864 2034 1905 2059 est

1053 2073 1198 2111 diripere,
1221 2074 1268 2103 sed
1291 2074 1408 2104 alterius
1430 2075 1494 2104 doni
1509 2076 1518 2089 ⁸
1540 2080 1581 2104 est
1606 2077 1725 2114 exsequi
1745 2081 1772 2105 et
1794 2077 1903 2108 facere:

1054 2119 1116 2148 ideo
1140 2120 1369 2161 iustificationum
1392 2121 1558 2150 observatio
1583 2131 1635 2151 uon
1659 2123 1823 2152 attribuitur
1852 2124 1902 2161 ipsi

1053 2167 1167 2196 consilio
1190 2176 1238 2204 per
1260 2176 1289 2197 se
1311 2172 1338 2197 et
1360 2170 1465 2206 primo,
1488 2169 1535 2198 sed
1558 2170 1593 2198 ad
1620 2170 1829 2199 iustificationes
1858 2171 1904 2199 ob-

1053 2214 1206 2243 servandas
1235 2215 1356 2244 directio
1386 2217 1497 2252 proprie
1526 2216 1705 2245 attribuenda
1727 2221 1768 2245 est
1797 2217 1901 2246 consilii

1053 2260 1134 2289 dono.
1151 2277 1185 2280 —--
1203 2262 1402 2290 Verumtamen
1418 2263 1492 2299 quod
1509 2262 1590 2296 dicit,
1607 2263 1745 2292 neminem
1763 2263 1902 2292 consiliari

1053 2308 1087 2336 de
1103 2316 1135 2336 eo
1150 2308 1224 2345 quod
1240 2309 1384 2343 observat,
1397 2318 1450 2337 non
1467 2309 1550 2338 habet
1567 2309 1724 2338 veritatem:
1741 2310 1806 2346 quia
1822 2318 1902 2339 nemo

1053 2358 1127 2383 recte
1149 2355 1294 2389 observat,
1311 2356 1361 2383 nisi
1378 2364 1456 2384 suam
1474 2356 1696 2385 observationem
1721 2357 1859 2385 rectitudo
1875 2357 1901 2386 in

1053 2401 1224 2430 consiliando
1257 2403 1405 2439 praecedat
1440 2403 1481 2431 vel
1512 2407 1649 2440 quantum
1672 2404 1705 2432 ai]
1730 2403 1835 2432 consilii
1859 2404 1901 2432 in-

1052 2447 1255 2485 quisitionem,
1279 2449 1320 2477 vel
1343 2449 1440 2478 saltem
1464 2453 1599 2486 quantum
1623 2451 1656 2479 :ul
1680 2450 1786 2479 consilii
1809 2451 1900 2487 (lispo-

1051 2494 1192 2522 sitioncin.

213 2639 217 2653 ¹
238 2640 282 2661 (Ἰν.
300 2645 370 2667 supra
390 2645 443 2666 pag.
470 2638 528 2664 72⁷4,
552 2642 602 2659 nota
621 2639 642 2660 ti.
661 2639 762 2664 Ariston,
790 2638 824 2660 Vt.
837 2667 838 2670 Ἴ
851 2639 919 2661 tium:
938 2646 956 2661 (τ.
976 2639 996 2660 53.

148 2679 227 2705 (toret,
247 2679 288 2700 viri
307 2678 427 2706 prudentis
444 2683 506 2704 csse„
524 2677 652 2699 consultare
671 2683 750 2704 posseg
768 2680 789 2698 vt
806 2684 825 2699 c.
843 2678 864 2699 7.
883 2679 927 2700 nit:
947 2678 997 2700 l’ru-

149 2717 223 2739 (tenus
240 2718 301 2739 cuim
321 2717 342 2738 id
361 2717 459 2738 ninxiuic
477 2723 536 2744 opus
552 2722 603 2738 csse
620 2716 730 2743 (licinius,
750 2720 773 2738 ut
791 2721 850 2738 ret-to
868 2718 986 2739 consulu—i.

212 2755 220 2769 ²
238 2756 281 2777 (ΗΓ.
300 2762 369 2783 supra
389 2762 442 2782 pag.
459 2755 517 2781 778,
536 2758 586 2776 nota
609 2754 626 2776 si.
652 2758 671 2775 et
700 2761 752 2782 pag.
779 2754 835 2782 214,
859 2759 909 2777 notu
929 2754 949 2777 lt.
967 2767 998 2771 —

149 2794 205 2816 t-jdd.
217 2793 347 2824 aliqnando
363 2800 407 2823 pru
425 2793 475 2823 ipso
491 2793 571 2816 lmltilu
589 2793 743 2822 inlelliycndi,
765 2793 807 2822 qui
822 2793 903 2822 ‹liu-ipit
919 2793 995 2822 ipsum

149 2832 290 2855 intellectum
303 2836 345 2855 ent.

213 2870 222 2885 ³
238 2871 282 2893 Cl'r.
301 2878 370 2899 supra
389 2878 442 2899 pag.
461 2872 519 2898 7:50,
538 2874 588 2893 noto
607 2871 628 2893 Ji.
647 2883 674 2886 n
696 2871 743 2893 Vnt.
760 2870 907 2900 prmttmliau.

212 2910 220 2924 ⁴
239 2910 296 2932 vide
314 2917 382 2938 supra
402 2918 422 2940 q.
443 2912 462 2932 2,
480 2914 502 2933 et
520 2911 541 2933 d.
560 2912 595 2932 illl,
615 2910 670 2932 (lul).
690 2912 710 2932 2.
724 2922 753 2926 ——
766 2910 835 2932 l'oulo
847 2910 941 2932 interius
955 2916 996 2938 pro

149 2948 212 2978 qnod
223 2949 244 2971 si
256 2950 361 2977 p=·i·multi
374 2950 441 2972 ι-ιιιΙιΙ.
454 2949 518 2979 quod
529 2949 577 2971 elsi.

1117 2640 1127 2654 ⁵
1145 2640 1204 2662 Libr.
1224 2641 1245 2662 ll.
1264 2641 1292 2663 (le
1311 2641 1363 2662 Firlt·
1381 2641 1471 2663 orthod.
1490 2648 1508 2663 c,
1528 2642 1563 2664 22.
1582 2646 1603 2664 vt
1620 2642 1652 2664 ΙΙΙ.
1671 2648 1690 2664 c.
1712 2641 1745 2664 li.
1764 2655 1791 2657 ——
1806 2643 1856 2664 l’ost
1869 2644 1901 2664 ul-

1055 2678 1194 2700 tendendum
1208 2680 1241 2701 csl
1259 2686 1302 2701 uun
1322 2680 1387 2706 patu-i
1406 2679 1474 2701 codd.
1492 2680 1599 2702 omittunt
1615 2679 1684 2709 quod.

1117 2717 1126 2731 θ
1145 2717 1200 2739 liud.
1218 2719 1326 2745 supplent
1343 2719 1382 2740 vsi.

1117 2756 1126 2770 ⁷
1143 2756 1215 2778 (liuhi.
1234 2759 1249 2778 Α
1265 2757 1279 2779 U
1299 2756 1398 2779 talorum.
1416 2757 1558 2780 arduorum.

1117 2794 1126 2808 ⁸
1143 2795 1194 2816 Sril.
1213 2795 1357 2817 fortitudinis.
1375 2796 1419 2818 (lt'r.
1438 2802 1506 2823 supra
1525 2796 1547 2818 (1.
1575 2796 1610 2818 34.
1635 2804 1657 2824 p.
1683 2797 1697 2819 l.
1714 2804 1735 2819 a.
1754 2798 1774 2819 2.
1795 2804 1817 2826 q.
1840 2798 1857 2819 1.
1877 2798 1897 2819 ιιι

1054 2840 1118 2860 corp.
1137 2834 1182 2859 (xta.
1202 2835 1283 2862 urtia).
1300 2846 1332 2850 —
1348 2835 1396 2856 Mox
1415 2841 1457 2862 pro
1475 2834 1524 2857 ιἰΙιύ
1542 2835 1602 2863 (rod.
1622 2836 1637 2857 t:
1663 2836 1684 2858 cl
1708 2835 1767 2864 idco)
1793 2836 1845 2858 odd.
1872 2838 1900 2858 cl.

1054 2871 1148 2893 lust-rius
1171 2879 1212 2900 pro
1232 2872 1344 2901 proprie,
1370 2873 1432 2901 quod
1457 2873 1540 2895 liabent
1562 2873 1628 2896 codd.
1653 2874 1697 2895 ΗΜ
1710 2874 1750 2896 l'll
1763 2874 1781 2896 X
1794 2874 1836 2896 Yz
1854 2874 1901 2902 hb,

1054 2910 1122 2939 :ntiqui
1139 2918 1184 2940 pru
1206 2912 1273 2939 artu,
1299 2912 1350 2934 cod.
1375 2913 1391 2934 Κ
1415 2919 1459 2941 pro
1479 2912 1577 2941 proprio
1599 2914 1666 2941 (ictu,
1691 2913 1741 2935 cod.
1761 2914 1788 2935 W
1806 2913 1901 2943 proprii·

1052 2956 1097 2978 pro
1115 2951 1183 2978 ucln,
1204 2950 1256 2972 edd.
1275 2950 1299 2973 in
1317 2952 1379 2974 ιιι-[ιι.
