2166 3366
10 664 124 684 Notandum.

7 2249 95 2268 sententia
110 2250 124 2268 t.

866 162 1052 191 DlSTlNCTlO
1074 162 1149 190 XXll.

141 239 232 277 potius
246 239 360 268 deberet
382 239 474 268 dicere
489 248 504 268 e
518 247 665 273 converso,
684 240 758 277 quod
773 240 877 268 anima
892 240 983 277 posuit

139 293 273 319 carnem,
294 286 360 323 quia
375 286 438 322 plus
460 286 543 315 habet
559 286 688 315 virtutem
710 287 802 315 anima
821 294 905 323 super
926 295 984 315 car-

139 339 215 366 nem,
237 340 320 369 quam
343 340 408 361 caro
429 340 515 370 super
529 332 658 361 animam.
671 350 709 353 —
721 333 802 367 ltem⁷
818 333 844 361 in
861 340 983 362 resurre-

139 378 227 407 ctione
242 378 334 415 potius
349 379 450 407 dicitur
465 379 557 407 anima
578 380 743 408 resumsisse
758 388 883 414 carnem,
898 387 981 417 quam

138 432 202 453 caro
223 425 356 453 animam:
379 433 445 462 ergo
461 425 486 454 in
502 428 591 454 morte
606 426 697 462 potius
718 426 832 455 deberet
846 426 899 455 dici
921 426 983 454 ani-

139 471 208 500 ma¹
233 472 357 508 posuisse
378 480 515 505 carnem,
538 480 622 509 quam
645 480 659 501 e
681 480 823 502 converso.

217 518 395 548 Rnsrount-:oz
418 518 588 553 Dicendum,
610 520 684 556 quod
708 520 795 557 magis
816 520 918 549 dicitur
946 520 981 549 de

138 573 244 598 earne,
265 565 340 602 quod
363 566 487 602 posuerit
508 565 658 599 animam,
680 575 765 603 quam
788 575 802 595 e
824 574 978 601 converso,

138 619 190 640 non
213 612 278 649 quia
293 620 364 640 earo
380 612 510 641 virtutem
527 613 625 642 habuit
638 613 646 626 ²
669 622 754 650 super
773 614 910 648 animam,
931 614 979 643 sed

138 658 217 696 quia,
238 666 320 687 carne
342 662 514 693 remanente,
536 660 628 687 anima
649 669 665 688 a
691 668 773 689 carne
795 660 938 695 discessit3
953 664 980 689 et

138 705 204 743 quia
226 713 274 742 per
288 705 422 734 animam
439 705 602 742 intelligitur
616 707 687 740 vita,
709 715 779 744 quae
796 707 882 744 magis
897 707 981 736 habet

138 751 271 780 rationem
289 751 382 788 pretii;
398 755 425 780 et
445 752 576 789 quoniam
593 753 675 781 etiam
692 753 784 781 anima
805 754 980 790 praesidebat

137 798 228 827 carni:
252 798 313 826 ideo
335 798 422 834 magis
444 799 479 827 de
500 807 590 827 carne
611 799 713 828 dicitur
729 800 844 837 deponi,
860 808 942 837 quam
965 808 980 829 e

137 852 279 874 converso.

216 891 246 920 Et
264 899 313 928 per
329 891 380 920 hoc
396 894 470 928 patet
489 892 632 929 responsio
647 892 682 921 ad
703 892 817 921 obiecta.
833 893 889 921 Non
905 893 977 922 enim

136 937 238 967 dicitur
253 946 324 966 caro
340 938 465 974 posuisse
486 938 616 973 animam,
638 939 716 976 quasi
740 940 790 968 hoc
803 939 812 952 Β
835 948 898 968 caro
919 948 980 977 pro-

137 985 198 1022 pria
225 985 328 1014 virtute
351 985 460 1018 secerit;
482 985 530 1014 sed
552 985 617 1023 quia
646 986 734 1015 virtus
764 986 857 1015 divina
882 987 979 1015 aderat

137 1031 215 1061 unita
236 1031 325 1066 carni,
348 1031 406 1060 sine
432 1032 514 1060 cuius
537 1032 716 1069 permissione
743 1033 834 1061 anima
860 1042 913 1061 non
937 1041 980 1070 po-

137 1081 208 1107 terat
228 1078 328 1116 deponi
350 1078 384 1107 de
405 1086 488 1108 carne
501 1078 520 1106 ⁴.

492 1172 557 1200 Duo.
580 1172 619 1200 ΙΙΙ.

215 1266 280 1294 Item
303 1265 449 1302 quaeritur
470 1265 505 1294 de
527 1266 578 1293 hoc
593 1266 666 1302 qnod
690 1266 770 1294 dicit:
795 1266 871 1294 Idem
890 1267 979 1304 pacie-

138 1312 225 1341 batur
246 1316 271 1340 et
284 1320 342 1340 non.
361 1312 540 1349 patiebatur,
555 1312 736 1341 moriebatur
758 1316 783 1341 et
803 1322 861 1341 non
878 1313 979 1342 morie-

137 1359 232 1388 batur.
262 1359 315 1388 lloo
343 1359 416 1388 enim
446 1359 558 1388 videtur
578 1359 696 1387 salsum:
723 1360 789 1396 quia
810 1360 977 1397 principium

137 1406 259 1444 primum
280 1409 322 1435 est
344 1406 369 1434 in
393 1406 483 1434 Prima
499 1406 672 1443 Philosophia
686 1406 704 1440 ⁶,
727 1406 801 1443 quod
828 1417 840 1431 «
856 1407 979 1444 impossi-

137 1453 192 1482 bile
207 1456 264 1487 est,
286 1452 369 1481 simul
392 1456 419 1481 et
439 1452 524 1481 semel
547 1452 581 1481 de
604 1461 658 1481 uno
680 1456 706 1481 et
728 1453 824 1481 eodem
847 1453 898 1482 dici
922 1453 978 1482 duo

137 1499 349 1528 contradictorie
364 1499 489 1536 opposita
501 1510 530 1527 »z
546 1507 612 1536 ergo
627 1500 648 1528 si
666 1500 733 1528 haec
748 1502 789 1528 est
811 1507 887 1528 vera:
903 1500 979 1528 Chri-

136 1550 197 1575 stus
212 1546 393 1580 moriebatur,
416 1546 483 1574 hacc
498 1546 660 1583 sin‘ipliciter
681 1546 733 1574 erit
749 1546 828 1574 falsa:
851 1546 978 1575 Christus

137 1601 190 1621 non
214 1592 393 1621 moriebatur.
416 1592 449 1621 St
464 1596 494 1620 tit
516 1592 612 1625 dicax,
632 1593 704 1629 quod
729 1596 838 1621 nonest
860 1593 894 1621 ihi
918 1601 978 1622 con-

138 1639 273 1672 tradictio,
295 1639 360 1676 quia
382 1639 433 1667 hoc
455 1639 618 1667 attribuitur
632 1639 656 1667 el
676 1640 830 1667 secundum
853 1640 978 1668 diversas

137 1689 267 1718 naturas,
288 1689 315 1714 et
335 1686 370 1714 ad
393 1686 457 1719 hoc,
479 1685 553 1722 quod
577 1686 610 1714 sit
636 1685 829 1720 contradictio,
850 1690 977 1723 oportet,

136 1733 210 1770 quod
232 1732 358 1770 opposita
386 1741 438 1760 non
469 1732 559 1760 solum
588 1732 776 1760 attribuantur
802 1732 906 1766 eidem.
928 1733 975 1761 sed

136 1780 218 1808 etiam
241 1779 395 1808 secundum
418 1779 490 1807 idem
504 1780 527 1812 '⁵3
550 1780 600 1807 hoc
622 1787 673 1806 non
697 1779 793 1813 solvit,
814 1779 879 1816 quia
894 1780 915 1808 si
932 1780 977 1808 ali-

136 1826 199 1863 quis
221 1826 337 1860 diceret,
360 1826 471 1854 Petrum
494 1833 554 1854 esse
569 1825 679 1857 album,
702 1825 766 1862 quia
781 1828 821 1853 est
843 1825 923 1854 albus
938 1833 977 1854 se-

1824 164 1880 192 447

1040 240 1163 269 cundum
1185 248 1300 277 corpus,
1329 244 1355 269 et
1379 249 1430 268 non
1453 249 1512 270 esse
1537 241 1649 275 album,
1671 241 1735 279 quia
1766 250 1817 269 non
1841 245 1881 270 est

1039 287 1120 315 albus
1142 287 1296 315 seeundum
1319 287 1454 321 animam;
1477 288 1544 316 nihil
1567 288 1680 317 diceret.
1696 288 1785 316 l'rima
1807 289 1881 317 enim

1039 336 1112 363 esset
1139 333 1301 370 simpliciter
1330 341 1414 363 vera.
1447 334 1569 363 secunda
1601 335 1763 372 simpliciter
1795 335 1880 363 falsa:

1039 388 1105 417 ergo
1126 380 1148 409 si
1172 380 1238 409 haec
1253 384 1294 408 est
1316 388 1381 409 vera
1397 381 1551 410 secundum
1568 381 1783 410 humanitatem:
1807 382 1882 410 Chri-

1039 430 1099 456 stus
1119 430 1160 455 est
1189 429 1333 460 mortuus;
1356 427 1406 455 ista
1435 428 1487 456 erit
1509 427 1670 465 simpliciter
1699 428 1784 457 falsa:
1807 428 1882 456 Chri-

1039 477 1098 501 stus
1123 481 1177 501 non
1199 476 1241 502 est
1267 476 1403 501 mortuus.
1420 490 1457 494 -
1473 474 1554 504 ltem.
1577 474 1643 502 haec
1669 475 1773 511 absque
1796 474 1882 503 dubio

1038 523 1079 548 est
1095 528 1175 548 vera:
1198 520 1324 548 Christus
1348 520 1430 548 homo
1452 524 1492 549 est
1515 529 1613 557 passus
1635 525 1660 549 et
1683 525 1830 556 mortuus3
1859 522 1880 550 si

1038 574 1104 603 ergo
1124 569 1165 595 est
1187 567 1401 595 communicatio
1424 567 1603 602 idiomatum,
1633 568 1700 597 haec
1722 569 1773 597 erit
1796 577 1880 597 vera:

1039 613 1111 641 Deus
1126 615 1168 641 est
1183 616 1325 641 mortuus:
1348 621 1414 650 ergo
1436 613 1572 644 Christus.
1590 615 1671 642 homo
1692 618 1719 643 et
1734 615 1816 644 Deus.
1839 619 1879 644 est

1039 663 1173 689 mortuus.
1197 660 1221 688 Si
1245 660 1328 697 igitur
1351 660 1417 689 haec
1439 663 1479 688 est
1502 668 1568 689 vera
1590 661 1663 689 omni
1688 663 1783 690 modo:
1806 662 1880 690 Chri-

1038 709 1098 736 stus
1118 710 1159 736 est
1175 710 1315 740 mortuus,
1337 707 1389 735 erit
1404 708 1531 744 opposita
1545 708 1606 737 eins
1625 708 1787 745 simpliciter
1802 709 1878 737 salsa.

1117 754 1293 783 Responnuo:
1317 754 1484 788 Dicendum,
1500 755 1574 791 quod
1590 755 1695 791 absque
1710 755 1795 783 dubio
1812 755 1878 783 illud

1037 801 1110 838 quod
1127 801 1253 829 convenit
1268 801 1377 829 Christo
1399 802 1554 830 secundum
1570 806 1711 830 naturam
1730 803 1879 831 humanam

1037 851 1064 876 et
1077 847 1085 860 ⁷
1108 847 1261 876 secundum
1277 848 1415 882 divinam,
1439 848 1603 885 simpliciter
1623 853 1649 876 et
1666 856 1730 877 vere
1753 851 1841 885 potest
1855 849 1878 877 ei

1036 894 1160 923 attribui.
1195 895 1269 923 Unde
1303 903 1365 923 vere
1394 895 1514 923 dicitur:
1544 895 1672 924 Christus
1700 899 1741 924 est
1771 899 1879 924 creator

1036 941 1177 976 omnium,
1198 941 1324 970 Christus
1346 945 1427 970 natus
1448 945 1489 970 est
1510 942 1544 970 de
1567 942 1693 978 Virgine:
1709 950 1774 971 vere
1795 942 1877 970 otiam

1037 988 1155 1017 dicitur:
1178 987 1305 1016 Christus
1326 992 1367 1017 est
1390 988 1529 1022 mortalis,
1552 989 1679 1017 Christus
1707 993 1747 1017 est
1771 989 1880 1017 immor-

1037 1034 1106 1063 talis.
1129 1035 1261 1071 Quamvis
1288 1038 1381 1063 autem
1408 1035 1511 1072 aliquid
1536 1035 1679 1063 conveniat
1708 1035 1817 1064 Christo
1843 1043 1881 1064 se-

1036 1082 1159 1110 cundum
1182 1085 1310 1110 naturam
1332 1085 1501 1115 assumtam,
1523 1082 1597 1119 qnod
1624 1090 1676 1110 non
1706 1082 1833 1111 convenit
1856 1082 1879 1111 ei

1036 1128 1190 1157 secundum
1212 1132 1339 1157 naturam
1362 1129 1502 1162 ‹livinam;
1518 1137 1570 1157 non
1594 1133 1682 1166 potest
1702 1133 1792 1157 tamen
1814 1129 1881 1157 sim-

1034 1174 1147 1212 pliciter
1176 1175 1318 1203 removere?
1342 1175 1377 1204 ab
1398 1183 1442 1209 eo,
1471 1175 1535 1213 qnia
1566 1176 1629 1212 plus
1659 1175 1727 1204 tollit
1757 1176 1878 1212 negatio.

1036 1229 1119 1258 quam
1143 1224 1224 1258 ponat
1246 1221 1393 1250 affirmatio
1410 1222 1427 1249 ⁸.
1452 1222 1481 1250 Et
1504 1222 1564 1251 ideo
1582 1222 1764 1251 affirmativa(-
1787 1230 1879 1251 ronce-

1036 1268 1143 1296 dendae
1165 1271 1230 1296 sunt
1252 1271 1382 1305 tanquam
1406 1277 1506 1302 verae;
1529 1269 1670 1306 negativae
1694 1277 1759 1298 vero
1781 1278 1878 1306 negan-

1036 1314 1087 1342 dae
1109 1317 1173 1343 sunt
1196 1318 1326 1352 tanquam
1342 1314 1442 1349 salsae,
1465 1315 1515 1343 nisi
1532 1319 1723 1352 proponantur
1745 1316 1788 1344 vel
1805 1316 1879 1344 intel-

1037 1361 1157 1397 ligantur
1183 1368 1246 1390 cum
1268 1361 1372 1389 adttitct
1390 1361 1635 1391 determinatione.
1652 1363 1727 1391 Unde
1749 1363 1815 1391 haec
1838 1367 1878 1392 est

1037 1415 1117 1436 vera:
1139 1407 1266 1436 Christus
1282 1416 1333 1435 non
1350 1412 1390 1436 est
1413 1411 1540 1437 mortuns
1556 1409 1710 1438 secundum
1731 1410 1877 1443 Deitatenn

1036 1455 1104 1484 haec
1129 1457 1222 1483 autem
1251 1455 1421 1492 simpliciter
1450 1455 1571 1492 prolata:
1601 1456 1728 1485 Christus
1756 1465 1808 1485 non
1838 1461 1878 1486 est

1038 1504 1180 1535 mortuus,
1202 1501 1269 1530 salsa
1284 1505 1333 1530 est.
1349 1518 1387 1522 —
1402 1501 1563 1531 Ambrosius
1577 1502 1586 1517 ⁹
1600 1506 1693 1531 autem
1709 1507 1735 1532 et
1751 1504 1878 1540 Magister

1036 1548 1192 1584 praedictas
1208 1548 1359 1576 locutiones
1381 1548 1535 1585 intelligunt
1555 1557 1618 1577 rum
1641 1549 1878 1578 determimtlione

1035 1594 1192 1627 adiuncta,
1213 1595 1286 1631 qnod
1310 1598 1383 1632 patet
1400 1603 1448 1632 per
1470 1595 1552 1624 tinem
1567 1596 1747 1625 auctoritatis.
1766 1597 1878 1625 Praeta-

1035 1649 1097 1673 νεα,
1119 1648 1153 1668 ex
1177 1641 1227 1669 hoc
1251 1641 1310 1677 ipso
1331 1642 1405 1678 quod
1428 1643 1555 1679 proponit
1583 1643 1648 1671 istas
1670 1643 1767 1672 simul:
1796 1654 1808 1668 «
1825 1652 1878 1672 mo-

1035 1688 1160 1716 riebatur
1181 1691 1207 1716 et
1226 1696 1278 1715 non
1303 1688 1474 1717 moriebatur
1487 1701 1512 1723 ιι,
1535 1692 1659 1718 arctatur
1675 1698 1738 1726 pars
1760 1690 1878 1719 affirma-

1036 1735 1090 1762 tiva
1111 1734 1146 1762 ad
1170 1735 1320 1762 humanam
1347 1738 1475 1763 naturam
1501 1739 1527 1764 et
1543 1736 1669 1772 negativa
1688 1737 1721 1764 ad
1745 1737 1876 1765 divinam.

1034 1780 1096 1809 Ideo
1116 1788 1168 1808 non
1185 1784 1225 1808 est
1241 1781 1276 1808 ihi
1299 1781 1491 1809 contradictio.
1507 1782 1572 1818 quia
1592 1790 1644 1810 non
1660 1786 1700 1810 est
1722 1783 1876 1811 secundum

1034 1826 1116 1854 idem.
1128 1842 1166 1847 -—
1179 1826 1208 1854 Et
1224 1834 1272 1863 per
1289 1827 1338 1855 hoc
1356 1831 1428 1863 patet
1444 1828 1510 1856 satis
1526 1829 1668 1865 responsio
1683 1829 1717 1857 ad
1733 1829 1838 1857 obiecta
1852 1830 1876 1857 Ν.

788 1921 1074 1958 DISTINCTIO
1101 1922 1228 1958 XXII.

508 2030 567 2056 Cae.
590 2030 605 2056 l.

309 2116 339 2143 Si
358 2115 479 2143 Christus
500 2115 529 2142 t'n
547 2119 632 2142 morte
650 2114 703 2150 fuit
723 2114 808 2141 ltomo.

209 2202 257 2228 Hie
277 2202 429 2236 quaeritur,
444 2205 531 2228 utrum
547 2202 571 2228 in
594 2201 636 2227 illo
652 2201 739 2227 triduo
757 2201 848 2226 mortis
861 2200 980 2227 Christus

139 2244 219 2271 fuerit
245 2245 332 2271 homo.
351 2259 387 2264 —
406 2244 480 2275 Quod
508 2252 558 2270 non
585 2244 690 2270 videtur
715 2243 892 2277 quibusdam,
917 2243 980 2277 quia

139 2291 262 2313 mortuus
276 2290 345 2318 erat,
364 2290 389 2313 et
408 2286 487 2312 homo
500 2290 623 2312 mortuas
644 2293 694 2311 non
714 2289 752 2311 est
773 2284 859 2310 homo.
874 2284 980 2311 Addunt

138 2329 230 2361 etiam,
249 2330 321 2364 quod
341 2329 362 2356 si
384 2333 446 2356 tune
466 2332 522 2356 erat
542 2329 636 2360 homo,
661 2329 701 2355 vel
715 2327 854 2358 mortalis,
876 2327 916 2354 vel
930 2327 979 2354 im-

138 2371 269 2399 mortalis.
284 2372 334 2399 Sed
348 2371 472 2398 mortalis
486 2379 550 2403 non,
569 2372 631 2406 quia
645 2374 785 2402 mortuus‚·
805 2378 852 2396 nec
867 2369 974 2396 immor-

1038 2029 1114 2061 talis,
1134 2031 1196 2064 qnia
1217 2034 1317 2057 tantum
1334 2035 1391 2065 post
1414 2032 1662 2060 t·estii·i·eetioneni¹.
1675 2047 1710 2052 —
1723 2033 1824 2064 Quibus
1843 2041 1880 2060 re-

1037 2072 1213 2106 spondemus,
1233 2074 1312 2108 quia,
1332 2074 1393 2100 licet
1414 2074 1493 2101 homo
1519 2079 1639 2102 mortuus
1659 2076 1749 2107 suerit,
1770 2080 1827 2103 erat
1847 2080 1881 2103 ta-

1037 2122 1096 2142 men
1118 2116 1142 2142 in
1164 2120 1247 2143 morte
1268 2117 1446 2149 Deus-homo,
1467 2125 1514 2144 nec
1544 2118 1668 2145 mortalis
1695 2119 1802 2153 quidem
1832 2127 1880 2146 nce

1037 2157 1217 2189 zbmnortolis,
1237 2163 1261 2185 et
1287 2163 1373 2186 tamen
1401 2168 1462 2186 vere
1482 2164 1538 2187 erat
1559 2160 1645 2187 homo.
1670 2162 1732 2188 Illae
1758 2163 1827 2188 enim
1855 2167 1879 2189 et

1037 2201 1189 2227 huiusmodi
1205 2203 1324 2235 argutiae
1339 2203 1363 2228 in
1378 2203 1508 2229 creaturis
1530 2203 1615 2230 locum
1631 2204 1743 2237 hahent,
1757 2205 1802 2231 sed
1818 2206 1878 2231 fidei

1036 2247 1231 2270 sacramentum
1252 2252 1265 2271 a
1291 2245 1484 2279 philosophicis
1510 2247 1672 2279 argumentis
1692 2251 1731 2273 est
1757 2247 1879 2274 liberum.

1036 2285 1111 2312 Unde
1125 2286 1316 2313 Ambrosius²z
1341 2298 1350 2309 n
1366 2288 1445 2314 Auser
1466 2292 1635 2321 argumenta,
1651 2288 1694 2314 ubi
1716 2288 1780 2315 fides
1800 2297 1879 2323 quae-

1037 2328 1111 2355 ritur.
1126 2329 1153 2354 ln
1173 2329 1237 2363 ipsis
1259 2330 1404 2363 gymnasiis
1418 2330 1473 2356 suis
1494 2331 1545 2356 iam
1565 2330 1705 2357 dialectica
1721 2334 1820 2361 laneam
1843 2332 1879 2365 pi-

1036 2371 1185 2397 scatoribus
1204 2372 1335 2403 creditur,
1355 2380 1406 2398 non
1421 2372 1601 2399 dialecticis».
1624 2373 1741 2400 Dicimus
1761 2381 1837 2408 ergo,
1853 2375 1877 2400 in

202 2489 208 2504 ¹
228 2490 249 2512 ln
267 2490 317 2512 cod.
336 2490 352 2511 N
370 2490 483 2512 adiectum
501 2494 535 2512 est
553 2489 653 2516 Christi,
671 2490 691 2511 in
711 2489 762 2511 edd.
781 2488 838 2518 ipsa.

199 2528 208 2542 ἵ
227 2528 298 2550 Codd.
317 2529 333 2550 A
343 2529 360 2549 G
371 2528 388 2550 11
399 2528 414 2550 L
425 2528 442 2550 'l'
455 2528 472 2549 V
485 2527 600 2551 habuerit.
614 2528 682 2550 Paulo
700 2528 805 2555 superius
818 2533 858 2554 pro
875 2526 979 2556 posuerit

139 2567 193 2589 edd.
210 2573 263 2589 cum
281 2568 367 2595 aliquot
383 2567 450 2589 codd.
465 2566 550 2595 posuit.

199 2605 209 2620 ³
228 2606 269 2628 Pro
286 2605 355 2635 quasi
372 2605 415 2628 hoc
431 2605 483 2628 cdd.
501 2606 599 2634 propter
614 2605 657 2628 hoc
674 2604 744 2635 quod.
763 2605 783 2626 ln
802 2604 845 2626 tine
863 2604 915 2626 edd.
940 2605 979 2626 ha-

140 2645 194 2667 bent
210 2644 294 2673 deponi
310 2650 325 2667 a
342 2650 425 2672 carne,
446 2644 513 2666 codd.
531 2644 547 2666 C
558 2644 578 2666 X
596 2644 709 2673 deponere
727 2649 830 2666 curnem.

203 2683 211 2697 ⁴
228 2683 272 2705 cfr.
291 2689 360 2711 supra
382 2689 402 2704 a.
425 2684 441 2705 l.
460 2690 481 2711 q.
504 2683 521 2705 1,
545 2683 573 2705 ad
595 2684 612 2710 l⁷
630 2686 651 2705 et
674 2682 779 2704 Bit-hard.
797 2688 809 2703 a
821 2682 886 2705 Med..
904 2682 940 2704 hic
957 2682 979 2704 d.

143 2722 176 2744 16.
194 2728 215 2750 q.
235 2721 260 2749 4;
279 2722 335 2744 Petr.
353 2728 364 2743 a
384 2721 448 2750 Tar.y
467 2722 502 2744 hic
519 2722 577 2743 circa
596 2722 626 2744 lit.

200 2761 210 2775 ⁵
228 2761 285 2783 Vide
302 2761 404 2788 Aristot.,
422 2761 456 2783 lV.
470 2761 566 2789 Metaph.
584 2763 635 2783 text.
648 2761 668 2782 9.
686 2766 750 2788 seqq.
768 2759 814 2786 (ΙΙΙ.
832 2764 850 2780 c.
864 2758 884 2780 3.
897 2761 978 2786 seqq),

140 2800 180 2822 ubi
197 2801 335 2828 principium
353 2800 536 2822 contradictionis
554 2802 698 2822 monstratur.

201 2838 211 2853 θ
228 2838 272 2861 Csr.
289 2845 357 2866 supra
375 2845 428 2866 pag.
447 2838 503 2866 205,
521 2841 572 2860 nota
591 2837 611 2859 5.

201 2876 211 2891 ⁷
227 2877 283 2899 Edd.
301 2876 383 2904 etiam,
403 2882 534 2905 perperam.
551 2877 599 2898 ltlox
618 2882 659 2903 pro
676 2874 697 2897 εἰ
713 2874 763 2896 cod.
782 2874 810 2895 W
828 2873 907 2896 eidem.

201 2914 210 2929 ⁸
227 2914 271 2937 Csr.
289 2921 358 2943 supra
376 2915 398 2938 d.
420 2916 452 2937 ll.
471 2922 490 2937 a.
509 2916 530 2937 2.
549 2921 570 2943 q.
588 2915 608 2936 2.
627 2914 655 2936 ad
674 2914 694 2935 3.
712 2916 733 2935 et
751 2912 772 2934 4.
797 2919 838 2935 nec
856 2918 900 2934 non
918 2919 939 2941 q.
958 2913 978 2934 3.

140 2953 169 2976 ad
187 2953 207 2975 4.
219 2966 250 2970 -
262 2954 304 2976 Pro
320 2953 350 2976 ab
366 2960 392 2977 eo
409 2954 460 2976 edd.
479 2953 509 2976 ab
525 2960 560 2976 eu.

1097 2488 1107 2503 ⁹
1123 2489 1153 2510 Ex
1171 2495 1217 2518 quo
1235 2493 1307 2512 textus
1325 2491 1391 2512 huius
1405 2489 1468 2511 dubii
1487 2490 1522 2514 (in
1537 2490 1566 2512 lit.
1586 2491 1695 2518 Magistri,
1709 2497 1727 2513 c.
1741 2492 1771 2518 2.)
1789 2496 1878 2514 sumtus

1035 2531 1075 2550 est.
1088 2540 1118 2543 —
1130 2528 1198 2550 Paulo
1215 2528 1308 2550 interius
1325 2534 1367 2556 pro
1385 2529 1508 2551 Praeterea
1527 2529 1579 2551 edd.
1596 2529 1680 2557 primo.

1099 2566 1117 2580 ¹⁰
1135 2566 1178 2588 Ct'r.
1197 2567 1225 2588 (le
1243 2568 1285 2589 hoc
1309 2567 1379 2589 dubio
1397 2567 1420 2588 ss.
1443 2567 1533 2593 Albe-rt.v
1553 2568 1587 2589 hic
1609 2574 1628 2589 a.
1652 2568 1676 2592 4:
1695 2569 1716 2590 S.
1735 2569 1826 2596 Thom„
1844 2570 1878 2591 hic

1036 2611 1058 2633 q.
1080 2605 1097 2626 1.
1115 2612 1135 2627 a.
1153 2605 1173 2627 3.
1191 2605 1219 2627 ad
1238 2605 1261 2631 4;
1281 2606 1336 2627 Petr.
1354 2613 1365 2627 a
1385 2606 1444 2633 Tar.y
1464 2606 1498 2627 hic
1516 2612 1537 2634 q.
1556 2607 1576 2628 2.
1595 2612 1614 2628 a.
1633 2607 1652 2628 3.
1671 2610 1692 2629 et
1704 2608 1762 2629 circa
1781 2608 1823 2635 lit.;
1842 2608 1879 2629 tn-

1036 2643 1113 2665 chard.
1131 2650 1143 2666 a
1162 2644 1227 2671 ltled.y
1245 2645 1280 2666 hic
1297 2645 1356 2666 circa
1374 2645 1403 2666 lit.

1208 2681 1302 2705 NOTAE:
1320 2681 1357 2705 AD
1373 2682 1449 2705 LIBR.
1469 2682 1705 2706 SENTENTIARUM.

1102 2719 1108 2734 ¹
1126 2719 1181 2742 Cod.
1199 2721 1215 2742 Ε
1232 2724 1253 2743 et
1265 2721 1318 2743 edd.
1335 2722 1352 2744 1,
1366 2722 1378 2742 8
1396 2721 1504 2743 adiiciunt
1515 2727 1570 2751 erqo
1588 2728 1634 2744 ozon
1647 2723 1698 2745 erat
1714 2722 1798 2751 ltomo‚·
1810 2724 1878 2751 paulo

1036 2759 1142 2786 superius
1155 2761 1205 2786 post
1222 2758 1375 2786 inmortalis,
1393 2759 1448 2788 qaia
1466 2760 1516 2782 cod.
1536 2760 1552 2781 D
1565 2759 1622 2782 bene
1640 2760 1701 2783 addit
1719 2760 1768 2784 hor.
1786 2774 1815 2777 —
1832 2761 1877 2784 etr.

1037 2797 1104 2825 Hugo
1121 2797 1149 2819 de
1167 2798 1189 2819 S.
1214 2797 1278 2825 vict,
1303 2798 1325 2819 ll.
1351 2797 1378 2820 de
1401 2798 1500 2820 Sacram.
1524 2805 1546 2826 p.
1569 2799 1582 2820 l.
1605 2805 1623 2821 c.
1646 2800 1678 2826 ll,
1696 2806 1722 2822 cx
1743 2806 1789 2828 qno
1813 2800 1878 2828 Magi-

1037 2839 1082 2858 ster
1104 2836 1173 2858 multa
1191 2837 1308 2864 excerpsit.

1098 2874 1107 2888 2
1125 2874 1184 2896 Libr.
1197 2875 1211 2896 l.
1223 2874 1251 2896 de
1265 2874 1324 2902 Fide,
1337 2881 1355 2897 c.
1374 2876 1405 2897 13.
1419 2881 1439 2897 n.
1454 2875 1495 2903 84,
1508 2877 1546 2904 qui
1560 2876 1623 2898 locus
1635 2876 1678 2899 sub
1691 2878 1781 2899 nomine
1794 2878 1815 2899 S
1829 2878 1877 2899 Hie-

1036 2914 1126 2941 ronymi
1144 2913 1253 2941 allegatus
1269 2918 1302 2936 est
1314 2914 1335 2936 in
1355 2914 1473 2936 Prooemio
1489 2914 1517 2936 ad
1542 2915 1554 2936 Ι.
1574 2915 1622 2937 libr.
1640 2916 1700 2937 Sent.
1718 2922 1739 2944 q.
1753 2917 1772 2937 Ξ.
1792 2922 1840 2944 arg.
1856 2917 1876 2938 6.

1037 2951 1065 2973 ad
1077 2952 1186 2979 opposit.;
1205 2952 1257 2974 xide
1275 2955 1329 2974 torn,
1348 2952 1360 2973 l.
1379 2959 1431 2980 pag.
1454 2953 1486 2981 lo,
1505 2956 1556 2975 nota
1573 2953 1594 2975 5.

1896 811 2007 831 Notandum.

1895 1186 1948 1204 Nota.

1894 2041 1949 2064 Resp.
1973 2042 2009 2059 Ma-

1914 2068 1972 2088 gistri.

1893 2294 2010 2313 Ambrosius.
