<?xml version="1.0" encoding="UTF-8"?>
<!DOCTYPE html PUBLIC "-//W3C//DTD XHTML 1.0 Transitional//EN"
    "http://www.w3.org/TR/xhtml1/DTD/xhtml1-transitional.dtd">
<html xmlns="http://www.w3.org/1999/xhtml" xml:lang="en" lang="en">
 <head>
  <title>
</title>
<meta http-equiv="Content-Type" content="text/html;charset=utf-8" />
  <meta name='ocr-system' content='tesseract 3.04.00' />
  <meta name='ocr-capabilities' content='ocr_page ocr_carea ocr_par ocr_line ocrx_word'/>
</head>
<body>
  <div class='ocr_page' id='page_1' title='image "./doctorisseraphic03bona_0910.png"; bbox 0 0 2166 3366; ppageno 0'>
   <div class='ocr_carea' id='block_1_1' title="bbox 113 642 241 708">
    <p class='ocr_par' dir='ltr' id='par_1_1' title="bbox 113 642 241 708">
     <span class='ocr_line' id='line_1_1' title="bbox 113 642 241 669; baseline -0.008 -8"><span class='ocrx_word' id='word_1_1' title='bbox 113 643 204 669; x_wconf 75' lang='lat' dir='ltr'>Reductio</span> <span class='ocrx_word' id='word_1_2' title='bbox 215 642 241 660; x_wconf 81' lang='lat' dir='ltr'>af-</span> 
     </span>
     <span class='ocr_line' id='line_1_2' title="bbox 139 667 240 685; baseline -0.01 0"><span class='ocrx_word' id='word_1_3' title='bbox 139 667 240 685; x_wconf 78' lang='lat' dir='ltr'>sectionum</span> 
     </span>
     <span class='ocr_line' id='line_1_3' title="bbox 138 689 227 708; baseline -0.011 0"><span class='ocrx_word' id='word_1_4' title='bbox 138 690 162 708; x_wconf 80' lang='lat' dir='ltr'>ad</span> <span class='ocrx_word' id='word_1_5' title='bbox 175 689 227 708; x_wconf 77' lang='lat' dir='ltr'>duas.</span> 
     </span>
    </p>
   </div>
   <div class='ocr_carea' id='block_1_2' title="bbox 123 1159 237 1178">
    <p class='ocr_par' dir='ltr' id='par_1_2' title="bbox 123 1159 237 1178">
     <span class='ocr_line' id='line_1_4' title="bbox 123 1159 237 1178; baseline 0 0"><span class='ocrx_word' id='word_1_6' title='bbox 123 1159 237 1178; x_wconf 74' lang='lat' dir='ltr'>Notandum.</span> 
     </span>
    </p>
   </div>
   <div class='ocr_carea' id='block_1_3' title="bbox 122 1534 235 1554">
    <p class='ocr_par' dir='ltr' id='par_1_3' title="bbox 122 1534 235 1554">
     <span class='ocr_line' id='line_1_5' title="bbox 122 1534 235 1554; baseline 0 -1"><span class='ocrx_word' id='word_1_7' title='bbox 122 1534 235 1554; x_wconf 74' lang='lat' dir='ltr'>Notandum.</span> 
     </span>
    </p>
   </div>
   <div class='ocr_carea' id='block_1_4' title="bbox 258 185 315 213">
    <p class='ocr_par' dir='ltr' id='par_1_4' title="bbox 258 185 315 213">
     <span class='ocr_line' id='line_1_6' title="bbox 258 185 315 213; baseline 0 0"><span class='ocrx_word' id='word_1_8' title='bbox 258 185 315 213; x_wconf 79' lang='lat'>886</span> 
     </span>
    </p>
   </div>
   <div class='ocr_carea' id='block_1_5' title="bbox 248 259 1104 1943">
    <p class='ocr_par' dir='ltr' id='par_1_5' title="bbox 255 259 1104 533">
     <span class='ocr_line' id='line_1_7' title="bbox 257 259 1102 299; baseline -0.005 -8"><span class='ocrx_word' id='word_1_9' title='bbox 257 263 332 291; x_wconf 84' lang='lat' dir='ltr'>niam</span> <span class='ocrx_word' id='word_1_10' title='bbox 354 262 463 299; x_wconf 87' lang='lat' dir='ltr'>primus</span> <span class='ocrx_word' id='word_1_11' title='bbox 484 268 563 289; x_wconf 91' lang='lat' dir='ltr'>amor</span> <span class='ocrx_word' id='word_1_12' title='bbox 584 260 716 297; x_wconf 87' lang='lat' dir='ltr'>competit</span> <span class='ocrx_word' id='word_1_13' title='bbox 743 260 826 288; x_wconf 82' lang='lat' dir='ltr'>statui</span> <span class='ocrx_word' id='word_1_14' title='bbox 847 259 1052 297; x_wconf 81' lang='lat' dir='ltr'>perfectionis,</span> <span class='ocrx_word' id='word_1_15' title='bbox 1075 259 1102 288; x_wconf 93' lang='lat' dir='ltr'>in</span> 
     </span>
     <span class='ocr_line' id='line_1_8' title="bbox 256 305 1104 346; baseline -0.005 -8"><span class='ocrx_word' id='word_1_16' title='bbox 256 318 312 346; x_wconf 85' lang='lat' dir='ltr'>quo</span> <span class='ocrx_word' id='word_1_17' title='bbox 333 312 431 345; x_wconf 80' lang='lat' dir='ltr'>regnat</span> <span class='ocrx_word' id='word_1_18' title='bbox 452 315 545 341; x_wconf 87' lang='lat' dir='ltr'>amer,</span> <span class='ocrx_word' id='word_1_19' title='bbox 568 307 710 336; x_wconf 90' lang='lat' dir='ltr'>secundus</span> <span class='ocrx_word' id='word_1_20' title='bbox 731 314 798 335; x_wconf 87' lang='lat' dir='ltr'>vero</span> <span class='ocrx_word' id='word_1_21' title='bbox 812 306 895 335; x_wconf 88' lang='lat' dir='ltr'>statui</span> <span class='ocrx_word' id='word_1_22' title='bbox 913 305 1104 343; x_wconf 77' lang='lat' dir='ltr'>imperfectio-</span> 
     </span>
     <span class='ocr_line' id='line_1_9' title="bbox 256 353 1104 392; baseline -0.004 -8"><span class='ocrx_word' id='word_1_23' title='bbox 256 357 319 389; x_wconf 70' lang='lat' dir='ltr'>nis,</span> <span class='ocrx_word' id='word_1_24' title='bbox 342 356 369 384; x_wconf 90' lang='lat' dir='ltr'>in</span> <span class='ocrx_word' id='word_1_25' title='bbox 391 363 446 392; x_wconf 79' lang='lat' dir='ltr'>quo</span> <span class='ocrx_word' id='word_1_26' title='bbox 468 357 565 391; x_wconf 78' lang='lat' dir='ltr'>regnat</span> <span class='ocrx_word' id='word_1_27' title='bbox 585 354 679 382; x_wconf 84' lang='lat' dir='ltr'>timor:</span> <span class='ocrx_word' id='word_1_28' title='bbox 704 354 768 383; x_wconf 91' lang='lat' dir='ltr'>hinc</span> <span class='ocrx_word' id='word_1_29' title='bbox 789 357 845 388; x_wconf 82' lang='lat' dir='ltr'>est,</span> <span class='ocrx_word' id='word_1_30' title='bbox 861 353 935 391; x_wconf 84' lang='lat' dir='ltr'>quod</span> <span class='ocrx_word' id='word_1_31' title='bbox 952 353 1015 382; x_wconf 88' lang='lat' dir='ltr'>licet</span> <span class='ocrx_word' id='word_1_32' title='bbox 1030 357 1104 382; x_wconf 89' lang='lat' dir='ltr'>utro-</span> 
     </span>
     <span class='ocr_line' id='line_1_10' title="bbox 256 400 1104 439; baseline -0.002 -8"><span class='ocrx_word' id='word_1_33' title='bbox 256 403 339 439; x_wconf 87' lang='lat' dir='ltr'>bique</span> <span class='ocrx_word' id='word_1_34' title='bbox 361 402 395 430; x_wconf 87' lang='lat' dir='ltr'>sit</span> <span class='ocrx_word' id='word_1_35' title='bbox 416 409 494 429; x_wconf 87' lang='lat' dir='ltr'>amor</span> <span class='ocrx_word' id='word_1_36' title='bbox 516 404 543 429; x_wconf 89' lang='lat' dir='ltr'>et</span> <span class='ocrx_word' id='word_1_37' title='bbox 566 401 660 435; x_wconf 88' lang='lat' dir='ltr'>timor,</span> <span class='ocrx_word' id='word_1_38' title='bbox 683 402 738 429; x_wconf 85' lang='lat' dir='ltr'>Lex</span> <span class='ocrx_word' id='word_1_39' title='bbox 762 400 900 438; x_wconf 79' lang='lat' dir='ltr'>Evangelii</span> <span class='ocrx_word' id='word_1_40' title='bbox 923 400 1026 429; x_wconf 89' lang='lat' dir='ltr'>dicitur</span> <span class='ocrx_word' id='word_1_41' title='bbox 1049 408 1104 429; x_wconf 88' lang='lat' dir='ltr'>ma-</span> 
     </span>
     <span class='ocr_line' id='line_1_11' title="bbox 255 448 1103 486; baseline -0.001 -9"><span class='ocrx_word' id='word_1_42' title='bbox 255 450 296 486; x_wconf 82' lang='lat' dir='ltr'>gis</span> <span class='ocrx_word' id='word_1_43' title='bbox 317 448 459 478; x_wconf 80' lang='lat' dir='ltr'>observari</span> <span class='ocrx_word' id='word_1_44' title='bbox 482 457 518 477; x_wconf 88' lang='lat' dir='ltr'>ex</span> <span class='ocrx_word' id='word_1_45' title='bbox 539 455 635 476; x_wconf 86' lang='lat' dir='ltr'>amore</span> <span class='ocrx_word' id='word_1_46' title='bbox 657 456 741 485; x_wconf 81' lang='lat' dir='ltr'>quam</span> <span class='ocrx_word' id='word_1_47' title='bbox 764 456 800 477; x_wconf 89' lang='lat' dir='ltr'>ex</span> <span class='ocrx_word' id='word_1_48' title='bbox 822 448 934 483; x_wconf 88' lang='lat' dir='ltr'>timore,</span> <span class='ocrx_word' id='word_1_49' title='bbox 957 448 1013 477; x_wconf 85' lang='lat' dir='ltr'>Lex</span> <span class='ocrx_word' id='word_1_50' title='bbox 1036 455 1103 476; x_wconf 89' lang='lat' dir='ltr'>vero</span> 
     </span>
     <span class='ocr_line' id='line_1_12' title="bbox 255 495 544 533; baseline -0.003 -9"><span class='ocrx_word' id='word_1_51' title='bbox 255 496 337 533; x_wconf 80' lang='lat' dir='ltr'>Moysi</span> <span class='ocrx_word' id='word_1_52' title='bbox 360 504 375 524; x_wconf 93' lang='lat' dir='ltr'>e</span> <span class='ocrx_word' id='word_1_53' title='bbox 396 495 544 524; x_wconf 83' lang='lat' dir='ltr'>contrario.</span> 
     </span>
    </p>

    <p class='ocr_par' dir='ltr' id='par_1_6' title="bbox 251 542 1103 1424">
     <span class='ocr_line' id='line_1_13' title="bbox 334 542 1103 580; baseline 0 -10"><span class='ocrx_word' id='word_1_54' title='bbox 334 544 360 571; x_wconf 65' lang='grc' dir='ltr'>Ξ).</span> <span class='ocrx_word' id='word_1_55' title='bbox 381 543 420 571; x_wconf 74' lang='lat' dir='ltr'>Ad</span> <span class='ocrx_word' id='word_1_56' title='bbox 443 542 513 571; x_wconf 91' lang='lat' dir='ltr'>illud</span> <span class='ocrx_word' id='word_1_57' title='bbox 535 542 609 579; x_wconf 88' lang='lat' dir='ltr'>quod</span> <span class='ocrx_word' id='word_1_58' title='bbox 631 542 776 577; x_wconf 87' lang='lat' dir='ltr'>obiicitur,</span> <span class='ocrx_word' id='word_1_59' title='bbox 791 543 866 580; x_wconf 86' lang='lat' dir='ltr'>quod</span> <span class='ocrx_word' id='word_1_60' title='bbox 882 542 952 571; x_wconf 88' lang='lat' dir='ltr'>aliae</span> <span class='ocrx_word' id='word_1_61' title='bbox 967 545 1033 571; x_wconf 91' lang='lat' dir='ltr'>sunt</span> <span class='ocrx_word' id='word_1_62' title='bbox 1047 543 1103 570; x_wconf 87' lang='lat' dir='ltr'>ani-</span> 
     </span>
     <span class='ocr_line' id='line_1_14' title="bbox 254 589 1101 626; baseline 0 -9"><span class='ocrx_word' id='word_1_63' title='bbox 254 597 316 618; x_wconf 86' lang='lat' dir='ltr'>mae</span> <span class='ocrx_word' id='word_1_64' title='bbox 327 589 498 623; x_wconf 71' lang='lat' dir='ltr'>affectiones,</span> <span class='ocrx_word' id='word_1_65' title='bbox 513 589 673 623; x_wconf 87' lang='lat' dir='ltr'>dicendum,</span> <span class='ocrx_word' id='word_1_66' title='bbox 688 589 762 626; x_wconf 85' lang='lat' dir='ltr'>quod</span> <span class='ocrx_word' id='word_1_67' title='bbox 779 589 829 618; x_wconf 89' lang='lat' dir='ltr'>etsi</span> <span class='ocrx_word' id='word_1_68' title='bbox 845 589 915 617; x_wconf 87' lang='lat' dir='ltr'>aliae</span> <span class='ocrx_word' id='word_1_69' title='bbox 930 589 993 623; x_wconf 89' lang='lat' dir='ltr'>sint,</span> <span class='ocrx_word' id='word_1_70' title='bbox 1009 592 1101 618; x_wconf 86' lang='lat' dir='ltr'>tamen</span> 
     </span>
     <span class='ocr_line' id='line_1_15' title="bbox 254 635 1101 673; baseline 0 -9"><span class='ocrx_word' id='word_1_71' title='bbox 254 637 322 665; x_wconf 88' lang='lat' dir='ltr'>istae</span> <span class='ocrx_word' id='word_1_72' title='bbox 344 636 417 665; x_wconf 86' lang='lat' dir='ltr'>duae</span> <span class='ocrx_word' id='word_1_73' title='bbox 438 635 597 669; x_wconf 80' lang='lat' dir='ltr'>sufficiunt,</span> <span class='ocrx_word' id='word_1_74' title='bbox 619 644 670 673; x_wconf 87' lang='lat' dir='ltr'>pro</span> <span class='ocrx_word' id='word_1_75' title='bbox 702 644 734 664; x_wconf 91' lang='lat' dir='ltr'>eo</span> <span class='ocrx_word' id='word_1_76' title='bbox 755 636 829 673; x_wconf 88' lang='lat' dir='ltr'>quod</span> <span class='ocrx_word' id='word_1_77' title='bbox 856 644 953 665; x_wconf 88' lang='lat' dir='ltr'>omnes</span> <span class='ocrx_word' id='word_1_78' title='bbox 974 636 1044 664; x_wconf 84' lang='lat' dir='ltr'>aliae</span> <span class='ocrx_word' id='word_1_79' title='bbox 1065 636 1101 664; x_wconf 88' lang='lat' dir='ltr'>ad</span> 
     </span>
     <span class='ocr_line' id='line_1_16' title="bbox 254 682 1102 720; baseline 0 -9"><span class='ocrx_word' id='word_1_80' title='bbox 254 683 320 711; x_wconf 87' lang='lat' dir='ltr'>istas</span> <span class='ocrx_word' id='word_1_81' title='bbox 341 683 412 711; x_wconf 86' lang='lat' dir='ltr'>duas</span> <span class='ocrx_word' id='word_1_82' title='bbox 432 685 550 720; x_wconf 80' lang='lat' dir='ltr'>possunt</span> <span class='ocrx_word' id='word_1_83' title='bbox 573 682 677 712; x_wconf 89' lang='lat' dir='ltr'>reduci.</span> <span class='ocrx_word' id='word_1_84' title='bbox 710 683 806 712; x_wconf 90' lang='lat' dir='ltr'>Omnis</span> <span class='ocrx_word' id='word_1_85' title='bbox 828 683 900 712; x_wconf 91' lang='lat' dir='ltr'>enim</span> <span class='ocrx_word' id='word_1_86' title='bbox 924 683 1032 712; x_wconf 83' lang='lat' dir='ltr'>affectio</span> <span class='ocrx_word' id='word_1_87' title='bbox 1053 685 1102 711; x_wconf 86' lang='lat' dir='ltr'>aut</span> 
     </span>
     <span class='ocr_line' id='line_1_17' title="bbox 254 729 1101 767; baseline 0 -9"><span class='ocrx_word' id='word_1_88' title='bbox 254 733 295 759; x_wconf 91' lang='lat' dir='ltr'>est</span> <span class='ocrx_word' id='word_1_89' title='bbox 316 733 445 767; x_wconf 87' lang='lat' dir='ltr'>respectu</span> <span class='ocrx_word' id='word_1_90' title='bbox 468 729 549 764; x_wconf 76' lang='lat' dir='ltr'>boni,</span> <span class='ocrx_word' id='word_1_91' title='bbox 571 733 619 759; x_wconf 81' lang='lat' dir='ltr'>aut</span> <span class='ocrx_word' id='word_1_92' title='bbox 635 733 763 766; x_wconf 87' lang='lat' dir='ltr'>respectu</span> <span class='ocrx_word' id='word_1_93' title='bbox 778 730 870 764; x_wconf 82' lang='lat' dir='ltr'>mali,·</span> <span class='ocrx_word' id='word_1_94' title='bbox 891 734 918 759; x_wconf 92' lang='lat' dir='ltr'>et</span> <span class='ocrx_word' id='word_1_95' title='bbox 933 730 955 759; x_wconf 87' lang='lat' dir='ltr'>si</span> <span class='ocrx_word' id='word_1_96' title='bbox 971 733 1101 767; x_wconf 88' lang='lat' dir='ltr'>respectu</span> 
     </span>
     <span class='ocr_line' id='line_1_18' title="bbox 255 776 1102 814; baseline 0.001 -10"><span class='ocrx_word' id='word_1_97' title='bbox 255 776 335 810; x_wconf 75' lang='lat' dir='ltr'>boni,</span> <span class='ocrx_word' id='word_1_98' title='bbox 359 776 503 805; x_wconf 76' lang='lat' dir='ltr'>reducitur</span> <span class='ocrx_word' id='word_1_99' title='bbox 524 777 559 805; x_wconf 87' lang='lat' dir='ltr'>ad</span> <span class='ocrx_word' id='word_1_100' title='bbox 581 784 723 811; x_wconf 81' lang='lat' dir='ltr'>amorem3</span> <span class='ocrx_word' id='word_1_101' title='bbox 752 777 775 806; x_wconf 91' lang='lat' dir='ltr'>si</span> <span class='ocrx_word' id='word_1_102' title='bbox 798 780 928 814; x_wconf 84' lang='lat' dir='ltr'>respectu</span> <span class='ocrx_word' id='word_1_103' title='bbox 950 776 1038 810; x_wconf 79' lang='lat' dir='ltr'>mciii,</span> <span class='ocrx_word' id='word_1_104' title='bbox 1061 784 1102 805; x_wconf 91' lang='lat' dir='ltr'>re-</span> 
     </span>
     <span class='ocr_line' id='line_1_19' title="bbox 254 824 1101 853; baseline 0.001 -1"><span class='ocrx_word' id='word_1_105' title='bbox 254 824 367 852; x_wconf 79' lang='lat' dir='ltr'>ducitur</span> <span class='ocrx_word' id='word_1_106' title='bbox 399 824 434 852; x_wconf 85' lang='lat' dir='ltr'>ad</span> <span class='ocrx_word' id='word_1_107' title='bbox 467 824 605 853; x_wconf 90' lang='lat' dir='ltr'>timorem.</span> <span class='ocrx_word' id='word_1_108' title='bbox 638 824 714 853; x_wconf 88' lang='lat' dir='ltr'>Unde</span> <span class='ocrx_word' id='word_1_109' title='bbox 743 825 810 853; x_wconf 87' lang='lat' dir='ltr'>istae</span> <span class='ocrx_word' id='word_1_110' title='bbox 841 825 914 853; x_wconf 89' lang='lat' dir='ltr'>duae</span> <span class='ocrx_word' id='word_1_111' title='bbox 941 825 1101 853; x_wconf 82' lang='lat' dir='ltr'>affectiones</span> 
     </span>
     <span class='ocr_line' id='line_1_20' title="bbox 254 871 1102 909; baseline 0.001 -10"><span class='ocrx_word' id='word_1_112' title='bbox 254 871 387 900; x_wconf 88' lang='lat' dir='ltr'>dicuntur</span> <span class='ocrx_word' id='word_1_113' title='bbox 419 874 512 900; x_wconf 89' lang='lat' dir='ltr'>tenere</span> <span class='ocrx_word' id='word_1_114' title='bbox 540 871 728 908; x_wconf 75' lang='lat' dir='ltr'>principatum</span> <span class='ocrx_word' id='word_1_115' title='bbox 760 871 832 900; x_wconf 87' lang='lat' dir='ltr'>inter</span> <span class='ocrx_word' id='word_1_116' title='bbox 853 872 938 906; x_wconf 86' lang='lat' dir='ltr'>alias,</span> <span class='ocrx_word' id='word_1_117' title='bbox 959 872 1025 909; x_wconf 87' lang='lat' dir='ltr'>quia</span> <span class='ocrx_word' id='word_1_118' title='bbox 1047 880 1102 900; x_wconf 82' lang='lat' dir='ltr'>ma-</span> 
     </span>
     <span class='ocr_line' id='line_1_21' title="bbox 254 918 1099 951; baseline 0.001 -5"><span class='ocrx_word' id='word_1_119' title='bbox 254 918 329 946; x_wconf 91' lang='lat' dir='ltr'>xime</span> <span class='ocrx_word' id='word_1_120' title='bbox 351 918 455 947; x_wconf 85' lang='lat' dir='ltr'>habent</span> <span class='ocrx_word' id='word_1_121' title='bbox 486 918 622 947; x_wconf 89' lang='lat' dir='ltr'>rationem</span> <span class='ocrx_word' id='word_1_122' title='bbox 654 918 774 951; x_wconf 80' lang='lat' dir='ltr'>motivi,</span> <span class='ocrx_word' id='word_1_123' title='bbox 797 927 853 947; x_wconf 87' lang='lat' dir='ltr'>uua</span> <span class='ocrx_word' id='word_1_124' title='bbox 884 919 1043 948; x_wconf 86' lang='lat' dir='ltr'>inclinando</span> <span class='ocrx_word' id='word_1_125' title='bbox 1065 919 1099 947; x_wconf 88' lang='lat' dir='ltr'>ad</span> 
     </span>
     <span class='ocr_line' id='line_1_22' title="bbox 253 965 1102 1003; baseline 0.001 -10"><span class='ocrx_word' id='word_1_126' title='bbox 253 965 374 999; x_wconf 88' lang='lat' dir='ltr'>bonum,</span> <span class='ocrx_word' id='word_1_127' title='bbox 400 965 487 994; x_wconf 88' lang='lat' dir='ltr'>altera</span> <span class='ocrx_word' id='word_1_128' title='bbox 510 966 536 993; x_wconf 93' lang='lat' dir='ltr'>in</span> <span class='ocrx_word' id='word_1_129' title='bbox 568 965 738 994; x_wconf 89' lang='lat' dir='ltr'>retrahendo</span> <span class='ocrx_word' id='word_1_130' title='bbox 759 974 776 994; x_wconf 88' lang='lat' dir='ltr'>a</span> <span class='ocrx_word' id='word_1_131' title='bbox 798 966 882 1000; x_wconf 84' lang='lat' dir='ltr'>malo;</span> <span class='ocrx_word' id='word_1_132' title='bbox 904 969 931 994; x_wconf 91' lang='lat' dir='ltr'>et</span> <span class='ocrx_word' id='word_1_133' title='bbox 952 969 1102 1003; x_wconf 87' lang='lat' dir='ltr'>propterea</span> 
     </span>
     <span class='ocr_line' id='line_1_23' title="bbox 252 1012 1101 1050; baseline 0.001 -10"><span class='ocrx_word' id='word_1_134' title='bbox 252 1012 342 1049; x_wconf 80' lang='lat' dir='ltr'>magis</span> <span class='ocrx_word' id='word_1_135' title='bbox 362 1013 493 1049; x_wconf 90' lang='lat' dir='ltr'>competit</span> <span class='ocrx_word' id='word_1_136' title='bbox 515 1013 554 1041; x_wconf 79' lang='lat' dir='ltr'>e1s</span> <span class='ocrx_word' id='word_1_137' title='bbox 576 1013 646 1041; x_wconf 82' lang='lat' dir='ltr'>ratio</span> <span class='ocrx_word' id='word_1_138' title='bbox 674 1013 777 1041; x_wconf 85' lang='lat' dir='ltr'>radicis</span> <span class='ocrx_word' id='word_1_139' title='bbox 800 1021 884 1050; x_wconf 86' lang='lat' dir='ltr'>quam</span> <span class='ocrx_word' id='word_1_140' title='bbox 907 1013 1101 1042; x_wconf 75' lang='lat' dir='ltr'>affectionibus</span> 
     </span>
     <span class='ocr_line' id='line_1_24' title="bbox 252 1059 1101 1097; baseline 0 -9"><span class='ocrx_word' id='word_1_141' title='bbox 252 1060 314 1088; x_wconf 84' lang='lat' dir='ltr'>aliis</span> <span class='ocrx_word' id='word_1_142' title='bbox 327 1059 345 1087; x_wconf 81' lang='lat'>¹.</span> <span class='ocrx_word' id='word_1_143' title='bbox 369 1060 398 1088; x_wconf 91' lang='lat' dir='ltr'>Et</span> <span class='ocrx_word' id='word_1_144' title='bbox 419 1060 447 1088; x_wconf 71' lang='lat' dir='ltr'>si</span> <span class='ocrx_word' id='word_1_145' title='bbox 475 1063 506 1088; x_wconf 76' lang='lat' dir='ltr'>tit</span> <span class='ocrx_word' id='word_1_146' title='bbox 527 1059 666 1093; x_wconf 68' lang='lat' dir='ltr'>obiicias,</span> <span class='ocrx_word' id='word_1_147' title='bbox 699 1060 774 1097; x_wconf 84' lang='lat' dir='ltr'>quod</span> <span class='ocrx_word' id='word_1_148' title='bbox 805 1063 870 1088; x_wconf 89' lang='lat' dir='ltr'>tunc</span> <span class='ocrx_word' id='word_1_149' title='bbox 902 1068 956 1088; x_wconf 91' lang='lat' dir='ltr'>non</span> <span class='ocrx_word' id='word_1_150' title='bbox 985 1060 1101 1088; x_wconf 89' lang='lat' dir='ltr'>deberet</span> 
     </span>
     <span class='ocr_line' id='line_1_25' title="bbox 252 1107 1101 1144; baseline -0.001 -8"><span class='ocrx_word' id='word_1_151' title='bbox 252 1114 313 1136; x_wconf 89' lang='lat' dir='ltr'>esse</span> <span class='ocrx_word' id='word_1_152' title='bbox 335 1107 384 1136; x_wconf 93' lang='lat' dir='ltr'>nisi</span> <span class='ocrx_word' id='word_1_153' title='bbox 408 1115 464 1135; x_wconf 90' lang='lat' dir='ltr'>una</span> <span class='ocrx_word' id='word_1_154' title='bbox 486 1107 584 1141; x_wconf 88' lang='lat' dir='ltr'>radix,</span> <span class='ocrx_word' id='word_1_155' title='bbox 606 1107 672 1144; x_wconf 88' lang='lat' dir='ltr'>quia</span> <span class='ocrx_word' id='word_1_156' title='bbox 693 1107 776 1135; x_wconf 91' lang='lat' dir='ltr'>timor</span> <span class='ocrx_word' id='word_1_157' title='bbox 804 1107 950 1135; x_wconf 88' lang='lat' dir='ltr'>reducitur</span> <span class='ocrx_word' id='word_1_158' title='bbox 972 1107 1007 1135; x_wconf 85' lang='lat' dir='ltr'>ad</span> <span class='ocrx_word' id='word_1_159' title='bbox 1029 1115 1101 1135; x_wconf 88' lang='lat' dir='ltr'>amo-</span> 
     </span>
     <span class='ocr_line' id='line_1_26' title="bbox 251 1154 1098 1191; baseline 0 -9"><span class='ocrx_word' id='word_1_160' title='bbox 251 1162 331 1188; x_wconf 75' lang='lat' dir='ltr'>rem,</span> <span class='ocrx_word' id='word_1_161' title='bbox 363 1154 530 1189; x_wconf 89' lang='lat' dir='ltr'>dicendum,</span> <span class='ocrx_word' id='word_1_162' title='bbox 562 1154 637 1191; x_wconf 86' lang='lat' dir='ltr'>quod</span> <span class='ocrx_word' id='word_1_163' title='bbox 669 1154 745 1182; x_wconf 72' lang='lat' dir='ltr'>(litae</span> <span class='ocrx_word' id='word_1_164' title='bbox 775 1154 909 1183; x_wconf 90' lang='lat' dir='ltr'>dicuntur</span> <span class='ocrx_word' id='word_1_165' title='bbox 942 1154 1098 1182; x_wconf 88' lang='lat' dir='ltr'>secundum</span> 
     </span>
     <span class='ocr_line' id='line_1_27' title="bbox 252 1201 1101 1238; baseline 0 -9"><span class='ocrx_word' id='word_1_166' title='bbox 252 1201 454 1230; x_wconf 69' lang='lat' dir='ltr'>immediatam</span> <span class='ocrx_word' id='word_1_167' title='bbox 476 1202 710 1238; x_wconf 68' lang='lat' dir='ltr'>comparationem</span> <span class='ocrx_word' id='word_1_168' title='bbox 741 1201 776 1229; x_wconf 88' lang='lat' dir='ltr'>ad</span> <span class='ocrx_word' id='word_1_169' title='bbox 808 1209 892 1229; x_wconf 91' lang='lat' dir='ltr'>suum</span> <span class='ocrx_word' id='word_1_170' title='bbox 915 1201 1051 1229; x_wconf 89' lang='lat' dir='ltr'>motivum</span> <span class='ocrx_word' id='word_1_171' title='bbox 1074 1205 1101 1230; x_wconf 90' lang='lat' dir='ltr'>et</span> 
     </span>
     <span class='ocr_line' id='line_1_28' title="bbox 251 1248 1099 1285; baseline -0.001 -8"><span class='ocrx_word' id='word_1_172' title='bbox 251 1249 286 1277; x_wconf 88' lang='lat' dir='ltr'>ad</span> <span class='ocrx_word' id='word_1_173' title='bbox 318 1252 397 1277; x_wconf 90' lang='lat' dir='ltr'>actus</span> <span class='ocrx_word' id='word_1_174' title='bbox 430 1248 629 1282; x_wconf 73' lang='lat' dir='ltr'>iiiiiiwtlicttos,</span> <span class='ocrx_word' id='word_1_175' title='bbox 662 1248 710 1285; x_wconf 87' lang='lat' dir='ltr'>qui</span> <span class='ocrx_word' id='word_1_176' title='bbox 741 1248 777 1276; x_wconf 87' lang='lat' dir='ltr'>ab</span> <span class='ocrx_word' id='word_1_177' title='bbox 805 1248 845 1276; x_wconf 89' lang='lat' dir='ltr'>eis</span> <span class='ocrx_word' id='word_1_178' title='bbox 872 1248 975 1276; x_wconf 88' lang='lat' dir='ltr'>habent</span> <span class='ocrx_word' id='word_1_179' title='bbox 996 1251 1099 1276; x_wconf 91' lang='lat' dir='ltr'>ortum.</span> 
     </span>
     <span class='ocr_line' id='line_1_29' title="bbox 252 1295 1100 1332; baseline -0.001 -8"><span class='ocrx_word' id='word_1_180' title='bbox 252 1296 328 1324; x_wconf 85' lang='lat' dir='ltr'>Unde</span> <span class='ocrx_word' id='word_1_181' title='bbox 349 1296 397 1324; x_wconf 88' lang='lat' dir='ltr'>ubi</span> <span class='ocrx_word' id='word_1_182' title='bbox 420 1299 460 1324; x_wconf 83' lang='lat' dir='ltr'>est</span> <span class='ocrx_word' id='word_1_183' title='bbox 492 1295 574 1324; x_wconf 80' lang='lat' dir='ltr'>radix</span> <span class='ocrx_word' id='word_1_184' title='bbox 607 1295 728 1329; x_wconf 87' lang='lat' dir='ltr'>timoris,</span> <span class='ocrx_word' id='word_1_185' title='bbox 760 1302 860 1323; x_wconf 87' lang='lat' dir='ltr'>verum</span> <span class='ocrx_word' id='word_1_186' title='bbox 882 1298 938 1329; x_wconf 82' lang='lat' dir='ltr'>est,</span> <span class='ocrx_word' id='word_1_187' title='bbox 961 1295 1036 1332; x_wconf 88' lang='lat' dir='ltr'>quod</span> <span class='ocrx_word' id='word_1_188' title='bbox 1058 1299 1100 1323; x_wconf 89' lang='lat' dir='ltr'>est</span> 
     </span>
     <span class='ocr_line' id='line_1_30' title="bbox 251 1341 1099 1379; baseline 0.001 -9"><span class='ocrx_word' id='word_1_189' title='bbox 251 1342 334 1371; x_wconf 82' lang='lat' dir='ltr'>radix</span> <span class='ocrx_word' id='word_1_190' title='bbox 355 1342 474 1377; x_wconf 85' lang='lat' dir='ltr'>amoris;</span> <span class='ocrx_word' id='word_1_191' title='bbox 497 1343 545 1371; x_wconf 90' lang='lat' dir='ltr'>sed</span> <span class='ocrx_word' id='word_1_192' title='bbox 566 1342 686 1371; x_wconf 84' lang='lat' dir='ltr'>alicuius</span> <span class='ocrx_word' id='word_1_193' title='bbox 707 1345 749 1370; x_wconf 84' lang='lat' dir='ltr'>est</span> <span class='ocrx_word' id='word_1_194' title='bbox 764 1342 847 1370; x_wconf 80' lang='lat' dir='ltr'>radix</span> <span class='ocrx_word' id='word_1_195' title='bbox 863 1341 1025 1371; x_wconf 80' lang='lat' dir='ltr'>immediata</span> <span class='ocrx_word' id='word_1_196' title='bbox 1040 1342 1099 1379; x_wconf 90' lang='lat' dir='ltr'>ipse</span> 
     </span>
     <span class='ocr_line' id='line_1_31' title="bbox 251 1388 962 1424; baseline -0.001 -6"><span class='ocrx_word' id='word_1_197' title='bbox 251 1390 349 1424; x_wconf 81' lang='lat' dir='ltr'>timor,</span> <span class='ocrx_word' id='word_1_198' title='bbox 371 1389 451 1418; x_wconf 89' lang='lat' dir='ltr'>cuius</span> <span class='ocrx_word' id='word_1_199' title='bbox 473 1398 526 1417; x_wconf 91' lang='lat' dir='ltr'>non</span> <span class='ocrx_word' id='word_1_200' title='bbox 549 1392 590 1418; x_wconf 86' lang='lat' dir='ltr'>est</span> <span class='ocrx_word' id='word_1_201' title='bbox 611 1397 690 1417; x_wconf 88' lang='lat' dir='ltr'>amor</span> <span class='ocrx_word' id='word_1_202' title='bbox 711 1388 749 1417; x_wconf 87' lang='lat' dir='ltr'>ita</span> <span class='ocrx_word' id='word_1_203' title='bbox 770 1389 930 1417; x_wconf 81' lang='lat' dir='ltr'>immediate</span> <span class='ocrx_word' id='word_1_204' title='bbox 943 1388 962 1417; x_wconf 77' lang='lat'>2.</span> 
     </span>
    </p>

    <p class='ocr_par' dir='ltr' id='par_1_7' title="bbox 248 1435 1100 1842">
     <span class='ocr_line' id='line_1_32' title="bbox 331 1435 1100 1474; baseline 0.001 -10"><span class='ocrx_word' id='word_1_205' title='bbox 331 1436 356 1464; x_wconf 83' lang='lat'>3.</span> <span class='ocrx_word' id='word_1_206' title='bbox 379 1436 418 1465; x_wconf 82' lang='lat' dir='ltr'>Ad</span> <span class='ocrx_word' id='word_1_207' title='bbox 434 1436 503 1465; x_wconf 87' lang='lat' dir='ltr'>illud</span> <span class='ocrx_word' id='word_1_208' title='bbox 518 1436 593 1473; x_wconf 88' lang='lat' dir='ltr'>quod</span> <span class='ocrx_word' id='word_1_209' title='bbox 609 1435 738 1464; x_wconf 87' lang='lat' dir='ltr'>obiicitur</span> <span class='ocrx_word' id='word_1_210' title='bbox 754 1435 789 1464; x_wconf 87' lang='lat' dir='ltr'>de</span> <span class='ocrx_word' id='word_1_211' title='bbox 804 1435 864 1472; x_wconf 76' lang='lat' dir='ltr'>lege</span> <span class='ocrx_word' id='word_1_212' title='bbox 880 1439 1008 1471; x_wconf 75' lang='lat' dir='ltr'>naturae,</span> <span class='ocrx_word' id='word_1_213' title='bbox 1024 1436 1100 1474; x_wconf 83' lang='lat' dir='ltr'>quod</span> 
     </span>
     <span class='ocr_line' id='line_1_33' title="bbox 251 1483 1099 1520; baseline -0.001 -8"><span class='ocrx_word' id='word_1_214' title='bbox 251 1483 367 1512; x_wconf 84' lang='lat' dir='ltr'>deberet</span> <span class='ocrx_word' id='word_1_215' title='bbox 389 1483 492 1512; x_wconf 88' lang='lat' dir='ltr'>habere</span> <span class='ocrx_word' id='word_1_216' title='bbox 523 1483 630 1512; x_wconf 86' lang='lat' dir='ltr'>tertiam</span> <span class='ocrx_word' id='word_1_217' title='bbox 662 1483 803 1517; x_wconf 74' lang='lat' dir='ltr'>radicem,</span> <span class='ocrx_word' id='word_1_218' title='bbox 835 1483 1002 1518; x_wconf 89' lang='lat' dir='ltr'>dicendum,</span> <span class='ocrx_word' id='word_1_219' title='bbox 1024 1483 1099 1520; x_wconf 86' lang='lat' dir='ltr'>quod</span> 
     </span>
     <span class='ocr_line' id='line_1_34' title="bbox 251 1529 1098 1567; baseline 0 -9"><span class='ocrx_word' id='word_1_220' title='bbox 251 1530 298 1559; x_wconf 87' lang='lat' dir='ltr'>lex</span> <span class='ocrx_word' id='word_1_221' title='bbox 318 1533 447 1558; x_wconf 75' lang='lat' dir='ltr'>naturae</span> <span class='ocrx_word' id='word_1_222' title='bbox 468 1530 571 1567; x_wconf 84' lang='lat' dir='ltr'>partim</span> <span class='ocrx_word' id='word_1_223' title='bbox 593 1529 775 1558; x_wconf 86' lang='lat' dir='ltr'>conveniebat</span> <span class='ocrx_word' id='word_1_224' title='bbox 796 1537 860 1558; x_wconf 87' lang='lat' dir='ltr'>cum</span> <span class='ocrx_word' id='word_1_225' title='bbox 883 1530 943 1567; x_wconf 80' lang='lat' dir='ltr'>lege</span> <span class='ocrx_word' id='word_1_226' title='bbox 962 1530 1098 1567; x_wconf 69' lang='lat' dir='ltr'>praticte,</span> 
     </span>
     <span class='ocr_line' id='line_1_35' title="bbox 250 1577 1099 1614; baseline 0 -9"><span class='ocrx_word' id='word_1_227' title='bbox 250 1577 352 1614; x_wconf 90' lang='lat' dir='ltr'>partim</span> <span class='ocrx_word' id='word_1_228' title='bbox 375 1585 438 1605; x_wconf 90' lang='lat' dir='ltr'>cum</span> <span class='ocrx_word' id='word_1_229' title='bbox 462 1577 521 1614; x_wconf 83' lang='lat' dir='ltr'>lege</span> <span class='ocrx_word' id='word_1_230' title='bbox 552 1577 679 1614; x_wconf 75' lang='lat' dir='ltr'>scripta.-</span> <span class='ocrx_word' id='word_1_231' title='bbox 702 1580 839 1614; x_wconf 85' lang='lat' dir='ltr'>quantum</span> <span class='ocrx_word' id='word_1_232' title='bbox 871 1577 906 1606; x_wconf 89' lang='lat' dir='ltr'>ad</span> <span class='ocrx_word' id='word_1_233' title='bbox 939 1577 1099 1605; x_wconf 74' lang='lat' dir='ltr'>libertatem</span> 
     </span>
     <span class='ocr_line' id='line_1_36' title="bbox 250 1623 1097 1662; baseline 0 -10"><span class='ocrx_word' id='word_1_234' title='bbox 250 1632 314 1653; x_wconf 88' lang='lat' dir='ltr'>cum</span> <span class='ocrx_word' id='word_1_235' title='bbox 345 1624 405 1661; x_wconf 86' lang='lat' dir='ltr'>lege</span> <span class='ocrx_word' id='word_1_236' title='bbox 434 1624 553 1662; x_wconf 48' lang='lat' dir='ltr'>,arabiae</span> <span class='ocrx_word' id='word_1_237' title='bbox 584 1623 782 1658; x_wconf 87' lang='lat' dir='ltr'>conveniebat,</span> <span class='ocrx_word' id='word_1_238' title='bbox 815 1627 951 1661; x_wconf 81' lang='lat' dir='ltr'>quantum</span> <span class='ocrx_word' id='word_1_239' title='bbox 974 1632 1041 1653; x_wconf 91' lang='lat' dir='ltr'>vero</span> <span class='ocrx_word' id='word_1_240' title='bbox 1062 1624 1097 1653; x_wconf 90' lang='lat' dir='ltr'>ad</span> 
     </span>
     <span class='ocr_line' id='line_1_37' title="bbox 251 1670 1099 1709; baseline -0.001 -9"><span class='ocrx_word' id='word_1_241' title='bbox 251 1670 496 1709; x_wconf 68' lang='lat' dir='ltr'>imperfectionem</span> <span class='ocrx_word' id='word_1_242' title='bbox 519 1674 546 1700; x_wconf 89' lang='lat' dir='ltr'>et</span> <span class='ocrx_word' id='word_1_243' title='bbox 577 1671 776 1700; x_wconf 81' lang='lat' dir='ltr'>obscuritatem</span> <span class='ocrx_word' id='word_1_244' title='bbox 797 1679 862 1699; x_wconf 92' lang='lat' dir='ltr'>cum</span> <span class='ocrx_word' id='word_1_245' title='bbox 886 1671 946 1708; x_wconf 82' lang='lat' dir='ltr'>lege</span> <span class='ocrx_word' id='word_1_246' title='bbox 967 1671 1099 1708; x_wconf 78' lang='lat' dir='ltr'>scripta.-</span> 
     </span>
     <span class='ocr_line' id='line_1_38' title="bbox 249 1718 1100 1748; baseline -0.001 0"><span class='ocrx_word' id='word_1_247' title='bbox 249 1723 276 1748; x_wconf 87' lang='lat' dir='ltr'>et</span> <span class='ocrx_word' id='word_1_248' title='bbox 298 1719 359 1748; x_wconf 87' lang='lat' dir='ltr'>ideo</span> <span class='ocrx_word' id='word_1_249' title='bbox 381 1719 538 1747; x_wconf 87' lang='lat' dir='ltr'>secundum</span> <span class='ocrx_word' id='word_1_250' title='bbox 560 1718 687 1747; x_wconf 87' lang='lat' dir='ltr'>diversas</span> <span class='ocrx_word' id='word_1_251' title='bbox 708 1718 880 1747; x_wconf 86' lang='lat' dir='ltr'>conditiones</span> <span class='ocrx_word' id='word_1_252' title='bbox 895 1718 992 1747; x_wconf 86' lang='lat' dir='ltr'>reduci</span> <span class='ocrx_word' id='word_1_253' title='bbox 1016 1718 1100 1747; x_wconf 87' lang='lat' dir='ltr'>babet</span> 
     </span>
     <span class='ocr_line' id='line_1_39' title="bbox 248 1765 1100 1802; baseline -0.001 -7"><span class='ocrx_word' id='word_1_254' title='bbox 248 1766 284 1795; x_wconf 87' lang='lat' dir='ltr'>ad</span> <span class='ocrx_word' id='word_1_255' title='bbox 307 1766 358 1795; x_wconf 83' lang='lat' dir='ltr'>ista</span> <span class='ocrx_word' id='word_1_256' title='bbox 380 1766 436 1795; x_wconf 92' lang='lat' dir='ltr'>duo</span> <span class='ocrx_word' id='word_1_257' title='bbox 459 1765 578 1800; x_wconf 84' lang='lat' dir='ltr'>motiva,</span> <span class='ocrx_word' id='word_1_258' title='bbox 600 1773 650 1794; x_wconf 87' lang='lat' dir='ltr'>nec</span> <span class='ocrx_word' id='word_1_259' title='bbox 671 1765 808 1802; x_wconf 88' lang='lat' dir='ltr'>oportuit,</span> <span class='ocrx_word' id='word_1_260' title='bbox 830 1766 905 1802; x_wconf 90' lang='lat' dir='ltr'>quod</span> <span class='ocrx_word' id='word_1_261' title='bbox 936 1766 1037 1794; x_wconf 82' lang='lat' dir='ltr'>habeat</span> <span class='ocrx_word' id='word_1_262' title='bbox 1058 1774 1100 1794; x_wconf 91' lang='lat' dir='ltr'>ra-</span> 
     </span>
     <span class='ocr_line' id='line_1_40' title="bbox 249 1812 505 1842; baseline -0.008 0"><span class='ocrx_word' id='word_1_263' title='bbox 249 1814 338 1842; x_wconf 88' lang='lat' dir='ltr'>dicem</span> <span class='ocrx_word' id='word_1_264' title='bbox 362 1813 473 1841; x_wconf 86' lang='lat' dir='ltr'>tertiam</span> <span class='ocrx_word' id='word_1_265' title='bbox 486 1812 505 1840; x_wconf 76' lang='lat'>³.</span> 
     </span>
    </p>

    <p class='ocr_par' dir='ltr' id='par_1_8' title="bbox 250 1859 1099 1943">
     <span class='ocr_line' id='line_1_41' title="bbox 328 1859 1099 1896; baseline 0 -9"><span class='ocrx_word' id='word_1_266' title='bbox 328 1860 355 1888; x_wconf 76' lang='lat' dir='ltr'>h..</span> <span class='ocrx_word' id='word_1_267' title='bbox 377 1859 416 1888; x_wconf 71' lang='lat' dir='ltr'>Ad</span> <span class='ocrx_word' id='word_1_268' title='bbox 438 1859 507 1887; x_wconf 91' lang='lat' dir='ltr'>illud</span> <span class='ocrx_word' id='word_1_269' title='bbox 541 1859 617 1896; x_wconf 89' lang='lat' dir='ltr'>quod</span> <span class='ocrx_word' id='word_1_270' title='bbox 645 1859 788 1893; x_wconf 89' lang='lat' dir='ltr'>obiicitur,</span> <span class='ocrx_word' id='word_1_271' title='bbox 821 1859 896 1896; x_wconf 89' lang='lat' dir='ltr'>quod</span> <span class='ocrx_word' id='word_1_272' title='bbox 929 1859 956 1887; x_wconf 95' lang='lat' dir='ltr'>in</span> <span class='ocrx_word' id='word_1_273' title='bbox 978 1862 1099 1896; x_wconf 86' lang='lat' dir='ltr'>utraque</span> 
     </span>
     <span class='ocr_line' id='line_1_42' title="bbox 250 1905 1098 1943; baseline -0.001 -9"><span class='ocrx_word' id='word_1_274' title='bbox 250 1906 320 1943; x_wconf 84' lang='lat' dir='ltr'>Lege</span> <span class='ocrx_word' id='word_1_275' title='bbox 342 1906 514 1943; x_wconf 86' lang='lat' dir='ltr'>praecipitur</span> <span class='ocrx_word' id='word_1_276' title='bbox 545 1905 628 1933; x_wconf 88' lang='lat' dir='ltr'>timor</span> <span class='ocrx_word' id='word_1_277' title='bbox 660 1908 687 1933; x_wconf 91' lang='lat' dir='ltr'>et</span> <span class='ocrx_word' id='word_1_278' title='bbox 718 1912 810 1939; x_wconf 80' lang='lat' dir='ltr'>amor3</span> <span class='ocrx_word' id='word_1_279' title='bbox 833 1905 1001 1939; x_wconf 84' lang='lat' dir='ltr'>dicendum,</span> <span class='ocrx_word' id='word_1_280' title='bbox 1023 1905 1098 1942; x_wconf 89' lang='lat' dir='ltr'>quod</span> 
     </span>
    </p>
   </div>
   <div class='ocr_carea' id='block_1_6' title="bbox 1125 277 1134 1929">
    <p class='ocr_par' dir='ltr' id='par_1_9' title="bbox 1125 277 1134 1929">
     <span class='ocr_line' id='line_1_43' title="bbox 1125 277 1134 1929; baseline 0 0"><span class='ocrx_word' id='word_1_281' title='bbox 1125 277 1134 1929; x_wconf 95' lang='lat' dir='ltr'> </span> 
     </span>
    </p>
   </div>
   <div class='ocr_carea' id='block_1_7' title="bbox 934 182 1330 211">
    <p class='ocr_par' dir='ltr' id='par_1_10' title="bbox 934 182 1330 211">
     <span class='ocr_line' id='line_1_44' title="bbox 934 182 1330 211; baseline 0.003 -1"><span class='ocrx_word' id='word_1_282' title='bbox 934 182 1187 211; x_wconf 81' lang='lat' dir='ltr'>SENTENTIARUM</span> <span class='ocrx_word' id='word_1_283' title='bbox 1209 183 1268 211; x_wconf 87' lang='lat' dir='ltr'>LIB.</span> <span class='ocrx_word' id='word_1_284' title='bbox 1291 183 1330 211; x_wconf 83' lang='lat'>111.</span> 
     </span>
    </p>
   </div>
   <div class='ocr_carea' id='block_1_8' title="bbox 1156 261 2110 1896">
    <p class='ocr_par' dir='ltr' id='par_1_11' title="bbox 1159 261 2006 478">
     <span class='ocr_line' id='line_1_45' title="bbox 1162 261 2006 299; baseline 0.002 -10"><span class='ocrx_word' id='word_1_285' title='bbox 1162 268 1260 289; x_wconf 88' lang='lat' dir='ltr'>verum</span> <span class='ocrx_word' id='word_1_286' title='bbox 1275 264 1331 295; x_wconf 87' lang='lat' dir='ltr'>est;</span> <span class='ocrx_word' id='word_1_287' title='bbox 1348 261 1396 290; x_wconf 87' lang='lat' dir='ltr'>sed</span> <span class='ocrx_word' id='word_1_288' title='bbox 1413 264 1504 290; x_wconf 87' lang='lat' dir='ltr'>tamen</span> <span class='ocrx_word' id='word_1_289' title='bbox 1519 262 1576 290; x_wconf 90' lang='lat' dir='ltr'>Lex</span> <span class='ocrx_word' id='word_1_290' title='bbox 1592 264 1672 290; x_wconf 90' lang='lat' dir='ltr'>vetus</span> <span class='ocrx_word' id='word_1_291' title='bbox 1691 261 1881 299; x_wconf 77' lang='lat' dir='ltr'>principaliter</span> <span class='ocrx_word' id='word_1_292' title='bbox 1903 263 1987 291; x_wconf 86' lang='lat' dir='ltr'>habet</span> <span class='ocrx_word' id='word_1_293' title='bbox 1998 263 2006 277; x_wconf 77' lang='lat'><strong>⁴</strong></span> 
     </span>
     <span class='ocr_line' id='line_1_46' title="bbox 1160 307 2006 345; baseline 0.002 -9"><span class='ocrx_word' id='word_1_294' title='bbox 1160 307 1273 336; x_wconf 86' lang='lat' dir='ltr'>oculum</span> <span class='ocrx_word' id='word_1_295' title='bbox 1295 308 1331 336; x_wconf 87' lang='lat' dir='ltr'>ad</span> <span class='ocrx_word' id='word_1_296' title='bbox 1353 308 1496 343; x_wconf 87' lang='lat' dir='ltr'>timorem,</span> <span class='ocrx_word' id='word_1_297' title='bbox 1520 309 1575 337; x_wconf 89' lang='lat' dir='ltr'>Lex</span> <span class='ocrx_word' id='word_1_298' title='bbox 1598 316 1664 337; x_wconf 89' lang='lat' dir='ltr'>vero</span> <span class='ocrx_word' id='word_1_299' title='bbox 1679 316 1751 336; x_wconf 89' lang='lat' dir='ltr'>nova</span> <span class='ocrx_word' id='word_1_300' title='bbox 1765 308 1955 345; x_wconf 84' lang='lat' dir='ltr'>principaliter</span> <span class='ocrx_word' id='word_1_301' title='bbox 1970 309 2006 338; x_wconf 87' lang='lat' dir='ltr'>ad</span> 
     </span>
     <span class='ocr_line' id='line_1_47' title="bbox 1160 355 2006 392; baseline 0.002 -10"><span class='ocrx_word' id='word_1_302' title='bbox 1160 362 1299 388; x_wconf 77' lang='lat' dir='ltr'>amorem3</span> <span class='ocrx_word' id='word_1_303' title='bbox 1321 355 1391 384; x_wconf 91' lang='lat' dir='ltr'>illud</span> <span class='ocrx_word' id='word_1_304' title='bbox 1413 358 1507 384; x_wconf 86' lang='lat' dir='ltr'>autem</span> <span class='ocrx_word' id='word_1_305' title='bbox 1530 359 1604 384; x_wconf 90' lang='lat' dir='ltr'>tenet</span> <span class='ocrx_word' id='word_1_306' title='bbox 1631 355 1658 383; x_wconf 93' lang='lat' dir='ltr'>in</span> <span class='ocrx_word' id='word_1_307' title='bbox 1687 355 1747 392; x_wconf 80' lang='lat' dir='ltr'>lege</span> <span class='ocrx_word' id='word_1_308' title='bbox 1777 356 1912 384; x_wconf 89' lang='lat' dir='ltr'>rationem</span> <span class='ocrx_word' id='word_1_309' title='bbox 1935 356 2006 384; x_wconf 88' lang='lat' dir='ltr'>radi-</span> 
     </span>
     <span class='ocr_line' id='line_1_48' title="bbox 1160 402 2006 439; baseline 0.002 -9"><span class='ocrx_word' id='word_1_310' title='bbox 1160 402 1214 436; x_wconf 83' lang='lat' dir='ltr'>cis,</span> <span class='ocrx_word' id='word_1_311' title='bbox 1236 402 1312 439; x_wconf 88' lang='lat' dir='ltr'>quod</span> <span class='ocrx_word' id='word_1_312' title='bbox 1334 402 1525 439; x_wconf 83' lang='lat' dir='ltr'>principaliter</span> <span class='ocrx_word' id='word_1_313' title='bbox 1547 405 1639 431; x_wconf 89' lang='lat' dir='ltr'>movet</span> <span class='ocrx_word' id='word_1_314' title='bbox 1671 403 1698 430; x_wconf 93' lang='lat' dir='ltr'>in</span> <span class='ocrx_word' id='word_1_315' title='bbox 1721 403 1859 431; x_wconf 89' lang='lat' dir='ltr'>mandatis</span> <span class='ocrx_word' id='word_1_316' title='bbox 1880 403 1941 432; x_wconf 90' lang='lat' dir='ltr'>eius</span> <span class='ocrx_word' id='word_1_317' title='bbox 1961 403 2006 432; x_wconf 89' lang='lat' dir='ltr'>ob-</span> 
     </span>
     <span class='ocr_line' id='line_1_49' title="bbox 1159 449 1314 478; baseline 0 -1"><span class='ocrx_word' id='word_1_318' title='bbox 1159 449 1314 478; x_wconf 87' lang='lat' dir='ltr'>servandis.</span> 
     </span>
    </p>

    <p class='ocr_par' dir='ltr' id='par_1_12' title="bbox 1158 495 2007 1096">
     <span class='ocr_line' id='line_1_50' title="bbox 1239 495 2007 534; baseline 0.003 -10"><span class='ocrx_word' id='word_1_319' title='bbox 1239 497 1264 524; x_wconf 76' lang='lat'>5.</span> <span class='ocrx_word' id='word_1_320' title='bbox 1287 496 1325 524; x_wconf 76' lang='lat' dir='ltr'>Ad</span> <span class='ocrx_word' id='word_1_321' title='bbox 1348 495 1417 525; x_wconf 83' lang='lat' dir='ltr'>illud</span> <span class='ocrx_word' id='word_1_322' title='bbox 1439 496 1513 533; x_wconf 90' lang='lat' dir='ltr'>quod</span> <span class='ocrx_word' id='word_1_323' title='bbox 1536 496 1678 530; x_wconf 84' lang='lat' dir='ltr'>obiicitur,</span> <span class='ocrx_word' id='word_1_324' title='bbox 1700 497 1775 534; x_wconf 87' lang='lat' dir='ltr'>quod</span> <span class='ocrx_word' id='word_1_325' title='bbox 1797 497 1947 534; x_wconf 83' lang='lat' dir='ltr'>utrobique</span> <span class='ocrx_word' id='word_1_326' title='bbox 1962 497 2007 526; x_wconf 88' lang='lat' dir='ltr'>fie-</span> 
     </span>
     <span class='ocr_line' id='line_1_51' title="bbox 1160 543 2004 581; baseline 0.004 -10"><span class='ocrx_word' id='word_1_327' title='bbox 1160 543 1226 571; x_wconf 87' lang='lat' dir='ltr'>bant</span> <span class='ocrx_word' id='word_1_328' title='bbox 1240 543 1469 571; x_wconf 87' lang='lat' dir='ltr'>comminationes</span> <span class='ocrx_word' id='word_1_329' title='bbox 1484 546 1511 572; x_wconf 88' lang='lat' dir='ltr'>et</span> <span class='ocrx_word' id='word_1_330' title='bbox 1526 543 1739 580; x_wconf 87' lang='lat' dir='ltr'>promissiones;</span> <span class='ocrx_word' id='word_1_331' title='bbox 1754 544 1914 579; x_wconf 88' lang='lat' dir='ltr'>dicendum,</span> <span class='ocrx_word' id='word_1_332' title='bbox 1930 546 2004 581; x_wconf 87' lang='lat' dir='ltr'>quod</span> 
     </span>
     <span class='ocr_line' id='line_1_52' title="bbox 1159 589 2006 627; baseline 0.004 -10"><span class='ocrx_word' id='word_1_333' title='bbox 1159 589 1186 617; x_wconf 91' lang='lat' dir='ltr'>in</span> <span class='ocrx_word' id='word_1_334' title='bbox 1209 590 1278 626; x_wconf 83' lang='lat' dir='ltr'>Lege</span> <span class='ocrx_word' id='word_1_335' title='bbox 1299 589 1386 618; x_wconf 88' lang='lat' dir='ltr'>veteri</span> <span class='ocrx_word' id='word_1_336' title='bbox 1409 589 1512 618; x_wconf 83' lang='lat' dir='ltr'>fiebant</span> <span class='ocrx_word' id='word_1_337' title='bbox 1531 590 1740 626; x_wconf 74' lang='lat' dir='ltr'>promissiones</span> <span class='ocrx_word' id='word_1_338' title='bbox 1764 591 1946 627; x_wconf 84' lang='lat' dir='ltr'>temporales,</span> <span class='ocrx_word' id='word_1_339' title='bbox 1967 599 2006 620; x_wconf 85' lang='lat' dir='ltr'>se-</span> 
     </span>
     <span class='ocr_line' id='line_1_53' title="bbox 1158 636 2006 674; baseline 0.002 -10"><span class='ocrx_word' id='word_1_340' title='bbox 1158 636 1285 665; x_wconf 90' lang='lat' dir='ltr'>cundum</span> <span class='ocrx_word' id='word_1_341' title='bbox 1306 636 1381 673; x_wconf 89' lang='lat' dir='ltr'>quod</span> <span class='ocrx_word' id='word_1_342' title='bbox 1403 636 1506 665; x_wconf 88' lang='lat' dir='ltr'>dicitur</span> <span class='ocrx_word' id='word_1_343' title='bbox 1535 636 1620 665; x_wconf 86' lang='lat' dir='ltr'>Isaiae</span> <span class='ocrx_word' id='word_1_344' title='bbox 1651 637 1778 674; x_wconf 77' lang='lat' dir='ltr'>primo⁵2</span> <span class='ocrx_word' id='word_1_345' title='bbox 1802 637 1836 666; x_wconf 89' lang='lat' dir='ltr'>Si</span> <span class='ocrx_word' id='word_1_346' title='bbox 1854 637 2006 666; x_wconf 76' lang='lat' dir='ltr'>volueritis</span> 
     </span>
     <span class='ocr_line' id='line_1_54' title="bbox 1158 683 2005 721; baseline 0.002 -10"><span class='ocrx_word' id='word_1_347' title='bbox 1158 687 1185 711; x_wconf 78' lang='lat' dir='ltr'>et</span> <span class='ocrx_word' id='word_1_348' title='bbox 1205 683 1363 712; x_wconf 76' lang='lat' dir='ltr'>audieritis</span> <span class='ocrx_word' id='word_1_349' title='bbox 1385 692 1443 717; x_wconf 80' lang='lat' dir='ltr'>me,</span> <span class='ocrx_word' id='word_1_350' title='bbox 1472 683 1547 712; x_wconf 78' lang='lat' dir='ltr'>bona</span> <span class='ocrx_word' id='word_1_351' title='bbox 1576 687 1673 712; x_wconf 78' lang='lat' dir='ltr'>terrae</span> <span class='ocrx_word' id='word_1_352' title='bbox 1694 684 1846 712; x_wconf 70' lang='lat' dir='ltr'>comedetis</span> <span class='ocrx_word' id='word_1_353' title='bbox 1854 695 1864 718; x_wconf 88' lang='lat'><em>;</em></span> <span class='ocrx_word' id='word_1_354' title='bbox 1886 685 1911 713; x_wconf 91' lang='lat' dir='ltr'>in</span> <span class='ocrx_word' id='word_1_355' title='bbox 1934 685 2005 721; x_wconf 82' lang='lat' dir='ltr'>Lege</span> 
     </span>
     <span class='ocr_line' id='line_1_55' title="bbox 1158 730 2006 768; baseline 0.002 -10"><span class='ocrx_word' id='word_1_356' title='bbox 1158 733 1251 759; x_wconf 84' lang='lat' dir='ltr'>autem</span> <span class='ocrx_word' id='word_1_357' title='bbox 1274 738 1346 758; x_wconf 86' lang='lat' dir='ltr'>nova</span> <span class='ocrx_word' id='word_1_358' title='bbox 1367 730 1566 767; x_wconf 87' lang='lat' dir='ltr'>promissiones</span> <span class='ocrx_word' id='word_1_359' title='bbox 1587 734 1730 765; x_wconf 84' lang='lat' dir='ltr'>aeternae,</span> <span class='ocrx_word' id='word_1_360' title='bbox 1752 731 1855 768; x_wconf 89' lang='lat' dir='ltr'>quibus</span> <span class='ocrx_word' id='word_1_361' title='bbox 1871 731 2006 761; x_wconf 87' lang='lat' dir='ltr'>Dominus</span> 
     </span>
     <span class='ocr_line' id='line_1_56' title="bbox 1159 777 2006 815; baseline 0.002 -10"><span class='ocrx_word' id='word_1_362' title='bbox 1159 777 1296 815; x_wconf 90' lang='lat' dir='ltr'>promittit</span> <span class='ocrx_word' id='word_1_363' title='bbox 1317 777 1498 814; x_wconf 86' lang='lat' dir='ltr'>semetipsum</span> <span class='ocrx_word' id='word_1_364' title='bbox 1521 777 1600 806; x_wconf 89' lang='lat' dir='ltr'>nobis</span> <span class='ocrx_word' id='word_1_365' title='bbox 1623 777 1648 805; x_wconf 92' lang='lat' dir='ltr'>in</span> <span class='ocrx_word' id='word_1_366' title='bbox 1682 778 1847 815; x_wconf 86' lang='lat' dir='ltr'>praemium.</span> <span class='ocrx_word' id='word_1_367' title='bbox 1869 795 1908 799; x_wconf 88' lang='lat'>—-</span> <span class='ocrx_word' id='word_1_368' title='bbox 1929 779 2006 807; x_wconf 85' lang='lat' dir='ltr'>Simi-</span> 
     </span>
     <span class='ocr_line' id='line_1_57' title="bbox 1161 824 2006 861; baseline 0.002 -8"><span class='ocrx_word' id='word_1_369' title='bbox 1161 824 1222 853; x_wconf 88' lang='lat' dir='ltr'>liter</span> <span class='ocrx_word' id='word_1_370' title='bbox 1243 828 1270 853; x_wconf 90' lang='lat' dir='ltr'>et</span> <span class='ocrx_word' id='word_1_371' title='bbox 1291 825 1326 853; x_wconf 91' lang='lat' dir='ltr'>de</span> <span class='ocrx_word' id='word_1_372' title='bbox 1358 824 1636 853; x_wconf 63' lang='lat' dir='ltr'>comminationibus</span> <span class='ocrx_word' id='word_1_373' title='bbox 1666 825 1876 861; x_wconf 83' lang='lat' dir='ltr'>intelligendum</span> <span class='ocrx_word' id='word_1_374' title='bbox 1902 829 1952 854; x_wconf 87' lang='lat' dir='ltr'>est.</span> <span class='ocrx_word' id='word_1_375' title='bbox 1977 826 2006 855; x_wconf 86' lang='lat' dir='ltr'>Et</span> 
     </span>
     <span class='ocr_line' id='line_1_58' title="bbox 1158 871 2006 909; baseline 0.002 -10"><span class='ocrx_word' id='word_1_376' title='bbox 1158 871 1289 908; x_wconf 84' lang='lat' dir='ltr'>quoniam</span> <span class='ocrx_word' id='word_1_377' title='bbox 1312 871 1375 899; x_wconf 87' lang='lat' dir='ltr'>illae</span> <span class='ocrx_word' id='word_1_378' title='bbox 1394 871 1623 901; x_wconf 75' lang='lat' dir='ltr'>comminationes</span> <span class='ocrx_word' id='word_1_379' title='bbox 1644 874 1671 900; x_wconf 91' lang='lat' dir='ltr'>et</span> <span class='ocrx_word' id='word_1_380' title='bbox 1686 872 1884 908; x_wconf 80' lang='lat' dir='ltr'>promissiones</span> <span class='ocrx_word' id='word_1_381' title='bbox 1899 873 2006 909; x_wconf 80' lang='lat' dir='ltr'>primae</span> 
     </span>
     <span class='ocr_line' id='line_1_59' title="bbox 1159 916 2006 955; baseline 0.002 -9"><span class='ocrx_word' id='word_1_382' title='bbox 1159 918 1352 955; x_wconf 85' lang='lat' dir='ltr'>competebant</span> <span class='ocrx_word' id='word_1_383' title='bbox 1373 918 1457 946; x_wconf 87' lang='lat' dir='ltr'>statui</span> <span class='ocrx_word' id='word_1_384' title='bbox 1479 916 1726 955; x_wconf 76' lang='lat' dir='ltr'>i&#39;m.perfectioizis;</span> <span class='ocrx_word' id='word_1_385' title='bbox 1740 919 1801 947; x_wconf 92' lang='lat' dir='ltr'>ideo</span> <span class='ocrx_word' id='word_1_386' title='bbox 1816 919 2006 948; x_wconf 84' lang='lat' dir='ltr'>abundantius</span> 
     </span>
     <span class='ocr_line' id='line_1_60' title="bbox 1158 964 2007 1002; baseline 0.002 -9"><span class='ocrx_word' id='word_1_387' title='bbox 1158 965 1329 1001; x_wconf 81' lang='lat' dir='ltr'>generabant</span> <span class='ocrx_word' id='word_1_388' title='bbox 1359 964 1490 993; x_wconf 79' lang='lat' dir='ltr'>affectum</span> <span class='ocrx_word' id='word_1_389' title='bbox 1516 965 1624 993; x_wconf 88' lang='lat' dir='ltr'>timoris</span> <span class='ocrx_word' id='word_1_390' title='bbox 1653 973 1737 1002; x_wconf 85' lang='lat' dir='ltr'>quam</span> <span class='ocrx_word' id='word_1_391' title='bbox 1759 966 1878 1000; x_wconf 86' lang='lat' dir='ltr'>amoris;</span> <span class='ocrx_word' id='word_1_392' title='bbox 1910 966 1960 995; x_wconf 86' lang='lat' dir='ltr'>sed</span> <span class='ocrx_word' id='word_1_393' title='bbox 1981 974 2007 995; x_wconf 91' lang='lat' dir='ltr'>e-</span> 
     </span>
     <span class='ocr_line' id='line_1_61' title="bbox 1158 1011 2007 1048; baseline 0.002 -8"><span class='ocrx_word' id='word_1_394' title='bbox 1158 1014 1255 1041; x_wconf 83' lang='lat' dir='ltr'>contra</span> <span class='ocrx_word' id='word_1_395' title='bbox 1275 1015 1318 1040; x_wconf 89' lang='lat' dir='ltr'>est</span> <span class='ocrx_word' id='word_1_396' title='bbox 1339 1011 1373 1040; x_wconf 91' lang='lat' dir='ltr'>de</span> <span class='ocrx_word' id='word_1_397' title='bbox 1395 1011 1628 1048; x_wconf 87' lang='lat' dir='ltr'>promissionibus</span> <span class='ocrx_word' id='word_1_398' title='bbox 1642 1015 1669 1040; x_wconf 88' lang='lat' dir='ltr'>et</span> <span class='ocrx_word' id='word_1_399' title='bbox 1684 1012 1947 1042; x_wconf 85' lang='lat' dir='ltr'>comminationibus</span> <span class='ocrx_word' id='word_1_400' title='bbox 1962 1013 2007 1042; x_wconf 91' lang='lat' dir='ltr'>Le-</span> 
     </span>
     <span class='ocr_line' id='line_1_62' title="bbox 1158 1059 1744 1096; baseline 0 -9"><span class='ocrx_word' id='word_1_401' title='bbox 1158 1059 1200 1096; x_wconf 82' lang='lat' dir='ltr'>gis</span> <span class='ocrx_word' id='word_1_402' title='bbox 1221 1066 1316 1087; x_wconf 89' lang='lat' dir='ltr'>novae.</span> <span class='ocrx_word' id='word_1_403' title='bbox 1340 1059 1403 1087; x_wconf 87' lang='lat' dir='ltr'>Ideo</span> <span class='ocrx_word' id='word_1_404' title='bbox 1425 1059 1495 1087; x_wconf 90' lang='lat' dir='ltr'>ratio</span> <span class='ocrx_word' id='word_1_405' title='bbox 1516 1059 1564 1087; x_wconf 87' lang='lat' dir='ltr'>illa</span> <span class='ocrx_word' id='word_1_406' title='bbox 1586 1067 1639 1087; x_wconf 89' lang='lat' dir='ltr'>uon</span> <span class='ocrx_word' id='word_1_407' title='bbox 1663 1059 1744 1088; x_wconf 85' lang='lat' dir='ltr'>valet.</span> 
     </span>
    </p>

    <p class='ocr_par' dir='ltr' id='par_1_13' title="bbox 1156 1106 2110 1896">
     <span class='ocr_line' id='line_1_63' title="bbox 1238 1106 2007 1143; baseline 0.003 -9"><span class='ocrx_word' id='word_1_408' title='bbox 1238 1107 1264 1134; x_wconf 89' lang='grc'>6.</span> <span class='ocrx_word' id='word_1_409' title='bbox 1286 1106 1325 1135; x_wconf 80' lang='lat' dir='ltr'>Ad</span> <span class='ocrx_word' id='word_1_410' title='bbox 1348 1106 1418 1135; x_wconf 90' lang='lat' dir='ltr'>illud</span> <span class='ocrx_word' id='word_1_411' title='bbox 1440 1106 1515 1143; x_wconf 91' lang='lat' dir='ltr'>quod</span> <span class='ocrx_word' id='word_1_412' title='bbox 1537 1106 1681 1141; x_wconf 85' lang='lat' dir='ltr'>obiicitur,</span> <span class='ocrx_word' id='word_1_413' title='bbox 1702 1106 1778 1143; x_wconf 86' lang='lat' dir='ltr'>quod</span> <span class='ocrx_word' id='word_1_414' title='bbox 1802 1107 1921 1136; x_wconf 84' lang='lat' dir='ltr'>maiores</span> <span class='ocrx_word' id='word_1_415' title='bbox 1936 1115 2007 1136; x_wconf 88' lang='lat' dir='ltr'>com-</span> 
     </span>
     <span class='ocr_line' id='line_1_64' title="bbox 1159 1152 2008 1190; baseline 0.004 -11"><span class='ocrx_word' id='word_1_416' title='bbox 1159 1152 1323 1181; x_wconf 87' lang='lat' dir='ltr'>minationes</span> <span class='ocrx_word' id='word_1_417' title='bbox 1356 1152 1426 1181; x_wconf 83' lang='lat' dir='ltr'>fiunt</span> <span class='ocrx_word' id='word_1_418' title='bbox 1458 1153 1485 1180; x_wconf 92' lang='lat' dir='ltr'>in</span> <span class='ocrx_word' id='word_1_419' title='bbox 1518 1153 1588 1189; x_wconf 85' lang='lat' dir='ltr'>Lege</span> <span class='ocrx_word' id='word_1_420' title='bbox 1620 1162 1708 1187; x_wconf 86' lang='lat' dir='ltr'>nova;</span> <span class='ocrx_word' id='word_1_421' title='bbox 1730 1154 1893 1190; x_wconf 85' lang='lat' dir='ltr'>responderi</span> <span class='ocrx_word' id='word_1_422' title='bbox 1918 1157 2008 1190; x_wconf 87' lang='lat' dir='ltr'>potest</span> 
     </span>
     <span class='ocr_line' id='line_1_65' title="bbox 1158 1199 2109 1242; baseline 0.001 -15"><span class='ocrx_word' id='word_1_423' title='bbox 1158 1199 1319 1236; x_wconf 89' lang='lat' dir='ltr'>dupliciter:</span> <span class='ocrx_word' id='word_1_424' title='bbox 1344 1199 1450 1236; x_wconf 87' lang='lat' dir='ltr'>primo,</span> <span class='ocrx_word' id='word_1_425' title='bbox 1472 1200 1538 1237; x_wconf 82' lang='lat' dir='ltr'>quia.</span> <span class='ocrx_word' id='word_1_426' title='bbox 1558 1201 1641 1229; x_wconf 87' lang='lat' dir='ltr'>homo</span> <span class='ocrx_word' id='word_1_427' title='bbox 1663 1200 1782 1229; x_wconf 87' lang='lat' dir='ltr'>carnalis</span> <span class='ocrx_word' id='word_1_428' title='bbox 1804 1204 1831 1229; x_wconf 85' lang='lat' dir='ltr'>et</span> <span class='ocrx_word' id='word_1_429' title='bbox 1846 1201 1983 1230; x_wconf 86' lang='lat' dir='ltr'>sensualis</span> <span class='ocrx_word' id='word_1_430' title='bbox 1996 1201 2006 1215; x_wconf 75' lang='lat'><strong>⁶</strong></span> <span class='ocrx_word' id='word_1_431' title='bbox 2019 1204 2109 1242; x_wconf 42' lang='lat' dir='ltr'>Rasa-1-</span> 
     </span>
     <span class='ocr_line' id='line_1_66' title="bbox 1159 1247 2008 1285; baseline 0.004 -11"><span class='ocrx_word' id='word_1_432' title='bbox 1159 1247 1247 1283; x_wconf 83' lang='lat' dir='ltr'>magis</span> <span class='ocrx_word' id='word_1_433' title='bbox 1268 1250 1444 1281; x_wconf 81' lang='lat' dir='ltr'>exterretur,</span> <span class='ocrx_word' id='word_1_434' title='bbox 1472 1255 1535 1275; x_wconf 90' lang='lat' dir='ltr'>cum</span> <span class='ocrx_word' id='word_1_435' title='bbox 1566 1247 1753 1276; x_wconf 85' lang='lat' dir='ltr'>comminatur</span> <span class='ocrx_word' id='word_1_436' title='bbox 1785 1247 1836 1276; x_wconf 87' lang='lat' dir='ltr'>sibi</span> <span class='ocrx_word' id='word_1_437' title='bbox 1870 1256 1958 1285; x_wconf 87' lang='lat' dir='ltr'>poena</span> <span class='ocrx_word' id='word_1_438' title='bbox 1980 1248 2008 1277; x_wconf 90' lang='lat' dir='ltr'>in</span> 
     </span>
     <span class='ocr_line' id='line_1_67' title="bbox 1157 1293 2009 1330; baseline 0.004 -9"><span class='ocrx_word' id='word_1_439' title='bbox 1157 1293 1297 1330; x_wconf 86' lang='lat' dir='ltr'>praesenti</span> <span class='ocrx_word' id='word_1_440' title='bbox 1319 1301 1404 1330; x_wconf 83' lang='lat' dir='ltr'>quam</span> <span class='ocrx_word' id='word_1_441' title='bbox 1427 1293 1454 1321; x_wconf 91' lang='lat' dir='ltr'>in</span> <span class='ocrx_word' id='word_1_442' title='bbox 1477 1293 1580 1322; x_wconf 84' lang='lat' dir='ltr'>futuro.</span> <span class='ocrx_word' id='word_1_443' title='bbox 1602 1294 1677 1323; x_wconf 88' lang='lat' dir='ltr'>Sicut</span> <span class='ocrx_word' id='word_1_444' title='bbox 1704 1295 1783 1323; x_wconf 90' lang='lat' dir='ltr'>multi</span> <span class='ocrx_word' id='word_1_445' title='bbox 1807 1295 1928 1324; x_wconf 87' lang='lat' dir='ltr'>latrones</span> <span class='ocrx_word' id='word_1_446' title='bbox 1955 1303 2009 1324; x_wconf 91' lang='lat' dir='ltr'>ma-</span> 
     </span>
     <span class='ocr_line' id='line_1_68' title="bbox 1158 1340 2007 1379; baseline 0.002 -10"><span class='ocrx_word' id='word_1_447' title='bbox 1158 1341 1200 1378; x_wconf 81' lang='lat' dir='ltr'>gis</span> <span class='ocrx_word' id='word_1_448' title='bbox 1222 1341 1320 1369; x_wconf 86' lang='lat' dir='ltr'>timent</span> <span class='ocrx_word' id='word_1_449' title='bbox 1341 1340 1429 1369; x_wconf 82' lang='lat' dir='ltr'>furari</span> <span class='ocrx_word' id='word_1_450' title='bbox 1451 1344 1566 1378; x_wconf 87' lang='lat' dir='ltr'>propter</span> <span class='ocrx_word' id='word_1_451' title='bbox 1595 1341 1752 1378; x_wconf 87' lang='lat' dir='ltr'>patibulum</span> <span class='ocrx_word' id='word_1_452' title='bbox 1774 1345 1801 1370; x_wconf 90' lang='lat' dir='ltr'>et</span> <span class='ocrx_word' id='word_1_453' title='bbox 1822 1342 2007 1379; x_wconf 86' lang='lat' dir='ltr'>suspendium</span> 
     </span>
     <span class='ocr_line' id='line_1_69' title="bbox 1158 1388 2009 1425; baseline 0 -8"><span class='ocrx_word' id='word_1_454' title='bbox 1158 1396 1244 1425; x_wconf 78' lang='lat' dir='ltr'>quam</span> <span class='ocrx_word' id='word_1_455' title='bbox 1266 1391 1381 1425; x_wconf 88' lang='lat' dir='ltr'>propter</span> <span class='ocrx_word' id='word_1_456' title='bbox 1402 1388 1537 1416; x_wconf 80' lang='lat' dir='ltr'>infernale</span> <span class='ocrx_word' id='word_1_457' title='bbox 1559 1388 1738 1425; x_wconf 90' lang='lat' dir='ltr'>supplicium.</span> <span class='ocrx_word' id='word_1_458' title='bbox 1762 1388 1838 1417; x_wconf 87' lang='lat' dir='ltr'>Unde</span> <span class='ocrx_word' id='word_1_459' title='bbox 1853 1389 1904 1417; x_wconf 87' lang='lat' dir='ltr'>etsi</span> <span class='ocrx_word' id='word_1_460' title='bbox 1921 1389 2009 1417; x_wconf 86' lang='lat' dir='ltr'>maior</span> 
     </span>
     <span class='ocr_line' id='line_1_70' title="bbox 1158 1435 2009 1472; baseline 0.001 -9"><span class='ocrx_word' id='word_1_461' title='bbox 1158 1435 1194 1463; x_wconf 88' lang='lat' dir='ltr'>sit</span> <span class='ocrx_word' id='word_1_462' title='bbox 1215 1435 1409 1470; x_wconf 83' lang='lat' dir='ltr'>comminatio,</span> <span class='ocrx_word' id='word_1_463' title='bbox 1431 1443 1485 1463; x_wconf 86' lang='lat' dir='ltr'>non</span> <span class='ocrx_word' id='word_1_464' title='bbox 1508 1438 1600 1463; x_wconf 86' lang='lat' dir='ltr'>tamen</span> <span class='ocrx_word' id='word_1_465' title='bbox 1623 1435 1660 1463; x_wconf 87' lang='lat' dir='ltr'>ita</span> <span class='ocrx_word' id='word_1_466' title='bbox 1682 1438 1783 1469; x_wconf 90' lang='lat' dir='ltr'>movet,</span> <span class='ocrx_word' id='word_1_467' title='bbox 1805 1435 1871 1472; x_wconf 87' lang='lat' dir='ltr'>quia</span> <span class='ocrx_word' id='word_1_468' title='bbox 1893 1443 1945 1464; x_wconf 89' lang='lat' dir='ltr'>non</span> <span class='ocrx_word' id='word_1_469' title='bbox 1967 1439 2009 1465; x_wconf 90' lang='lat' dir='ltr'>est</span> 
     </span>
     <span class='ocr_line' id='line_1_71' title="bbox 1157 1482 2110 1520; baseline 0.003 -10"><span class='ocrx_word' id='word_1_470' title='bbox 1157 1483 1227 1511; x_wconf 83' lang='lat' dir='ltr'>adeo</span> <span class='ocrx_word' id='word_1_471' title='bbox 1247 1486 1312 1511; x_wconf 86' lang='lat' dir='ltr'>nota</span> <span class='ocrx_word' id='word_1_472' title='bbox 1321 1483 1339 1510; x_wconf 91' lang='lat'>⁷.</span> <span class='ocrx_word' id='word_1_473' title='bbox 1361 1498 1399 1502; x_wconf 85' lang='lat'>—</span> <span class='ocrx_word' id='word_1_474' title='bbox 1420 1482 1478 1510; x_wconf 72' lang='lat' dir='ltr'>Alio</span> <span class='ocrx_word' id='word_1_475' title='bbox 1500 1482 1583 1511; x_wconf 89' lang='lat' dir='ltr'>modo</span> <span class='ocrx_word' id='word_1_476' title='bbox 1605 1485 1694 1519; x_wconf 84' lang='lat' dir='ltr'>potest</span> <span class='ocrx_word' id='word_1_477' title='bbox 1709 1483 1775 1517; x_wconf 86' lang='lat' dir='ltr'>dici,</span> <span class='ocrx_word' id='word_1_478' title='bbox 1791 1483 1866 1520; x_wconf 87' lang='lat' dir='ltr'>quod</span> <span class='ocrx_word' id='word_1_479' title='bbox 1888 1483 1916 1511; x_wconf 92' lang='lat' dir='ltr'>in</span> <span class='ocrx_word' id='word_1_480' title='bbox 1938 1484 2008 1520; x_wconf 83' lang='lat' dir='ltr'>Lege</span> <span class='ocrx_word' id='word_1_481' title='bbox 2021 1490 2078 1514; x_wconf 78' lang='lat' dir='ltr'>Resp-</span> <span class='ocrx_word' id='word_1_482' title='bbox 2092 1490 2110 1508; x_wconf 74' lang='lat'>2-</span> 
     </span>
     <span class='ocr_line' id='line_1_72' title="bbox 1158 1530 2007 1566; baseline 0.001 -8"><span class='ocrx_word' id='word_1_483' title='bbox 1158 1538 1230 1558; x_wconf 88' lang='lat' dir='ltr'>nova</span> <span class='ocrx_word' id='word_1_484' title='bbox 1250 1537 1305 1558; x_wconf 91' lang='lat' dir='ltr'>non</span> <span class='ocrx_word' id='word_1_485' title='bbox 1328 1532 1436 1558; x_wconf 82' lang='lat' dir='ltr'>tantum</span> <span class='ocrx_word' id='word_1_486' title='bbox 1457 1532 1499 1558; x_wconf 85' lang='lat' dir='ltr'>est</span> <span class='ocrx_word' id='word_1_487' title='bbox 1521 1537 1620 1566; x_wconf 80' lang='lat' dir='ltr'>magna</span> <span class='ocrx_word' id='word_1_488' title='bbox 1636 1530 1814 1558; x_wconf 89' lang='lat' dir='ltr'>comminatio</span> <span class='ocrx_word' id='word_1_489' title='bbox 1829 1537 1942 1566; x_wconf 86' lang='lat' dir='ltr'>poenae,</span> <span class='ocrx_word' id='word_1_490' title='bbox 1958 1530 2007 1559; x_wconf 91' lang='lat' dir='ltr'>sed</span> 
     </span>
     <span class='ocr_line' id='line_1_73' title="bbox 1157 1576 2008 1614; baseline 0.001 -10"><span class='ocrx_word' id='word_1_491' title='bbox 1157 1577 1240 1605; x_wconf 85' lang='lat' dir='ltr'>etiam</span> <span class='ocrx_word' id='word_1_492' title='bbox 1262 1576 1411 1605; x_wconf 87' lang='lat' dir='ltr'>abundans</span> <span class='ocrx_word' id='word_1_493' title='bbox 1426 1576 1536 1604; x_wconf 85' lang='lat' dir='ltr'>collatio</span> <span class='ocrx_word' id='word_1_494' title='bbox 1551 1576 1656 1613; x_wconf 82' lang='lat' dir='ltr'>gratiae</span> <span class='ocrx_word' id='word_1_495' title='bbox 1669 1576 1687 1610; x_wconf 79' lang='lat'>⁸,</span> <span class='ocrx_word' id='word_1_496' title='bbox 1703 1584 1774 1614; x_wconf 85' lang='lat' dir='ltr'>quae</span> <span class='ocrx_word' id='word_1_497' title='bbox 1796 1577 1909 1614; x_wconf 87' lang='lat' dir='ltr'>quidem</span> <span class='ocrx_word' id='word_1_498' title='bbox 1936 1576 2008 1614; x_wconf 87' lang='lat' dir='ltr'>parit</span> 
     </span>
     <span class='ocr_line' id='line_1_74' title="bbox 1157 1622 2008 1660; baseline 0.001 -9"><span class='ocrx_word' id='word_1_499' title='bbox 1157 1631 1282 1652; x_wconf 90' lang='lat' dir='ltr'>amorem</span> <span class='ocrx_word' id='word_1_500' title='bbox 1304 1627 1331 1652; x_wconf 91' lang='lat' dir='ltr'>et</span> <span class='ocrx_word' id='word_1_501' title='bbox 1352 1622 1557 1652; x_wconf 84' lang='lat' dir='ltr'>confidentiam.</span> <span class='ocrx_word' id='word_1_502' title='bbox 1580 1623 1607 1651; x_wconf 89' lang='lat' dir='ltr'>ln</span> <span class='ocrx_word' id='word_1_503' title='bbox 1630 1624 1700 1660; x_wconf 72' lang='lat' dir='ltr'>Lege</span> <span class='ocrx_word' id='word_1_504' title='bbox 1732 1631 1798 1652; x_wconf 90' lang='lat' dir='ltr'>vero</span> <span class='ocrx_word' id='word_1_505' title='bbox 1826 1624 1914 1653; x_wconf 86' lang='lat' dir='ltr'>veteri</span> <span class='ocrx_word' id='word_1_506' title='bbox 1936 1632 2008 1653; x_wconf 89' lang='lat' dir='ltr'>com—</span> 
     </span>
     <span class='ocr_line' id='line_1_75' title="bbox 1158 1670 2007 1708; baseline 0.002 -10"><span class='ocrx_word' id='word_1_507' title='bbox 1158 1670 1272 1699; x_wconf 86' lang='lat' dir='ltr'>minatio</span> <span class='ocrx_word' id='word_1_508' title='bbox 1294 1678 1398 1707; x_wconf 83' lang='lat' dir='ltr'>poenae</span> <span class='ocrx_word' id='word_1_509' title='bbox 1419 1674 1494 1705; x_wconf 86' lang='lat' dir='ltr'>erat,</span> <span class='ocrx_word' id='word_1_510' title='bbox 1516 1678 1567 1699; x_wconf 90' lang='lat' dir='ltr'>nec</span> <span class='ocrx_word' id='word_1_511' title='bbox 1588 1674 1649 1700; x_wconf 88' lang='lat' dir='ltr'>erat</span> <span class='ocrx_word' id='word_1_512' title='bbox 1671 1674 1745 1699; x_wconf 82' lang='lat' dir='ltr'>tanta</span> <span class='ocrx_word' id='word_1_513' title='bbox 1760 1671 1870 1700; x_wconf 82' lang='lat' dir='ltr'>collatio</span> <span class='ocrx_word' id='word_1_514' title='bbox 1885 1671 1991 1708; x_wconf 82' lang='lat' dir='ltr'>gratiae</span> <span class='ocrx_word' id='word_1_515' title='bbox 1999 1682 2007 1706; x_wconf 78' lang='lat'><em>3</em></span> 
     </span>
     <span class='ocr_line' id='line_1_76' title="bbox 1157 1717 2006 1755; baseline 0.001 -10"><span class='ocrx_word' id='word_1_516' title='bbox 1157 1717 1219 1746; x_wconf 86' lang='lat' dir='ltr'>ideo</span> <span class='ocrx_word' id='word_1_517' title='bbox 1241 1717 1330 1754; x_wconf 81' lang='lat' dir='ltr'>magis</span> <span class='ocrx_word' id='word_1_518' title='bbox 1352 1725 1399 1746; x_wconf 91' lang='lat' dir='ltr'>eos</span> <span class='ocrx_word' id='word_1_519' title='bbox 1414 1717 1530 1754; x_wconf 73' lang='lat' dir='ltr'>spiritus</span> <span class='ocrx_word' id='word_1_520' title='bbox 1553 1717 1660 1747; x_wconf 90' lang='lat' dir='ltr'>timoris</span> <span class='ocrx_word' id='word_1_521' title='bbox 1675 1718 1806 1755; x_wconf 84' lang='lat' dir='ltr'>agitabat,</span> <span class='ocrx_word' id='word_1_522' title='bbox 1822 1726 1875 1746; x_wconf 89' lang='lat' dir='ltr'>non</span> <span class='ocrx_word' id='word_1_523' title='bbox 1892 1721 2006 1755; x_wconf 89' lang='lat' dir='ltr'>propter</span> 
     </span>
     <span class='ocr_line' id='line_1_77' title="bbox 1157 1765 2005 1803; baseline 0.001 -10"><span class='ocrx_word' id='word_1_524' title='bbox 1157 1765 1401 1793; x_wconf 86' lang='lat' dir='ltr'>comminationem</span> <span class='ocrx_word' id='word_1_525' title='bbox 1423 1765 1536 1793; x_wconf 88' lang='lat' dir='ltr'>maioris</span> <span class='ocrx_word' id='word_1_526' title='bbox 1558 1765 1687 1802; x_wconf 91' lang='lat' dir='ltr'>supplicii</span> <span class='ocrx_word' id='word_1_527' title='bbox 1703 1765 1810 1799; x_wconf 83' lang='lat' dir='ltr'>solum,</span> <span class='ocrx_word' id='word_1_528' title='bbox 1827 1765 1875 1794; x_wconf 85' lang='lat' dir='ltr'>sed</span> <span class='ocrx_word' id='word_1_529' title='bbox 1890 1769 2005 1803; x_wconf 90' lang='lat' dir='ltr'>propter</span> 
     </span>
     <span class='ocr_line' id='line_1_78' title="bbox 1156 1811 2005 1850; baseline 0.002 -11"><span class='ocrx_word' id='word_1_530' title='bbox 1156 1811 1400 1840; x_wconf 88' lang='lat' dir='ltr'>comminationem</span> <span class='ocrx_word' id='word_1_531' title='bbox 1421 1811 1551 1848; x_wconf 90' lang='lat' dir='ltr'>supplicii</span> <span class='ocrx_word' id='word_1_532' title='bbox 1573 1815 1600 1840; x_wconf 85' lang='lat' dir='ltr'>et</span> <span class='ocrx_word' id='word_1_533' title='bbox 1615 1812 1754 1840; x_wconf 80' lang='lat' dir='ltr'>defectum</span> <span class='ocrx_word' id='word_1_534' title='bbox 1769 1812 1914 1846; x_wconf 76' lang='lat' dir='ltr'>adjutorii,</span> <span class='ocrx_word' id='word_1_535' title='bbox 1931 1813 2005 1850; x_wconf 86' lang='lat' dir='ltr'>quod</span> 
     </span>
     <span class='ocr_line' id='line_1_79' title="bbox 1157 1858 2005 1896; baseline 0.002 -10"><span class='ocrx_word' id='word_1_536' title='bbox 1157 1858 1281 1887; x_wconf 88' lang='lat' dir='ltr'>consistit</span> <span class='ocrx_word' id='word_1_537' title='bbox 1302 1858 1329 1886; x_wconf 92' lang='lat' dir='ltr'>in</span> <span class='ocrx_word' id='word_1_538' title='bbox 1352 1858 1491 1887; x_wconf 87' lang='lat' dir='ltr'>desiderio</span> <span class='ocrx_word' id='word_1_539' title='bbox 1514 1858 1578 1887; x_wconf 91' lang='lat' dir='ltr'>boni</span> <span class='ocrx_word' id='word_1_540' title='bbox 1607 1862 1634 1887; x_wconf 89' lang='lat' dir='ltr'>et</span> <span class='ocrx_word' id='word_1_541' title='bbox 1655 1859 1745 1895; x_wconf 85' lang='lat' dir='ltr'>gratia</span> <span class='ocrx_word' id='word_1_542' title='bbox 1766 1859 1886 1896; x_wconf 85' lang='lat' dir='ltr'>Spiritus</span> <span class='ocrx_word' id='word_1_543' title='bbox 1908 1860 2005 1889; x_wconf 87' lang='lat' dir='ltr'>sancti.</span> 
     </span>
    </p>
   </div>
   <div class='ocr_carea' id='block_1_9' title="bbox 1000 2020 1263 2056">
    <p class='ocr_par' dir='ltr' id='par_1_14' title="bbox 1000 2020 1263 2056">
     <span class='ocr_line' id='line_1_80' title="bbox 1000 2020 1263 2056; baseline 0 0"><span class='ocrx_word' id='word_1_544' title='bbox 1000 2020 1263 2056; x_wconf 81' lang='lat' dir='ltr'>SOHOLION.</span> 
     </span>
    </p>
   </div>
   <div class='ocr_carea' id='block_1_10' title="bbox 248 2135 1100 2516">
    <p class='ocr_par' dir='ltr' id='par_1_15' title="bbox 248 2135 1100 2516">
     <span class='ocr_line' id='line_1_81' title="bbox 313 2135 1100 2163; baseline -0.001 -5"><span class='ocrx_word' id='word_1_545' title='bbox 313 2137 326 2158; x_wconf 97' lang='grc' dir='ltr'>Ι.</span> <span class='ocrx_word' id='word_1_546' title='bbox 345 2136 366 2158; x_wconf 87' lang='lat' dir='ltr'>ln</span> <span class='ocrx_word' id='word_1_547' title='bbox 385 2137 427 2158; x_wconf 86' lang='lat' dir='ltr'>hac</span> <span class='ocrx_word' id='word_1_548' title='bbox 444 2136 523 2158; x_wconf 89' lang='lat' dir='ltr'>ultima</span> <span class='ocrx_word' id='word_1_549' title='bbox 541 2135 684 2158; x_wconf 80' lang='lat' dir='ltr'>distinctione</span> <span class='ocrx_word' id='word_1_550' title='bbox 702 2135 807 2163; x_wconf 75' lang='lat' dir='ltr'>Magister</span> <span class='ocrx_word' id='word_1_551' title='bbox 825 2135 900 2163; x_wconf 88' lang='lat' dir='ltr'>primo</span> <span class='ocrx_word' id='word_1_552' title='bbox 918 2136 965 2163; x_wconf 76' lang='lat' dir='ltr'>agit</span> <span class='ocrx_word' id='word_1_553' title='bbox 988 2135 1017 2157; x_wconf 82' lang='lat' dir='ltr'>de</span> <span class='ocrx_word' id='word_1_554' title='bbox 1041 2135 1100 2158; x_wconf 90' lang='lat' dir='ltr'>duo-</span> 
     </span>
     <span class='ocr_line' id='line_1_82' title="bbox 249 2174 1100 2203; baseline -0.002 -5"><span class='ocrx_word' id='word_1_555' title='bbox 249 2176 293 2198; x_wconf 81' lang='lat' dir='ltr'>bus</span> <span class='ocrx_word' id='word_1_556' title='bbox 310 2176 395 2198; x_wconf 80' lang='lat' dir='ltr'>ultimis</span> <span class='ocrx_word' id='word_1_557' title='bbox 414 2175 520 2203; x_wconf 78' lang='lat' dir='ltr'>Decalogi</span> <span class='ocrx_word' id='word_1_558' title='bbox 547 2175 688 2203; x_wconf 78' lang='lat' dir='ltr'>praeceptis,</span> <span class='ocrx_word' id='word_1_559' title='bbox 708 2174 793 2203; x_wconf 81' lang='lat' dir='ltr'>quibus</span> <span class='ocrx_word' id='word_1_560' title='bbox 811 2174 947 2202; x_wconf 84' lang='lat' dir='ltr'>prohibetur</span> <span class='ocrx_word' id='word_1_561' title='bbox 964 2177 1028 2197; x_wconf 85' lang='lat' dir='ltr'>aetus</span> <span class='ocrx_word' id='word_1_562' title='bbox 1045 2175 1100 2197; x_wconf 86' lang='lat' dir='ltr'>inte-</span> 
     </span>
     <span class='ocr_line' id='line_1_83' title="bbox 249 2213 1099 2243; baseline -0.001 -6"><span class='ocrx_word' id='word_1_563' title='bbox 249 2216 295 2237; x_wconf 91' lang='lat' dir='ltr'>rior</span> <span class='ocrx_word' id='word_1_564' title='bbox 312 2215 524 2242; x_wconf 80' lang='lat' dir='ltr'>concupiscentiae,</span> <span class='ocrx_word' id='word_1_565' title='bbox 551 2214 573 2235; x_wconf 86' lang='lat' dir='ltr'>id</span> <span class='ocrx_word' id='word_1_566' title='bbox 599 2216 643 2241; x_wconf 80' lang='lat' dir='ltr'>est,</span> <span class='ocrx_word' id='word_1_567' title='bbox 670 2214 709 2243; x_wconf 84' lang='lat' dir='ltr'>qui</span> <span class='ocrx_word' id='word_1_568' title='bbox 736 2217 769 2236; x_wconf 87' lang='lat' dir='ltr'>est</span> <span class='ocrx_word' id='word_1_569' title='bbox 790 2216 909 2241; x_wconf 80' lang='lat' dir='ltr'>separatus</span> <span class='ocrx_word' id='word_1_570' title='bbox 926 2213 955 2236; x_wconf 88' lang='lat' dir='ltr'>ab</span> <span class='ocrx_word' id='word_1_571' title='bbox 973 2217 1023 2236; x_wconf 88' lang='lat' dir='ltr'>actu</span> <span class='ocrx_word' id='word_1_572' title='bbox 1042 2216 1099 2236; x_wconf 77' lang='lat' dir='ltr'>exte-</span> 
     </span>
     <span class='ocr_line' id='line_1_84' title="bbox 249 2253 1098 2282; baseline 0 -7"><span class='ocrx_word' id='word_1_573' title='bbox 249 2254 317 2282; x_wconf 72' lang='lat' dir='ltr'>riori,</span> <span class='ocrx_word' id='word_1_574' title='bbox 344 2253 372 2276; x_wconf 88' lang='lat' dir='ltr'>de</span> <span class='ocrx_word' id='word_1_575' title='bbox 398 2253 483 2282; x_wconf 79' lang='lat' dir='ltr'>quibus</span> <span class='ocrx_word' id='word_1_576' title='bbox 509 2253 610 2276; x_wconf 85' lang='lat' dir='ltr'>breviter</span> <span class='ocrx_word' id='word_1_577' title='bbox 635 2254 682 2281; x_wconf 85' lang='lat' dir='ltr'>agit</span> <span class='ocrx_word' id='word_1_578' title='bbox 707 2255 786 2275; x_wconf 82' lang='lat' dir='ltr'>auctor</span> <span class='ocrx_word' id='word_1_579' title='bbox 810 2256 886 2275; x_wconf 78' lang='lat' dir='ltr'>noster</span> <span class='ocrx_word' id='word_1_580' title='bbox 903 2253 924 2274; x_wconf 88' lang='lat' dir='ltr'>in</span> <span class='ocrx_word' id='word_1_581' title='bbox 943 2253 1020 2275; x_wconf 86' lang='lat' dir='ltr'>dubiis</span> <span class='ocrx_word' id='word_1_582' title='bbox 1042 2254 1058 2275; x_wconf 95' lang='grc'>1.</span> <span class='ocrx_word' id='word_1_583' title='bbox 1077 2254 1098 2275; x_wconf 71' lang='lat'>2.</span> 
     </span>
     <span class='ocr_line' id='line_1_85' title="bbox 249 2291 1098 2321; baseline 0 -7"><span class='ocrx_word' id='word_1_584' title='bbox 249 2292 362 2315; x_wconf 84' lang='lat' dir='ltr'>Observat</span> <span class='ocrx_word' id='word_1_585' title='bbox 378 2296 455 2315; x_wconf 87' lang='lat' dir='ltr'>autem</span> <span class='ocrx_word' id='word_1_586' title='bbox 474 2293 496 2314; x_wconf 80' lang='lat' dir='ltr'>S.</span> <span class='ocrx_word' id='word_1_587' title='bbox 514 2293 598 2314; x_wconf 90' lang='lat' dir='ltr'>Thom.</span> <span class='ocrx_word' id='word_1_588' title='bbox 617 2293 663 2320; x_wconf 73' lang='lat' dir='ltr'>(llic</span> <span class='ocrx_word' id='word_1_589' title='bbox 681 2299 700 2314; x_wconf 86' lang='lat' dir='ltr'>a.</span> <span class='ocrx_word' id='word_1_590' title='bbox 723 2293 766 2320; x_wconf 84' lang='grc'>1.),</span> <span class='ocrx_word' id='word_1_591' title='bbox 784 2292 848 2321; x_wconf 86' lang='lat' dir='ltr'>quod</span> <span class='ocrx_word' id='word_1_592' title='bbox 865 2291 965 2315; x_wconf 75' lang='lat' dir='ltr'>interius</span> <span class='ocrx_word' id='word_1_593' title='bbox 978 2295 1098 2320; x_wconf 86' lang='lat' dir='ltr'>peccatum</span> 
     </span>
     <span class='ocr_line' id='line_1_86' title="bbox 249 2331 1099 2359; baseline -0.001 -5"><span class='ocrx_word' id='word_1_594' title='bbox 249 2332 367 2354; x_wconf 83' lang='lat' dir='ltr'>moechiae</span> <span class='ocrx_word' id='word_1_595' title='bbox 384 2335 406 2354; x_wconf 89' lang='lat' dir='ltr'>et</span> <span class='ocrx_word' id='word_1_596' title='bbox 423 2332 475 2354; x_wconf 80' lang='lat' dir='ltr'>furti</span> <span class='ocrx_word' id='word_1_597' title='bbox 493 2331 546 2354; x_wconf 87' lang='lat' dir='ltr'>ideo</span> <span class='ocrx_word' id='word_1_598' title='bbox 563 2338 619 2359; x_wconf 81' lang='lat' dir='ltr'>prae</span> <span class='ocrx_word' id='word_1_599' title='bbox 636 2332 685 2354; x_wconf 89' lang='lat' dir='ltr'>aliis</span> <span class='ocrx_word' id='word_1_600' title='bbox 699 2331 861 2359; x_wconf 87' lang='lat' dir='ltr'>prohibeatur,</span> <span class='ocrx_word' id='word_1_601' title='bbox 878 2339 889 2351; x_wconf 73' lang='grc' dir='ltr'>«ι</span> <span class='ocrx_word' id='word_1_602' title='bbox 902 2332 955 2359; x_wconf 91' lang='lat' dir='ltr'>quia</span> <span class='ocrx_word' id='word_1_603' title='bbox 976 2332 1044 2353; x_wconf 80' lang='lat' dir='ltr'>etiam</span> <span class='ocrx_word' id='word_1_604' title='bbox 1058 2337 1099 2359; x_wconf 82' lang='lat' dir='ltr'>per</span> 
     </span>
     <span class='ocr_line' id='line_1_87' title="bbox 249 2369 1099 2398; baseline -0.002 -5"><span class='ocrx_word' id='word_1_605' title='bbox 249 2377 273 2393; x_wconf 89' lang='lat' dir='ltr'>se</span> <span class='ocrx_word' id='word_1_606' title='bbox 291 2371 477 2398; x_wconf 75' lang='lat' dir='ltr'>concupiscentia</span> <span class='ocrx_word' id='word_1_607' title='bbox 495 2371 578 2392; x_wconf 88' lang='lat' dir='ltr'>horum</span> <span class='ocrx_word' id='word_1_608' title='bbox 595 2371 644 2392; x_wconf 78' lang='lat' dir='ltr'>sine</span> <span class='ocrx_word' id='word_1_609' title='bbox 661 2376 788 2398; x_wconf 80' lang='lat' dir='ltr'>progressu</span> <span class='ocrx_word' id='word_1_610' title='bbox 806 2369 834 2392; x_wconf 87' lang='lat' dir='ltr'>ad</span> <span class='ocrx_word' id='word_1_611' title='bbox 852 2373 928 2392; x_wconf 87' lang='lat' dir='ltr'>actum</span> <span class='ocrx_word' id='word_1_612' title='bbox 948 2370 1017 2392; x_wconf 83' lang='lat' dir='ltr'>habet</span> <span class='ocrx_word' id='word_1_613' title='bbox 1029 2376 1099 2398; x_wconf 87' lang='lat' dir='ltr'>quan-</span> 
     </span>
     <span class='ocr_line' id='line_1_88' title="bbox 249 2408 1098 2437; baseline -0.001 -6"><span class='ocrx_word' id='word_1_614' title='bbox 249 2409 301 2431; x_wconf 83' lang='lat' dir='ltr'>dam</span> <span class='ocrx_word' id='word_1_615' title='bbox 320 2409 494 2431; x_wconf 83' lang='lat' dir='ltr'>delectationem</span> <span class='ocrx_word' id='word_1_616' title='bbox 507 2417 527 2437; x_wconf 71' lang='lat' dir='ltr'>n,</span> <span class='ocrx_word' id='word_1_617' title='bbox 545 2409 630 2431; x_wconf 82' lang='lat' dir='ltr'>scilicet</span> <span class='ocrx_word' id='word_1_618' title='bbox 642 2415 683 2436; x_wconf 83' lang='lat' dir='ltr'>per</span> <span class='ocrx_word' id='word_1_619' title='bbox 700 2409 772 2431; x_wconf 82' lang='lat' dir='ltr'>solam</span> <span class='ocrx_word' id='word_1_620' title='bbox 791 2409 1016 2437; x_wconf 70' lang='lat' dir='ltr'>apprehensionan</span> <span class='ocrx_word' id='word_1_621' title='bbox 1034 2408 1098 2437; x_wconf 81' lang='lat' dir='ltr'>quod</span> 
     </span>
     <span class='ocr_line' id='line_1_89' title="bbox 248 2448 1098 2477; baseline -0.001 -7"><span class='ocrx_word' id='word_1_622' title='bbox 248 2450 270 2470; x_wconf 88' lang='lat' dir='ltr'>in</span> <span class='ocrx_word' id='word_1_623' title='bbox 289 2449 400 2476; x_wconf 76' lang='lat' dir='ltr'>peccatis,</span> <span class='ocrx_word' id='word_1_624' title='bbox 418 2454 519 2476; x_wconf 78' lang='lat' dir='ltr'>quorum</span> <span class='ocrx_word' id='word_1_625' title='bbox 537 2448 652 2470; x_wconf 85' lang='lat' dir='ltr'>obiectum</span> <span class='ocrx_word' id='word_1_626' title='bbox 670 2451 704 2470; x_wconf 91' lang='lat' dir='ltr'>est</span> <span class='ocrx_word' id='word_1_627' title='bbox 721 2452 885 2470; x_wconf 82' lang='lat' dir='ltr'>nocumentum</span> <span class='ocrx_word' id='word_1_628' title='bbox 904 2448 1010 2477; x_wconf 79' lang='lat' dir='ltr'>aliquod,</span> <span class='ocrx_word' id='word_1_629' title='bbox 1025 2451 1049 2470; x_wconf 87' lang='lat' dir='ltr'>ut</span> <span class='ocrx_word' id='word_1_630' title='bbox 1061 2449 1098 2470; x_wconf 86' lang='lat' dir='ltr'>ho-</span> 
     </span>
     <span class='ocr_line' id='line_1_90' title="bbox 248 2486 1097 2516; baseline 0 -7"><span class='ocrx_word' id='word_1_631' title='bbox 248 2488 380 2516; x_wconf 83' lang='lat' dir='ltr'>micidium,</span> <span class='ocrx_word' id='word_1_632' title='bbox 400 2493 443 2510; x_wconf 92' lang='lat' dir='ltr'>non</span> <span class='ocrx_word' id='word_1_633' title='bbox 462 2488 490 2510; x_wconf 85' lang='lat' dir='ltr'>ita</span> <span class='ocrx_word' id='word_1_634' title='bbox 509 2487 620 2515; x_wconf 79' lang='lat' dir='ltr'>contingit</span> <span class='ocrx_word' id='word_1_635' title='bbox 638 2486 687 2514; x_wconf 81' lang='lat' dir='ltr'>(ct&#39;r.</span> <span class='ocrx_word' id='word_1_636' title='bbox 705 2493 773 2514; x_wconf 84' lang='lat' dir='ltr'>supra</span> <span class='ocrx_word' id='word_1_637' title='bbox 796 2487 817 2509; x_wconf 84' lang='lat' dir='ltr'>d.</span> <span class='ocrx_word' id='word_1_638' title='bbox 831 2487 868 2509; x_wconf 82' lang='lat'>37.</span> <span class='ocrx_word' id='word_1_639' title='bbox 881 2493 900 2509; x_wconf 86' lang='lat' dir='ltr'>a.</span> <span class='ocrx_word' id='word_1_640' title='bbox 914 2487 934 2509; x_wconf 76' lang='lat'>2.</span> <span class='ocrx_word' id='word_1_641' title='bbox 948 2493 970 2515; x_wconf 78' lang='lat' dir='ltr'>q.</span> <span class='ocrx_word' id='word_1_642' title='bbox 987 2487 1004 2509; x_wconf 77' lang='grc'>1,</span> <span class='ocrx_word' id='word_1_643' title='bbox 1017 2487 1045 2509; x_wconf 87' lang='lat' dir='ltr'>ad</span> <span class='ocrx_word' id='word_1_644' title='bbox 1057 2487 1097 2515; x_wconf 88' lang='lat'>7.).</span> 
     </span>
    </p>
   </div>
   <div class='ocr_carea' id='block_1_11' title="bbox 1155 2136 2006 2516">
    <p class='ocr_par' dir='ltr' id='par_1_16' title="bbox 1155 2136 2006 2516">
     <span class='ocr_line' id='line_1_91' title="bbox 1220 2136 2006 2165; baseline 0.005 -8"><span class='ocrx_word' id='word_1_645' title='bbox 1220 2136 1299 2158; x_wconf 83' lang='lat' dir='ltr'>Notatu</span> <span class='ocrx_word' id='word_1_646' title='bbox 1318 2136 1386 2158; x_wconf 82' lang='lat' dir='ltr'>valde</span> <span class='ocrx_word' id='word_1_647' title='bbox 1403 2136 1501 2164; x_wconf 79' lang='lat' dir='ltr'>(lignum</span> <span class='ocrx_word' id='word_1_648' title='bbox 1519 2140 1552 2159; x_wconf 89' lang='lat' dir='ltr'>est</span> <span class='ocrx_word' id='word_1_649' title='bbox 1570 2138 1607 2160; x_wconf 90' lang='lat' dir='ltr'>hic</span> <span class='ocrx_word' id='word_1_650' title='bbox 1624 2137 1679 2159; x_wconf 86' lang='lat' dir='ltr'>dub.</span> <span class='ocrx_word' id='word_1_651' title='bbox 1699 2138 1725 2165; x_wconf 88' lang='lat'>3,</span> <span class='ocrx_word' id='word_1_652' title='bbox 1744 2137 1783 2160; x_wconf 89' lang='lat' dir='ltr'>ubi</span> <span class='ocrx_word' id='word_1_653' title='bbox 1795 2138 1817 2160; x_wconf 84' lang='lat' dir='ltr'>S.</span> <span class='ocrx_word' id='word_1_654' title='bbox 1830 2138 1916 2161; x_wconf 88' lang='lat' dir='ltr'>Bonav.</span> <span class='ocrx_word' id='word_1_655' title='bbox 1929 2138 2006 2162; x_wconf 88' lang='lat' dir='ltr'>denuo</span> 
     </span>
     <span class='ocr_line' id='line_1_92' title="bbox 1158 2175 2005 2205; baseline 0.004 -8"><span class='ocrx_word' id='word_1_656' title='bbox 1158 2177 1237 2197; x_wconf 81' lang='lat' dir='ltr'>tractat</span> <span class='ocrx_word' id='word_1_657' title='bbox 1254 2175 1428 2197; x_wconf 77' lang='lat' dir='ltr'>celeberrimam</span> <span class='ocrx_word' id='word_1_658' title='bbox 1447 2177 1629 2198; x_wconf 82' lang='lat' dir='ltr'>controversiam</span> <span class='ocrx_word' id='word_1_659' title='bbox 1656 2176 1685 2199; x_wconf 86' lang='lat' dir='ltr'>de</span> <span class='ocrx_word' id='word_1_660' title='bbox 1705 2177 1787 2205; x_wconf 82' lang='lat' dir='ltr'>modo,</span> <span class='ocrx_word' id='word_1_661' title='bbox 1800 2183 1846 2205; x_wconf 84' lang='lat' dir='ltr'>quo</span> <span class='ocrx_word' id='word_1_662' title='bbox 1859 2178 2005 2201; x_wconf 81' lang='lat' dir='ltr'>Sacramenta</span> 
     </span>
     <span class='ocr_line' id='line_1_93' title="bbox 1157 2214 2005 2244; baseline 0.004 -8"><span class='ocrx_word' id='word_1_663' title='bbox 1157 2216 1252 2236; x_wconf 79' lang='lat' dir='ltr'>causant</span> <span class='ocrx_word' id='word_1_664' title='bbox 1264 2215 1374 2242; x_wconf 82' lang='lat' dir='ltr'>gratiam,</span> <span class='ocrx_word' id='word_1_665' title='bbox 1387 2214 1416 2236; x_wconf 89' lang='lat' dir='ltr'>de</span> <span class='ocrx_word' id='word_1_666' title='bbox 1429 2221 1473 2243; x_wconf 86' lang='lat' dir='ltr'>qua</span> <span class='ocrx_word' id='word_1_667' title='bbox 1486 2221 1513 2236; x_wconf 86' lang='lat' dir='ltr'>ex</span> <span class='ocrx_word' id='word_1_668' title='bbox 1530 2215 1635 2242; x_wconf 78' lang='lat' dir='ltr'>professo</span> <span class='ocrx_word' id='word_1_669' title='bbox 1649 2216 1693 2237; x_wconf 84' lang='lat' dir='ltr'>iarn</span> <span class='ocrx_word' id='word_1_670' title='bbox 1706 2216 1752 2243; x_wconf 82' lang='lat' dir='ltr'>egit</span> <span class='ocrx_word' id='word_1_671' title='bbox 1765 2216 1800 2238; x_wconf 90' lang='lat' dir='ltr'>lV.</span> <span class='ocrx_word' id='word_1_672' title='bbox 1814 2216 1875 2238; x_wconf 87' lang='lat' dir='ltr'>Sent.</span> <span class='ocrx_word' id='word_1_673' title='bbox 1887 2223 1910 2244; x_wconf 90' lang='lat' dir='ltr'>p.</span> <span class='ocrx_word' id='word_1_674' title='bbox 1924 2217 1937 2239; x_wconf 93' lang='lat' dir='ltr'>l.</span> <span class='ocrx_word' id='word_1_675' title='bbox 1950 2223 1970 2239; x_wconf 90' lang='lat' dir='ltr'>a.</span> <span class='ocrx_word' id='word_1_676' title='bbox 1984 2217 2005 2239; x_wconf 88' lang='lat' dir='ltr'>·l.</span> 
     </span>
     <span class='ocr_line' id='line_1_94' title="bbox 1157 2252 2005 2284; baseline 0.005 -10"><span class='ocrx_word' id='word_1_677' title='bbox 1157 2259 1179 2281; x_wconf 80' lang='lat' dir='ltr'>q.</span> <span class='ocrx_word' id='word_1_678' title='bbox 1198 2252 1218 2275; x_wconf 77' lang='grc'>4,</span> <span class='ocrx_word' id='word_1_679' title='bbox 1237 2253 1294 2275; x_wconf 87' lang='lat' dir='ltr'>Dicit</span> <span class='ocrx_word' id='word_1_680' title='bbox 1310 2254 1371 2275; x_wconf 86' lang='lat' dir='ltr'>enim</span> <span class='ocrx_word' id='word_1_681' title='bbox 1392 2253 1429 2275; x_wconf 88' lang='lat' dir='ltr'>hic</span> <span class='ocrx_word' id='word_1_682' title='bbox 1446 2254 1467 2275; x_wconf 88' lang='lat' dir='ltr'>in</span> <span class='ocrx_word' id='word_1_683' title='bbox 1486 2253 1545 2275; x_wconf 82' lang='lat' dir='ltr'>fine:</span> <span class='ocrx_word' id='word_1_684' title='bbox 1561 2254 1669 2276; x_wconf 78' lang='lat' dir='ltr'>«Idcirco</span> <span class='ocrx_word' id='word_1_685' title='bbox 1683 2255 1719 2276; x_wconf 85' lang='lat' dir='ltr'>liic</span> <span class='ocrx_word' id='word_1_686' title='bbox 1735 2254 1827 2284; x_wconf 71' lang='lat' dir='ltr'>repetii,</span> <span class='ocrx_word' id='word_1_687' title='bbox 1847 2261 1892 2277; x_wconf 89' lang='lat' dir='ltr'>non</span> <span class='ocrx_word' id='word_1_688' title='bbox 1909 2259 2005 2283; x_wconf 88' lang='lat' dir='ltr'>propter</span> 
     </span>
     <span class='ocr_line' id='line_1_95' title="bbox 1157 2292 2004 2323; baseline 0.004 -9"><span class='ocrx_word' id='word_1_689' title='bbox 1157 2293 1212 2320; x_wconf 85' lang='lat' dir='ltr'>hoc,</span> <span class='ocrx_word' id='word_1_690' title='bbox 1231 2295 1254 2314; x_wconf 87' lang='lat' dir='ltr'>ut</span> <span class='ocrx_word' id='word_1_691' title='bbox 1271 2298 1331 2314; x_wconf 83' lang='lat' dir='ltr'>nova</span> <span class='ocrx_word' id='word_1_692' title='bbox 1348 2292 1572 2320; x_wconf 79' lang='lat' dir='ltr'>superadderentur,</span> <span class='ocrx_word' id='word_1_693' title='bbox 1599 2293 1639 2315; x_wconf 84' lang='lat' dir='ltr'>sed</span> <span class='ocrx_word' id='word_1_694' title='bbox 1666 2296 1690 2315; x_wconf 90' lang='lat' dir='ltr'>ut</span> <span class='ocrx_word' id='word_1_695' title='bbox 1714 2293 1885 2322; x_wconf 83' lang='lat' dir='ltr'>ostenderetur,</span> <span class='ocrx_word' id='word_1_696' title='bbox 1907 2294 1969 2323; x_wconf 85' lang='lat' dir='ltr'>quod</span> <span class='ocrx_word' id='word_1_697' title='bbox 1992 2301 2004 2317; x_wconf 87' lang='lat' dir='ltr'>a</span> 
     </span>
     <span class='ocr_line' id='line_1_96' title="bbox 1156 2331 2005 2360; baseline 0.004 -7"><span class='ocrx_word' id='word_1_698' title='bbox 1156 2332 1273 2353; x_wconf 89' lang='lat' dir='ltr'>communi</span> <span class='ocrx_word' id='word_1_699' title='bbox 1292 2332 1404 2359; x_wconf 86' lang='lat' dir='ltr'>positione</span> <span class='ocrx_word' id='word_1_700' title='bbox 1422 2337 1465 2353; x_wconf 90' lang='lat' dir='ltr'>non</span> <span class='ocrx_word' id='word_1_701' title='bbox 1483 2331 1595 2359; x_wconf 80' lang='lat' dir='ltr'>dissonat,</span> <span class='ocrx_word' id='word_1_702' title='bbox 1614 2333 1650 2354; x_wconf 89' lang='lat' dir='ltr'>cui</span> <span class='ocrx_word' id='word_1_703' title='bbox 1668 2338 1711 2360; x_wconf 89' lang='lat' dir='ltr'>pro</span> <span class='ocrx_word' id='word_1_704' title='bbox 1727 2333 1816 2355; x_wconf 83' lang='lat' dir='ltr'>viribus</span> <span class='ocrx_word' id='word_1_705' title='bbox 1828 2334 1885 2356; x_wconf 78' lang='lat' dir='ltr'>meis</span> <span class='ocrx_word' id='word_1_706' title='bbox 1897 2335 1920 2355; x_wconf 91' lang='lat' dir='ltr'>in</span> <span class='ocrx_word' id='word_1_707' title='bbox 1933 2335 2005 2356; x_wconf 87' lang='lat' dir='ltr'>omni-</span> 
     </span>
     <span class='ocr_line' id='line_1_97' title="bbox 1156 2370 2003 2400; baseline 0.005 -8"><span class='ocrx_word' id='word_1_708' title='bbox 1156 2370 1201 2392; x_wconf 87' lang='lat' dir='ltr'>bus</span> <span class='ocrx_word' id='word_1_709' title='bbox 1218 2370 1410 2398; x_wconf 79' lang='lat' dir='ltr'>praecedentibus</span> <span class='ocrx_word' id='word_1_710' title='bbox 1427 2370 1490 2393; x_wconf 87' lang='lat' dir='ltr'>libris</span> <span class='ocrx_word' id='word_1_711' title='bbox 1507 2371 1600 2393; x_wconf 81' lang='lat' dir='ltr'>adhaesi</span> <span class='ocrx_word' id='word_1_712' title='bbox 1619 2375 1726 2400; x_wconf 83' lang='lat' dir='ltr'>tanquam</span> <span class='ocrx_word' id='word_1_713' title='bbox 1744 2373 1796 2395; x_wconf 88' lang='lat' dir='ltr'>viae</span> <span class='ocrx_word' id='word_1_714' title='bbox 1813 2374 1923 2396; x_wconf 90' lang='lat' dir='ltr'>securiori</span> <span class='ocrx_word' id='word_1_715' title='bbox 1937 2382 1946 2393; x_wconf 78' lang='lat' dir='ltr'>n</span> <span class='ocrx_word' id='word_1_716' title='bbox 1962 2376 2003 2396; x_wconf 78' lang='lat' dir='ltr'>etc.</span> 
     </span>
     <span class='ocr_line' id='line_1_98' title="bbox 1156 2410 2005 2440; baseline 0.006 -9"><span class='ocrx_word' id='word_1_717' title='bbox 1156 2410 1244 2431; x_wconf 80' lang='lat' dir='ltr'>Revera</span> <span class='ocrx_word' id='word_1_718' title='bbox 1262 2410 1429 2437; x_wconf 77' lang='lat' dir='ltr'>sapientissime</span> <span class='ocrx_word' id='word_1_719' title='bbox 1447 2410 1474 2431; x_wconf 85' lang='lat' dir='ltr'>ita</span> <span class='ocrx_word' id='word_1_720' title='bbox 1488 2410 1516 2432; x_wconf 76' lang='lat' dir='ltr'>de</span> <span class='ocrx_word' id='word_1_721' title='bbox 1529 2414 1626 2439; x_wconf 79' lang='lat' dir='ltr'>utraque</span> <span class='ocrx_word' id='word_1_722' title='bbox 1638 2411 1747 2438; x_wconf 86' lang='lat' dir='ltr'>opinione</span> <span class='ocrx_word' id='word_1_723' title='bbox 1764 2411 1864 2440; x_wconf 76' lang='lat' dir='ltr'>disserit,</span> <span class='ocrx_word' id='word_1_724' title='bbox 1884 2415 1909 2435; x_wconf 88' lang='lat' dir='ltr'>ut</span> <span class='ocrx_word' id='word_1_725' title='bbox 1925 2419 2005 2435; x_wconf 84' lang='lat' dir='ltr'>secun-</span> 
     </span>
     <span class='ocr_line' id='line_1_99' title="bbox 1155 2449 2003 2481; baseline 0.005 -11"><span class='ocrx_word' id='word_1_726' title='bbox 1155 2449 1209 2471; x_wconf 84' lang='lat' dir='ltr'>(lam</span> <span class='ocrx_word' id='word_1_727' title='bbox 1227 2450 1359 2477; x_wconf 82' lang='lat' dir='ltr'>opinionem</span> <span class='ocrx_word' id='word_1_728' title='bbox 1385 2449 1520 2476; x_wconf 82' lang='lat' dir='ltr'>explicando</span> <span class='ocrx_word' id='word_1_729' title='bbox 1542 2450 1608 2472; x_wconf 79' lang='lat' dir='ltr'>saciat</span> <span class='ocrx_word' id='word_1_730' title='bbox 1625 2456 1697 2478; x_wconf 80' lang='lat' dir='ltr'>prope</span> <span class='ocrx_word' id='word_1_731' title='bbox 1718 2451 1828 2473; x_wconf 77' lang='lat' dir='ltr'>accedere</span> <span class='ocrx_word' id='word_1_732' title='bbox 1846 2452 1875 2473; x_wconf 89' lang='lat' dir='ltr'>ad</span> <span class='ocrx_word' id='word_1_733' title='bbox 1893 2453 2003 2481; x_wconf 84' lang='lat' dir='ltr'>primam,</span> 
     </span>
     <span class='ocr_line' id='line_1_100' title="bbox 1155 2488 1512 2516; baseline 0 -7"><span class='ocrx_word' id='word_1_734' title='bbox 1155 2493 1225 2516; x_wconf 79' lang='lat' dir='ltr'>quam</span> <span class='ocrx_word' id='word_1_735' title='bbox 1243 2488 1347 2516; x_wconf 81' lang='lat' dir='ltr'>sequitur</span> <span class='ocrx_word' id='word_1_736' title='bbox 1363 2488 1385 2509; x_wconf 78' lang='lat' dir='ltr'>S.</span> <span class='ocrx_word' id='word_1_737' title='bbox 1404 2488 1512 2510; x_wconf 85' lang='lat' dir='ltr'>Thomas.</span> 
     </span>
    </p>
   </div>
   <div class='ocr_carea' id='block_1_12' title="bbox 872 2579 1390 2584">
    <p class='ocr_par' dir='ltr' id='par_1_17' title="bbox 872 2579 1390 2584">
     <span class='ocr_line' id='line_1_101' title="bbox 872 2579 1390 2584; baseline 0 0"><span class='ocrx_word' id='word_1_738' title='bbox 872 2579 1390 2584; x_wconf 95' lang='lat' dir='ltr'> </span> 
     </span>
    </p>
   </div>
   <div class='ocr_carea' id='block_1_13' title="bbox 249 2625 1098 3006">
    <p class='ocr_par' dir='ltr' id='par_1_18' title="bbox 249 2625 1098 2804">
     <span class='ocr_line' id='line_1_102' title="bbox 313 2625 1098 2655; baseline 0.003 -8"><span class='ocrx_word' id='word_1_739' title='bbox 313 2625 319 2639; x_wconf 85' lang='lat'><em>¹</em></span> <span class='ocrx_word' id='word_1_740' title='bbox 338 2626 448 2653; x_wconf 76' lang='lat' dir='ltr'>August.,</span> <span class='ocrx_word' id='word_1_741' title='bbox 467 2626 567 2647; x_wconf 83' lang='lat' dir='ltr'>Euarrat.</span> <span class='ocrx_word' id='word_1_742' title='bbox 586 2626 607 2647; x_wconf 88' lang='lat' dir='ltr'>in</span> <span class='ocrx_word' id='word_1_743' title='bbox 625 2626 659 2647; x_wconf 71' lang='grc' dir='ltr'>ΡΞ.</span> <span class='ocrx_word' id='word_1_744' title='bbox 677 2625 719 2653; x_wconf 81' lang='grc'>79,</span> <span class='ocrx_word' id='word_1_745' title='bbox 743 2625 775 2647; x_wconf 88' lang='grc'>17.</span> <span class='ocrx_word' id='word_1_746' title='bbox 803 2631 823 2647; x_wconf 87' lang='lat' dir='ltr'>n.</span> <span class='ocrx_word' id='word_1_747' title='bbox 852 2626 891 2648; x_wconf 81' lang='lat'>13:</span> <span class='ocrx_word' id='word_1_748' title='bbox 910 2626 998 2655; x_wconf 81' lang='lat' dir='ltr'>ltaque,</span> <span class='ocrx_word' id='word_1_749' title='bbox 1017 2627 1098 2649; x_wconf 78' lang='lat' dir='ltr'>iratres</span> 
     </span>
     <span class='ocr_line' id='line_1_103' title="bbox 249 2664 1098 2693; baseline 0.001 -7"><span class='ocrx_word' id='word_1_750' title='bbox 249 2666 306 2693; x_wconf 78' lang='lat' dir='ltr'>mei,</span> <span class='ocrx_word' id='word_1_751' title='bbox 325 2665 353 2687; x_wconf 87' lang='lat' dir='ltr'>ad</span> <span class='ocrx_word' id='word_1_752' title='bbox 372 2671 441 2687; x_wconf 86' lang='lat' dir='ltr'>omne</span> <span class='ocrx_word' id='word_1_753' title='bbox 458 2669 520 2687; x_wconf 81' lang='lat' dir='ltr'>recte</span> <span class='ocrx_word' id='word_1_754' title='bbox 537 2665 623 2687; x_wconf 84' lang='lat' dir='ltr'>sactum</span> <span class='ocrx_word' id='word_1_755' title='bbox 641 2670 704 2686; x_wconf 85' lang='lat' dir='ltr'>amor</span> <span class='ocrx_word' id='word_1_756' title='bbox 718 2667 740 2686; x_wconf 84' lang='lat' dir='ltr'>et</span> <span class='ocrx_word' id='word_1_757' title='bbox 752 2665 820 2686; x_wconf 87' lang='lat' dir='ltr'>timor</span> <span class='ocrx_word' id='word_1_758' title='bbox 835 2664 912 2693; x_wconf 77' lang='lat' dir='ltr'>ducit;</span> <span class='ocrx_word' id='word_1_759' title='bbox 925 2665 955 2687; x_wconf 85' lang='lat' dir='ltr'>ad</span> <span class='ocrx_word' id='word_1_760' title='bbox 967 2671 1035 2687; x_wconf 76' lang='lat' dir='ltr'>omne</span> <span class='ocrx_word' id='word_1_761' title='bbox 1048 2672 1098 2693; x_wconf 80' lang='lat' dir='ltr'>pec-</span> 
     </span>
     <span class='ocr_line' id='line_1_104' title="bbox 249 2703 1098 2731; baseline 0 -5"><span class='ocrx_word' id='word_1_762' title='bbox 249 2707 325 2726; x_wconf 86' lang='lat' dir='ltr'>catum</span> <span class='ocrx_word' id='word_1_763' title='bbox 344 2710 409 2726; x_wconf 86' lang='lat' dir='ltr'>amor</span> <span class='ocrx_word' id='word_1_764' title='bbox 426 2706 448 2726; x_wconf 88' lang='lat' dir='ltr'>et</span> <span class='ocrx_word' id='word_1_765' title='bbox 465 2704 533 2726; x_wconf 86' lang='lat' dir='ltr'>timor</span> <span class='ocrx_word' id='word_1_766' title='bbox 551 2703 620 2726; x_wconf 84' lang='lat' dir='ltr'>ducit.</span> <span class='ocrx_word' id='word_1_767' title='bbox 638 2704 666 2726; x_wconf 89' lang='lat' dir='ltr'>Ut</span> <span class='ocrx_word' id='word_1_768' title='bbox 683 2704 752 2725; x_wconf 83' lang='lat' dir='ltr'>facias</span> <span class='ocrx_word' id='word_1_769' title='bbox 769 2703 840 2731; x_wconf 72' lang='lat' dir='ltr'>bene,</span> <span class='ocrx_word' id='word_1_770' title='bbox 864 2710 928 2726; x_wconf 84' lang='lat' dir='ltr'>amas</span> <span class='ocrx_word' id='word_1_771' title='bbox 946 2704 1018 2726; x_wconf 84' lang='lat' dir='ltr'>Deum</span> <span class='ocrx_word' id='word_1_772' title='bbox 1037 2707 1058 2726; x_wconf 89' lang='lat' dir='ltr'>et</span> <span class='ocrx_word' id='word_1_773' title='bbox 1074 2705 1098 2727; x_wconf 90' lang='lat' dir='ltr'>ti-</span> 
     </span>
     <span class='ocr_line' id='line_1_105' title="bbox 249 2743 1098 2771; baseline 0.001 -6"><span class='ocrx_word' id='word_1_774' title='bbox 249 2749 298 2765; x_wconf 87' lang='lat' dir='ltr'>mes</span> <span class='ocrx_word' id='word_1_775' title='bbox 325 2743 411 2771; x_wconf 87' lang='lat' dir='ltr'>Deum;</span> <span class='ocrx_word' id='word_1_776' title='bbox 438 2746 463 2765; x_wconf 90' lang='lat' dir='ltr'>ut</span> <span class='ocrx_word' id='word_1_777' title='bbox 488 2746 564 2765; x_wconf 75' lang='lat' dir='ltr'>autem</span> <span class='ocrx_word' id='word_1_778' title='bbox 591 2743 659 2765; x_wconf 81' lang='lat' dir='ltr'>facias</span> <span class='ocrx_word' id='word_1_779' title='bbox 685 2743 758 2770; x_wconf 84' lang='lat' dir='ltr'>male,</span> <span class='ocrx_word' id='word_1_780' title='bbox 780 2749 844 2765; x_wconf 88' lang='lat' dir='ltr'>amas</span> <span class='ocrx_word' id='word_1_781' title='bbox 861 2743 975 2765; x_wconf 73' lang='lat' dir='ltr'>mutulam</span> <span class='ocrx_word' id='word_1_782' title='bbox 993 2747 1014 2766; x_wconf 85' lang='lat' dir='ltr'>et</span> <span class='ocrx_word' id='word_1_783' title='bbox 1032 2744 1098 2766; x_wconf 82' lang='lat' dir='ltr'>times</span> 
     </span>
     <span class='ocr_line' id='line_1_106' title="bbox 249 2782 422 2804; baseline 0 -1"><span class='ocrx_word' id='word_1_784' title='bbox 249 2782 363 2803; x_wconf 87' lang='lat' dir='ltr'>mundum</span> <span class='ocrx_word' id='word_1_785' title='bbox 381 2784 422 2804; x_wconf 86' lang='lat' dir='ltr'>ete.</span> 
     </span>
    </p>

    <p class='ocr_par' dir='ltr' id='par_1_19' title="bbox 312 2820 855 2850">
     <span class='ocr_line' id='line_1_107' title="bbox 312 2820 855 2850; baseline 0.004 -9"><span class='ocrx_word' id='word_1_786' title='bbox 312 2820 319 2834; x_wconf 72' lang='lat'>‘2</span> <span class='ocrx_word' id='word_1_787' title='bbox 338 2821 396 2842; x_wconf 84' lang='lat' dir='ltr'>Vide</span> <span class='ocrx_word' id='word_1_788' title='bbox 413 2827 482 2848; x_wconf 86' lang='lat' dir='ltr'>supra</span> <span class='ocrx_word' id='word_1_789' title='bbox 502 2821 523 2843; x_wconf 88' lang='lat' dir='ltr'>d.</span> <span class='ocrx_word' id='word_1_790' title='bbox 543 2822 579 2843; x_wconf 73' lang='lat'>26.</span> <span class='ocrx_word' id='word_1_791' title='bbox 598 2827 617 2843; x_wconf 85' lang='lat' dir='ltr'>a.</span> <span class='ocrx_word' id='word_1_792' title='bbox 636 2822 656 2843; x_wconf 71' lang='lat'>⁴2.</span> <span class='ocrx_word' id='word_1_793' title='bbox 675 2828 697 2850; x_wconf 73' lang='grc' dir='ltr'>(Ι.</span> <span class='ocrx_word' id='word_1_794' title='bbox 721 2822 736 2843; x_wconf 90' lang='grc' dir='ltr'>Ι.</span> <span class='ocrx_word' id='word_1_795' title='bbox 756 2821 777 2843; x_wconf 85' lang='lat'>3.</span> <span class='ocrx_word' id='word_1_796' title='bbox 795 2824 817 2843; x_wconf 82' lang='lat' dir='ltr'>et</span> <span class='ocrx_word' id='word_1_797' title='bbox 834 2821 855 2843; x_wconf 70' lang='lat'>4.</span> 
     </span>
    </p>

    <p class='ocr_par' dir='ltr' id='par_1_20' title="bbox 252 2858 1097 2926">
     <span class='ocr_line' id='line_1_108' title="bbox 314 2858 1097 2889; baseline 0.003 -9"><span class='ocrx_word' id='word_1_798' title='bbox 314 2858 323 2873; x_wconf 74' lang='lat'><em>³</em></span> <span class='ocrx_word' id='word_1_799' title='bbox 339 2858 383 2881; x_wconf 83' lang='lat' dir='ltr'>Ct&#39;r.</span> <span class='ocrx_word' id='word_1_800' title='bbox 402 2859 423 2881; x_wconf 87' lang='lat' dir='ltr'>d.</span> <span class='ocrx_word' id='word_1_801' title='bbox 442 2860 478 2882; x_wconf 85' lang='lat'>37.</span> <span class='ocrx_word' id='word_1_802' title='bbox 496 2867 515 2881; x_wconf 86' lang='lat' dir='ltr'>a.</span> <span class='ocrx_word' id='word_1_803' title='bbox 539 2861 555 2881; x_wconf 94' lang='lat' dir='ltr'>l.</span> <span class='ocrx_word' id='word_1_804' title='bbox 574 2866 595 2888; x_wconf 78' lang='lat' dir='ltr'>q.</span> <span class='ocrx_word' id='word_1_805' title='bbox 614 2861 635 2882; x_wconf 89' lang='lat'>3.</span> <span class='ocrx_word' id='word_1_806' title='bbox 652 2872 684 2876; x_wconf 90' lang='lat'>—</span> <span class='ocrx_word' id='word_1_807' title='bbox 701 2861 743 2882; x_wconf 81' lang='lat' dir='ltr'>Pro</span> <span class='ocrx_word' id='word_1_808' title='bbox 769 2866 811 2883; x_wconf 80' lang='lat' dir='ltr'>nec</span> <span class='ocrx_word' id='word_1_809' title='bbox 836 2859 941 2889; x_wconf 73' lang='lat' dir='ltr'>oportuit</span> <span class='ocrx_word' id='word_1_810' title='bbox 963 2860 1030 2882; x_wconf 62' lang='lat' dir='ltr'>codd.</span> <span class='ocrx_word' id='word_1_811' title='bbox 1053 2860 1097 2882; x_wconf 81' lang='lat' dir='ltr'>AN</span> 
     </span>
     <span class='ocr_line' id='line_1_109' title="bbox 252 2898 897 2926; baseline 0.003 -7"><span class='ocrx_word' id='word_1_812' title='bbox 252 2902 292 2919; x_wconf 76' lang='lat' dir='ltr'>nec</span> <span class='ocrx_word' id='word_1_813' title='bbox 310 2899 415 2926; x_wconf 75' lang='lat' dir='ltr'>oportet,</span> <span class='ocrx_word' id='word_1_814' title='bbox 436 2902 458 2920; x_wconf 87' lang='lat' dir='ltr'>et</span> <span class='ocrx_word' id='word_1_815' title='bbox 475 2905 517 2926; x_wconf 86' lang='lat' dir='ltr'>pro</span> <span class='ocrx_word' id='word_1_816' title='bbox 535 2898 619 2922; x_wconf 76' lang='lat' dir='ltr'>haheat</span> <span class='ocrx_word' id='word_1_817' title='bbox 636 2899 703 2921; x_wconf 82' lang='lat' dir='ltr'>codd.</span> <span class='ocrx_word' id='word_1_818' title='bbox 722 2899 764 2921; x_wconf 86' lang='lat' dir='ltr'>FU</span> <span class='ocrx_word' id='word_1_819' title='bbox 781 2898 897 2922; x_wconf 76' lang='lat' dir='ltr'>habuerit.</span> 
     </span>
    </p>

    <p class='ocr_par' dir='ltr' id='par_1_21' title="bbox 313 2935 959 2967">
     <span class='ocr_line' id='line_1_110' title="bbox 313 2935 959 2967; baseline 0.006 -10"><span class='ocrx_word' id='word_1_820' title='bbox 313 2935 322 2949; x_wconf 73' lang='lat'><strong>⁴</strong></span> <span class='ocrx_word' id='word_1_821' title='bbox 339 2936 394 2958; x_wconf 77' lang='lat' dir='ltr'>Edd.</span> <span class='ocrx_word' id='word_1_822' title='bbox 413 2936 453 2959; x_wconf 77' lang='lat' dir='ltr'>sed</span> <span class='ocrx_word' id='word_1_823' title='bbox 469 2943 523 2960; x_wconf 75' lang='lat' dir='ltr'>cam</span> <span class='ocrx_word' id='word_1_824' title='bbox 541 2938 589 2960; x_wconf 63' lang='lat' dir='ltr'>Lex</span> <span class='ocrx_word' id='word_1_825' title='bbox 607 2939 671 2961; x_wconf 74' lang='lat' dir='ltr'>velus</span> <span class='ocrx_word' id='word_1_826' title='bbox 688 2938 851 2967; x_wconf 70' lang='lat' dir='ltr'>principaliter</span> <span class='ocrx_word' id='word_1_827' title='bbox 868 2937 959 2961; x_wconf 77' lang='lat' dir='ltr'>habeat.</span> 
     </span>
    </p>

    <p class='ocr_par' dir='ltr' id='par_1_22' title="bbox 314 2973 1096 3006">
     <span class='ocr_line' id='line_1_111' title="bbox 314 2973 1096 3006; baseline 0.005 -11"><span class='ocrx_word' id='word_1_828' title='bbox 314 2973 323 2987; x_wconf 78' lang='lat'>⁵</span> <span class='ocrx_word' id='word_1_829' title='bbox 339 2973 403 2996; x_wconf 62' lang='lat' dir='ltr'>vers.</span> <span class='ocrx_word' id='word_1_830' title='bbox 421 2975 452 2996; x_wconf 81' lang='grc'>19.</span> <span class='ocrx_word' id='word_1_831' title='bbox 467 2988 495 2990; x_wconf 91' lang='grc'><strong>-</strong></span> <span class='ocrx_word' id='word_1_832' title='bbox 508 2976 576 2997; x_wconf 78' lang='lat' dir='ltr'>Paulo</span> <span class='ocrx_word' id='word_1_833' title='bbox 589 2979 640 2998; x_wconf 83' lang='lat' dir='ltr'>ante</span> <span class='ocrx_word' id='word_1_834' title='bbox 652 2976 725 2999; x_wconf 68' lang='lat' dir='ltr'>verbo</span> <span class='ocrx_word' id='word_1_835' title='bbox 741 2976 909 3006; x_wconf 74' lang='lat' dir='ltr'>promissiones</span> <span class='ocrx_word' id='word_1_836' title='bbox 927 2976 977 2999; x_wconf 85' lang='lat' dir='ltr'>cod.</span> <span class='ocrx_word' id='word_1_837' title='bbox 996 2977 1015 2998; x_wconf 77' lang='lat' dir='ltr'>M</span> <span class='ocrx_word' id='word_1_838' title='bbox 1034 2983 1096 3005; x_wconf 81' lang='lat' dir='ltr'>prae-</span> 
     </span>
    </p>
   </div>
   <div class='ocr_carea' id='block_1_14' title="bbox 1126 2137 1130 2647">
    <p class='ocr_par' dir='ltr' id='par_1_23' title="bbox 1126 2137 1130 2647">
     <span class='ocr_line' id='line_1_112' title="bbox 1126 2137 1130 2647; baseline 0 0"><span class='ocrx_word' id='word_1_839' title='bbox 1126 2137 1130 2647; x_wconf 95' lang='lat' dir='ltr'> </span> 
     </span>
    </p>
   </div>
   <div class='ocr_carea' id='block_1_15' title="bbox 1124 2137 1130 2999">
    <p class='ocr_par' dir='ltr' id='par_1_24' title="bbox 1124 2137 1130 2999">
     <span class='ocr_line' id='line_1_113' title="bbox 1124 2137 1130 2999; baseline 0 0"><span class='ocrx_word' id='word_1_840' title='bbox 1124 2137 1130 2999; x_wconf 95' lang='lat' dir='ltr'> </span> 
     </span>
    </p>
   </div>
   <div class='ocr_carea' id='block_1_16' title="bbox 1153 2626 2003 3000">
    <p class='ocr_par' dir='ltr' id='par_1_25' title="bbox 1155 2626 2003 2694">
     <span class='ocr_line' id='line_1_114' title="bbox 1155 2626 2003 2658; baseline 0.004 -10"><span class='ocrx_word' id='word_1_841' title='bbox 1155 2627 1221 2649; x_wconf 89' lang='lat' dir='ltr'>mittit</span> <span class='ocrx_word' id='word_1_842' title='bbox 1238 2626 1432 2650; x_wconf 72' lang='lat' dir='ltr'>comminationes</span> <span class='ocrx_word' id='word_1_843' title='bbox 1448 2628 1476 2649; x_wconf 84' lang='lat' dir='ltr'>et.</span> <span class='ocrx_word' id='word_1_844' title='bbox 1495 2627 1589 2649; x_wconf 77' lang='lat' dir='ltr'>Inferius</span> <span class='ocrx_word' id='word_1_845' title='bbox 1601 2633 1643 2655; x_wconf 88' lang='lat' dir='ltr'>pro</span> <span class='ocrx_word' id='word_1_846' title='bbox 1660 2627 1746 2657; x_wconf 75' lang='lat' dir='ltr'>quibus</span> <span class='ocrx_word' id='word_1_847' title='bbox 1762 2628 1815 2650; x_wconf 89' lang='lat' dir='ltr'>edd.</span> <span class='ocrx_word' id='word_1_848' title='bbox 1832 2628 1855 2650; x_wconf 83' lang='lat' dir='ltr'>in</span> <span class='ocrx_word' id='word_1_849' title='bbox 1874 2634 1928 2658; x_wconf 80' lang='lat' dir='ltr'>qua.</span> <span class='ocrx_word' id='word_1_850' title='bbox 1947 2628 2003 2651; x_wconf 82' lang='lat' dir='ltr'>Sub—</span> 
     </span>
     <span class='ocr_line' id='line_1_115' title="bbox 1155 2665 1600 2694; baseline 0.002 -7"><span class='ocrx_word' id='word_1_851' title='bbox 1155 2665 1208 2687; x_wconf 87' lang='lat' dir='ltr'>inde</span> <span class='ocrx_word' id='word_1_852' title='bbox 1226 2665 1275 2687; x_wconf 85' lang='lat' dir='ltr'>cod.</span> <span class='ocrx_word' id='word_1_853' title='bbox 1294 2666 1311 2686; x_wconf 87' lang='grc' dir='ltr'>Α</span> <span class='ocrx_word' id='word_1_854' title='bbox 1328 2665 1424 2694; x_wconf 74' lang='lat' dir='ltr'>proprie</span> <span class='ocrx_word' id='word_1_855' title='bbox 1442 2672 1484 2693; x_wconf 86' lang='lat' dir='ltr'>pro</span> <span class='ocrx_word' id='word_1_856' title='bbox 1498 2665 1600 2694; x_wconf 73' lang='lat' dir='ltr'>primae.</span> 
     </span>
    </p>

    <p class='ocr_par' dir='ltr' id='par_1_26' title="bbox 1155 2703 2001 2772">
     <span class='ocr_line' id='line_1_116' title="bbox 1217 2703 2001 2734; baseline 0.003 -8"><span class='ocrx_word' id='word_1_857' title='bbox 1217 2704 1226 2719; x_wconf 72' lang='grc' dir='ltr'>ὃ</span> <span class='ocrx_word' id='word_1_858' title='bbox 1244 2704 1315 2727; x_wconf 76' lang='lat' dir='ltr'>Corld.</span> <span class='ocrx_word' id='word_1_859' title='bbox 1334 2703 1376 2733; x_wconf 49' lang='lat' dir='ltr'>NgZ</span> <span class='ocrx_word' id='word_1_860' title='bbox 1393 2704 1523 2733; x_wconf 75' lang='lat' dir='ltr'>sensualis,</span> <span class='ocrx_word' id='word_1_861' title='bbox 1544 2705 1607 2734; x_wconf 83' lang='lat' dir='ltr'>quod</span> <span class='ocrx_word' id='word_1_862' title='bbox 1625 2706 1705 2733; x_wconf 87' lang='lat' dir='ltr'>etiam,</span> <span class='ocrx_word' id='word_1_863' title='bbox 1724 2708 1806 2728; x_wconf 81' lang='lat' dir='ltr'>attenta</span> <span class='ocrx_word' id='word_1_864' title='bbox 1818 2705 2001 2734; x_wconf 72' lang='lat' dir='ltr'>abbreviatione,</span> 
     </span>
     <span class='ocr_line' id='line_1_117' title="bbox 1155 2743 2001 2772; baseline 0.002 -7"><span class='ocrx_word' id='word_1_865' title='bbox 1155 2745 1176 2766; x_wconf 90' lang='lat' dir='ltr'>in</span> <span class='ocrx_word' id='word_1_866' title='bbox 1194 2744 1300 2771; x_wconf 86' lang='lat' dir='ltr'>plurimis</span> <span class='ocrx_word' id='word_1_867' title='bbox 1317 2744 1366 2765; x_wconf 86' lang='lat' dir='ltr'>aliis</span> <span class='ocrx_word' id='word_1_868' title='bbox 1383 2744 1450 2766; x_wconf 66' lang='lat' dir='ltr'>codd.</span> <span class='ocrx_word' id='word_1_869' title='bbox 1469 2744 1513 2772; x_wconf 82' lang='lat' dir='ltr'>legi</span> <span class='ocrx_word' id='word_1_870' title='bbox 1532 2747 1619 2772; x_wconf 86' lang='lat' dir='ltr'>potest,</span> <span class='ocrx_word' id='word_1_871' title='bbox 1638 2744 1690 2766; x_wconf 79' lang='lat' dir='ltr'>edd.</span> <span class='ocrx_word' id='word_1_872' title='bbox 1711 2745 1786 2766; x_wconf 90' lang='lat' dir='ltr'>minus</span> <span class='ocrx_word' id='word_1_873' title='bbox 1804 2744 1861 2766; x_wconf 87' lang='lat' dir='ltr'>bene</span> <span class='ocrx_word' id='word_1_874' title='bbox 1879 2743 2001 2767; x_wconf 54' lang='lat' dir='ltr'>sensibilis.</span> 
     </span>
    </p>

    <p class='ocr_par' dir='ltr' id='par_1_27' title="bbox 1218 2783 1796 2812">
     <span class='ocr_line' id='line_1_118' title="bbox 1218 2783 1796 2812; baseline 0 -7"><span class='ocrx_word' id='word_1_875' title='bbox 1218 2783 1227 2798; x_wconf 92' lang='lat'>⁷</span> <span class='ocrx_word' id='word_1_876' title='bbox 1244 2783 1287 2805; x_wconf 89' lang='lat' dir='ltr'>Csr.</span> <span class='ocrx_word' id='word_1_877' title='bbox 1305 2789 1375 2811; x_wconf 85' lang='lat' dir='ltr'>supra</span> <span class='ocrx_word' id='word_1_878' title='bbox 1394 2783 1415 2805; x_wconf 87' lang='lat' dir='ltr'>d.</span> <span class='ocrx_word' id='word_1_879' title='bbox 1435 2783 1470 2805; x_wconf 69' lang='lat'>34.</span> <span class='ocrx_word' id='word_1_880' title='bbox 1490 2790 1511 2811; x_wconf 89' lang='lat' dir='ltr'>p.</span> <span class='ocrx_word' id='word_1_881' title='bbox 1530 2784 1552 2805; x_wconf 88' lang='lat' dir='ltr'>ll.</span> <span class='ocrx_word' id='word_1_882' title='bbox 1571 2790 1590 2806; x_wconf 88' lang='lat' dir='ltr'>a.</span> <span class='ocrx_word' id='word_1_883' title='bbox 1614 2784 1630 2805; x_wconf 93' lang='lat' dir='ltr'>l.</span> <span class='ocrx_word' id='word_1_884' title='bbox 1648 2790 1670 2812; x_wconf 81' lang='lat' dir='ltr'>q.</span> <span class='ocrx_word' id='word_1_885' title='bbox 1693 2784 1709 2805; x_wconf 91' lang='lat' dir='ltr'>l.</span> <span class='ocrx_word' id='word_1_886' title='bbox 1728 2783 1756 2805; x_wconf 85' lang='lat' dir='ltr'>ad</span> <span class='ocrx_word' id='word_1_887' title='bbox 1775 2783 1796 2805; x_wconf 81' lang='lat'>5.</span> 
     </span>
    </p>

    <p class='ocr_par' dir='ltr' id='par_1_28' title="bbox 1153 2821 2000 3000">
     <span class='ocr_line' id='line_1_119' title="bbox 1217 2821 2000 2849; baseline 0.001 -6"><span class='ocrx_word' id='word_1_888' title='bbox 1217 2821 1226 2836; x_wconf 81' lang='lat'><strong>⁸</strong></span> <span class='ocrx_word' id='word_1_889' title='bbox 1244 2822 1309 2844; x_wconf 81' lang='lat' dir='ltr'>Rom.</span> <span class='ocrx_word' id='word_1_890' title='bbox 1328 2822 1353 2849; x_wconf 80' lang='lat'>5,</span> <span class='ocrx_word' id='word_1_891' title='bbox 1373 2822 1417 2844; x_wconf 77' lang='lat'>20:</span> <span class='ocrx_word' id='word_1_892' title='bbox 1437 2822 1479 2844; x_wconf 87' lang='lat' dir='ltr'>Lex</span> <span class='ocrx_word' id='word_1_893' title='bbox 1497 2825 1573 2844; x_wconf 86' lang='lat' dir='ltr'>autem</span> <span class='ocrx_word' id='word_1_894' title='bbox 1591 2822 1739 2849; x_wconf 78' lang='lat' dir='ltr'>subintravit,</span> <span class='ocrx_word' id='word_1_895' title='bbox 1758 2824 1783 2844; x_wconf 82' lang='lat' dir='ltr'>ut</span> <span class='ocrx_word' id='word_1_896' title='bbox 1804 2821 1931 2844; x_wconf 80' lang='lat' dir='ltr'>abundaret</span> <span class='ocrx_word' id='word_1_897' title='bbox 1948 2822 2000 2844; x_wconf 70' lang='lat' dir='ltr'>&lt;leli-</span> 
     </span>
     <span class='ocr_line' id='line_1_120' title="bbox 1154 2860 1999 2888; baseline -0.001 -6"><span class='ocrx_word' id='word_1_898' title='bbox 1154 2862 1223 2883; x_wconf 86' lang='lat' dir='ltr'>ctum.</span> <span class='ocrx_word' id='word_1_899' title='bbox 1237 2860 1279 2882; x_wconf 90' lang='lat' dir='ltr'>Ubi</span> <span class='ocrx_word' id='word_1_900' title='bbox 1292 2864 1368 2883; x_wconf 88' lang='lat' dir='ltr'>autem</span> <span class='ocrx_word' id='word_1_901' title='bbox 1386 2860 1514 2883; x_wconf 78' lang='lat' dir='ltr'>abundavit</span> <span class='ocrx_word' id='word_1_902' title='bbox 1531 2861 1651 2888; x_wconf 86' lang='lat' dir='ltr'>delictum,</span> <span class='ocrx_word' id='word_1_903' title='bbox 1664 2860 1861 2888; x_wconf 71' lang='lat' dir='ltr'>superabundavit</span> <span class='ocrx_word' id='word_1_904' title='bbox 1874 2861 1946 2888; x_wconf 77' lang='lat' dir='ltr'>gratia</span> <span class='ocrx_word' id='word_1_905' title='bbox 1958 2864 1999 2882; x_wconf 83' lang='lat' dir='ltr'>etc.</span> 
     </span>
     <span class='ocr_line' id='line_1_121' title="bbox 1154 2898 2000 2929; baseline 0.001 -9"><span class='ocrx_word' id='word_1_906' title='bbox 1154 2912 1185 2915; x_wconf 87' lang='lat'><strong>—</strong></span> <span class='ocrx_word' id='word_1_907' title='bbox 1203 2899 1244 2921; x_wconf 80' lang='lat' dir='ltr'>l‘ro</span> <span class='ocrx_word' id='word_1_908' title='bbox 1269 2905 1358 2928; x_wconf 68' lang='lat' dir='ltr'>mamm</span> <span class='ocrx_word' id='word_1_909' title='bbox 1376 2899 1527 2923; x_wconf 59' lang='lat' dir='ltr'>comminatio</span> <span class='ocrx_word' id='word_1_910' title='bbox 1551 2905 1639 2929; x_wconf 73' lang='lat' dir='ltr'>poenae</span> <span class='ocrx_word' id='word_1_911' title='bbox 1664 2899 1716 2921; x_wconf 87' lang='lat' dir='ltr'>edd.</span> <span class='ocrx_word' id='word_1_912' title='bbox 1740 2898 1890 2922; x_wconf 78' lang='lat' dir='ltr'>comminatio</span> <span class='ocrx_word' id='word_1_913' title='bbox 1912 2905 2000 2928; x_wconf 79' lang='lat' dir='ltr'>poenae</span> 
     </span>
     <span class='ocr_line' id='line_1_122' title="bbox 1153 2937 2000 2967; baseline 0 -7"><span class='ocrx_word' id='word_1_914' title='bbox 1153 2944 1262 2967; x_wconf 61' lang='lat' dir='ltr'>mamae.</span> <span class='ocrx_word' id='word_1_915' title='bbox 1281 2938 1358 2960; x_wconf 73' lang='lat' dir='ltr'>Finem</span> <span class='ocrx_word' id='word_1_916' title='bbox 1377 2939 1442 2961; x_wconf 79' lang='lat' dir='ltr'>solut.</span> <span class='ocrx_word' id='word_1_917' title='bbox 1460 2939 1510 2961; x_wconf 87' lang='lat' dir='ltr'>cod.</span> <span class='ocrx_word' id='word_1_918' title='bbox 1529 2939 1547 2960; x_wconf 91' lang='lat' dir='ltr'>D</span> <span class='ocrx_word' id='word_1_919' title='bbox 1563 2939 1655 2961; x_wconf 78' lang='lat' dir='ltr'>exhibet</span> <span class='ocrx_word' id='word_1_920' title='bbox 1665 2939 1712 2960; x_wconf 88' lang='lat' dir='ltr'>sic:</span> <span class='ocrx_word' id='word_1_921' title='bbox 1725 2939 1746 2960; x_wconf 83' lang='lat' dir='ltr'>et</span> <span class='ocrx_word' id='word_1_922' title='bbox 1762 2937 1841 2967; x_wconf 70' lang='lat' dir='ltr'>qratia</span> <span class='ocrx_word' id='word_1_923' title='bbox 1859 2939 1880 2961; x_wconf 81' lang='lat' dir='ltr'>et</span> <span class='ocrx_word' id='word_1_924' title='bbox 1896 2937 2000 2967; x_wconf 79' lang='lat' dir='ltr'>Spiritus</span> 
     </span>
     <span class='ocr_line' id='line_1_123' title="bbox 1154 2976 1528 3000; baseline 0 -1"><span class='ocrx_word' id='word_1_925' title='bbox 1154 2976 1178 2999; x_wconf 88' lang='lat' dir='ltr'>S.</span> <span class='ocrx_word' id='word_1_926' title='bbox 1195 2976 1326 3000; x_wconf 81' lang='lat' dir='ltr'>collatione.</span> <span class='ocrx_word' id='word_1_927' title='bbox 1521 2978 1528 2986; x_wconf 73' lang='lat'><em>&#39;</em></span> 
     </span>
    </p>
   </div>
  </div>
 </body>
</html>
