2166 3366
123 1406 153 1424 Ad
166 1405 240 1428 opposi-

249 196 306 225 ίιίιίι

925 191 1176 220 ΞΕΝΤΕΝΤΙΑΒΠΜ
1197 191 1257 219 LIB.
1279 191 1318 220 tlt.

992 308 1253 344 SGHOLION.

312 404 325 425 l.
343 403 448 430 Magister
465 407 534 429 supra
554 401 575 423 d.
593 400 669 422 XVIII.
687 406 706 422 c.
721 400 740 421 l.
758 400 830 427 tetigit
847 400 905 421 hanc
923 399 1093 427 quaestionem,

248 443 289 465 sed
308 448 351 464 non
368 441 444 463 solvit.
457 440 656 463 Commentatores
668 439 733 461 multi
746 438 777 460 ibi
793 438 915 466 specialem
929 440 1018 466 ponunt
1028 443 1096 466 quae-

248 482 344 503 stionem
363 485 407 502 non
427 478 460 506 (ut
477 478 522 507 hic)
541 478 570 500 de
587 479 701 507 tempore,
722 477 814 506 quando
832 477 916 504 incepit
940 477 996 498 haec
1013 476 1095 503 impas-

247 519 348 547 5113111135,
360 518 401 541 sed
421 520 498 540 utrum
517 517 620 540 Christus
631 516 674 539 sibi
686 516 891 544 impassibilitatem
903 516 992 537 animae
1006 521 1095 537 merue-

248 557 287 580 rit.
304 557 350 579 Sed
367 557 404 579 hic
420 558 507 579 tantum
520 557 542 578 in
561 555 637 578 dubiis
648 561 718 583 supra
730 555 761 577 lit.
774 555 855 583 aliqui,
868 557 893 577 ut
905 554 962 576 Petr.
975 560 988 575 a
1008 554 1061 575 Tar.
1073 556 1095 575 et

249 596 354 619 Richard.
365 602 377 618 a
389 595 454 623 Med„
467 601 519 617 cum
533 598 610 617 nostro
623 594 719 617 Doctore
731 594 826 622 docent,
840 593 903 622 quod
920 593 996 615 anima
1013 592 1095 615 Christi

249 635 392 665 probabilius
409 635 484 657 statim
503 637 553 662 post
570 635 738 662 separationem
755 639 767 655 a
786 638 883 661 corpore
900 632 959 654 facta
971 633 998 654 sit
1012 632 1095 659 impas-

248 674 327 697 sibilis.
339 674 423 696 Suarez
436 675 512 695 autem
524 673 611 700 asserit,
624 673 682 694 hauc
695 672 821 694 doctrinam
833 677 883 693 esse
895 671 989 693 omnino
1001 673 1094 693 certam.

312 713 334 735 Il.
353 713 456 741 Sequens
481 711 524 740 (2.)
550 712 653 740 quaestio
678 712 707 733 ita
732 711 867 738 exprimitur
889 716 901 732 a
920 710 977 732 Petr.
996 715 1007 731 a
1026 709 1095 731 Tan:

250 755 327 775 utrum
350 758 403 775 caro
420 752 509 773 viveret
526 757 567 779 per
584 751 694 773 Deitatcm
713 749 755 772 sibi
773 750 867 772 unitam.
891 749 958 777 Quod
975 750 1051 771 autem
1068 754 1095 770 ex

249 793 334 815 unione
351 792 478 814 Divinitatis
495 791 523 813 ad
542 797 633 813 carnem
652 797 696 813 non
714 791 807 812 resultet
819 789 868 812 vita
880 788 973 817 carnis,
988 789 1096 817 quamvis

250 831 359 853 Divinitas
376 831 405 853 sit
421 830 568 852 essentiaIIter
596 829 645 852 vita
663 832 685 851 et
701 834 775 852 causa
794 828 869 857 vitam
886 828 1032 850 manifestum
1055 830 1095 849 est.

253 878 263 890 a
277 869 328 893 Vita
340 870 401 892 enim
413 872 446 891 est
456 871 519 891 actus
528 872 549 891 et
561 869 670 896 perfectio
682 871 787 895 naturae;
800 867 910 889 Divinitas
923 873 979 889 vero
992 872 1035 888 non
1048 867 1095 888 uni-

249 911 286 931 tur
298 909 359 931 carni
372 909 393 930 in
406 909 490 930 unitate
504 910 597 930 naturae
610 916 620 928 »
636 907 674 935 (ita
687 907 747 929 Alex.
761 907 815 935 Hah,
831 907 852 929 S.
866 913 887 934 p.
900 906 931 928 Ill.
945 912 966 934 q.
982 906 1018 927 119.
1031 911 1061 927 m.
1075 906 1095 927 2.

250 949 279 971 ad
289 949 345 977 ult.)‚
358 949 407 970 sive
417 948 477 970 Deus
489 948 598 969 creaturis
610 949 644 969 est
652 946 705 976 sons
717 945 777 969 vitae
788 946 898 973 effective,
910 951 954 967 non
965 945 1095 967 formaliter.

1213 398 1246 420 De
1262 398 1344 420 eadem
1362 399 1495 427 quaestione
1512 401 1602 426 praeter
1619 397 1789 420 Alexandrum:
1807 398 1830 420 S.
1848 398 1942 427 Thom.⁷
1961 399 1997 420 hic

1151 443 1173 465 q.
1193 437 1213 459 I.
1231 443 1251 459 a.
1271 437 1290 458 1.
1308 438 1450 466 quaestione.
1465 438 1484 459 ’1.
1498 437 1527 459 ad
1545 437 1573 465 3;
1591 437 1613 458 S.
1631 437 1664 458 III.
1682 443 1704 465 q.
1723 436 1760 459 50.
1773 443 1792 459 a.
1811 437 1832 458 2.
1850 436 1880 459 ad
1897 437 1918 459 3.
1931 437 1996 459 -Β,

1151 476 1249 503 Albert.,
1268 477 1304 498 hic
1315 483 1335 498 a.
1353 476 1373 498 3.
1391 488 1423 492 —
1439 476 1496 499 Petr.
1514 482 1526 498 a
1544 476 1610 504 Tar„
1628 476 1665 498 hic
1682 482 1704 504 q.
1724 476 1743 498 1.
1756 482 1776 498 a.
1792 476 1809 497 1.
1822 477 1963 504 quaestiunc.
1976 477 1997 498 2.

1152 527 1182 530 —
1194 515 1299 537 Richard.
1318 521 1329 537 a
1348 515 1418 543 Med,
1436 516 1472 537 hic
1489 521 1509 537 a.
1529 516 1548 537 l.
1567 521 1589 543 q.
1607 515 1628 536 2.
1646 515 1675 537 ad
1693 514 1714 536 3.

1216 553 1248 575 Ill.
1266 554 1352 576 Solutio
1370 554 1390 576 3.
1409 554 1548 582 quaestionis
1565 555 1587 575 et
1604 555 1794 581 argumentorum
1811 553 1840 575 ad
1853 559 1934 581 oppos.
1947 559 1997 581 pro-

1153 592 1212 614 cedit
1223 592 1351 614 secundum
1364 593 1455 620 regulas
1468 592 1496 615 de
1508 592 1715 614 communicatione
1727 592 1870 614 idiomatum.
1883 593 1913 614 Ea
1925 593 1998 620 enim,

1156 639 1167 651 «
1181 637 1240 659 quae
1257 631 1332 653 solum
1350 631 1379 653 ad
1397 632 1513 654 naturam
1531 631 1655 659 pertinent,
1673 631 1806 658 simpliciter
1823 634 1845 653 et
1861 631 1910 653 sine
1927 631 1999 653 deter-

1155 670 1278 692 minatione
1296 669 1324 691 de
1341 669 1430 692 Christo
1448 669 1492 692 dici
1510 672 1628 698 possunt»
1649 670 1682 698 (S.
1701 669 1797 698 'I‘hom.‚
1810 670 1846 691 hic
1858 676 1879 698 q.
1894 669 1914 691 1.
1927 675 1947 691 a.
1968 669 1996 697 3;

1153 709 1192 731 cfr.
1205 715 1275 736 supra
1296 715 1315 730 a.
1340 709 1358 730 I.
1379 715 1401 737 q.
1423 709 1443 736 3,
1458 709 1577 737 scholion).
1596 721 1626 724 ——
1644 709 1749 736 Magister
1766 709 1803 730 hic
1820 708 1848 736 (c.
1868 708 1898 736 2.)
1917 708 1998 730 docet:

1156 756 1166 768 «
1180 748 1238 770 Sane
1256 747 1300 769 dici
1318 749 1403 775 potest,
1416 747 1479 776 quod
1490 748 1601 770 mortuus
1618 750 1651 770 est
1668 747 1729 769 Deus
1746 749 1768 769 et
1784 752 1833 770 non
1851 748 1962 770 mortuus
1974 755 1999 775 n,-

1153 788 1210 809 haec
1226 786 1297 808 verba
1316 786 1457 814 explicantur
1474 787 1511 808 hic
1527 786 1581 808 dub.
1601 786 1630 814 3;
1649 792 1708 814 quae
1720 787 1886 814 interpretatio,
1904 786 1999 808 brevius

1153 828 1281 853 contracta,
1299 825 1396 847 refertur
1413 825 1481 847 etiam
1498 831 1511 846 a
1530 825 1586 846 Petr.
1604 831 1616 846 a
1635 825 1700 853 Tan,
1719 825 1755 847 hie
1772 831 1794 854 q.
1813 825 1833 847 2.
1852 831 1872 847 a.
1890 825 1912 847 3.

1217 865 1307 887 Praeter
1324 865 1403 887 citatos
1420 863 1449 886 de
1461 864 1503 886 hac
1516 865 1649 892 quaestione
1661 866 1747 891 agunt:
1760 864 1820 886 Alex.
1833 864 1892 892 Hah,
1907 864 1949 886 loc.
1962 864 1998 886 cit.

1154 910 1184 926 m.
1202 905 1222 926 2.
1242 917 1271 919 —
1289 904 1312 926 B.
1330 903 1426 931 Alhert.‚
1440 904 1475 925 hic
1492 909 1512 925 a.
1530 902 1551 925 4.
1568 915 1600 919 —
1616 903 1674 925 Petr.
1692 909 1704 925 a
1723 903 1788 930 Tan,
1806 903 1842 926 hic
1860 909 1882 932 q.
1900 904 1921 925 2.
1939 909 1958 925 a.
1977 904 1998 926 2.

1152 956 1184 960 —
1202 943 1307 966 Richard.
1325 949 1336 964 a
1356 943 1425 970 Med,
1439 943 1475 965 hic
1492 948 1511 964 a.
1531 943 1551 965 2.
1569 948 1592 971 q.
1611 942 1632 964 4.

1019 1034 1182 1071 QUAESTIO
1204 1034 1232 1061 II.

413 1125 517 1153 Utrum
538 1133 573 1152 ex
594 1123 645 1152 ilict
666 1123 852 1160 separatione
873 1130 945 1150 cai-o
969 1120 1080 1150 Christi
1099 1120 1193 1158 fuerit
1213 1123 1348 1153 mortua,
1364 1128 1405 1148 aii
1416 1124 1481 1156 post
1501 1127 1568 1147 eam
1591 1118 1727 1147 habuerit
1739 1119 1840 1147 vitam.

330 1212 457 1241 Secundo
478 1211 639 1248 quaeritur,
665 1214 761 1239 utrum
784 1217 820 1238 ex
849 1209 896 1237 illa
924 1208 1097 1245 separatione

251 1267 316 1288 caro
336 1258 421 1287 fuerit
442 1260 568 1290 mortua,
589 1265 623 1285 an
646 1259 708 1293 post
729 1264 789 1284 eam
805 1255 936 1284 habuerit
951 1254 1046 1282 vitam.
1067 1254 1097 1282 Et

251 1306 326 1343 quod
348 1305 432 1333 vitam
455 1303 600 1337 habuerit,
623 1303 742 1331 videtur.

332 1353 356 1381 1.
379 1351 467 1380 Omne
488 1350 563 1387 quod
585 1353 627 1378 est
648 1349 759 1377 unitum
782 1349 869 1383 vitae,
891 1348 959 1376 vivit
974 1355 1024 1384 per
1038 1354 1099 1384 par-

252 1399 456 1436 ticipationem;
478 1397 526 1426 sed
548 1405 613 1425 caro
628 1395 727 1424 Christi
745 1398 807 1432 post
821 1394 1024 1432 separationem
1039 1396 1099 1422 erat

252 1447 331 1476 unita
351 1445 403 1482 ipsi
424 1444 512 1478 vitae,
535 1443 639 1472 seilicet
660 1443 751 1471 Verbo
772 1442 821 1471 Dei
836 1442 859 1469 ¹:
883 1449 950 1478 ergo
975 1441 1010 1469 ab
1039 1440 1098 1477 ipso

252 1493 456 1522 vivificabatur.
479 1491 512 1519 Si
533 1494 564 1519 tu
585 1490 685 1523 dieas,
707 1489 782 1526 quod
806 1489 857 1517 hoc
879 1491 921 1517 est
942 1495 1040 1516 verum
1064 1487 1098 1515 de

252 1541 309 1569 vita
330 1542 438 1573 creata,
459 1547 514 1567 non
537 1538 571 1566 de
593 1537 731 1570 increata3
752 1535 890 1564 obiicitur
912 1538 1032 1563 contra.-
1054 1541 1099 1570 po-

252 1587 353 1616 tentior
374 1588 416 1614 est
444 1585 501 1613 vita
528 1585 650 1612 increata
678 1583 704 1611 in
734 1581 900 1611 vivificando
929 1588 1014 1618 quam
1044 1580 1100 1608 vita

252 1636 359 1667 creata,
380 1632 511 1669 quoniam
526 1631 586 1668 ipsa
601 1633 643 1659 est
663 1628 731 1667 fons
751 1628 865 1657 vilae²t
887 1628 909 1657 si
925 1635 991 1664 ergo
1006 1626 1099 1655 anima

251 1681 321 1709 nulli
343 1679 451 1716 corpori
473 1680 564 1715 potest
584 1677 675 1710 uniri,
697 1676 764 1713 quin
787 1676 834 1704 det
854 1675 878 1703 ei
893 1675 979 1702 vitam
987 1684 994 1708 ;
1009 1673 1099 1701 multo

253 1727 352 1756 fortius
373 1726 499 1759 videtur,
514 1724 588 1761 quod
605 1732 655 1752 nec
676 1730 795 1760 persona
810 1722 904 1750 divina
919 1720 1006 1758 possit
1024 1720 1096 1748 uniri

253 1773 346 1805 carni,
368 1771 420 1800 nisi
443 1770 546 1799 tribuat
567 1770 591 1798 ei
614 1769 707 1798 vitam.

331 1820 357 1847 Ξ).
379 1818 462 1852 ltem,
485 1816 655 1854 Impossibile
676 1816 743 1849 fuit,
759 1815 894 1843 animam
908 1813 1009 1842 Christi
1024 1813 1098 1841 uniri

253 1867 360 1900 Verbo,
382 1865 448 1902 quin
471 1864 607 1900 reciperet
628 1863 713 1891 vitam
734 1862 770 1890 ab
798 1861 872 1898 ipso:
902 1868 969 1896 ergo
997 1860 1019 1889 si
1048 1867 1099 1888 suo

254 1913 337 1941 modo
358 1920 429 1940 caro
451 1914 511 1939 erat
532 1909 722 1941 vivificabilis,
746 1907 916 1945 impossibile
944 1906 997 1935 fuit
1025 1906 1098 1934 uniri

255 1959 360 1992 Verbo,
383 1959 450 1995 quin
472 1958 608 1994 reciperet
629 1956 713 1984 vitam
736 1955 771 1983 ab
792 1962 832 1983 eo.

333 2005 358 2033 3.
382 2005 464 2038 Item,
487 2003 605 2032 nobilior
627 2005 668 2031 est
690 2001 845 2030 substantia
860 2000 956 2029 vivens
975 2000 1101 2029 substan-

255 2052 292 2080 tia
313 2060 367 2080 non
390 2050 535 2084 vivente³3
557 2050 606 2078 sed
627 2049 704 2077 nulla
720 2056 784 2076 caro
799 2051 859 2076 erat
879 2047 998 2075 nobilior
1018 2054 1100 2075 carne

255 2098 371 2132 Christi,
387 2098 468 2127 etiam
484 2100 546 2134 post
562 2096 763 2133 separationem
780 2095 903 2122 animae:
920 2102 985 2130 ergo
1001 2093 1022 2122 si
1044 2093 1101 2121 vita

256 2145 396 2182 reperitur
418 2144 443 2172 in
466 2144 519 2172 alia
541 2151 635 2176 carne,
658 2149 769 2170 necesse
784 2144 840 2175 est,
856 2140 931 2177 quod
946 2148 1011 2168 caro
1026 2140 1101 2168 Chri-

256 2191 290 2220 sti
307 2191 432 2224 viveret⁷
448 2190 529 2219 etiam
551 2189 643 2217 anima
663 2191 798 2225 separata.

334 2237 360 2265 lt.
384 2237 465 2270 item,
487 2244 552 2265 caro
574 2235 620 2263 illa
642 2243 695 2263 non
712 2237 820 2271 poterat
834 2233 930 2262 videre
950 2233 1101 2269 corruptio-

257 2291 319 2312 nem
332 2283 348 2318 ⁴,
371 2291 438 2320 ergo
460 2290 571 2311 necesse
597 2285 671 2315 erat,
698 2288 759 2310 eam
781 2281 816 2309 ab
842 2280 935 2317 aliquo
964 2279 1101 2316 vegetari3

257 2331 305 2359 sed
328 2338 381 2358 non
397 2330 448 2358 nisi
464 2338 480 2357 a
502 2330 622 2358 Deitate:
639 2336 705 2365 ergo
726 2336 787 2356 eam
802 2327 840 2356 ita
856 2326 1014 2363 vegetabat,
1030 2326 1101 2355 sicut

256 2377 356 2405 anima.
373 2377 424 2405 Sed
438 2376 530 2404 anima
545 2383 605 2404 eam
621 2374 776 2411 vegetando
787 2374 871 2402 dabat
885 2373 909 2402 ei
921 2373 1022 2401 vitam:
1035 2380 1101 2409 ergo

257 2424 317 2460 pari
338 2424 445 2452 ratione
461 2431 525 2452 caro
541 2422 588 2450 illa
603 2422 715 2450 vivebat
730 2429 779 2457 per
794 2421 972 2449 Dii'mitatem
988 2419 1102 2448 intluen-

257 2473 313 2499 tem
335 2471 362 2498 in
384 2470 481 2506 ipsam.

1233 1207 1285 1233 SED
1307 1214 1431 1234 CONTRA:
1451 1207 1473 1234 1.
1490 1206 1518 1233 In
1534 1205 1664 1242 Symbolo
1676 1205 1685 1218 ⁵
1702 1205 1819 1239 dicitur,
1835 1205 1909 1242 quod
1925 1205 2140 1234 Chri-Fundamenta.
2163 1218 2166 1246 1

1154 1256 1215 1282 stus
1232 1264 1245 1279 α
1266 1255 1395 1281 mortuus
1416 1255 1458 1281 est
1478 1255 1505 1281 et
1527 1252 1654 1289 sepultus
1666 1263 1699 1286 »ς
1722 1252 1769 1281 sed
1793 1252 1845 1280 hoc
1866 1260 1921 1280 non
1936 1252 2001 1281 dici-

1155 1303 1202 1328 tur
1223 1300 1274 1328 nisi
1297 1300 1403 1328 ratione
1424 1299 1530 1328 carnis:
1553 1307 1620 1335 ergo
1641 1307 1706 1328 caro
1727 1298 1828 1327 Christi
1849 1299 1901 1327 fuit
1929 1306 2001 1327 mor-

1156 1349 1219 1380 tua,
1240 1346 1333 1374 anima
1354 1349 1490 1383 separata.

1235 1394 1260 1421 Ξ).
1283 1392 1366 1427 Item,
1388 1393 1478 1421 omnis
1499 1392 1556 1420 vita
1577 1395 1619 1420 est
1637 1392 1672 1420 ab
1687 1392 1781 1429 aliquo
1802 1392 1967 1421 informante
1980 1392 2000 1426 ⁶3

1156 1439 1205 1468 sed
1230 1447 1295 1467 caro
1322 1441 1384 1475 post
1412 1439 1615 1475 separationem
1638 1438 1747 1467 animae
1775 1446 1829 1467 non
1851 1438 2001 1467 uniebatur

1155 1486 1238 1515 alicui
1260 1485 1411 1514 vivificanti
1433 1492 1483 1521 per
1504 1485 1620 1513 modum
1640 1485 1761 1513 formae:
1789 1493 1855 1522 ergo
1880 1488 1942 1522 post
1962 1493 2001 1514 se-

1157 1533 1329 1569 parationem
1351 1532 1460 1560 animae
1481 1540 1546 1560 caro
1567 1540 1621 1560 non
1643 1532 1764 1561 habehat
1785 1532 1879 1561 vitam.

1235 1579 1261 1607 3.
1282 1579 1362 1613 Item,
1384 1586 1466 1607 omne
1481 1578 1556 1615 quod
1578 1578 1659 1613 vivit,
1675 1578 1758 1607 habet
1780 1578 1902 1616 aliquem
1918 1586 2000 1608 usum

1156 1626 1240 1660 vitae,
1262 1628 1357 1662 utpote
1378 1625 1418 1654 uti
1440 1625 1584 1659 allmento,
1603 1625 1647 1654 vel
1669 1633 1766 1660 sensu,
1782 1625 1826 1654 vel
1847 1629 1941 1660 motu,
1957 1626 2000 1655 vel

1156 1673 1296 1701 intellectu
1311 1673 1333 1706 ⁷;
1356 1672 1403 1701 sed
1420 1672 1529 1700 nullum
1552 1672 1670 1700 istorum
1686 1679 1750 1700 caro
1765 1672 1865 1700 Christi
1881 1672 2002 1701 habebat

1156 1723 1217 1756 post
1238 1720 1441 1756 separationem
1462 1719 1585 1747 animae:
1608 1727 1675 1756 ergo
1696 1727 1751 1747 non
1773 1719 1891 1747 vivebat.

1233 1767 1259 1794 [ι.
1283 1766 1365 1799 item,
1393 1765 1462 1794 nihil
1491 1766 1586 1793 vivum
1616 1765 1767 1794 suscitatur
1787 1765 1831 1794 vel
1864 1766 2001 1802 resurgit,

1157 1813 1222 1850 quia
1250 1813 1392 1841 suscitatio
1413 1815 1440 1840 et
1468 1812 1637 1841 resurrectio
1659 1820 1718 1840 non·
1741 1815 1782 1841 est
1802 1812 1855 1840 nisi
1877 1813 2000 1846 mortui;

1157 1860 1205 1889 sed
1227 1868 1291 1888 caro
1320 1859 1421 1887 Christi
1449 1859 1607 1887 resurrexit
1627 1863 1654 1887 et
1682 1859 1815 1888 suscitata
1842 1859 1912 1887 fuit:
1934 1867 2000 1896 ergo

1157 1910 1218 1944 post
1239 1906 1440 1943 separationem
1462 1906 1571 1934 animae
1593 1906 1676 1934 vitam
1699 1914 1753 1934 non
1776 1906 1882 1934 habuit.

1475 2007 1687 2028 CONCLUSIO.

1223 2092 1300 2121 Caro
1324 2091 1435 2120 Christi
1450 2096 1518 2129 post
1541 2092 1757 2129 separationem
1778 2091 1815 2120 ab
1836 2092 1940 2120 anima

1431 2147 1496 2167 vere
1516 2142 1636 2167 mortua
1659 2137 1727 2175 fuit.

1238 2233 1413 2261 nespommo:
1436 2232 1603 2266 Dicendum,
1618 2232 1692 2269 quod
1708 2232 1814 2269 absque
1837 2231 1922 2260 dubio
1937 2239 2002 2261 caro
2014 2238 2119 2258 Conclusio.

1158 2279 1258 2307 Christi
1274 2282 1336 2316 post
1358 2279 1561 2315 separationem
1576 2279 1685 2306 animae
1704 2280 1815 2306 mortua
1829 2278 1893 2312 fuit3
1913 2278 2003 2307 caruit

1158 2326 1231 2354 enim
1247 2334 1301 2354 usu
1315 2328 1342 2354 et
1363 2325 1565 2362 complemento
1580 2325 1661 2353 vitae.
1685 2325 1735 2353 Res
1753 2325 1827 2353 enim
1849 2325 2002 2361 corporalis
2015 2332 2129 2351 Notandum.

1158 2381 1211 2400 non
1229 2376 1270 2401 est
1285 2375 1349 2400 nata
1364 2372 1497 2400 vivificari
1514 2372 1565 2400 nisi
1581 2372 1616 2400 ab
1638 2371 1732 2408 aliqua
1746 2371 1836 2399 forma
1851 2371 2001 2408 spirituali,

1158 2419 1246 2455 ipsam
1259 2418 1414 2455 complente
1429 2421 1456 2447 et
1474 2418 1526 2447 sibi
1549 2418 1757 2455 proportionali.
1777 2418 1913 2454 Quoniam
1935 2426 2001 2454 ergo

1158 2466 1184 2493 in
1208 2466 1266 2502 ipsa
1281 2465 1455 2501 separati0ne
1470 2465 1578 2493 animae
1599 2472 1664 2493 caro
1679 2465 1778 2493 Christi
1802 2464 1892 2493 caruit
1908 2464 2002 2493 huius-

322 2591 328 2605 ¹
348 2591 405 2613 X'Ide
423 2597 492 2618 supra
511 2597 530 2612 a.
553 2591 569 2612 l.
588 2596 610 2618 q.
629 2590 649 2611 2.
663 2602 691 2605 —
705 2589 747 2611 Pro
764 2588 807 2611 Dei
824 2588 874 2610 cod,
893 2588 909 2610 U
923 2587 1013 2615 divino,
1033 2587 1100 2610 codd.

258 2630 276 2651 G
286 2629 303 2651 H
315 2629 321 2650 l
332 2630 350 2651 T
362 2629 379 2650 V
399 2628 452 2651 Deo.

321 2668 330 2682 ἵ
348 2668 428 2690 Psalm.
447 2667 483 2694 35,
505 2668 543 2689 10:
561 2667 629 2694 Apud
653 2669 673 2688 te
690 2668 724 2688 est
745 2666 794 2687 fons
816 2666 882 2688 vitae.
901 2664 945 2687 Cfr.
968 2664 1039 2687 vei-ha
1058 2666 1103 2686 Au-

259 2710 319 2734 gust.
337 2710 414 2728 contra
432 2706 569 2728 Felicianum
587 2706 684 2733 directa,
703 2711 761 2733 quae
780 2705 815 2726 hic
830 2705 852 2725 in
870 2704 900 2726 Iit.
914 2704 1024 2731 Magistri,
1043 2709 1062 2725 c.
1082 2703 1101 2725 1.

259 2746 318 2767 circa
336 2745 405 2767 tinem
428 2744 547 2766 habentur.
559 2756 591 2760 —
603 2744 671 2765 Paulo
694 2743 800 2770 superius
822 2746 872 2770 post
890 2741 999 2765 obiicitur
1019 2742 1102 2765 contra

260 2784 326 2806 codd.
344 2784 388 2805 AN
407 2783 509 2805 subdunt
525 2782 595 2812 quod.

321 2822 331 2836 3
349 2823 445 2849 Aristot„
461 2822 482 2844 ll.
497 2822 525 2844 de
542 2822 645 2844 Generat.
659 2821 749 2843 animal.
762 2827 781 2843 c.
803 2822 819 2842 1.
833 2820 909 2848 docet,
922 2820 985 2848 quod
1005 2828 1014 2839 a
1027 2820 1102 2841 anima

261 2861 289 2883 sit
311 2867 407 2888 corpore
432 2861 518 2888 melior,
545 2861 718 2888 animatumque
741 2860 863 2881 inanImato
884 2861 984 2887 praestet
1008 2861 1102 2886 propter

261 2899 373 2926 animam,
391 2901 413 2921 et
433 2904 481 2921 esse
504 2905 573 2927 quam
595 2904 716 2922 non-esse.
734 2901 756 2921 ct
772 2898 851 2920 vivere
869 2903 938 2926 quam
957 2903 1001 2919 non
1022 2898 1102 2919 vivere

262 2937 343 2959 melius
360 2938 387 2958 sit
399 2945 420 2958 n.
434 2949 463 2952 —
478 2937 545 2959 Paulo
563 2937 656 2959 interius
673 2943 715 2964 pro
732 2936 755 2959 in
773 2936 822 2959 alia
839 2942 911 2959 carne
925 2936 976 2958 cod.
988 2936 1006 2958 U
1023 2935 1048 2958 iii.
1059 2935 1103 2958 ali-

262 2980 308 3003 qua
326 2980 404 2997 carne.

1221 2586 1230 2600 ⁴
1248 2587 1376 2614 Respicitur
1392 2586 1447 2607 illud
1466 2586 1499 2607 l‘s.
1521 2585 1553 2607 15.
1571 2586 1610 2607 lO:
1627 2585 1671 2607 Nec
1690 2585 1754 2607 dabis
1766 2585 1873 2607 Sanctum
1893 2588 1956 2607 tuum
1969 2585 2003 2606 vi-

1160 2625 1214 2647 dere
1231 2626 1408 2653 corruptionem.
1806 2623 1816 2638 ⁵
1833 2624 2001 2651 Apostolorum.

1223 2664 1233 2678 ⁶
1249 2665 1346 2691 Ai·istot.,
1360 2664 1382 2686 ll.
1401 2664 1430 2685 de
1442 2664 1534 2691 Anima,
1553 2666 1603 2685 text.
1617 2662 1654 2685 ⁴24.
1666 2663 1695 2691 (c.
1710 2663 1753 2691 2.):
1771 2663 1884 2691 Quoniam
1904 2670 1915 2682 «x
1927 2663 2001 2684 anima

1159 2703 1182 2724 id
1204 2704 1237 2725 est
1259 2708 1305 2731 quo
1327 2703 1429 2724 vivimus
1450 2705 1472 2724 et
1494 2703 1604 2724 sentimus
1626 2704 1648 2723 et
1670 2707 1792 2723 movemur
1815 2703 1836 2723 et
1855 2701 2002 2728 intelligimus

1160 2743 1246 2769 primo,
1266 2742 1339 2763 anima
1352 2742 1430 2770 utiquc
1443 2742 1499 2763 ratio
1517 2740 1632 2769 quaedam
1649 2741 1691 2762 erit
1702 2744 1724 2762 et
1740 2741 1812 2762 forma
1826 2748 1847 2762 w.
1859 2752 1890 2756 --
1902 2740 1951 2761 Vat.
1965 2740 2001 2761 hic

1160 2780 1223 2803 addit
1236 2779 1374 2810 vivificante.

1221 2819 1231 2833 ⁷
1249 2820 1346 2846 aristot..
1365 2819 1386 2840 ll.
1405 2819 1433 2841 de
1445 2819 1537 2845 Anima.
1551 2820 1601 2840 text.
1624 2818 1655 2840 13.
1675 2818 1706 2846 (c.
1725 2817 1755 2845 Ξ.)
1768 2817 1831 2844 dicit,
1847 2816 1908 2844 quod
1926 2816 1943 2837 si
1962 2816 2001 2838 ali-

1160 2859 1195 2880 cui
1215 2866 1225 2878 (ι
1239 2864 1310 2879 unum
1328 2857 1420 2886 aliquod
1436 2858 1519 2879 horum
1537 2857 1588 2878 insit
1601 2856 1686 2883 solum,
1704 2856 1783 2877 vivere
1795 2856 1871 2882 ipsum
1890 2854 1998 2882 dicimus,

1160 2899 1184 2919 ut
1204 2897 1329 2919 intellectus
1346 2900 1368 2919 et
1389 2902 1473 2922 sensusv
1492 2898 1513 2917 et
1535 2899 1610 2917 motus
1627 2897 1649 2916 et
1670 2897 1740 2916 status
1762 2893 1890 2915 secundum
1908 2893 1997 2921 locum⁷

1159 2936 1235 2957 adhuc
1252 2938 1327 2957 autem
1345 2938 1421 2957 motus
1437 2934 1565 2957 secundum
1582 2934 1714 2955 alimentum
1727 2935 1748 2954 et
1765 2935 1916 2959 augmentum
1928 2932 1999 2954 etde·

1159 2977 1301 2997 crementum
1313 2982 1334 2996 υ.
1345 2986 1375 2989 -
1388 2974 1429 2995 Pro
1445 2972 1503 2996 t-sm'c
1518 2972 1568 2995 cod.
1585 2972 1601 2993 Z
1618 2970 1757 3000 vivificatur.
