2166 3366
118 2711 251 2729 fundamenta.

267 180 324 209 402

264 258 317 287 iam
341 261 416 295 patet
431 259 575 295 responsio
589 266 625 287 ex
641 258 685 287 his
700 266 771 296 quae
786 258 859 287 dicta
874 261 947 287 sunt.
962 259 1020 287 Non
1035 259 1110 288 enim

262 307 305 333 est
325 313 409 334 causa
426 305 566 342 proprie,
588 305 651 334 licet
666 305 759 342 aliquo
775 305 857 334 modo
872 305 973 334 habeat
988 306 1112 343 proprie-

262 354 346 380 tatem
369 359 485 386 causae,
507 352 579 380 sicut
600 351 680 388 prius
701 351 884 388 explanatum
899 355 941 381 est
962 352 989 380 in
1011 352 1111 389 princi-

942 181 1194 210 SENTENTIARUM
1216 181 1276 209 LlB.
1298 182 1337 210 tlt.

1167 259 1213 296 pio
1235 260 1438 297 responsionis,
1460 261 1508 289 ubi
1530 261 1613 290 etiam
1636 261 1852 291 determinatum
1874 266 1930 298 est,
1951 272 2017 301 qua-

1168 306 1231 335 liter
1252 306 1390 336 differenti
1413 308 1495 336 modo
1528 308 1686 337 iustificatio
1717 312 1812 337 nostra
1840 310 1961 347 passioni
1989 314 2016 340 et

1168 353 1366 382 resurrectioni
1388 354 1490 383 Christi
1512 354 1631 383 habeat¹
1655 355 1778 384 attribui.

1009 455 1271 492 SGHOLION.

323 557 337 579 1.
356 557 378 579 ln
392 558 435 579 hac
452 560 474 579 et
491 563 539 586 seq.
558 557 701 580 distinctione
719 558 794 586 agitur
812 558 840 580 de
858 558 1002 586 reparatione
1020 559 1111 586 generis

259 597 364 625 humani,
377 597 435 618 sacta
447 603 459 618 a
477 596 566 619 Christo
584 603 625 624 per
637 597 734 619 modum
750 596 925 626 satisfitctionis.
938 597 1017 619 Ditlert
1033 600 1109 619 autem

258 636 314 658 ratio
326 635 406 658 meriti
421 642 433 658 a
446 637 532 658 ratione
549 635 725 665 satisfactionis.
738 636 850 660 Meritum
862 637 923 658 enim
937 637 991 659 dicit
1002 636 1108 659 ordinem

258 676 287 698 ad
305 677 447 704 praemium,
464 675 593 705 satisfactio
606 682 662 698 vero
679 677 891 704 compensationem
909 676 945 698 vel
958 677 1031 699 illatae
1049 675 1107 699 initt-

257 714 319 743 riae,
336 715 373 737 vel
386 714 469 737 damni
486 715 538 743 (cir.
557 715 613 737 infra
632 715 653 737 d.
667 716 703 737 20.
717 722 736 737 a.
751 715 770 737 1.
786 721 808 744 q.
827 716 871 744 3.);
890 718 965 738 tamen
978 715 1107 738 secundum

257 760 306 776 rem
324 753 427 777 Christus
444 754 525 776 eadem
546 755 633 777 actione
654 758 676 777 et
693 755 776 778 meruit
793 758 815 777 et
838 755 945 777 satisfecit
962 761 1004 782 pro
1022 761 1107 783 genere

258 794 366 816 humano.
384 793 533 823 Satisfactio,
554 794 690 822 generaliter
706 797 792 821 sumta,
812 794 918 816 definitur
935 800 947 816 a
970 794 1037 817 Scoto
1055 794 1105 822 (lV.

257 833 317 855 Sent.
331 832 352 854 d.
372 832 407 854 15.
420 839 442 861 q.
462 833 482 855 1.
500 839 521 854 n.
536 833 566 861 3.)
589 834 632 855 sic:
654 841 664 853 ε(
677 833 803 856 Satistactio
825 836 858 856 est
880 833 978 855 redditio
1000 834 1106 856 volunta-

258 872 291 893 ria
309 872 475 900 aequivalentis
493 872 547 895 alias
559 871 660 894 indebiti.
674 872 786 899 Primum,
801 872 885 895 scilicet
901 871 1012 899 redditio,
1032 874 1105 901 patet,

257 911 310 939 quia
329 917 373 933 non
391 914 425 933 est
442 910 545 933 absoluta
558 910 635 940 clatio;
653 917 705 933 nam
724 912 768 933 hoc
780 911 842 940 quod
860 914 894 934 est
904 911 963 934 satis
980 912 1034 934 dicit
1046 918 1106 934 com-

257 951 450 973 mensurationem
473 950 502 972 ad
519 950 605 979 aliquid
628 950 769 978 praecedens
792 950 1019 978 correspondentem.
1038 951 1105 979 Quod

258 989 340 1012 dicitur
357 989 507 1017 'voluntaria
528 992 601 1017 patet,
620 990 684 1018 quia,
703 990 720 1011 si
733 992 792 1011 essct
803 990 966 1017 involuntaria,
985 996 1029 1011 non
1047 993 1106 1012 esset

257 1028 399 1058 satisfactio,
419 1028 460 1051 sed
477 1028 637 1057 salispassio...
657 1029 724 1057 Quod
741 1030 809 1051 etiam
822 1030 850 1051 sit
867 1028 1048 1058 aequttralentts,
1069 1035 1106 1057 pa-

258 1070 298 1096 tet,
311 1069 363 1096 quia
382 1069 425 1090 hoc
437 1068 545 1096 importat
562 1068 597 1090 illa
610 1068 719 1096 particula
732 1067 796 1090 satis.
810 1068 933 1096 Quartum,
949 1068 1033 1090 scilicet
1045 1068 1106 1091 altas

257 1106 362 1134 indebiti,
382 1109 453 1135 patet,
472 1108 525 1136 quia
543 1108 560 1129 si
578 1110 637 1130 esset
649 1107 704 1129 alias
722 1107 837 1135 debitum,
856 1113 900 1129 non
913 1108 1052 1130 satisfaceret
1064 1114 1106 1135 pro

257 1146 310 1173 ist0;
329 1152 381 1167 nam
400 1152 444 1168 non
462 1149 521 1168 esset
538 1146 722 1174 correspondens
735 1147 768 1168 isti
781 1146 910 1168 secundum
928 1146 1047 1174 iustitiam,
1066 1145 1107 1168 sed

259 1185 328 1207 alii».
342 1197 373 1201 —
385 1185 507 1213 Distinguit
524 1187 600 1207 autem
619 1186 641 1207 S.
660 1185 745 1207 Bonav.
764 1185 829 1211 (infra
848 1185 869 1207 d.
889 1185 925 1207 20.
943 1191 965 1213 q.
979 1184 1008 1213 li.)
1022 1185 1108 1207 satista-

258 1226 357 1248 ctionem
373 1224 470 1253 plenam
487 1227 508 1247 et
524 1223 691 1253 semiplenam,
711 1224 747 1245 alii
766 1224 829 1246 aliter
845 1223 973 1252 perfectam
985 1226 1007 1246 et
1022 1223 1107 1253 imper-

256 1263 349 1293 fectam.
372 1275 404 1279 —
425 1263 521 1290 Insuper
546 1265 611 1290 nota,
638 1262 701 1291 quod
724 1263 801 1290 passio
823 1262 905 1284 Christi
926 1262 1055 1285 secundum
1077 1263 1108 1285 di-

258 1310 337 1326 versas
350 1303 532 1330 comparationes
550 1302 618 1324 habet
630 1302 723 1324 effectus
740 1301 839 1324 diversis
852 1301 984 1324 nominibus
1001 1304 1106 1330 vocatos,

257 1346 282 1366 ut
299 1343 365 1365 docet
381 1343 402 1364 S.
416 1342 498 1364 Thom.
518 1342 552 1369 (S.
571 1341 602 1363 lll.
616 1347 637 1370 q.
656 1340 692 1363 48.
711 1347 731 1363 a.
750 1342 771 1363 6.
789 1340 818 1363 ad
836 1341 880 1369 3.>:
893 1349 904 1362 «
919 1341 994 1363 Passio
1012 1340 1106 1369 Christi,

259 1381 387 1403 secundum
405 1380 468 1409 quod
485 1384 633 1408 comparatur
651 1380 680 1402 ad
698 1380 843 1402 Divinitatem
861 1380 923 1408 eius,
942 1381 988 1408 agit
1005 1386 1047 1408 per
1059 1386 1108 1402 mo-

257 1420 313 1442 dum
332 1419 478 1450 eslicientiae,=
497 1420 518 1441 in
541 1423 653 1448 quantum
676 1425 732 1441 vero
754 1422 902 1447 comparatur
918 1419 947 1441 ad
967 1419 1107 1441 voluntatem

258 1460 347 1482 animae
364 1458 457 1487 Christi,
476 1459 523 1486 agit
540 1465 582 1486 per
597 1458 694 1480 modum
711 1457 808 1486 meriti,
825 1458 953 1480 secundum
971 1465 1027 1481 vero
1045 1458 1108 1487 quod

258 1499 416 1521 consideratur
435 1499 455 1520 in
474 1499 522 1526 ipsa
536 1504 604 1520 carne
621 1497 718 1525 Christi,
737 1498 783 1526 agit
800 1504 841 1526 per
854 1497 950 1520 modum
968 1497 1108 1527 satisfactio-

257 1537 307 1566 nis,
328 1538 348 1559 in
368 1540 479 1566 quantum
498 1543 539 1565 per
556 1543 607 1559 eam
627 1536 752 1559 liberamur
768 1543 780 1558 a
797 1538 867 1559 reattt
882 1542 985 1566 poenae,⁹
1003 1543 1045 1565 per
1062 1543 1108 1559 πηο-

258 1577 313 1599 dum
332 1583 388 1599 vero
399 1575 578 1605 redemptionis,
597 1576 618 1597 in
632 1579 743 1604 quantum
762 1582 803 1603 per
820 1582 871 1597 eam
890 1575 1015 1598 liberamur
1032 1582 1044 1598 a
1060 1582 1108 1599 ser-

258 1616 329 1639 vitute
347 1615 445 1645 culpae,·
462 1621 504 1643 per
524 1615 620 1637 modum
646 1617 722 1637 autem
740 1614 862 1645 sacrificii,
887 1615 908 1636 in
932 1617 1042 1643 [inanium
1066 1622 1108 1643 por

258 1662 308 1678 enm
332 1655 507 1677 reconciliamur
525 1654 571 1676 Deo
588 1662 607 1676 n.
626 1654 670 1676 Cir.
693 1654 721 1676 de
744 1655 778 1676 his
796 1655 832 1676 hic
850 1654 905 1676 dub.
928 1654 979 1682 1-5,
1006 1658 1027 1677 et
1043 1660 1107 1682 prae-

258 1695 326 1723 cipue
343 1694 404 1716 Alex.
426 1694 481 1721 }lal.‚
500 1694 521 1716 S.
541 1700 563 1721 p.
586 1694 618 1715 lll.
637 1700 658 1722 q.
686 1694 718 1716 18.
738 1700 767 1715 m.
786 1694 806 1715 6.
825 1700 844 1715 a.
863 1694 884 1716 2.
901 1694 914 1722 S
933 1694 953 1716 3.

322 1734 344 1756 ll.
362 1733 444 1756 Contra
462 1733 595 1754 Socinianos
613 1736 634 1755 ct
648 1732 845 1754 Rationalistarum
862 1732 952 1754 turbam
965 1725 1032 1754 docet
1049 1732 1107 1755 Con-

258 1774 334 1796 cilium
346 1773 448 1795 'Fi-ident.
462 1772 536 1799 (Sess.
550 1772 584 1794 Vl.
598 1778 616 1794 c.
629 1771 669 1800 7.)‚
680 1772 742 1800 quod
758 1776 847 1794 nostrae
860 1772 1024 1794 iustificationis
1037 1778 1105 1794 causa

257 1812 356 1843 efficiens
368 1814 402 1834 est
422 1812 572 1833 «misericors
589 1811 662 1838 Dens,
681 1812 719 1839 qui
732 1811 831 1838 gratuito
849 1810 919 1833 abluit
931 1814 953 1833 ct
970 1811 1104 1839 sanctificat,

257 1853 351 1879 signans
368 1854 390 1873 ct
406 1856 495 1878 ungens
512 1850 596 1878 Spiritu
616 1850 774 1877 promissionis
795 1852 887 1877 sancto,
911 1850 950 1878 qui
972 1852 1005 1871 est
1022 1850 1107 1877 pignus

258 1890 388 1912 hereditatis
410 1893 515 1916 nostrae,
539 1888 661 1911 meritoria
686 1892 762 1910 nutem
789 1888 950 1911 dilectissimus
971 1888 1106 1916 Unigenitus

257 1936 326 1957 suus,
345 1929 455 1951 Dominus
473 1932 549 1950 noster
562 1928 624 1950 lesus
636 1927 749 1955 Christus,
762 1928 824 1956 qui...
843 1934 883 1949 sua
897 1928 1038 1950 sanctissima
1057 1934 1105 1955 pas-

258 1970 321 1991 sione
339 1969 360 1989 in
379 1968 441 1995 ligno
462 1967 537 1989 crucis
555 1966 621 1989 nobis
639 1966 820 1988 iustificationem
840 1967 923 1988 meruit
940 1968 962 1988 et
979 1972 1022 1994 pro
1040 1965 1106 1988 nobis

257 2007 304 2029 Deo
322 2007 379 2029 Patri
397 2007 526 2028 satisfecit»
548 2005 602 2033 (cfr.
621 2006 680 2027 Sess.
699 2005 726 2027 V.
745 2012 794 2027 can.
813 2005 851 2034 3.).

321 2046 353 2068 lll.
371 2046 430 2068 Dum
449 2046 470 2067 S.
485 2045 569 2067 Bonav.
588 2045 623 2067 liic
636 2047 734 2073 quatuor
750 2044 831 2067 modos
843 2044 952 2067 causandi
967 2050 1106 2067 commemo·

257 2088 303 2113 rat,
322 2085 344 2107 S.
362 2085 444 2106 Thom.
464 2084 499 2113 (S.
519 2084 550 2106 lll.
569 2090 590 2112 q.
610 2083 645 2105 49.
664 2090 683 2105 a.
704 2084 732 2111 1.)
752 2086 838 2106 tantum
856 2086 901 2106 tres
912 2084 987 2111 affert,
1006 2090 1105 2112 quorum

257 2131 317 2147 unus
332 2131 343 2147 a
357 2125 378 2146 S.
393 2124 477 2146 Bonav.
490 2124 607 2146 omittitur.
622 2124 645 2145 S.
659 2124 740 2145 'l'hoin.
754 2126 829 2145 autem
843 2125 942 2151 quatuor
953 2123 1042 2145 illarum
1055 2130 1106 2145 can-

257 2170 335 2186 sarum
350 2163 408 2185 duas
420 2163 502 2185 omittit
513 2168 697 2185 commemorare
709 2162 773 2190 (quin
787 2164 861 2183 tamen
874 2168 913 2183 eas
925 2163 1010 2190 neget),
1023 2162 1107 2184 scilicet

257 2205 305 2225 tum
317 2208 379 2230 cam,
399 2208 457 2231 quae
469 2205 503 2224 est
515 2208 557 2230 per
569 2201 664 2224 modum
682 2200 826 2230 exemplaris
837 2201 968 2229 regulantis,
987 2205 1035 2223 tum
1047 2208 1107 2230 quae

1168 562 1202 581 est
1216 565 1258 587 per
1269 559 1366 582 modum
1379 561 1469 582 termini
1489 559 1615 590 quietantis
1633 561 1702 590 (quae
1718 568 1730 583 a
1743 562 1765 584 S.
1782 562 1868 584 Bonav.
1886 562 2017 586 attribuitur

1167 598 1260 626 speciali
1274 598 1343 621 modo
1355 599 1551 628 7·esttr1·ectioni),·
1561 601 1667 623 convenit
1677 603 1754 622 autem
1766 607 1819 623 cum
1833 604 1910 623 nostro
1924 604 2017 624 auctore

1167 637 1188 658 in
1208 643 1275 659 causa
1293 637 1428 665 meritoria,
1449 638 1498 660 sive
1511 645 1553 666 per
1570 638 1667 661 modum
1679 639 1857 668 redemptionis,
1875 643 1897 662 et
1912 641 1980 663 etiam
1993 641 2015 663 in

1166 681 1234 698 causa
1248 682 1289 703 per
1306 676 1402 699 modum
1420 676 1522 706 earempti
1536 677 1691 707 provocantis
1707 679 1729 701 et
1744 678 1876 702 eaecz'tantz's.
1895 679 1940 701 Sed
1957 680 2016 701 hanc

1166 714 1269 736 ultimam
1291 716 1340 743 ipse
1362 721 1406 737 non
1424 716 1524 743 reducit,
1548 719 1571 739 ut
1589 717 1682 745 Bonav.,
1701 717 1730 739 ad
1753 723 1845 740 causam
1863 717 2013 748 efficientem,

1164 753 1205 776 sed
1223 754 1252 776 ad
1269 753 1430 783 disponentem
1448 755 1499 783 (hic
1516 762 1536 778 a.
1556 756 1594 782 1,).
1613 756 1689 778 Tertio
1707 757 1757 779 loco
1774 757 1896 785 Angelicus
1914 758 2015 785 passioni

1165 793 1247 816 Christi
1260 794 1337 816 tribuit
1349 794 1416 816 aliam
1430 795 1547 823 quandam
1565 795 1731 824 causalitatem,
1745 796 1830 818 scilicet
1843 804 1853 816 α
1866 802 1907 824 per
1918 797 2015 819 modum

1166 832 1312 863 efficientiae,
1332 834 1355 855 in
1373 835 1484 862 quantum
1497 839 1562 862 caro,
1581 834 1709 857 secundum
1728 841 1798 863 quam
1810 834 1913 858 Christus
1930 836 2015 864 passio-

1166 879 1219 894 nem
1237 873 1353 900 sustinuit,
1371 875 1404 895 est
1422 873 1599 895 instrumentum
1612 873 1750 902 Divinitatis,
1768 880 1795 896 ex
1808 880 1854 903 quo
1867 875 1916 897 eius
1928 876 2016 903 passio-

1166 918 1207 934 ncs
1223 914 1245 934 et
1262 912 1362 934 actiones
1374 914 1499 939 operantur
1516 913 1538 934 in
1550 913 1634 934 virtute
1653 912 1730 935 divina
1743 913 1773 935 ad
1789 913 1950 941 expellendum
1962 920 2016 942 pec-

1163 954 1240 973 catum
1254 960 1275 972 ».
1294 951 1319 973 Et
1343 950 1398 973 ibid.
1416 951 1445 973 ad
1464 952 1484 973 2.
1503 951 1568 979 dicit,
1592 951 1655 980 quod
1677 960 1687 971 «
1704 952 1780 979 passio
1798 951 1893 980 Christi,
1916 953 1967 975 licet
1988 954 2016 975 sit

1164 990 1302 1018 corporalis,
1321 991 1414 1012 sortItur
1426 992 1501 1012 tamen
1515 990 1632 1018 quandam
1648 989 1797 1019 spirituatem
1814 990 1925 1014 virtatem
1937 998 1963 1014 ex
1981 992 2016 1014 Di-

1164 1030 1269 1057 vinitate,
1293 1030 1329 1051 cui
1347 1035 1400 1051 caro
1423 1030 1473 1051 eius
1496 1030 1557 1051 unita
1580 1033 1614 1052 est
1631 1032 1655 1051 ut
1679 1031 1867 1059 instrumentum,
1887 1031 2015 1053 secundum

1165 1074 1235 1097 quam
1255 1068 1349 1097 quidem
1364 1069 1472 1090 virtutem
1486 1069 1561 1096 passio
1579 1068 1661 1091 Christi
1673 1072 1707 1091 est
1724 1074 1792 1091 causa
1805 1070 1946 1092 remissionis
1964 1076 2015 1098 pec-

1164 1110 1268 1129 catorum
1280 1115 1301 1129 n.
1315 1119 1344 1122 —
1356 1107 1417 1129 Haec
1434 1106 1518 1135 verba,
1536 1113 1596 1135 quae
1610 1106 1736 1137 physicam
1752 1108 1870 1136 quandam
1892 1108 1922 1131 ad
1944 1115 2014 1137 opera

1164 1146 1345 1173 supernaturalia
1364 1147 1411 1168 vim
1430 1146 1543 1168 humanae
1562 1148 1655 1168 naturae
1673 1146 1753 1169 Christi
1772 1147 1886 1175 tribuunt,
1910 1149 1933 1170 et
1953 1154 2013 1176 quae

1164 1184 1269 1212 pluribus
1286 1185 1421 1207 testimoniis
1438 1185 1472 1207 Ss.
1486 1185 1577 1207 patrum
1593 1188 1614 1207 et
1632 1186 1838 1208 ecclesiasticorum
1857 1186 2014 1215 decretorum,

1164 1223 1310 1252 loquentibus
1329 1223 1356 1246 de
1369 1230 1436 1246 carne
1448 1223 1529 1246 Christi
1548 1223 1651 1254 vivifica,
1671 1224 1775 1246 roborari
1792 1228 1899 1253 possunt,
1913 1226 2014 1248 hnmano

1164 1263 1285 1284 intellectui
1304 1269 1349 1284 non
1367 1263 1473 1291 exiguam
1492 1262 1603 1291 praebent
1624 1263 1782 1286 difficultatem
1799 1267 1821 1286 et
1837 1264 1956 1292 discipulis
1973 1266 2016 1286 An-

1165 1301 1230 1329 gelici
1248 1302 1392 1323 occasionem
1409 1301 1522 1324 dederunt
1536 1302 1636 1324 tentandi
1654 1302 1759 1325 diversos
1771 1303 1853 1325 modos
1870 1303 2013 1332 explicandi;

1165 1340 1193 1362 (le
1211 1340 1297 1369 quibus
1315 1340 1462 1363 consulantur
1479 1342 1618 1363 recentiores
1635 1345 1747 1364 auctores.
1766 1342 1797 1364 De
1815 1343 1857 1364 hac
1875 1345 1951 1364 autem
1963 1348 2014 1365 cau-

1165 1379 1250 1401 salitate
1268 1380 1367 1407 theologi
1385 1379 1502 1407 disputant
1519 1381 1643 1408 praecipue
1660 1381 1682 1402 in
1701 1381 1833 1409 quaestione
1846 1381 1921 1404 adhuc
1939 1383 2014 1410 magis

1165 1419 1279 1445 intricata,
1297 1418 1416 1447 quomodo
1433 1419 1578 1441 Sacramenta
1597 1420 1641 1441 sint
1658 1425 1726 1441 causa
1744 1421 1836 1448 gratiae.
1852 1421 1873 1442 S.
1887 1421 1971 1443 Bonav.
1984 1421 2014 1443 de

1166 1459 1208 1480 hac
1225 1464 1249 1480 re
1267 1464 1338 1486 agens
1356 1458 1406 1483 (lV.
1425 1459 1485 1480 Sent.
1504 1458 1526 1480 (1.
1549 1459 1565 1480 l.
1585 1465 1607 1487 q.
1625 1458 1655 1486 li.)
1669 1459 1794 1481 concludit:
1816 1467 1826 1479 ε(
1839 1459 1919 1482 Utrum
1937 1463 2013 1482 autem

1165 1497 1330 1525 (Sacramenta)
1349 1497 1400 1525 plus
1412 1497 1510 1519 habeant
1528 1497 1612 1526 (quam
1625 1498 1769 1520 etlicientiam
1781 1498 1852 1526 vulgo
1865 1498 1949 1521 dictam
1966 1504 2013 1522 mo-

1165 1536 1265 1564 ralem),
1285 1542 1327 1558 nec
1344 1537 1397 1558 volo
1414 1537 1529 1558 affirmare
1548 1543 1589 1559 nec
1607 1543 1691 1565 negare
1704 1545 1725 1559 ».

1228 1575 1264 1597 lV.
1277 1575 1442 1598 Observatione
1454 1574 1551 1603 dignum
1564 1577 1608 1603 est,
1622 1575 1685 1604 quod
1697 1575 1840 1599 resurrectio
1850 1575 1931 1598 Christi
1944 1582 2014 1604 quae-

1165 1614 1218 1636 dam
1238 1613 1411 1637 consummatio
1430 1614 1594 1642 redemptionis
1614 1620 1665 1636 esse
1691 1614 1798 1643 docetur,
1820 1614 1883 1643 quod
1907 1616 2014 1637 convenit

1164 1660 1181 1675 s.
1192 1654 1322 1681 Scripturae
1332 1656 1353 1675 et
1362 1654 1437 1675 sensui
1451 1653 1570 1681 Ecclesiae,
1583 1654 1647 1675 toties
1659 1654 1680 1675 in
1695 1653 1757 1676 libris
1768 1653 1879 1682 liturgicis
1891 1660 2012 1682 expresso;

1165 1693 1218 1715 xitle
1235 1693 1302 1715 etiam
1321 1693 1377 1714 infra
1396 1699 1417 1720 q.
1436 1692 1456 1714 4.
1475 1692 1502 1714 ad
1524 1693 1549 1720 =l;
1567 1693 1628 1714 Alex.
1646 1693 1701 1721 Hal.,
1721 1694 1742 1715 S.
1760 1699 1783 1721 p.
1801 1693 1833 1715 lll.
1846 1700 1868 1722 q.
1888 1694 1924 1716 20.
1942 1700 1973 1716 m.
1991 1695 2011 1716 2.

1164 1738 1184 1753 a.
1207 1732 1253 1759 t-6;
1272 1732 1294 1753 S.
1313 1732 1403 1759 Thom.,
1421 1731 1443 1753 S.
1462 1731 1494 1753 111.
1507 1738 1528 1760 q.
1542 1731 1578 1753 56.
1596 1738 1616 1753 a.
1636 1732 1675 1759 2.).
1688 1732 1749 1753 Haec
1766 1731 1868 1754 doctrina
1882 1732 1957 1754 media
1975 1733 2011 1754 via

1164 1771 1248 1793 incedit
1265 1772 1322 1792 inter
1339 1770 1398 1793 duos
1415 1777 1516 1797 errores,
1533 1771 1618 1793 scilicet
1640 1776 1743 1793 errorem
1762 1771 1949 1799 Socinianorum,
1973 1772 2012 1800 qui

1164 1816 1223 1837 opus
1240 1809 1405 1837 redemptionis
1422 1810 1522 1837 incipere
1540 1809 1618 1831 dicunt
1630 1816 1674 1831 non
1687 1816 1698 1831 a
1718 1811 1823 1837 passione
1841 1809 1933 1838 Christi,
1946 1810 2011 1833 seda

1164 1848 1337 1871 resurrectione
1354 1848 1415 1875 (scil.
1434 1851 1547 1877 quatenus
1564 1848 1667 1870 Christus
1685 1854 1726 1876 pro
1744 1848 1811 1871 nobis
1822 1849 1971 1877 interpellat),
1990 1853 2012 1871 et

1163 1889 1293 1916 oppositam
1311 1888 1407 1910 aliorum
1427 1888 1600 1909 Protestantium
1618 1888 1761 1915 opinionem,
1780 1888 1819 1916 qui
1831 1888 1906 1910 solum
1924 1889 2011 1915 passio—

1163 1934 1227 1955 nem,
1246 1928 1373 1949 nullatenus
1390 1927 1591 1955 resurrectionem,
1604 1927 1633 1949 ad
1652 1930 1752 1949 nostram
1765 1927 1947 1955 redemptionem
1961 1933 2011 1950 con-

1163 1973 1256 1989 currere
1273 1967 1359 1989 volunt.

1228 2006 1253 2028 V.
1272 2006 1333 2028 Alex.
1351 2006 1406 2033 Hah,
1426 2006 1447 2028 S.
1466 2012 1488 2034 p.
1506 2006 1538 2027 lll.
1557 2012 1579 2034 q.
1602 2006 1635 2028 17.
1654 2012 1683 2027 m.
1702 2005 1723 2028 li.
1741 2012 1760 2028 a.
1779 2006 1800 2027 2.
1818 2006 1831 2034 S
1848 2007 1868 2034 l,
1887 2012 1908 2035 q.
1931 2007 1963 2028 18.
1980 2012 2010 2029 m.

1164 2046 1184 2067 6.
1203 2052 1222 2067 a.
1244 2046 1262 2067 1.
1274 2057 1306 2061 -
1317 2045 1384 2073 scot„
1402 2045 1424 2067 in
1438 2047 1535 2073 utroque
1552 2045 1641 2072 Scripto
1658 2045 1694 2067 hic
1712 2051 1733 2073 q.
1751 2045 1825 2067 unica.
1837 2057 1868 2061 —
1880 2045 1902 2067 S.
1920 2045 2010 2074 Thom.,

1164 2085 1199 2106 hic
1217 2091 1236 2106 a.
1260 2085 1280 2111 1;
1299 2084 1321 2106 S.
1339 2084 1371 2106 111.
1390 2090 1411 2112 q.
1431 2083 1466 2105 49.
1485 2090 1504 2105 a.
1528 2084 1544 2105 l.
1557 2096 1587 2099 —
1599 2084 1622 2105 B.
1641 2083 1733 2111 Albert„
1751 2084 1788 2106 hic
1804 2090 1824 2106 a.
1844 2084 1863 2105 1.
1877 2096 1907 2099 ——
1923 2084 1980 2106 Petr.
1998 2091 2010 2106 a

1164 2124 1224 2151 Tar.,
1243 2124 1278 2145 hic
1296 2129 1318 2152 q.
1337 2124 1357 2145 rl.
1375 2129 1395 2145 a.
1418 2123 1434 2144 l.
1453 2123 1473 2144 2.
1486 2135 1517 2139 -
1530 2123 1634 2145 Richard.
1653 2129 1664 2144 a
1687 2123 1752 2151 Mea,
1770 2124 1806 2145 hic
1823 2130 1844 2152 q.
1865 2123 1884 2145 =l.
1902 2130 1922 2145 a.
1948 2124 1963 2146 Ι.
1981 2136 2011 2139 -

1164 2162 1272 2190 Durand.,
1295 2163 1331 2184 hic
1353 2168 1374 2190 q,
1394 2162 1414 2183 1.
1426 2161 1560 2189 —Dionys
1579 2161 1662 2189 Carth.,
1681 2162 1716 2184 hic
1739 2168 1760 2191 q.
1781 2163 1801 2184 1.
1815 2162 1914 2190 —Biel,
1934 2163 1970 2185 hic
1987 2169 2009 2191 q.

1164 2207 1237 2223 unica.

1029 2303 1192 2340 QUAESTIO
1214 2304 1241 2331 tt.

567 2404 672 2432 Utrum
691 2412 744 2441 per
762 2403 931 2440 passionem
956 2401 1067 2431 Christi
1086 2401 1169 2438 saeta
1190 2401 1284 2440 fuerit
1304 2401 1573 2440 olairoyrapltorttm
1594 2402 1702 2430 deletio.

337 2511 464 2540 Secundo
485 2511 646 2548 quaeritur,
668 2514 764 2539 utrum
788 2518 838 2548 per
856 2510 1013 2547 passionem
1029 2510 1105 2538 Chri·

258 2559 291 2587 sti
313 2558 384 2587 facta
406 2558 489 2587 suerit
510 2557 762 2594 chirographorum
784 2557 893 2585 deletio
914 2557 944 2585 Et
958 2557 1032 2593 quod
1049 2557 1103 2591 sic,

258 2606 386 2635 videtur:

339 2653 362 2680 sl.
386 2652 477 2680 Primo
491 2652 655 2680 auctoritate
671 2651 789 2688 Apostoli
812 2651 847 2679 ad
869 2650 1044 2679 Colossenses
1065 2658 1104 2679 se-

258 2699 350 2728 cundo
363 2699 390 2727 ²:
413 2699 534 2727 Danaas
562 2698 645 2726 nobis
667 2698 771 2726 delicta
792 2702 817 2726 et
838 2697 932 2726 delens
957 2698 1035 2735 qnod
1054 2698 1104 2726 ad-

256 2754 374 2774 versam
396 2754 449 2773 nos
470 2750 534 2773 erat
555 2744 788 2782 chirographum
809 2744 932 2777 decreti,
948 2744 1026 2782 quod
1039 2748 1104 2772 erat

258 2792 443 2821 contrarium
465 2792 554 2820 nobis.

1240 2511 1266 2538 2.
1288 2509 1367 2544 Item,
1390 2509 1441 2538 hoc
1462 2509 1554 2546 ipsum
1587 2509 1699 2537 videtur
1727 2509 1891 2537 auctoritate
1919 2509 2008 2546 Augu-

1161 2556 1241 2591 stini,
1263 2564 1346 2593 quam
1369 2556 1497 2593 Magister
1518 2555 1595 2592 ponit
1616 2556 1643 2583 in
1669 2556 1801 2595 littera-³:
1820 2566 1838 2581 s«
1853 2556 1923 2584 Fuso
1947 2564 2007 2584 san-

1161 2604 1244 2640 guine
1266 2603 1324 2632 sine
1343 2603 1440 2640 culpa,
1455 2603 1580 2631 oninium
1597 2602 1744 2639 culparum
1761 2602 1948 2639 chirographa
1963 2603 2007 2631 de-

1162 2651 1215 2679 leta
1236 2654 1342 2679 sunt».

1240 2697 1266 2725 3.
1293 2697 1376 2731 lieni,
1397 2697 1490 2725 omnia
1512 2697 1611 2725 merita
1631 2700 1658 2725 et
1686 2696 1822 2725 demerita
1843 2696 2005 2725 scribuntur

1160 2752 1176 2772 a
1197 2744 1270 2772 iusto
1292 2743 1400 2777 iudice,
1423 2743 1502 2771 iuxta
1523 2743 1592 2772 illud
1608 2743 1683 2780 quod
1698 2743 1800 2772 dicitur
1815 2743 1946 2771 Ieremiae
1960 2743 2006 2771 de-

1160 2791 1232 2819 cimo
1253 2791 1370 2827 septimo
1382 2790 1407 2818 ⁴:
1432 2791 1587 2819 Peccatum
1609 2790 1700 2819 luctae
1718 2790 1862 2827 scriptu-m
1876 2794 1916 2818 est
1930 2789 2003 2827 stylo

322 2937 328 2950 ¹
348 2937 403 2959 Edd.
426 2938 445 2964 l,
467 2939 480 2959 2
498 2944 550 2960 cum
569 2944 613 2960 non
631 2939 711 2965 paucis
728 2938 795 2960 codd.
813 2937 918 2960 habebat.

321 2975 330 2989 ‘-'
348 2976 412 2998 Vers.
429 2976 461 2997 13.
471 2982 519 3004 seq.
530 2977 640 3004 Vulgata:
653 2977 741 2999 donans
750 2976 814 2999 cobis
823 2976 903 2999 omnia
913 2977 1005 3004 delicta;
1016 2977 1101 2999 delens.

1222 2936 1232 2951 3
1248 2937 1288 2959 Hic
1305 2943 1324 2959 c.
1344 2937 1364 2959 =l.

1221 2975 1230 2990 ⁴
1248 2976 1312 2998 Vers.
1335 2977 1350 2998 l.
1364 2988 1393 2991 —
1406 2976 1428 2997 ln
1445 2974 1534 2998 minori
1544 2975 1664 3002 respicitur
1676 2973 1750 2995 Matth.
1763 2973 1788 3000 3,
1802 2973 1823 2996 7.
1841 2976 1863 2996 et
1880 2973 1933 2995 Luc.
1946 2973 1967 3001 3,
1979 2973 2001 2996 7.
