2166 3366
27 514 111 535 Notanda
123 514 151 532 di-

47 538 127 557 stiuetio.

43 1819 100 1842 Argg.

31 1844 84 1869 pai-tp
98 1847 109 1861 a

32 1867 106 1884 mativa.

766 196 847 224 DtsT.
870 197 958 226 XXVI.
981 197 1052 225 ΛΒΤ.
1076 197 1104 225 11.
1126 198 1260 234 ΟΠᾹΙΞὸΤ.
1284 198 1311 226 11.
1849 200 1899 227 2571

163 275 355 308 vocationem,
371 275 419 303 sed
436 275 488 303 lioe
502 277 544 303 est
555 282 605 311 per
619 274 761 310 (litandam
777 274 1004 311 dispas-itionem,

162 330 212 360 per
234 330 318 359 quam
340 321 475 355 dicimus,
497 320 570 358 quod
588 320 700 348 babitus
721 320 877 357 cognitivus
892 324 1006 357 generat

164 369 309 400 allectum,
331 368 396 405 quia
417 368 451 396 ad
475 368 565 405 ipsum
589 369 738 403 praeparat
759 370 785 395 et
806 367 935 404 disponit.

243 416 267 442 li.
289 414 327 443 Ad
351 414 417 442 illud
441 414 515 451 quod
538 413 667 442 obiicitur
688 422 737 450 per
769 413 858 441 simile
889 414 914 442 in
943 423 1006 442 con-

162 461 292 490 versione
313 466 338 489 et
359 461 531 493 twersz‘one:
552 460 719 493 dicendum,
740 460 814 497 quod
842 461 951 489 aversio
979 464 1005 489 et

163 509 307 537 conversio
339 516 395 537 uno
423 508 505 536 modo
535 508 678 536 nominant
708 511 813 540 actus,
836 508 890 535 alio
924 508 1005 536 modo

163 555 306 583 nominant
336 554 578 583 circum-stantius
607 554 681 582 circa
709 557 811 583 artum.
845 555 1003 583 Secundum

162 602 237 639 qnod
260 602 402 630 nominant
423 605 540 634 actum,
562 601 601 630 sic
623 604 687 629 sunt
703 601 806 629 diversi
825 605 931 636 motus3
950 602 1004 630 alia

162 648 236 677 enim
258 651 299 677 est
320 648 427 677 allectio
448 652 643 685 contemptu-5,
666 656 722 685 qua
750 648 842 676 anima
867 649 1004 678 avertitur

163 695 198 724 ab
220 703 291 728 uno,
313 698 340 723 et
360 695 467 723 affectio
494 694 656 731 appetitus,
685 703 741 731 qua
769 695 942 723 convertitur
969 696 1003 724 ad

161 741 311 779 reliquum.
333 741 491 770 Secundum
515 745 608 770 autem
630 741 704 778 quod
722 742 864 770 nominant
882 742 1006 771 ati-ezon-

1062 275 1190 304 stttntt'as
1211 275 1269 304 sive
1298 276 1445 305 relationes
1476 276 1549 305 eirca
1580 280 1686 312 actum,
1718 277 1757 306 sic
1788 283 1905 315 possunt

1063 330 1122 351 esse
1144 322 1217 351 circa
1239 331 1326 351 unum
1349 326 1376 351 et
1397 324 1516 352 eundem
1546 327 1638 352 actum
1668 327 1695 353 et
1726 325 1799 353 circa
1832 326 1904 354 idem

1063 373 1223 406 peccatum,
1245 370 1310 407 quia
1332 378 1419 398 unum
1435 374 1462 399 et
1479 371 1549 399 idem
1574 374 1663 408 potest
1678 371 1761 400 simul
1777 375 1804 400 et
1819 372 1904 400 semel

1062 416 1096 444 ad
1119 416 1230 444 diversa
1251 417 1407 453 comparari
1429 420 1455 445 et
1470 417 1589 446 diversis
1611 418 1793 447 relationibus
1807 419 1841 447 ad
1859 419 1905 447 illa

1063 463 1159 491 rel'erri
1175 463 1189 490 ¹.
1214 463 1243 491 Et
1264 463 1302 491 sic
1324 472 1377 491 nou
1400 466 1441 492 est
1465 464 1554 492 simile
1576 465 1610 493 de
1631 465 1775 494 affectione
1798 465 1905 494 timoris

1062 513 1089 538 et
1110 510 1181 546 spei,
1206 509 1272 546 quia
1301 518 1353 538 non
1382 513 1472 547 potest
1497 511 1580 539 simul
1609 515 1636 540 et
1665 512 1750 540 semel
1777 513 1906 549 potantia

1064 564 1119 584 una
1140 564 1189 585 nec.
1211 564 1267 585 uno
1288 560 1357 584 aeta
1378 557 1451 585 circa
1473 557 1584 585 diversa
1605 561 1633 586 et
1654 559 1793 587 contraria
1824 559 1905 588 afliei.

1063 603 1211 640 Propterea
1232 611 1284 631 non
1307 603 1444 640 sequitur,
1465 604 1564 641 quodsi
1586 606 1695 634 aversio
1717 609 1743 634 et
1757 607 1901 635 conversio

1065 652 1179 686 possunt
1199 657 1259 678 esse
1281 650 1354 678 circa
1377 658 1459 678 unam
1482 651 1616 680 actionem
1633 656 1659 680 et
1681 653 1904 690 t'ort11am,quod

1062 696 1189 724 similiter
1213 696 1293 724 timor
1314 700 1341 725 et
1363 704 1426 733 spes
1449 697 1568 726 habeant
1590 706 1649 727 esse
1671 699 1744 727 eirca
1766 708 1850 728 unam
1880 704 1907 729 et

1063 743 1179 771 eandem
1202 743 1383 771 allectionem.

905 834 1166 870 SOHOLION.

225 923 238 945 l.
257 923 288 945 De
305 922 388 946 timore
404 923 500 952 eiusque
517 924 612 945 essentia
625 926 647 945 et
658 923 790 951 speciebus,
805 925 938 951 praesertim
950 931 1004 952 qua-

160 966 226 985 tenus
243 965 276 985 est
293 961 387 985 habitus
404 965 425 984 et
441 961 531 985 <tortum
547 961 652 991 Spiritus
669 962 707 990 S„
727 962 809 985 dill'use
823 965 930 985 tractatur
947 964 1004 986 tnt'ra

161 1001 183 1024 d.
201 1001 238 1023 34..
256 1007 278 1029 p.
297 1001 319 1023 ll.
338 1007 379 1029 per
397 1003 474 1024 totam.
493 1001 523 1023 Dc
540 1001 635 1028 eodem,
654 1004 678 1023 ut
695 1004 728 1024 cst
744 1000 839 1030 passio,
864 1002 965 1029 disputat
983 1004 1004 1024 s.

161 1039 255 1068 Tuom,
273 1040 295 1062 S.
314 1040 326 1062 1.
346 1040 368 1062 ll.
387 1046 409 1068 q.
431 1040 463 1062 tt.
482 1046 546 1068 seqq.
564 1043 586 1062 et
604 1041 639 1062 liic
657 1047 678 1069 q.
701 1041 717 1062 1.
736 1047 756 1062 a.
775 1040 801 1067 3;
820 1043 843 1062 ut
855 1040 1002 1068 cadonum,

160 1078 215 1101 ibid.
234 1079 255 1101 ll.
274 1079 297 1101 ll.
315 1085 337 1108 q.
356 1079 391 1101 19.
409 1085 428 1100 a.
447 1080 475 1105 ‘³3
494 1081 514 1100 et
532 1079 560 1101 de
579 1080 620 1101 liae
637 1080 770 1107 quaestione
789 1080 824 1101 liic
841 1086 863 1108 q.
886 1080 902 1101 l.
921 1086 940 1101 a.
960 1081 980 1102 3,

224 1118 314 1140 Praeter
330 1118 352 1140 S.
371 1117 500 1140 Tnomam:
518 1117 574 1140 Petr.
593 1125 604 1139 a
624 1117 688 1146 Tar„
707 1119 743 1140 liic
760 1124 779 1140 a.
797 1119 968 1146 l.‹1uaestiune.
982 1119 1003 1140 2.

225 1156 246 1179 ll.
265 1157 372 1186 Sequenti
390 1157 430 1185 (2.)
449 1157 575 1185 quaestioni
592 1157 736 1178 occasionem
749 1156 862 1179 dederunt
879 1156 950 1178 verba
964 1158 1005 1179 illa-

161 1196 237 1224 gistri,
251 1196 286 1218 liic
299 1196 319 1217 in
338 1196 359 1218 2.
372 1202 420 1224 arg.
433 1196 514 1218 attii-m.
528 1196 603 1218 reluta.
617 1196 650 1218 Ad
663 1198 762 1218 mentem
775 1196 892 1224 Scrapliiei
905 1195 1005 1218 breviter

161 1234 284 1263 respondet
301 1235 322 1256 S.
341 1234 424 1257 Tliom.
442 1235 487 1261 (liic
504 1241 526 1263 q.
545 1235 566 1256 2.
584 1241 604 1257 a.
626 1235 643 1256 1.
662 1235 690 1257 ad
709 1236 738 1263 133
756 1235 795 1257 etr.
813 1235 835 1257 S.
854 1235 877 1257 ll.
896 1235 919 1257 ll.
932 1242 954 1264 q.
971 1235 1003 1257 17.

161 1280 180 1296 a.
197 1274 214 1296 l.
227 1273 256 1296 ad
269 1273 300 1303 2.)
314 1274 348 1296 liis
365 1273 457 1296 verbis:
472 1281 482 1294 «
495 1272 592 1296 Habitus
610 1274 670 1302 spei,
689 1280 748 1302 quae
766 1277 799 1296 est
812 1273 886 1297 vie-nes
896 1293 901 1301 ,
918 1280 944 1296 ex
958 1280 1005 1296 me-

161 1313 208 1334 ritis
220 1318 265 1334 non
277 1312 393 1340 procedit,
406 1312 447 1334 sed
459 1311 584 1340 obiectum,
605 1312 628 1334 id
640 1316 674 1335 est
686 1313 733 1340 ipsa
747 1319 783 1334 res
795 1315 892 1341 sperata,
905 1319 947 1340 pro
960 1319 1004 1335 me-

160 1351 208 1374 ritis
225 1351 340 1380 redditur,
358 1355 380 1374 et
396 1351 448 1374 ideo
465 1353 533 1374 etiam
550 1352 618 1374 actus
636 1352 684 1379 spei
703 1352 723 1374 in
741 1358 809 1374 suum
828 1351 943 1374 obiectum
958 1355 1004 1374 ten-

1061 925 1092 947 dit
1109 931 1135 947 ox
1154 926 1367 953 praesuppositione
1391 926 1536 954 meritorum;
1559 930 1579 949 et
1604 927 1731 949 secundum
1757 928 1800 949 hoc
1826 928 1907 950 dicitnr

1061 970 1091 987 ar
1108 963 1198 986 meritis
1213 963 1338 993 provenire
1355 965 1440 987 ratione
1457 965 1491 987 sui
1509 968 1574 987 aetus
1586 974 1606 987 n.

1126 1003 1215 1024 l’raeter
1232 1003 1253 1024 S.
1273 1002 1371 1024 'l'liom.:
1389 1003 1468 1025 Petrus
1484 1010 1496 1025 a
1516 1003 1581 1031 Tar„
1600 1005 1635 1026 liic
1652 1011 1672 1026 a.
1692 1004 1711 1026 4.
1730 1006 1871 1033 quaestiunc.
1886 1007 1906 1028 2.

1064 1054 1091 1056 —
1110 1041 1215 1063 Ricliard.
1233 1048 1244 1063 a
1264 1042 1335 1069 Med,
1354 1042 1390 1064 liic
1407 1049 1426 1064 a.
1449 1042 1466 1064 ί.
1485 1049 1506 1071 q.
1525 1044 1545 1064 3.
1564 1043 1593 1064 ad
1611 1043 1632 1065 3.

1126 1080 1156 1102 lll.
1174 1080 1255 1108 Quoad
1274 1082 1294 1102 3.
1313 1081 1470 1109 quaestionem
1488 1083 1618 1103 communis
1635 1086 1669 1104 est
1681 1082 1796 1110 doctrina,
1809 1083 1871 1112 quod
1885 1084 1906 1106 in

1063 1121 1098 1142 via
1115 1119 1273 1149 qenerationis
1298 1126 1351 1148 spes
1372 1121 1400 1142 sit
1418 1121 1480 1148 prior
1496 1121 1601 1149 caritate;
1619 1122 1669 1144 licet
1686 1128 1769 1145 verum
1786 1124 1826 1151 sit,
1844 1124 1907 1152 quod

1062 1165 1115 1186 spes
1131 1161 1153 1180 et
1170 1159 1245 1180 omnis
1262 1162 1338 1181 motus
1354 1160 1499 1187 appetitionis
1515 1166 1541 1182 ex
1559 1165 1644 1183 amore
1661 1162 1792 1189 proveniat,
1816 1163 1854 1190 qui
1879 1165 1907 1184 ta-

1062 1204 1114 1220 men
1133 1204 1177 1220 non
1194 1201 1229 1221 est
1244 1204 1309 1220 antor
1321 1199 1430 1227 caritatis,
1449 1202 1473 1221 ut
1490 1199 1511 1221 in
1529 1199 1595 1222 solut.
1613 1199 1641 1222 ad
1661 1201 1681 1222 2.
1700 1201 1720 1222 3.
1738 1202 1869 1229 explicatur.

1126 1236 1156 1258 De
1175 1237 1216 1258 liae
1234 1238 1254 1258 3.
1272 1237 1419 1265 quaestione:
1445 1238 1467 1260 S.
1494 1237 1589 1266 Tuom,
1617 1239 1652 1261 liie
1677 1245 1699 1267 q.
1722 1240 1742 1261 ἱ).
1760 1246 1780 1262 a.
1799 1242 1819 1262 3.
1838 1247 1906 1269 quae-

1062 1276 1142 1297 suune.
1162 1276 1190 1302 ἐς
1208 1276 1229 1297 S.
1249 1276 1290 1297 loe.
1308 1276 1343 1298 cit.
1362 1282 1381 1297 a.
1400 1277 1421 1298 8.
1438 1277 1543 1298 ——·l'etr.
1569 1284 1580 1299 a
1608 1277 1673 1305 Tar„
1697 1279 1733 1300 nic
1756 1286 1775 1300 a.
1795 1280 1815 1301 3.
1839 1286 1906 1308 quae-

1062 1314 1142 1335 stitmc.
1161 1314 1182 1336 2.
1199 1326 1231 1330 —
1248 1314 1353 1337 lticllard.
1376 1321 1388 1336 a
1407 1315 1476 1343 Med„
1495 1316 1530 1337 liic
1547 1322 1567 1338 a.
1586 1317 1605 1338 2.
1624 1323 1646 1345 q.
1669 1317 1685 1338 l.
1704 1316 1742 1344 (de
1761 1324 1814 1345 spe,
1833 1324 1855 1340 ut
1873 1323 1906 1341 est

1063 1353 1155 1381 passio).

927 1443 1090 1479 QUAEsTto
1112 1444 1140 1471 n.

669 1529 773 1557 Utrum
793 1538 857 1566 spes
878 1538 912 1557 ea·
935 1529 1016 1558 bonis
1037 1530 1149 1558 meritis
1171 1528 1274 1559 lattbettt
1295 1535 1402 1559 mmm.

238 1626 366 1656 Secundo
386 1627 532 1664 quaeritur
553 1627 588 1656 de
609 1635 659 1664 spe
687 1636 736 1664 per
767 1628 1001 1664 comparationem

160 1673 195 1702 ad
218 1673 308 1702 meriti
324 1681 421 1708 usum,
436 1677 463 1702 et
483 1677 525 1702 est
546 1674 684 1711 quaestio,
707 1678 802 1702 utrum
826 1682 889 1711 spes
907 1682 942 1703 ex
960 1674 1004 1703 bo-

160 1720 202 1749 nis
225 1720 330 1749 meritis
351 1720 452 1749 habeat
472 1724 574 1748 ortum.
599 1721 628 1748 Et
649 1721 724 1757 quod
746 1721 804 1755 sic,
827 1721 946 1749 videtur.

241 1768 266 1795 l.
288 1767 324 1795 Ad
341 1767 477 1795 Romanos
492 1767 588 1804 quinto
599 1768 620 1795 ²:
651 1767 814 1796 Tm'butacto
828 1768 1001 1804 patientiam

161 1817 312 1850 operatur,
331 1813 476 1851 patientia
497 1818 594 1842 autem
614 1814 835 1851 probationem,
867 1814 1002 1851 probatio

159 1868 227 1888 vero
247 1868 346 1897 spem.-
368 1868 434 1897 ergo
455 1861 476 1889 si
501 1861 526 1889 in
549 1861 608 1898 ipsa
630 1861 792 1898 probatione
808 1861 933 1890 consistit
949 1869 1002 1890 me-

160 1907 264 1942 ritum,
285 1907 413 1941 videtur,
435 1908 509 1945 quod
525 1916 588 1945 spes
609 1916 645 1936 ex
663 1908 769 1937 meritis
785 1908 884 1937 lrabeat
898 1911 1001 1936 ortum.

238 1955 265 1982 2.
287 1954 369 1988 ltem,
391 1955 442 1982 lioc
458 1955 550 1991 ipsum
565 1954 722 1983 ostenditur
742 1962 792 1991 per
811 1955 1000 1983 definitionem

160 2001 296 2038 Magistri,
317 2008 388 2038 quae
410 2000 522 2037 ponitur
544 2001 571 2029 in
593 2001 718 2029 littera³2
746 2002 841 2038 «Spes
862 2004 904 2030 est
926 2005 1001 2030 certa

159 2048 331 2085 exspectatio
346 2048 457 2077 futurae
471 2048 666 2082 beatitudinis,
682 2049 847 2085 proveniens
862 2056 897 2077 ex
913 2049 1002 2085 gratia

159 2097 186 2123 et
208 2094 357 2123 meritis».

237 2141 263 2169 3.
286 2141 367 2175 item,
390 2140 485 2169 nullus
514 2141 597 2170 habet
629 2142 760 2170 virtutem
783 2142 858 2179 spei,
881 2142 932 2171 nisi
954 2143 1000 2179 qui

159 2188 186 2216 in
208 2188 346 2225 sperando
368 2188 495 2225 sequitur
517 2187 654 2217 dictamen
676 2188 757 2221 lidei;
772 2189 820 2217 sed
836 2189 906 2218 fides
927 2189 1002 2223 dicit,

160 2235 267 2263 nullum
290 2234 418 2263 adultum
441 2235 542 2263 salvari
566 2243 646 2271 posse
659 2236 766 2272 absque
781 2236 919 2265 meritis⁴z
936 2244 1002 2272 ergo

159 2281 254 2310 nullus
285 2285 359 2310 reete
390 2284 484 2318 sperat
515 2281 730 2315 beatitudinem,
763 2282 814 2311 nisi
837 2283 882 2311 cui
903 2290 1002 2319 suppe-

160 2408 270 2430 praeseus
287 2402 322 2424 vel
341 2402 454 2437 futurum,
472 2402 513 2424 sed
536 2403 557 2424 in
583 2405 695 2431 quantum
721 2409 814 2431 verum3
832 2409 925 2431 semper
941 2404 1002 2425 enim

160 2443 194 2463 est
211 2441 240 2463 de
256 2447 313 2463 vero
330 2441 366 2463 vel
385 2441 452 2468 salso,
470 2445 492 2464 et
509 2442 537 2464 ita
555 2447 648 2470 semper
665 2441 709 2464 sub
720 2442 802 2463 eadem
815 2442 902 2464 ratione
919 2448 1004 2469 cogno-

161 2482 262 2502 scuntur.
279 2479 381 2503 Montius
398 2483 474 2502 autem
492 2479 582 2502 habitus
600 2481 692 2507 respicit
708 2479 794 2502 bonum
807 2483 830 2501 et
842 2480 928 2502 malum
941 2486 1005 2507 prae-

161 2524 214 2541 sens
231 2521 251 2540 et
270 2519 417 2545 praeteritum
443 2518 580 2546 (futurum‘t)
606 2518 649 2540 sub
676 2518 774 2540 diversis
795 2518 934 2545 rationibus;
952 2518 1004 2540 ideo

161 2563 222 2579 unus
240 2556 330 2579 liabitus
347 2556 448 2579 moliens
466 2562 509 2578 non
535 2559 609 2584 potest
627 2563 677 2579 esse
699 2556 728 2578 de
746 2556 807 2579 bono
824 2560 845 2579 et
862 2557 923 2579 malo
940 2563 1003 2584 prae·

161 2596 217 2618 senti
235 2598 257 2617 et
275 2595 362 2622 t'uturo;
380 2594 512 2624 coqnt'tivus
529 2597 604 2617 autem
622 2598 703 2622 potest.
722 2595 775 2617 lnde
792 2598 827 2617 est
843 2596 923 2623 etiam,
941 2595 1004 2623 quod

162 2634 253 2656 habitus
269 2633 371 2656 motivas
396 2634 444 2655 sive
470 2634 559 2655 affectio
584 2633 744 2655 denominatur
768 2640 780 2655 a
798 2633 859 2655 bono
876 2634 912 2655 vel
930 2634 1004 2661 malo,

163 2672 254 2695 habitus
271 2676 347 2695 autem
372 2672 504 2702 coqnz'tt'oas
528 2673 576 2694 sive
594 2673 694 2700 cognitio
719 2678 775 2700 non,
801 2673 841 2694 sed
865 2679 876 2694 a
894 2678 951 2694 vero
967 2673 1004 2694 vel

163 2712 225 2734 falso.

226 2750 232 2764 ¹
251 2750 295 2772 Cl'r.
314 2750 336 2772 ll.
355 2750 414 2772 Sent.
434 2749 455 2771 (1.
474 2749 510 2771 42.
528 2755 548 2771 a.
566 2750 586 2771 3.
605 2756 627 2777 q.
646 2749 666 2771 2.
683 2761 715 2765 -
731 2749 810 2771 Guliel.
830 2750 901 2776 Mara,
924 2750 959 2771 liic
982 2756 1004 2778 q.

164 2788 184 2810 4.
202 2789 299 2811 eandem
317 2788 468 2811 obtectionem
486 2789 519 2810 sic
530 2788 610 2810 solvit:
628 2788 768 2815 Dicendum,
781 2788 844 2816 quod
858 2787 900 2817 [si]
913 2787 1005 2811 aversio

164 2830 186 2849 et
202 2827 324 2850 conversio
337 2827 414 2849 dicunt
426 2827 525 2849 eundem
543 2830 630 2848 motum
644 2833 685 2854 per
697 2827 817 2849 relationes
834 2827 863 2849 ad
882 2828 1003 2849 terminum

163 2872 179 2888 (ι
195 2872 241 2895 quo
259 2869 281 2888 et
297 2865 328 2889 ud
344 2872 425 2896 quem,
448 2872 491 2888 non
510 2865 683 2893 consignificant
700 2866 838 2893 principium
857 2872 965 2894 movens;
982 2869 1005 2888 et

165 2905 217 2933 quia
236 2909 288 2927 sunt
306 2906 327 2926 in
345 2906 407 2927 omni
429 2907 492 2934 [notu
510 2908 532 2927 et
548 2904 643 2932 eodem,
669 2904 721 2926 idco
746 2911 818 2926 unum
836 2909 924 2927 motum
942 2904 1005 2934 [con-

165 2943 279 2972 stitunnt}
297 2942 354 2972 Spes
371 2947 447 2966 autem
464 2947 486 2966 et
503 2943 575 2966 timor
600 2944 677 2965 dieunt
703 2949 820 2965 aceessum
842 2947 864 2965 et
882 2945 1004 2966 terminum

166 2988 220 3004 eum
239 2983 350 3010 principio
373 2985 479 3004 movente
502 2983 545 3004 alio
570 2985 592 3003 et
617 2982 671 3009 alio,
695 2985 717 3004 et
740 2982 792 3004 ideo
818 2985 894 3004 motus
911 2983 968 3004 alius
984 2985 1006 3004 et

1061 1631 1123 1657 tunt
1144 1629 1257 1657 merita:
1291 1629 1401 1658 videtur
1432 1638 1518 1667 ergo,
1548 1631 1623 1668 quod
1654 1639 1716 1668 spes
1738 1640 1773 1660 ex
1797 1633 1903 1661 meritis

1061 1676 1200 1712 procedat.

1138 1722 1164 1750 4.
1188 1722 1269 1756 ltem,
1291 1723 1362 1751 sicut
1383 1731 1412 1751 se
1434 1723 1518 1751 habet
1533 1723 1690 1760 desperatio
1704 1725 1739 1754 ad
1755 1725 1904 1760 demerita,

1060 1769 1099 1797 sic
1120 1776 1149 1797 se
1172 1769 1254 1797 liabet
1276 1777 1339 1805 spes
1359 1769 1393 1797 ad
1417 1769 1488 1798 bona
1511 1770 1624 1804 merita:
1646 1771 1694 1800 sed
1710 1772 1749 1800 sic
1770 1780 1799 1800 se
1822 1772 1905 1801 babet

1060 1815 1216 1852 desperatio
1247 1816 1282 1843 ad
1305 1816 1456 1850 demerita,
1477 1816 1550 1853 quod
1582 1817 1676 1846 nullus
1698 1818 1828 1855 desperat
1853 1819 1904 1847 nisi

1060 1866 1173 1898 propter
1194 1862 1317 1899 aliquam
1339 1863 1450 1899 culpam
1474 1863 1650 1892 commissam
1678 1881 1716 1884 ——
1738 1865 1810 1893 mala
1831 1866 1903 1894 enim

1059 1909 1226 1937 conscientia
1247 1912 1288 1938 est
1321 1909 1366 1937 illa
1391 1918 1463 1946 quae
1496 1910 1601 1939 inducit
1633 1911 1659 1939 in
1682 1911 1904 1948 desperationem

1058 1971 1097 1974 —
1117 1963 1183 1992 ergo
1206 1955 1331 1986 videtur,
1353 1956 1427 1993 quod
1450 1956 1577 1985 similiter
1598 1964 1662 1994 spes
1690 1965 1725 1985 ex
1749 1958 1828 1986 bonis
1850 1966 1904 1987 nie-

1060 2002 1119 2030 ritis
1142 2002 1242 2031 babeat
1263 2006 1356 2030 ortum
1366 2004 1384 2030 ⁵.

1137 2049 1190 2077 Suo
1211 2057 1334 2077 cou'rm:
1363 2051 1384 2077 1.
1406 2050 1607 2086 Augustinus&

1059 2095 1179 2132 qualitas
1201 2096 1312 2130 mentis,
1335 2104 1419 2133 quam
1435 2097 1509 2126 Deus
1531 2097 1557 2125 in
1574 2097 1652 2125 nobis
1667 2097 1725 2125 sine
1747 2098 1827 2126 nobis
1841 2106 1904 2134 ope-

1061 2145 1140 2170 ratur
1152 2152 1177 2170 »:
1201 2151 1267 2180 ergo
1288 2143 1309 2171 si
1332 2151 1396 2180 spes
1420 2144 1509 2172 virtus
1530 2147 1587 2178 est,
1610 2144 1682 2173 sieut
1703 2148 1844 2174 ostensum
1865 2149 1907 2174 est

1061 2189 1086 2217 in
1110 2189 1356 2226 praecedentibus,
1379 2190 1452 2218 Deus
1474 2198 1534 2219 eam
1551 2191 1577 2218 in
1593 2191 1672 2219 nobis
1693 2194 1825 2228 operatur
1847 2192 1905 2220 sine

1060 2235 1153 2264 nobis:
1176 2244 1243 2272 ergo
1265 2245 1317 2264 non
1340 2237 1423 2265 habet
1444 2240 1537 2265 ortum
1559 2245 1595 2265 ex
1618 2238 1725 2266 meritis
1747 2238 1856 2266 nostris.

1140 2283 1165 2310 2.
1188 2282 1270 2317 item,
1293 2283 1361 2311 nihil
1383 2283 1457 2320 quod
1480 2286 1522 2311 est
1543 2283 1711 2320 principium
1728 2284 1902 2318 meritorum⁷

1059 2404 1129 2430 aliuS,
1147 2404 1213 2432 quia,
1231 2404 1288 2425 sieut
1305 2404 1388 2425 dicitur
1407 2404 1428 2425 in
1446 2404 1490 2425 line
1508 2403 1543 2425 lV.
1562 2405 1585 2429 (ἱ)
1602 2405 1678 2431 potius
1690 2404 1743 2426 Vlll.
1762 2407 1813 2426 text.
1833 2404 1868 2427 159.
1881 2409 1903 2427 et

1061 2442 1107 2470 82.)
1129 2443 1289 2469 physicorum:
1306 2442 1354 2464 Non
1375 2445 1409 2464 est
1432 2448 1491 2464 unus
1509 2445 1596 2470 motus,
1614 2443 1654 2471 qui
1672 2449 1716 2465 non
1742 2447 1776 2465 est
1801 2443 1830 2465 ab
1857 2450 1903 2466 uno

1061 2482 1156 2502 motore.
1170 2492 1199 2495 -
1212 2480 1251 2501 Vel
1270 2480 1404 2508 dicendum,
1422 2480 1485 2509 quod
1502 2481 1592 2502 aversio
1609 2485 1630 2502 et
1647 2482 1768 2503 conversio
1785 2485 1837 2503 sunt
1856 2488 1903 2505 uno

1060 2519 1130 2541 modo
1148 2521 1234 2540 tantum
1246 2519 1337 2540 nomina
1350 2518 1495 2541 diversarum
1508 2519 1642 2541 relationum
1656 2520 1705 2541 sive
1717 2521 1831 2542 rationum
1844 2522 1902 2543 cirea

1060 2557 1159 2579 eundem
1179 2559 1265 2579 motum
1276 2575 1281 2585 ‚
1299 2560 1320 2579 et
1337 2560 1390 2579 tunc
1408 2562 1460 2580 sunt
1477 2557 1506 2579 ab
1523 2557 1604 2580 eodem
1623 2559 1747 2586 principio;
1765 2558 1813 2581 alio
1834 2559 1903 2581 modo

1062 2596 1152 2618 nomina
1171 2596 1316 2618 diversorum
1335 2599 1450 2624 motuum,
1468 2600 1490 2618 et
1501 2599 1554 2618 tunc
1571 2599 1623 2618 sunt
1635 2604 1645 2618 a
1660 2597 1757 2619 diversis
1774 2598 1902 2626 principiis,

1061 2635 1119 2657 sicut
1136 2638 1157 2656 et
1175 2641 1228 2662 spes
1246 2638 1266 2657 et
1285 2635 1360 2657 timor.

1123 2673 1132 2687 2
1151 2673 1214 2695 Vers.
1234 2674 1254 2695 3.
1272 2679 1319 2702 seq.

1123 2711 1133 2726 ³
1149 2712 1189 2734 Hic
1206 2718 1225 2734 c.
1248 2712 1267 2733 l.

1124 2749 1133 2764 ⁴
1150 2751 1225 2772 Mattn.
1243 2751 1264 2779 5,
1283 2751 1324 2773 20:
1342 2751 1387 2773 Nisi
1412 2751 1564 2774 abundaverit
1589 2752 1670 2774 iustitia
1693 2755 1793 2774 vestra...
1811 2758 1854 2774 non
1873 2753 1903 2773 in-

1062 2789 1149 2811 trabitis
1165 2790 1187 2811 in
1205 2796 1303 2817 regnum
1321 2790 1443 2812 caelorum.
1462 2789 1506 2812 Cl'r.
1524 2790 1579 2812 ibid.
1602 2791 1639 2818 l6,
1661 2791 1694 2812 17.

1124 2827 1134 2842 5
1149 2829 1252 2856 August,
1270 2828 1369 2851 Enarrat.
1388 2829 1409 2850 in
1429 2829 1462 2851 Ps.
1476 2829 1500 2850 31
1512 2847 1517 2856 ‚
1530 2833 1628 2851 enarrat.
1646 2830 1666 2851 2.
1680 2835 1700 2851 n.
1715 2830 1741 2852 5:
1760 2830 1829 2857 Spem
1842 2830 1902 2852 enim

1061 2867 1120 2894 gerit
1136 2866 1196 2888 bona
1214 2867 1361 2894 conscientia;
1381 2873 1427 2896 quo
1445 2868 1514 2889 modo
1532 2868 1589 2890 mala
1608 2869 1745 2891 conscientia
1763 2872 1808 2890 tota
1826 2869 1847 2890 in
1867 2869 1903 2891 de-

1061 2905 1190 2932 speratione
1207 2908 1253 2932 est,
1271 2906 1303 2927 sie
1320 2905 1380 2927 bona
1397 2907 1533 2928 conscientia
1553 2908 1597 2928 tota
1615 2907 1637 2928 in
1655 2913 1703 2934 spe.

1123 2944 1133 2958 θ
1152 2944 1209 2966 Vide
1226 2944 1249 2966 ll.
1266 2945 1326 2966 Sent.
1344 2945 1373 2967 lit.
1387 2945 1494 2972 Magistri,
1507 2945 1528 2966 d.
1546 2945 1639 2967 XXVll.
1658 2952 1678 2967 e.
1691 2945 1712 2968 5.
1725 2957 1756 2962 —
1768 2946 1838 2974 Spem
1851 2952 1901 2968 esse

1062 2984 1183 3011 virtutem,
1200 2986 1317 3005 ostensum
1335 2986 1368 3006 est
1385 2990 1453 3012 supra
1472 2990 1491 3006 a.
1514 2985 1531 3006 l.
1549 2991 1571 3013 q.
1594 2985 1611 3006 l.

1635 2061 1648 2076 «
1661 2050 1755 2079 Virtus
1776 2055 1818 2081 est
1833 2052 1904 2080 bona
1919 2050 2035 2097 „2353ng
