2166 3366
18 1847 73 1871 Argg.

19 1872 58 1897 εει-θ
71 1876 82 1889 a

37 1896 81 1912 tiva.

84 1852 122 1889 8³¹1?

768 185 851 212 DlST.
874 185 915 213 Xl.
937 186 1008 214 ΛΒΤ.
1031 186 1059 213 ll.
1082 186 1216 222 QUAEST.
1239 186 1268 214 ll.

147 263 272 291 mortalis
292 266 333 291 est
355 262 495 295 mortalis,
526 262 591 299 quia
621 261 756 290 mortalis
787 263 987 299 praesupponit

145 312 304 338 creaturam
334 309 471 337 viventem
498 311 526 337 et
550 308 656 336 ratione
688 308 763 336 illius
790 308 987 344 praedicatur;

146 355 208 384 ideo
229 364 282 384 non
305 355 342 383 ita
365 359 509 392 repugnat.
527 355 556 383 Et
567 358 738 392 praeterea,
754 354 805 382 iste
819 362 912 383 sermo
927 363 988 391 pro-

145 402 218 430 latus
239 402 373 435 ostendit,
395 409 424 430 se
446 409 500 430 non
522 402 624 430 debere
646 401 759 437 intelligi
779 401 831 429 nisi
848 409 897 438 per
911 401 987 429 unio-

144 456 207 477 nem
221 448 239 476 ¹.
261 449 313 477 Sed
336 456 400 477 cnm
423 448 539 477 dicitur:
561 448 688 476 Christus
710 451 750 476 est
771 451 915 481 creatura,
937 455 987 476 nec

143 495 358 532 praesupponit,
380 503 430 523 nec
451 502 543 523 sermo
565 494 676 523 videtur
698 494 811 531 intelligi
841 502 891 531 per
911 494 987 522 unio-

143 549 223 576 nem;
245 542 335 570 immo
359 541 470 570 videtur
491 541 682 578 praedicatum
705 541 797 569 dicere
819 544 907 569 totum
928 549 987 568 esse

1830 187 1880 215 951

1045 263 1176 297 subiecti,
1198 266 1226 291 et
1246 267 1360 300 propter
1382 266 1510 291 naturam
1535 263 1597 292 talis
1617 263 1734 298 actus²‚
1756 264 1803 301 qui
1826 272 1887 293 con-

1045 310 1136 338 suevit
1156 318 1217 338 esse
1238 310 1265 338 in
1288 313 1384 338 totum.
1409 311 1439 338 Et
1459 310 1498 338 sic
1520 314 1609 347 patet,
1631 310 1706 347 qnod
1728 319 1782 339 non
1797 314 1839 339 est
1853 311 1887 339 si-

1046 356 1126 389 mile,
1148 359 1175 384 et
1196 357 1270 393 quod
1294 357 1374 385 valde
1396 357 1596 385 rationabiliter
1625 358 1773 394 Magister³
1801 357 1886 392 dicit,

1044 402 1218 438 praedictum
1235 411 1390 431 sermonem
1407 412 1460 431 non
1477 412 1536 432 esse
1552 404 1720 432 trahendum
1737 405 1771 433 ad
1787 412 1885 439 usum,

1044 449 1172 484 quamvis
1204 457 1255 477 non
1288 450 1374 486 possit
1405 450 1528 478 convinci
1557 450 1689 484 faciliter,
1711 450 1802 487 ipsum
1825 458 1885 479 esse

1044 495 1206 531 simpliciter
1226 499 1253 523 et
1273 496 1399 524 absolute
1427 497 1537 525 salsum.
1560 496 1734 526 Difficiliores
1755 498 1827 526 enim
1858 502 1886 526 et

1044 540 1212 569 efficaciores
1234 546 1298 570 sunt
1320 543 1440 571 rationes
1462 543 1495 571 ad
1518 544 1684 580 oppositum.

881 631 1142 667 SCHOLION.

205 723 220 745 l.
237 723 348 751 Quamvis
365 722 450 751 aliquid
468 726 570 744 creatum
595 722 623 744 sit
647 723 669 744 in
695 721 795 749 Christo,
818 721 923 743 videlicet
945 722 986 744 liu-

141 768 208 784 mana
226 762 275 783 eius
291 762 395 788 natura,
423 765 497 783 tamen
516 762 572 783 haec
588 761 730 788 propositio:
748 759 851 782 Christus
868 764 901 782 cst
923 766 986 782 crea-

141 803 203 829 tura,
221 802 268 823 sine
281 800 468 822 determinatione
480 799 609 823 sectantum
622 799 685 829 quod
700 798 782 827 homo,
797 800 984 821 communissiine

141 845 185 862 non
203 840 317 867 recipitur.
335 839 436 861 Durand.
455 841 530 861 autem
544 839 590 865 (liic
602 845 623 867 q.
640 839 667 867 l.)
682 839 743 860 liunt:
755 838 849 859 modum
863 837 983 866 loquendi,

140 878 220 900 saltem
237 878 356 905 indirecte,
375 878 451 899 nititur
469 877 603 905 defendere,
622 877 677 899 dum
695 877 784 899 solvere
802 876 850 898 vult
867 882 932 904 argg.
955 875 984 898 ab

140 917 189 939 aliis
206 919 283 939 contra
309 916 405 938 eandem
424 917 518 944 prolata.
535 928 567 932 —
583 917 678 944 insuper
695 922 739 937 non
757 921 837 937 omnes
854 915 915 937 idem
936 921 984 937 sen-

140 956 197 978 tiunt
214 955 291 984 quoad
316 955 480 977 admittendam
499 955 660 983 proprietatem
679 955 746 976 liuius
765 955 942 982 propositionis,
965 955 983 975 si

140 994 252 1016 addatur:
277 993 407 1016 secundum
423 993 487 1023 quod
503 993 580 1016 homo.
598 994 628 1015 De
646 994 688 1015 hac
704 994 765 1015 enim
783 993 880 1015 formula
898 992 984 1014 iudicat

140 1033 162 1054 S.
180 1033 261 1054 Thom.
281 1032 312 1059 (S.
326 1032 356 1054 lll.
369 1039 390 1060 q.
408 1032 440 1053 16.
453 1039 473 1054 a.
490 1032 540 1060 ta),
554 1031 615 1060 quod
628 1033 656 1054 sit
668 1032 741 1059 magis
753 1031 899 1053 concedenda
912 1037 982 1059 quam

140 1071 262 1099 neganda3
281 1071 341 1093 idem
368 1071 413 1093 sere
435 1072 501 1093 sentit
523 1071 629 1093 Richard.
652 1077 664 1092 a
688 1070 744 1092 Med.
762 1070 808 1098 (hic
825 1077 844 1092 a.
864 1071 884 1092 2.
902 1077 924 1098 q.
945 1071 982 1098 1.).

139 1110 183 1132 Sed
202 1111 223 1132 in
241 1109 367 1132 Comment.
386 1110 431 1135 (hic
449 1116 468 1131 a.
488 1110 518 1132 3.)
536 1110 558 1131 S.
577 1110 658 1131 Tliom.
672 1109 740 1131 dicit:
756 1117 766 1129 α
780 1109 845 1131 Tunc
857 1109 924 1130 etiam
937 1109 983 1131 tro-

137 1147 191 1177 pica
207 1152 241 1171 cst
257 1152 278 1171 et
294 1148 436 1178 fiqurntiva,
455 1151 478 1170 ut
491 1148 544 1170 dicit
556 1148 673 1176 Magister,
686 1148 744 1169 sicut
756 1151 778 1169 et
790 1148 860 1169 liaec:
874 1148 982 1175 Aethiops

139 1191 172 1210 est
188 1187 254 1209 albus
271 1187 398 1209 seeundum
417 1187 508 1209 dentem
521 1195 541 1209 υ.
568 1188 627 1209 scot.
652 1190 727 1209 autem
755 1187 800 1213 (hic
822 1193 844 1215 q.
863 1187 894 1215 2.)
917 1187 981 1215 vult,

139 1227 202 1255 quod
221 1228 242 1248 in
263 1227 418 1254 propositione
436 1227 484 1253 ista,
503 1227 570 1248 etiam
588 1226 664 1248 addita
682 1226 717 1247 illa
735 1226 934 1254 determinatione,
948 1232 982 1248 re-

138 1268 228 1287 maneat
245 1266 301 1287 ratio
318 1265 428 1293 salsitatis,
447 1268 469 1287 et
486 1265 549 1293 quod
567 1265 588 1286 in
607 1271 652 1286 uno
669 1271 737 1286 sensu
756 1265 783 1286 sit
800 1265 893 1286 omnino
911 1265 964 1287 salsa
975 1283 980 1292 ‚

138 1303 160 1324 in
178 1303 247 1325 altero
266 1304 334 1330 possit
353 1303 458 1331 concedi,
477 1303 516 1325 sed
535 1305 621 1325 tantum
640 1306 664 1325 ut
680 1302 819 1332 impropria.

201 1341 325 1370 Loquendo
342 1345 418 1364 autern
437 1342 465 1364 de
483 1342 638 1369 propositione
650 1348 661 1363 a
680 1345 757 1363 nostro
774 1345 867 1364 auctore
884 1342 931 1364 sine
944 1341 981 1363 de—

137 1381 295 1403 terminatione
312 1381 411 1409 prolata,
434 1381 483 1408 ipse
500 1383 522 1402 ot
538 1381 560 1402 S.
579 1381 661 1402 Thom.
679 1381 701 1402 in
719 1381 781 1402 Sum.
801 1381 899 1408 theolog.
919 1387 981 1408 prae-

1043 722 1110 749 cipue
1128 724 1210 749 urgent
1227 723 1337 744 rationem
1355 726 1454 744 sumtam
1472 730 1498 745 ex
1517 725 1617 751 periculo
1635 726 1719 747 erroris
1730 726 1829 748 vitando.
1843 726 1884 748 Alii

1042 764 1118 782 autem
1137 766 1189 782 cum
1207 760 1274 782 scoto
1292 761 1338 788 (nic
1355 767 1377 789 q.
1400 762 1404 782 l
1419 778 1424 788 ‚
1443 764 1517 783 tamen
1535 768 1587 783 cum
1611 763 1711 790 quadam
1734 764 1883 792 restrictione)

1042 802 1064 821 et
1080 799 1193 821 Ricliardo
1211 799 1362 827 contendunt,
1388 801 1567 827 propositionem
1594 802 1657 822 istam
1684 802 1810 824 seeundum
1835 809 1884 830 pro-

1043 838 1161 865 prietatem
1179 839 1291 860 sermonis
1308 839 1329 859 in
1347 845 1371 859 se
1389 845 1439 860 csse
1457 839 1550 866 salsam;
1575 846 1616 867 pro
1642 846 1686 868 qua
1704 841 1812 862 sententia
1831 847 1884 863 non-

1042 877 1095 899 nulli
1112 878 1180 899 etiam
1193 878 1227 899 Ss.
1240 877 1354 899 Tliomam
1372 881 1393 900 et
1406 878 1588 900 Bone-venturam
1602 879 1706 906 allegant.
1724 879 1791 907 Quod
1802 882 1883 902 eadem

1041 916 1119 938 saltem
1137 917 1163 938 sit
1181 915 1325 945 impropiia,
1349 917 1403 939 satis
1424 917 1495 939 innuit
1512 918 1533 939 S.
1554 917 1651 946 Bonam,
1669 919 1722 946 quia
1741 923 1830 946 praeter
1847 925 1884 947 pe-

1041 955 1137 978 riculum
1156 956 1240 977 erroris
1256 958 1279 977 ct
1295 956 1316 976 in
1334 961 1397 983 corp.
1415 959 1436 978 et
1454 956 1475 978 in
1493 956 1644 979 solutionibus
1661 957 1690 979 ad
1707 963 1789 985 oppos.
1806 961 1882 980 contra

1040 999 1090 1015 eam
1109 994 1184 1021 arguit
1201 999 1227 1015 ex
1247 994 1421 1021 «repugnantia
1445 994 1599 1016 intellectuum
1612 1004 1633 1016 n.
1652 996 1680 1017 lta
1699 995 1798 1017 eundem
1816 997 1883 1018 etiam

1040 1032 1100 1054 Scot.
1118 1031 1164 1060 (liic
1181 1038 1202 1060 q.
1225 1032 1242 1053 l.
1261 1038 1281 1054 n.
1300 1032 1330 1060 3.)
1349 1032 1465 1060 intellexit,
1493 1033 1606 1061 simulque
1624 1033 1654 1055 ibi
1673 1035 1749 1061 arguit
1765 1037 1842 1056 contra
1861 1035 1883 1056 S.

1041 1071 1213 1092 Bonaventurae
1231 1070 1369 1098 doctrinam,
1391 1071 1454 1099 quod
1479 1072 1655 1093 communicatio
1681 1072 1814 1094 idiomatum
1839 1080 1882 1095 non

1039 1108 1171 1131 admittatur
1188 1110 1209 1130 in
1229 1109 1273 1136 his,
1292 1109 1313 1130 in
1332 1109 1416 1137 quibus
1433 1112 1467 1132 est
1484 1111 1633 1137 repugnantia
1653 1112 1796 1138 proprietatis
1817 1113 1884 1134 unius

1040 1150 1133 1170 naturae
1151 1147 1179 1169 ad
1197 1148 1271 1169 aliam.
1288 1160 1319 1164 --
1335 1148 1380 1170 Sed
1398 1148 1420 1170 in
1439 1149 1480 1170 nac
1497 1148 1649 1177 disputatione
1668 1150 1742 1177 agitur
1755 1154 1840 1172 tantum
1854 1151 1883 1173 de

1040 1187 1109 1209 modo
1126 1187 1247 1215 loquendi.
1265 1190 1287 1209 et
1303 1187 1350 1209 sere
1367 1192 1401 1210 est
1418 1188 1444 1209 lis
1462 1188 1490 1210 de
1508 1189 1606 1210 nomine.

1102 1225 1125 1247 ll.
1144 1226 1233 1247 Praeter
1251 1226 1312 1247 locos
1329 1227 1423 1248 citatos:
1442 1227 1463 1248 S.
1482 1226 1577 1254 Tliom.‚
1596 1227 1631 1249 hie
1648 1234 1668 1249 a.
1687 1228 1750 1255 235.
1765 1228 1796 1250 lll.
1810 1234 1831 1256 q.
1849 1229 1882 1250 16.

1039 1271 1058 1287 a.
1077 1265 1104 1292 8;
1123 1265 1144 1286 S.
1163 1271 1182 1286 c.
1200 1265 1263 1287 Gent.
1282 1265 1317 1286 tv.
1344 1271 1362 1287 e.
1382 1265 1417 1287 47.
1436 1278 1465 1281 —
1483 1266 1505 1287 B.
1528 1265 1624 1294 tilbert„
1643 1267 1679 1288 liic
1697 1273 1716 1288 a.
1739 1267 1756 1288 l.
1774 1268 1794 1288 2.
1814 1267 1834 1289 3.
1853 1280 1883 1282 —

1040 1303 1095 1325 Petr.
1113 1309 1125 1324 a
1144 1303 1208 1329 Tar..
1229 1304 1264 1325 liic
1281 1310 1302 1332 q.
1325 1304 1342 1325 l.
1360 1310 1379 1326 a.
1400 1304 1419 1326 l.
1438 1305 1458 1326 2.
1475 1316 1507 1320 —
1525 1304 1629 1326 Ricliard.
1648 1311 1659 1326 a
1678 1305 1749 1332 Med,
1768 1306 1804 1328 hic
1821 1312 1840 1327 a.
1861 1306 1899 1327 i..

1039 1348 1060 1370 q.
1079 1343 1099 1364 2.
1118 1354 1148 1357 —
1164 1342 1238 1369 AEgid.
1257 1342 1297 1369 R„
1316 1343 1351 1364 liic
1369 1349 1390 1371 q.
1413 1343 1430 1365 1.
1448 1349 1467 1364 a.
1485 1343 1506 1364 ⁶2.
1525 1356 1554 1358 —
1572 1343 1663 1371 Dionys.
1690 1343 1780 1372 Cat-tn,
1800 1345 1835 1366 hic
1858 1351 1880 1373 q.

1040 1381 1059 1403 l.
1077 1393 1108 1396 —
1125 1381 1182 1408 Eiet,
1201 1381 1237 1402 nic
1254 1387 1276 1409 q.
1294 1381 1367 1402 unica.

901 1470 1062 1506 Quasssrto
1083 1471 1112 1498 ιι.

386 1557 490 1585 Utrum
511 1555 581 1585 liaeo
601 1556 640 1584 sit
660 1556 861 1585 concedenda:
882 1556 935 1585 iste
955 1556 1038 1585 liomo
1061 1556 1165 1593 incepit
1186 1566 1261 1590 esse,
1285 1556 1399 1586 Clu-isco
1421 1558 1627 1587 demonstrato.

213 1655 340 1683 Secundo
361 1655 521 1691 quaeritur,
543 1657 638 1683 utrum
654 1655 722 1683 haec
737 1655 772 1683 sit
787 1654 975 1683 concedenda:

135 1702 186 1731 iste
207 1702 290 1730 homo
312 1701 413 1738 incepit
426 1708 502 1734 esse,
517 1701 626 1729 Christo
641 1701 840 1729 demonstrato.
857 1701 886 1729 Et
901 1701 976 1737 quod

134 1749 188 1783 sic,
211 1748 330 1777 videtur.

216 1796 239 1823 1.
261 1794 431 1832 Augustinus
461 1802 547 1831 super
578 1793 747 1822 loannem‘:
785 1804 799 1819 «
824 1794 976 1830 Antequam

134 1842 257 1871 mundus
278 1842 372 1875 fieret,
393 1849 443 1870 nec
465 1849 514 1869 nos
535 1848 663 1875 eramus,
685 1848 735 1869 nec
762 1841 900 1869 mediator
928 1841 976 1869 Dei

133 1892 160 1918 et
180 1888 340 1922 hominum,
355 1888 439 1916 homo
453 1887 581 1916 Christus
596 1887 671 1916 lesus
686 1897 712 1915 »z
728 1887 749 1916 si
766 1895 832 1923 ergo
847 1896 901 1916 non
916 1891 977 1916 erat

132 1938 195 1964 ante
215 1935 312 1963 mundi
335 1935 575 1969 constitutionem,
597 1942 663 1971 ergo
684 1935 786 1971 incepit
807 1942 876 1963 esse.

211 1984 237 2010 Ξ.
259 1982 338 2016 item,
356 1981 442 2010 nasci
454 1984 481 2010 et
493 1981 634 2018 generari
646 1986 686 2010 est
702 1981 803 2009 mutari
820 1981 974 2010 secundum

132 2028 314 2056 substantiam
337 2030 364 2056 et
384 2027 501 2064 produci
533 2027 567 2056 de
597 2036 725 2056 non-esse
753 2027 780 2055 in
802 2028 901 2061 esse⁵‚·
926 2028 974 2056 sed

131 2074 204 2103 idem
226 2077 268 2103 est
288 2074 400 2102 omnino
419 2074 548 2111 produci
568 2074 598 2102 in
615 2083 678 2112 ‘esse
699 2077 726 2102 et
747 2074 874 2110 incipere
895 2083 973 2102 esse:

130 2127 194 2148 cum
216 2127 283 2156 ergo
298 2120 366 2148 haec
381 2120 416 2148 sit
431 2127 514 2148 vera:
532 2120 582 2148 iste
598 2120 681 2148 homo
697 2120 836 2154 nascitur,
851 2123 879 2148 et
893 2120 972 2149 haec:

130 2166 180 2195 iste
203 2166 285 2194 homo
307 2166 333 2194 in
355 2174 414 2194 esse
441 2167 623 2203 producitur3
653 2167 721 2195 llaec
741 2167 795 2195 erit
816 2174 899 2195 vera:
923 2167 974 2195 iste

130 2212 213 2241 homo
235 2213 330 2249 incipit
350 2220 418 2241 esse.

208 2259 234 2288 3.
256 2259 335 2293 ltem,
356 2262 419 2288 ante
451 2259 547 2288 mundi
579 2260 803 2289 constitutionem
835 2260 904 2289 haec
931 2263 973 2288 est

129 2313 212 2335 vera:
234 2306 330 2335 nullus
353 2306 435 2334 homo
456 2310 513 2341 est,
535 2310 561 2335 et
592 2307 660 2335 haee
691 2310 733 2336 est
761 2307 848 2335 falsa:
871 2307 972 2344 aliquis

130 2352 212 2380 hoino
233 2355 291 2381 est:
313 2360 379 2389 ergo
400 2356 427 2380 et
449 2353 516 2381 haec
537 2353 624 2381 falsa:
656 2353 707 2381 iste
738 2353 821 2381 homo
849 2356 905 2387 est,
928 2353 972 2381 de-

128 2402 281 2427 monstrato
302 2399 428 2435 Christ03
449 2403 477 2428 et
497 2400 565 2428 haec
599 2400 681 2428 modo
711 2403 752 2428 est
780 2400 883 2428 vera⁶:
905 2408 972 2437 ergo

191 2531 197 2545 ¹
215 2530 260 2553 Ct'r.
277 2538 346 2560 sopra
365 2538 417 2560 pag.
439 2532 476 2560 tt,
499 2536 549 2554 nota
574 2533 594 2555 3.
612 2545 642 2549 --
663 2534 731 2555 Panlo
751 2534 845 2556 inferius
865 2540 906 2562 pro
926 2539 969 2557 nec

126 2569 296 2599 praesupponit
312 2570 379 2592 codd.
397 2571 415 2592 G
434 2570 464 2593 bb
481 2570 542 2593 nihil
553 2572 732 2601 praesupponit.

189 2607 199 2622 ²
216 2609 266 2630 Scit.
284 2612 348 2630 actus
365 2609 463 2631 creandi.

189 2646 198 2660 ³
216 2646 256 2668 llic
272 2653 292 2668 c.
313 2647 330 2669 1.
349 2648 369 2669 in
388 2648 450 2669 initio
466 2651 488 2669 et
504 2654 523 2670 c.
542 2649 562 2670 2.
581 2649 602 2670 in
620 2649 670 2671 nne.

189 2685 198 2699 ⁴
216 2685 290 2707 Tract.
313 2686 361 2708 105.
380 2693 401 2708 n.
418 2686 445 2708 7:
465 2687 598 2716 Priusquam
617 2688 717 2710 mundus
729 2691 794 2715 esset,
815 2695 855 2710 nec
873 2695 914 2711 nos
925 2691 968 2711 etc.

189 2723 198 2737 ⁵
215 2723 260 2745 cfr.
277 2729 345 2751 supra
365 2730 417 2752 pag.
437 2725 491 2751 ill,
515 2728 565 2747 nota
588 2725 620 2747 ΙΙ.
638 2737 670 2742 -—
694 2726 715 2747 ln
744 2725 832 2748 minori
850 2726 898 2748 Vat.
917 2728 969 2754 post

125 2761 227 2790 produci
241 2761 266 2784 in
282 2768 331 2785 esse
352 2763 416 2786 addit
435 2765 487 2792 post
509 2769 624 2787 non-esse.
643 2765 664 2787 ln
689 2766 732 2787 tine
750 2771 799 2793 arg.
817 2766 898 2787 cadem
918 2766 967 2788 Vat.

127 2806 179 2822 cnm
196 2800 249 2822 edd.
270 2801 293 2828 1,
312 2802 325 2823 2
342 2805 393 2824 ante
410 2801 454 2825 erit
478 2808 535 2825 vera
560 2803 637 2825 inserit
661 2803 731 2826 ctiam
748 2804 808 2830 (cod.
827 2805 844 2826 Κ
864 2805 930 2833 erqo)
947 2807 968 2826 et

127 2839 178 2861 dein
197 2845 249 2861 cum
267 2840 425 2867 compluribus
442 2841 510 2863 codd.
529 2848 570 2869 pro
587 2841 667 2871 incipit
683 2848 731 2865 esse
748 2842 864 2865 substituit
881 2842 968 2872 incepit

127 2883 182 2899 exse.
200 2878 270 2899 Etiam
288 2878 309 2899 in
327 2884 391 2906 seqq.
406 2878 463 2905 Vat.,
476 2879 606 2902 faventibus
623 2880 782 2908 compluribus
794 2881 869 2908 codd.,
883 2881 968 2908 plurios

127 2915 217 2937 exhibet
234 2915 318 2944 incepit
333 2922 382 2939 esse
400 2923 442 2944 pro
459 2916 540 2946 incipit
554 2924 614 2946 esse,
634 2918 674 2940 sed
688 2922 762 2941 nostra
782 2919 846 2940 lectio
864 2919 885 2940 in
905 2925 967 2946 prae-

126 2953 209 2975 sidium
228 2953 295 2976 liabet
313 2955 422 2976 maiorem
440 2959 527 2983 partem
545 2955 612 2977 codd.

1035 1655 1225 1691 praedicatum
1249 1656 1330 1684 modo
1352 1656 1479 1685 convenit
1505 1657 1647 1691 subiect03
1669 1661 1695 1686 et
1716 1659 1795 1695 prius
1824 1668 1878 1688 non

1035 1702 1232 1730 conveniebat:
1255 1710 1322 1739 ergo
1350 1703 1445 1739 incipit
1466 1704 1629 1732 convenire:
1652 1712 1719 1741 ergo
1740 1706 1808 1734 liaeo
1836 1710 1878 1735 est

1035 1755 1118 1776 vera:
1142 1748 1192 1776 iste
1213 1748 1296 1776 homo
1317 1749 1411 1785 incipit
1432 1757 1500 1778 esse.

1112 1795 1138 1823 lt.
1161 1795 1240 1829 Item,
1264 1795 1332 1824 bene
1350 1796 1501 1832 sequitur:
1531 1797 1582 1825 iste
1613 1797 1696 1826 homo
1727 1802 1783 1833 est,
1811 1807 1878 1836 ergo

1035 1842 1084 1870 iste
1105 1845 1147 1870 est
1168 1842 1267 1875 homo,
1289 1850 1340 1879 pro
1361 1850 1393 1870 eo
1414 1843 1487 1879 quod
1511 1851 1545 1871 ex
1562 1844 1764 1880 propositione,
1779 1845 1806 1873 in
1822 1854 1878 1883 qua

1033 1888 1175 1917 clauditur
1206 1888 1372 1925 implicatio.
1401 1889 1464 1917 licet
1486 1889 1572 1926 ipsam
1596 1890 1810 1926 implicationem
1841 1893 1878 1920 in-

1033 1934 1287 1972 ferre-—sequitur
1302 1935 1388 1963 enim:
1405 1935 1488 1963 homo
1502 1935 1583 1964 albus
1599 1937 1700 1971 currit,
1712 1945 1778 1974 ergo
1793 1938 1876 1967 homo

1033 1984 1074 2009 est
1094 1981 1176 2009 albus
1189 1981 1197 1994 ⁷
1212 1997 1251 2000 —
1269 1989 1335 2018 ergo
1356 1982 1499 2018 sequitur:
1522 1982 1572 2011 iste
1594 1983 1677 2011 homo
1698 1987 1740 2012 est
1760 1984 1803 2012 vel
1825 1985 1877 2013 fuit

1032 2027 1067 2055 ab
1088 2031 1216 2062 aeterno,
1230 2035 1296 2064 ergo
1312 2028 1362 2056 iste
1377 2028 1429 2056 suit
1443 2028 1478 2056 ab
1493 2031 1606 2057 aeterno
1627 2029 1718 2058 homO.
1740 2031 1792 2059 Sed
1808 2031 1875 2059 haec

1032 2078 1074 2102 est
1094 2074 1180 2103 salsa:
1203 2074 1269 2109 iste,
1292 2074 1481 2103 demonstrato
1502 2075 1626 2110 Christo,
1648 2076 1683 2104 ab
1698 2080 1810 2105 aeterno
1824 2077 1876 2106 fuit

1032 2121 1132 2149 homo:
1155 2130 1221 2158 ergo
1243 2125 1270 2150 et
1289 2121 1376 2150 haec:
1401 2122 1451 2150 iste
1473 2122 1556 2150 homo
1577 2126 1619 2151 est
1640 2123 1683 2152 vel
1706 2123 1757 2151 fuit
1778 2124 1813 2152 ab
1834 2132 1876 2153 ae-

1031 2171 1109 2196 terno
1122 2179 1128 2202 ;
1142 2172 1170 2196 et
1185 2167 1268 2201 modo
1288 2171 1330 2196 est
1345 2176 1428 2196 vera:
1446 2172 1531 2197 restat
1547 2169 1644 2205 igitur,
1666 2170 1741 2206 quod
1763 2170 1875 2207 incipiat

1030 2221 1091 2242 esse
1112 2222 1195 2242 vera:
1211 2222 1278 2251 ergo
1294 2214 1361 2243 haec
1375 2218 1417 2243 est
1431 2222 1515 2243 vera:
1532 2215 1582 2244 iste
1598 2215 1680 2244 homo
1696 2216 1790 2252 incipit
1804 2224 1873 2245 esse.

1108 2261 1161 2288 San
1188 2268 1316 2289 com-na:
1351 2262 1374 2289 1.
1406 2261 1514 2290 Ioannis
1545 2262 1679 2290 octavoss:
1708 2263 1871 2300 Antequam

1029 2306 1183 2336 Abi-altam
1209 2307 1306 2344 fieret,
1334 2316 1384 2345 eyo
1411 2316 1495 2341 sum,
1523 2309 1582 2345 pari
1612 2309 1717 2337 ratione
1738 2312 1780 2342 et,
1801 2313 1874 2338 ante-

1028 2362 1112 2390 quam
1135 2354 1242 2383 caelum
1266 2354 1361 2382 fieret:
1384 2362 1450 2391 ergo
1465 2355 1486 2382 si
1503 2354 1576 2383 idem
1599 2354 1806 2383 demonstratur
1821 2363 1871 2392 per

1029 2401 1081 2429 hoc
1103 2409 1253 2437 pronomen
1276 2409 1326 2438 eqo
1347 2404 1374 2429 et
1395 2409 1444 2437 per
1468 2401 1518 2429 boc
1540 2409 1691 2438 pronomen
1715 2402 1782 2435 iste,
1800 2403 1873 2431 vide-

1088 2533 1098 2548 ⁶
1115 2533 1170 2556 Cod.
1189 2534 1207 2556 l(
1226 2534 1269 2556 sic:
1287 2534 1355 2561 Item,
1375 2533 1429 2557 ante
1440 2531 1545 2555 mundi...
1563 2532 1646 2555 nullus
1662 2532 1731 2556 homo
1748 2535 1797 2562 est;
1814 2541 1870 2564 erqo

1026 2572 1083 2595 haec
1100 2573 1134 2595 est
1148 2572 1227 2601 falsa:
1244 2571 1331 2601 siliquis
1348 2571 1417 2594 homo
1435 2571 1482 2597 est,-
1500 2571 1522 2593 et
1538 2571 1559 2593 si
1574 2570 1632 2593 haec
1644 2573 1677 2594 cst
1687 2571 1765 2600 satim:
1783 2572 1870 2602 aIIqw's

1027 2610 1096 2634 homo
1114 2612 1158 2639 est,
1175 2610 1335 2633 demonstrato
1353 2609 1458 2637 Clu-isto,
1486 2610 1508 2632 et
1532 2608 1590 2632 haec
1615 2609 1684 2632 modo
1701 2611 1735 2633 est
1751 2617 1807 2633 vera
1827 2612 1868 2634 etc.

1028 2649 1113 2672 Deinde
1130 2649 1205 2671 addit:
1232 2650 1287 2671 Item
1313 2648 1379 2671 nullo
1405 2647 1498 2671 liomine
1522 2647 1647 2676 existente,
1667 2648 1724 2672 lineo
1740 2650 1774 2672 est
1789 2649 1868 2678 salsa:

1026 2688 1068 2711 iste
1085 2687 1154 2711 homo
1171 2688 1216 2714 est,
1235 2687 1396 2710 demonstrato
1410 2687 1512 2714 Christo,
1529 2688 1551 2709 et
1568 2687 1637 2710 modo
1649 2689 1683 2710 est
1694 2694 1762 2715 veru,
1784 2688 1868 2717 quibus

1026 2725 1103 2748 verbis
1120 2725 1212 2747 adiectis
1230 2726 1387 2753 prosequitur:
1404 2731 1460 2754 erqo
1477 2725 1639 2754 praedicatum
1657 2729 1699 2748 etc.

1087 2764 1097 2779 ⁷
1114 2764 1158 2786 Csr.
1176 2765 1272 2791 Aristot.y
1291 2764 1313 2786 ll.
1332 2764 1411 2792 Topic.
1429 2770 1448 2786 c.
1479 2765 1495 2786 Ι.
1522 2767 1543 2786 et
1569 2765 1591 2787 ll.
1611 2765 1733 2787 l‘orilicrm.
1760 2771 1779 2787 c.
1798 2766 1818 2787 2.
1837 2765 1866 2793 (c.

1029 2803 1080 2830 ll.).
1098 2802 1142 2825 Cir.
1160 2803 1228 2824 ctiam
1247 2803 1303 2824 retr.
1322 2803 1423 2831 Hispan„
1441 2803 1554 2825 Snmmnl.
1572 2806 1598 2826 tr.
1617 2803 1644 2826 de
1661 2803 1717 2826 locis
1734 2803 1802 2833 topic.
1824 2804 1866 2826 loc.

1026 2841 1054 2862 de
1072 2841 1130 2863 Toto
1147 2841 1168 2862 in
1187 2840 1263 2862 modo.

1087 2878 1097 2893 ⁸
1115 2879 1178 2901 Vers.
1196 2879 1233 2901 58.
1251 2878 1295 2901 Cir.
1314 2879 1349 2901 liic
1366 2879 1395 2901 lit.
1414 2880 1523 2908 Magistri,
1541 2886 1560 2902 e.
1579 2880 1599 2902 3.
1618 2893 1647 2896 —
1665 2881 1686 2902 ln
1705 2881 1748 2903 tine
1766 2881 1833 2903 liuius
1845 2885 1866 2904 et

1025 2917 1124 2939 duorum
1141 2923 1205 2945 seqq.
1228 2924 1293 2945 argg.
1319 2917 1386 2940 codd.
1405 2918 1420 2940 Α
1432 2918 1475 2941 FV
1493 2918 1532 2947 hb,
1559 2919 1726 2947 refragantibus
1751 2920 1866 2948 plerisque

1025 2956 1074 2977 aliis
1091 2955 1166 2984 codd,
1185 2962 1227 2984 pro
1244 2955 1327 2986 incepit
1344 2962 1392 2979 esse
1410 2957 1493 2979 liabent
1510 2956 1590 2986 incipit
1606 2963 1662 2980 csse.

1898 2268 1933 2286 Pro
1949 2271 2002 2292 parte

1887 2292 1979 2315 negativa.
