2166 3366
139 1115 168 1134 Ad
181 1115 257 1138 opposi-

265 184 321 211 650

266 261 303 289 tio
332 261 488 289 dilectionis
516 260 652 289 exhibitio
673 264 715 289 est
739 261 832 297 operis
847 271 879 288 »2
909 268 976 297 ergo
997 260 1044 289 ubi
1074 263 1116 289 est

266 308 354 336 maior
375 308 468 345 operis
490 307 639 342 exhibitio,
662 307 699 335 ihi
723 307 859 344 probatur
882 308 970 336 maior
991 315 1051 336 esse
1078 307 1116 336 di-

266 355 358 389 lectio,
380 358 406 383 et
428 362 442 383 e
464 362 610 383 couverso:
634 355 654 383 si
677 362 744 391 ergo
759 355 861 383 caritas
882 355 1010 383 ordinata
1032 355 1114 383 estin

265 402 418 439 diligendo.
442 401 563 435 videtur,
579 401 654 438 quod
676 401 801 430 ordinari
824 402 923 431 debeat
940 402 966 430 in
990 402 1074 431 corde
1089 405 1116 430 et

266 450 292 478 in
315 449 395 477 farto.

345 496 370 524 3.
394 496 476 529 Item,
499 496 637 524 ordinatio
660 496 686 524 in
719 495 818 534 effectu
844 500 937 525 ortum
972 496 1055 524 habet
1081 496 1116 524 ab

266 544 441 572 ordinatione
464 543 489 571 in
513 542 633 580 affectu:
656 544 677 572 si
695 552 762 581 ergo
777 544 878 572 caritas
893 544 1017 572 ordinari
1034 543 1117 572 debet

267 592 294 620 in
320 590 434 628 ellectu,
467 598 580 619 necesse
602 594 658 625 est.
691 591 767 628 quod
796 591 887 628 primo
915 591 1063 619 ordinetur
1089 591 1117 618 in

267 638 381 676 affeetu.
403 638 454 666 Sed
485 638 586 667 caritas
617 638 746 666 ordinata
774 641 816 666 est
841 641 979 675 quantum
1001 638 1035 666 ad
1059 637 1117 675 esse-

267 689 362 718 ctum,
385 685 457 713 sicut
478 688 553 721 patet
575 692 625 722 per
648 684 716 713 illud
741 685 815 721 quod
845 685 912 713 dicit
934 684 1116 721 Apostolus¹z

269 733 430 769 Operemur
453 732 558 760 bonum
574 732 615 760 acl
629 740 743 765 omnes,
758 731 888 759 maarime
903 735 1001 759 autem
1016 731 1058 759 cccl
1071 731 1118 759 (lo-

266 779 415 808 mestieos:
437 787 504 815 ergo
524 787 637 807 neeesse
652 781 708 813 est,
723 778 867 807 caritatem
884 778 1040 807 ordinatam
1057 786 1118 807 esse

267 830 405 863 quantum
428 826 462 854 ad
485 825 631 863 aflectum.

346 874 372 901 [ι.
396 873 472 907 Item„
499 872 612 909 «magis
634 875 732 909 pensat
753 873 844 907 Deus,
859 881 893 900 eat·
909 876 1018 910 (μιαηίο
1034 872 1119 900 homo

267 920 346 954 facit,
369 928 453 957 quam
476 923 619 957 quantum
643 918 767 947 facit²nz
790 927 857 956 ergo
872 919 894 947 si
910 919 980 948 ordo
995 919 1119 948 caritatis

268 971 309 996 est
331 967 387 996 Deo
408 970 554 1004 acceptus.
578 966 706 1001 videtur,
728 967 803 1003 quod
833 975 887 995 non
920 967 1011 995 solum
1034 966 1120 995 consi-

268 1017 322 1043 stat
344 1015 370 1042 in
386 1022 471 1051 opere
486 1014 636 1048 exteriori,
653 1014 701 1042 sed
717 1014 801 1042 etiam
817 1014 843 1042 in
860 1014 961 1042 affeetu
984 1014 1119 1042 interiori.

348 1062 400 1089 SED
422 1068 550 1089 CONTRA:
576 1062 600 1088 l.
625 1060 704 1097 Quod
727 1068 781 1088 non
804 1060 937 1088 consistat
952 1060 979 1088 iu
1001 1059 1117 1097 affeetu,

270 1108 382 1136 videtur
405 1115 455 1144 per
478 1107 548 1135 illud
563 1108 637 1144 quod
654 1107 758 1136 dicitur
781 1107 806 1135 iu
824 1107 994 1141 Proverbiis,
1010 1107 1118 1136 decimo

269 1159 368 1184 octavo
381 1155 405 1182 ³:
435 1154 485 1182 Vir
507 1154 677 1182 ctiiziecthiti's
698 1154 739 1182 ad
758 1154 923 1182 societatem
945 1154 1043 1191 maffia
1064 1154 1119 1182 erit

269 1202 386 1231 anticus
406 1210 496 1239 quam
518 1200 634 1238 fratem
656 1201 704 1230 sed
727 1204 849 1235 constat,
883 1201 958 1238 quod
981 1202 1033 1230 ista
1054 1201 1120 1229 ami-

270 1250 349 1285 citia,
372 1250 406 1278 de
428 1258 484 1286 qua
499 1249 614 1286 Sapiens
638 1249 777 1286 loquitur,
800 1257 853 1277 uon
876 1249 1045 1277 adversatur
1068 1249 1119 1286 ipsi

269 1297 392 1331 caritati,
415 1297 500 1324 immo
523 1296 615 1333 potius
637 1299 679 1324 est
700 1296 723 1325 ei
740 1304 876 1330 consona:
899 1297 946 1325 sed
963 1296 1118 1325 secundum

269 1344 349 1372 istam
374 1344 455 1378 dicit⁷
477 1344 552 1380 quod
577 1343 664 1380 magis
686 1343 813 1379 diligitur
829 1343 912 1371 homo
929 1343 1016 1372 bonae
1038 1344 1121 1372 socie-

270 1392 334 1421 tatis
355 1400 439 1429 quam
463 1391 548 1419 frater
570 1391 724 1419 secundum
749 1398 874 1419 earnem:
899 1391 1010 1419 videtur
1033 1399 1119 1427 ergo.

269 1439 343 1476 quod
367 1438 522 1467 secundum
554 1438 777 1475 praeassignatas
810 1437 982 1466 differentias
1008 1446 1061 1466 non
1084 1441 1122 1466 at-

271 1486 402 1515 tendatur
424 1486 493 1513 ordo
515 1484 671 1513 dilectionis
693 1489 830 1521 quantum
847 1485 881 1513 ad
901 1485 1041 1513 affectum.

350 1535 375 1561 ι).
400 1533 481 1565 item,
503 1532 650 1561 delectatio
674 1532 698 1560 iu
722 1532 910 1560 familiaritate
939 1533 1120 1569 consequitur

270 1581 304 1609 ad
328 1580 503 1609 dilectionem
537 1583 564 1607 et
595 1579 724 1607 aflectum
759 1578 929 1615 diligendi&
964 1579 1012 1607 sed
1040 1579 1119 1607 multi

270 1631 351 1661 suut,
374 1627 421 1663 qui
454 1626 517 1663 plus
547 1626 722 1654 delectantur
755 1625 829 1662 loqui
862 1633 926 1654 cum
958 1626 1048 1654 amico
1070 1634 1121 1654 suo

270 1682 354 1711 quam
379 1681 426 1710 per
448 1673 601 1701 orationem
626 1673 700 1709 loqui
723 1681 786 1701 cum
810 1672 880 1701 Deo:
904 1681 970 1709 ergo
994 1673 1120 1707 videtur,

271 1721 345 1758 quod
369 1721 465 1749 nullus
486 1720 548 1749 talis
570 1720 715 1749 caritatem
732 1720 833 1748 habeat.
854 1720 1028 1754 ordinatam;
1045 1721 1119 1758 quod

271 1768 353 1796 valde
375 1768 478 1796 durum
503 1767 615 1795 videtur
637 1766 739 1795 dicere.

350 1815 376 1843 3.
399 1815 478 1847 Item,
501 1814 575 1851 quod
600 1822 652 1842 uon
675 1814 837 1842 attendatur
858 1822 944 1850 penes
973 1814 1120 1851 effectarum,

271 1862 396 1895 videtur,
419 1862 485 1899 quia
508 1861 587 1889 multi
612 1864 677 1889 sunt
700 1860 866 1897 impotentes
881 1861 915 1889 ad
934 1861 1120 1897 impendenda

271 1917 355 1946 opera
378 1909 548 1937 ‹fililertionis:
572 1916 639 1944 ergo
662 1907 730 1935 tales
752 1915 805 1935 non
830 1911 944 1944 possunt
961 1908 1065 1936 hahere
1081 1917 1122 1936 or-

272 1956 365 1984 dinem
389 1955 527 1987 caritatis;
550 1954 649 1991 quodsi
674 1954 724 1982 hoc
747 1957 788 1982 est
808 1954 918 1988 salsum,
943 1958 1028 1982 restat
1049 1959 1100 1983 etc.

352 2003 379 2030 li..
402 2002 484 2035 ltem‚
507 2001 528 2029 εἰ
551 2001 621 2029 ordo
642 2001 765 2029 raritatis
794 2001 956 2029 attendatur
978 2010 1063 2039 penes
1085 2001 1123 2039 ef-

273 2048 399 2087 fectum,
421 2056 488 2085 ergo
510 2052 584 2076 recte
606 2052 633 2076 et
656 2048 811 2076 secundum
838 2048 965 2077 ordinem
999 2049 1122 2078 caritatis

274 2096 330 2132 agit
345 2096 391 2132 qui
409 2095 597 2132 praebendale
622 2094 787 2123 heneficium
812 2095 904 2131 potius
926 2095 973 2123 dat
988 2103 1039 2123 suo
1062 2104 1122 2124 con-

274 2143 427 2180 sanguiueo
458 2150 543 2179 quam
571 2142 652 2170 alicui
687 2145 838 2175 extraneo;
870 2143 943 2179 quod
968 2146 1059 2170 tamen
1084 2152 1123 2171 re-

274 2190 424 2227 prehendit
446 2190 583 2226 propheta
604 2190 753 2223 Michaeas,
777 2190 857 2218 tertio
871 2189 897 2216 5;
920 2190 992 2217 Vae!
1007 2190 1059 2227 :lui
1079 2198 1122 2218 (te-

274 2236 376 2274 stificat
392 2237 462 2265 Si'ou
478 2237 507 2264 in
529 2236 745 2274 saiiquiitibus;
767 2239 793 2265 et
811 2236 947 2270 Ezechiel.
970 2237 1123 2274 quadrage-

274 2285 345 2313 simo
366 2288 481 2321 quarto:
505 2283 639 2321 Sufficiat
660 2283 740 2311 'uobis
761 2283 865 2311 domus
886 2283 994 2317 lsrael,
1010 2283 1062 2321 qui
1083 2283 1123 2311 in-

945 181 1198 210 SENTENTIARUM
1219 182 1280 210 Ltss.
1302 182 1340 210 ttt.

1173 260 1328 289 trocltteitis
1350 261 1576 289 tucz'rezmzcz'sos
1597 261 1627 289 iu
1649 261 1860 289 sanctuarium
1885 261 1937 290 Dei
1944 273 1954 295 ,·
1975 262 2023 290 ubi

1173 308 1422 348 reprehenduntur
1445 308 1484 336 illi
1506 308 1554 345 qui
1577 308 1712 337 beneficia
1727 309 1914 337 ecclesiastica
1936 309 2024 346 magis

1172 355 1319 383 conferunt
1341 355 1500 384 domesticis
1523 363 1607 392 quam
1630 355 1701 384 aliis.

1490 457 1704 478 CONCLUSIO.

1178 543 1321 571 Caritatis
1352 543 1424 571 ordo
1456 547 1588 580 respectu
1620 543 1810 581 diliqibilium
1839 544 2025 572 diuersorum

1253 599 1311 618 wion
1339 590 1435 619 solum
1463 591 1625 619 attenditur
1652 595 1796 629 quantum
1825 591 1866 619 ad
1894 590 2025 629 ellectum

1254 638 1441 671 exteriorem,
1460 638 1511 666 sed
1531 638 1617 666 etiam
1635 642 1779 676 quantum
1795 638 1836 666 ad
1857 638 2026 667 interiorem

1255 684 1408 722 affectum,
1431 685 1509 723 quod
1529 685 1712 723 iutelliyitur,
1735 685 1836 714 ceteris
1855 685 1991 722 paribus.

1255 779 1436 807 RESPONDEO:
1458 779 1496 807 Ad
1519 779 1729 816 praedictorum
1753 779 1962 816 intelligentiam
1985 782 2026 808 est

1176 826 1348 860 notandum,
1370 826 1461 863 quod,
1484 826 1639 854 seeundum
1662 826 1737 863 quod
1760 826 1827 855 dicit
1848 826 1977 863 Magister
1999 826 2026 854 in

1176 873 1300 907 littera⁰5
1322 873 1407 910 aliqui
1441 873 1534 901 dicere
1566 873 1732 907 voluerunt,
1764 873 1839 911 quod
1861 873 2137 903 huiusmodiopiniot-

1176 921 1246 949 ordo
1268 920 1391 949 caritatis
1422 920 1583 949 attendatur
1615 920 1705 949 solum
1740 924 1877 957 quantum
1910 921 1945 949 ad
1968 919 2028 959 effe-

1177 972 1256 997 ctam
1277 967 1470 1001 eoeteriorem,
1494 975 1547 995 non
1576 971 1712 1004 quantum
1735 968 1770 996 ad
1800 967 1937 1006 affectum
1957 961 2035 996 inte?

1176 1015 1286 1043 riorem
1313 1014 1364 1043 nisi
1397 1022 1448 1051 per
1480 1014 1715 1051 comparationem
1742 1014 1829 1043 nostri
1859 1015 1894 1043 ad
1921 1015 2027 1049 Deum;

1177 1071 1227 1100 per
1249 1062 1484 1098 comparationem
1517 1065 1609 1090 autem
1638 1062 1760 1099 proximi
1793 1062 1828 1091 ad
1862 1062 2025 1099 proximum

1177 1109 1269 1138 solum
1291 1109 1416 1138 consistit
1437 1109 1507 1138 ordo
1535 1112 1673 1146 quantum
1704 1109 1739 1137 ad
1773 1109 1946 1138 exteriorem.
1968 1108 2028 1147 effe-

1178 1160 1264 1184 ctum.
1299 1156 1329 1184 Et
1360 1156 1518 1184 innituntur
1552 1156 1594 1184 his
1627 1156 1843 1185 auetoritatibus
1865 1156 2026 1193 Augustini,

1177 1211 1250 1240 quae
1272 1203 1298 1231 iu
1322 1203 1434 1232 littera⁷
1458 1206 1617 1240 ponuntur,
1651 1203 1676 1231 in
1710 1203 1814 1240 quibus
1847 1203 1959 1232 videtur
1981 1211 2028 1232 ex-

1178 1258 1274 1288 presse
1296 1250 1412 1285 sentire.
1445 1250 1519 1287 quod
1541 1251 1611 1279 ordo
1643 1251 1767 1279 caritatis
1800 1254 1931 1287 respectu
1964 1259 2025 1288 pro-

1178 1298 1247 1326 ximi
1270 1298 1431 1326 attendatur
1453 1297 1544 1326 solum
1575 1297 1601 1325 in
1633 1297 1784 1326 exterioris
1806 1298 1899 1335 operis
1921 1298 2028 1326 exhibi-

1179 1346 1260 1374 tione.
1284 1345 1313 1373 Ει
1335 1345 1387 1373 hoc
1409 1344 1500 1381 ipsum
1525 1344 1636 1373 videtur
1652 1345 1745 1373 dicere
1768 1345 1793 1372 in
1812 1345 1883 1373 libro
1905 1345 1939 1373 de
1955 1345 2027 1373 Vera

1179 1392 1347 1429 ReHgioneQ
1369 1392 1416 1420 ubi
1449 1391 1530 1423 dicit.
1563 1391 1638 1428 quod
1666 1391 1759 1420 «haee
1780 1395 1822 1420 est
1844 1392 1967 1429 perfecta
1990 1392 2029 1421 iu-

1179 1440 1265 1473 stitia,
1287 1442 1318 1467 ut
1339 1439 1403 1475 plus
1433 1439 1540 1475 potiora
1572 1439 1644 1467 bona
1675 1441 1701 1467 et
1724 1439 1817 1467 minus
1839 1439 1948 1467 minora
1969 1439 2029 1468 dili-

1178 1494 1315 1523 gamus».
1340 1486 1379 1514 Ex
1401 1494 1457 1523 quo
1489 1486 1601 1514 videtur
1634 1494 1715 1523 posse
1747 1486 1825 1520 elici,
1858 1486 1932 1523 quod
1960 1486 2028 1515 istae

1178 1533 1350 1563 differentiae
1373 1532 1588 1570 propinquitatis
1610 1533 1677 1561 nihil
1706 1533 1808 1561 faciant
1835 1533 1870 1562 ad
1892 1532 2029 1571 aflectum

1178 1580 1342 1610 dilectionis.
1365 1597 1402 1600 κ-
1426 1580 1642 1613 Verumtamen,
1665 1580 1737 1608 sicut
1759 1580 1826 1609 dicit
1848 1580 1979 1617 Magdster
2001 1581 2027 1609 in

1179 1628 1271 1656 littera
1284 1627 1303 1661 ⁹,
1325 1630 1352 1655 et
1375 1627 1460 1655 verba
1482 1627 1617 1655 Ambrosii
1640 1631 1755 1661 souanu
1770 1631 1797 1655 et
1812 1627 1934 1656 rationes
1950 1628 2028 1664 prius

1179 1675 1309 1703 inductae
1337 1674 1536 1711 comprobant,
1568 1674 1638 1703 ordo
1670 1674 1794 1703 caritatis
1816 1682 1865 1711 per
1887 1682 2028 1712 compara·
2041 1680 2147 1699 Conclusio-

1179 1721 1281 1749 tionem
1315 1721 1400 1749 nostri
1430 1721 1463 1749 ad
1498 1721 1661 1758 proximum
1693 1724 1720 1749 et
1741 1721 1826 1750 unius
1848 1721 1970 1758 proximi
1993 1721 2027 1750 ad

1178 1768 1298 1796 alterum
1328 1776 1381 1796 non
1415 1768 1506 1796 solum
1529 1768 1684 1796 attenditur
1707 1768 1863 1796 secuudum
1886 1767 2027 1806 effectum,

1179 1823 1278 1843 verum
1301 1814 1384 1843 etiam
1408 1815 1564 1843 ser-undum
1593 1813 1749 1852 <effectuum
1771 1818 1797 1843 et
1820 1815 1871 1844 hoc
1894 1815 1967 1844 idem
1991 1816 2028 1844 in-

1178 1861 1361 1898 telligendum
1385 1865 1441 1895 εει,
1474 1862 1576 1890 ceteris
1607 1862 1677 1890 aliis
1697 1862 1833 1899 paribus.
1856 1862 1881 1890 Si
1904 1862 1977 1891 enim
2001 1863 2028 1891 in

1179 1909 1291 1937 duobus
1314 1909 1423 1938 dilectis
1446 1914 1487 1938 est
1508 1918 1560 1946 par
1581 1910 1702 1946 dignitas
1724 1913 1750 1938 et
1766 1910 1929 1944 necessitas.
1945 1918 2030 1947 quan-

1180 1959 1238 1984 tum
1261 1959 1303 1985 est
1325 1956 1359 1984 de
1381 1956 1441 1984 istis
1463 1956 1683 1993 proprietatibus
1705 1961 1731 1985 et
1747 1956 1969 1991 conditionibus,
1988 1964 2030 1985 ae-

1179 2004 1299 2041 qualiter
1332 2007 1397 2032 sunt
1428 2003 1539 2032 arnandi
1573 2003 1673 2041 effectu
1695 2007 1722 2032 et
1743 2003 1864 2041 allectam
1886 2004 1933 2033 sed
1957 2004 1979 2033 si
2001 2004 2029 2032 in

1179 2050 1267 2079 altero
1291 2050 1404 2079 illorum
1427 2051 1637 2087 superaddatur
1659 2051 1803 2087 sanguinis
1825 2051 2029 2088 propinquitas,

1180 2097 1244 2126 facit
1267 2098 1358 2134 ipsum
1383 2098 1471 2134 magis
1492 2097 1641 2126 amabilem
1664 2101 1785 2135 utroque
1813 2097 1903 2126 modo.
1927 2098 1957 2126 Et
1978 2098 2030 2126 isto

1181 2144 1263 2172 modo
1286 2144 1405 2172 intendit
1420 2144 1583 2172 Ambrosius
1598 2144 1721 2172 caritatis
1737 2144 1864 2172 ordinem
1887 2145 2029 2181 assignare

1181 2194 1309 2227 respectu
1344 2190 1561 2227 proximorum3
1593 2191 1667 2227 quod
1700 2194 1791 2225 notat,
1814 2199 1877 2219 cum
1907 2190 1974 2219 dicit
1988 2190 2029 2225 ¹⁰,

1185 2248 1198 2263 «
1210 2238 1285 2274 quod
1308 2237 1468 2271 domestici,
1484 2237 1506 2266 si
1522 2237 1585 2266 boni
1602 2241 1682 2271 suut,
1699 2237 1780 2266 malis
1794 2237 1859 2266 filiis
1873 2240 1939 2266 sunt
1954 2246 2030 2274 prae-

1180 2284 1301 2321 ponendi
1314 2296 1340 2311 η.
1426 2280 1431 2284 ”

340 2403 345 2417 ¹
365 2404 412 2425 Gal.
431 2405 456 2431 6,
485 2404 516 2425 to,
531 2415 560 2418 ἢ
574 2402 651 2424 Verbo
669 2402 807 2425 ‹lonzwsticos
830 2403 896 2424 codd.
921 2404 936 2424 A
948 2403 966 2424 ll
990 2406 1011 2424 ct
1028 2401 1124 2431 Supple-

275 2444 344 2465 ment.
363 2443 427 2464 Sum.
441 2442 501 2464 Alex.
515 2442 561 2464 llal.
580 2442 653 2464 collat.
672 2442 708 2463 63.
726 2449 746 2464 a.
765 2442 785 2464 6.
799 2448 851 2464 eum
872 2442 968 2469 Vulgata
981 2442 1087 2464 adiu-tunt
1099 2441 1124 2471 fi-

270 2480 319 2503 uei,
332 2481 401 2503 Paulo
414 2484 464 2503 ante
482 2487 524 2508 pro
538 2480 601 2510 quod
610 2479 689 2509 primo
708 2480 760 2502 edd.
780 2480 864 2502 habent
881 2480 944 2510 quod
959 2480 1034 2509 prius.

338 2520 348 2534 2
365 2520 498 2542 Secundum
511 2520 606 2547 Gregor.
624 2523 645 2542 et
658 2520 755 2543 Bedam:
774 2520 813 2542 ct‘r.
827 2523 881 2541 tom.
900 2520 922 2541 ll.
936 2526 988 2547 pag.
1002 2520 1058 2546 906,
1072 2522 1123 2541 uota

276 2561 297 2582 6.
311 2572 340 2575 -
353 2560 401 2582 Mox
420 2566 462 2587 pro
481 2560 558 2582 dativo
572 2559 617 2581 Deo
636 2565 680 2581 non
694 2560 760 2587 pauci
774 2559 841 2581 codd.
854 2563 874 2581 ct
887 2559 1046 2588 Sttpplrment.
1060 2560 1124 2581 Sum.

276 2599 337 2620 Alex.
356 2599 403 2620 liat.
421 2598 444 2621 iu
464 2598 518 2621 Deo.

340 2637 349 2652 3
367 2638 431 2659 Vers.
450 2637 486 2659 ⁵25.

340 2676 349 2690 ⁴¹
366 2678 463 2704 aristot..
482 2677 495 2698 l.
515 2677 584 2699 Educ.
602 2683 621 2699 c.
640 2677 664 2698 8:
682 2677 769 2699 Laetori
787 2678 847 2699 enim
865 2683 892 2699 ex
910 2676 1068 2699 atti-ctionibus
1080 2677 1124 2698 aui-

276 2722 327 2737 mae
346 2719 390 2743 est;
404 2716 528 2744 unicuique
546 2715 656 2737 autemid
675 2719 708 2737 ost
720 2716 858 2743 iucundum,
877 2715 905 2737 ad
919 2715 981 2744 quod
999 2715 1124 2742 spectando

277 2755 326 2776 talis
345 2755 375 2776 roi
394 2754 510 2776 studiosus
523 2755 638 2782 quispiam
656 2754 749 2781 dicitur,
768 2758 791 2776 ut
808 2760 883 2782 equus
895 2760 1021 2782 equorum,
1040 2757 1124 2781 specta-

276 2794 353 2815 culum
373 2793 557 2820 spectaculorum
575 2793 678 2815 studioso
696 2796 737 2815 ete.
755 2805 786 2809 —
804 2794 846 2815 Pro
863 2792 996 2820 delectatio,
1021 2799 1079 2821 quae
1097 2793 1125 2814 le-

277 2834 321 2855 ctio
341 2832 436 2854 habetur
453 2833 474 2854 in
492 2832 560 2854 codd.
579 2833 595 2854 A
606 2833 675 2854 th
692 2833 713 2854 in
727 2832 894 2862 Supplflmeuto
908 2832 971 2854 Sum.
989 2832 1050 2854 Alex.
1069 2832 1123 2860 Hal.y

278 2872 330 2894 edd.
350 2877 403 2893 cum
420 2872 469 2893 aliis
487 2871 554 2894 codd.
572 2871 669 2895 dileolio.

341 2909 350 2924 5
368 2911 432 2932 Vei-s.
455 2910 493 2932 to:
511 2910 553 2938 Qui
572 2910 696 2932 aedificatis
714 2911 766 2932 Sion
785 2911 806 2932 in
824 2910 983 2938 sanguinibus.
1000 2910 1056 2932 Edd.
1074 2910 1124 2932 allo-

279 2952 331 2976 gaut
352 2948 460 2972 Habacuc
484 2949 521 2977 (⁴27
543 2950 582 2971 12:
602 2949 659 2977 Vae,
678 2950 717 2978 qui
735 2949 839 2971 aedificat
862 2950 976 2971 civitatem
995 2950 1016 2971 iu
1034 2950 1124 2977 saugui-

279 2987 363 3015 uibus).
382 2988 485 3010 Nonnulli
499 2988 566 3010 codd.
581 2994 703 3016 perperam
726 2989 794 3010 ettout
812 2987 906 3010 lanium.
928 2989 970 3010 Pro
988 2987 1139 3016 Michaelis,-

1182 2402 1248 2425 lertt'O
1266 2404 1316 2425 cod.
1336 2404 1365 2426 W
1383 2403 1499 2426 substituit
1515 2403 1641 2426 (licens.——
1653 2405 1706 2435 ὅρη.
1724 2404 1805 2431 Script.
1820 2404 1883 2426 locus
1899 2406 1933 2426 est
1950 2404 2029 2425 Ezech.

1183 2441 1222 2469 44,
1241 2443 1261 2464 6.
1275 2449 1335 2471 seq:
1349 2443 1466 2465 Suttieiant
1478 2442 1545 2465 vohis
1557 2443 1633 2465 omnia
1651 2443 1735 2465 scelera
1749 2447 1837 2470 vesu-a,
1856 2443 1939 2465 domus
1951 2443 2028 2471 lsrael,

1181 2488 1209 2503 eo
1227 2482 1289 2510 quod
1307 2482 1413 2504 indm-itis
1431 2482 1488 2504 tilios
1505 2483 1591 2504 alienos
1603 2483 1777 2505 incircumcisos
1789 2482 1859 2505 corde
1871 2486 1892 2505 et
1910 2483 2030 2504 incircum⁴

1182 2522 1241 2543 cisos
1258 2528 1337 2549 carue,
1356 2525 1380 2544 ut
1397 2523 1441 2544 siut
1459 2523 1479 2543 in
1494 2523 1624 2544 sanctuario
1643 2528 1693 2544 meo
1711 2526 1753 2544 etc.
1766 2534 1797 2538 ——
1810 2523 1852 2544 l‘ro
1869 2522 1932 2551 qnod
1951 2523 2028 2545 tamen

1182 2560 1251 2582 codd.
1267 2560 1284 2581 A
1295 2561 1311 2582 1<
1332 2566 1400 2590 quem
1418 2560 1529 2583 multum.

1244 2599 1253 2613 ⁶
1271 2599 1310 2621 Hic
1328 2605 1346 2621 c.
1366 2601 1386 2621 2.
1400 2613 1429 2615 —
1443 2601 1495 2622 Post
1511 2606 1584 2627 pauca
1603 2606 1645 2628 pro
1663 2599 1800 2623 attendatur
1812 2600 1879 2622 codd.
1898 2600 1932 2622 lK
1943 2599 2027 2622 LUbb
2058 2612 2061 2614 ·

1182 2637 1319 2660 attenditur.

1245 2677 1254 2690 ⁷
1272 2678 1311 2699 Hic
1328 2683 1346 2699 c.
1366 2679 1386 2699 2.
1400 2690 1430 2693 —-
1443 2678 1511 2700 Paulo
1528 2682 1579 2700 ante
1598 2684 1640 2706 pro
1658 2677 1794 2700 innituntur
1811 2677 1848 2701 Itis
1865 2678 1915 2700 cod.
1934 2679 1949 2700 Z
1970 2678 2029 2701 bene

1182 2715 1318 2738 innitimini·
1336 2716 1366 2739 Iti.

1245 2754 1254 2769 ⁸
1271 2755 1325 2783 Cap.
1346 2756 1380 2778 48.
1400 2762 1420 2778 n.
1440 2756 1482 2778 93:
1500 2756 1525 2777 Et
1543 2757 1598 2778 haec
1616 2759 1647 2778 est
1667 2756 1765 2784 perfecta
1779 2757 1875 2784 iustitia,
1890 2763 1935 2785 qua
1953 2757 2029 2784 potius

1182 2795 1269 2821 potiora
1292 2798 1313 2816 et
1330 2796 1406 2817 miuus
1423 2796 1511 2817 minora
1530 2795 1654 2823 diligimus.

1244 2833 1253 2847 '³
1271 2834 1310 2855 Itu:
1328 2840 1346 2855 c.
1366 2835 1391 2861 ἱ),
1410 2834 1448 2856 ubi
1466 2837 1488 2856 ot
1504 2834 1577 2856 verba
1596 2834 1709 2856 ambrosii
1732 2834 1855 2863 (Origenis)
1874 2835 2028 2856 inveniuntur.

1182 2871 1225 2893 (luz
1240 2872 1356 2900 izei-nard..
1370 2874 1442 2895 Sei-m.
1456 2874 1477 2895 in
1491 2873 1575 2896 Cautio.
1588 2880 1656 2895 serm.
1670 2873 1706 2895 50.
1719 2880 1740 2895 n.
1754 2874 1774 2895 2.
1785 2880 1857 2902 seqq.7
1868 2877 1890 2895 et
1901 2873 2028 2896 Commeat.

1182 2912 1203 2932 iu
1222 2912 1305 2933 (Iantir.
1324 2919 1350 2934 ex
1369 2912 1485 2934 Bernardo
1503 2912 1574 2940 (iuter
1592 2919 1661 2940 opera
1675 2912 1811 2941 Bernardi)⁷
1831 2919 1850 2934 u.
1869 2913 1905 2934 33.
1920 2926 1949 2928 ἡ
1961 2913 2029 2935 Paulo

1182 2953 1234 2978 post
1252 2957 1293 2978 pro
1310 2951 1379 2980 prius
1397 2951 1449 2973 edd.
1467 2951 1552 2981 primo.

1247 2989 1264 3003 10
1283 2990 1322 3011 uit·
1339 2990 1360 3011 in
1380 2990 1408 3011 iu.
1428 2991 1537 3018 Magistri,
1556 2996 1575 3012 c.
1594 2982 1632 3012 es
