2166 3366
138 291 251 320 scientia
273 291 374 320 Christi
398 291 424 319 in
446 291 584 320 infinitum
610 291 747 320 excedere
770 292 898 320 scientias
919 292 983 320 alia-

16 344 124 365 ..imam
140 347 201 367 rum
224 338 399 371 animarum,
414 346 468 366 non
484 337 548 375 quia
564 337 659 366 lumen
675 337 775 365 Christi
793 337 819 365 in
842 338 982 366 infinitum

138 386 173 415 sit
195 385 284 414 maius
306 385 332 413 in
354 388 417 413 actu
444 392 528 422 quam
560 384 654 413 lumen
676 384 795 412 aliarum
810 384 982 419 animarum,

138 432 186 461 sed
208 431 274 468 quia
288 431 380 468 ipsun]
396 430 519 460 Verbum
534 434 679 459 aeternum
696 430 722 458 in
739 430 877 459 infinitum
893 439 983 467 pron]-

139 479 213 516 ptius
234 486 263 507 se
284 478 400 506 exhibet
424 477 459 506 ad
490 477 721 506 manifestandum
751 485 784 506 ea
811 486 882 514 quae
904 478 930 506 in
953 485 982 506 se

138 525 233 559 habet,
255 524 305 562 ipsi
327 524 435 552 animae
457 524 557 552 Christi
579 531 664 560 quam
686 524 767 552 alicui
794 524 840 552 alii
863 524 980 553 animae.

218 573 243 600 5.
266 571 303 600 Ad
326 571 396 599 illud
418 570 493 607 quod
515 570 659 604 obiicitur,
675 570 750 607 quod
772 570 865 598 anima
880 570 981 599 Christi

138 627 192 647 non
223 621 313 655 potest
346 625 511 654 cognoscere
542 617 756 646 immensitatem
790 617 980 654 limpiditatis¹

137 665 300 702 cognitionis
322 664 447 698 divinae,
470 672 536 700 ergo
551 672 601 692 nec
617 664 829 692 immensitatem
852 667 981 701 respectu

137 711 378 748 cognoscibilium;
399 710 562 744 dicendum,
585 711 660 747 quod
683 718 737 739 non
758 714 800 739 est
822 710 911 739 simile
933 711 982 739 du-

39 764 93 784 natio
106 765 124 783 1.
136 758 202 795 plici
223 766 258 786 ex
291 765 392 786 causa:
415 765 470 785 una
502 757 632 794 quidem,
653 757 718 794 quia
740 757 832 785 anima
863 756 981 790 Christi,

137 804 274 841 quidquid
295 804 434 840 cognoscit
449 803 476 831 in
493 803 590 831 habitu
611 803 645 831 de
662 803 723 839 ipso
745 803 832 831 Verbo
853 806 980 836 aeterno,

137 850 276 887 cognoscit
297 850 323 878 in
346 852 425 883 actu,
447 857 511 878 cum
538 849 656 886 cognitio
689 849 775 886 ipsius
796 849 878 877 Verbi
902 849 929 877 in
952 856 981 877 se

137 897 172 926 sit
193 897 228 926 de
248 898 366 926 essentia
388 896 507 933 gloriae3
529 904 582 924 non
605 895 644 924 sic
665 899 758 924 autern
774 898 815 924 est
837 895 871 924 de
892 895 981 932 cogni-

138 944 210 972 tione
230 943 363 972 aliamim
384 951 503 976 reram,
525 950 596 979 quae
619 942 743 971 relucent
761 942 786 970 in
809 941 901 971 Verbo
912 941 928 969 ².
941 956 980 961 —

39 997 94 1016 natio
106 997 124 1015 ι).
141 990 315 1023 Praeterea,
338 990 430 1026 ipsum
452 989 575 1018 Verbum
606 992 647 1017 est
679 988 834 1022 infinitum,
856 991 882 1017 et
903 988 982 1025 quid-

136 1037 204 1074 quid
226 1037 260 1065 de
281 1036 372 1065 Verbo
393 1036 573 1072 intelllgitur,
590 1038 677 1064 totum
693 1038 734 1064 est
750 1035 903 1068 infinitumg
926 1043 981 1063 non

137 1084 176 1113 sic
196 1087 289 1112 autem
312 1087 353 1112 est
368 1083 402 1111 de
418 1082 650 1119 cognoscibilibus
665 1081 794 1116 infinitis⁷
810 1082 875 1118 qnia
896 1081 982 1118 quod-

139 1130 204 1159 libet
225 1130 350 1167 ipsorum
373 1130 400 1158 in
422 1137 451 1158 se
473 1123 582 1157 finitum
614 1132 655 1158 est
683 1132 710 1157 et
738 1128 864 1165 cognosci
891 1131 981 1165 potest

136 1186 153 1205 a
173 1176 329 1206 substantia
350 1180 377 1205 et
399 1176 501 1204 virtute
523 1176 599 1204 finita
624 1178 652 1204 et
674 1176 812 1205 mediante
834 1175 930 1204 habitu
953 1175 982 1203 fi-

138 1224 202 1252 nito.
225 1224 302 1253 Unde
322 1223 451 1261 quamvis
472 1222 565 1256 anima
585 1222 687 1251 Christi
710 1226 857 1259 cognoscat
887 1222 981 1250 onmia

136 1278 208 1308 quae
229 1270 353 1299 Verbum
375 1269 526 1306 cognoscin
557 1277 701 1306 nunquam
731 1272 822 1298 tamen
843 1272 981 1306 aequatur

137 1317 160 1346 ei
184 1317 210 1346 in
232 1317 401 1353 cognitione,
423 1317 488 1353 quia
510 1324 653 1353 nunqnam
677 1316 720 1344 illa
743 1316 836 1344 omnia
858 1324 981 1352 compre-

138 1363 235 1392 hendit
255 1362 428 1396 acceia-liter,
460 1362 615 1392 secundum
644 1362 717 1399 qnod
742 1362 832 1399 ipsum
856 1362 979 1391 Verbum

137 1413 283 1438 aeternum
306 1417 356 1446 pro
387 1417 443 1438 uno
475 1413 589 1446 aspectu
621 1409 655 1438 de
677 1409 807 1437 omnibus
829 1408 933 1437 iudicat
954 1412 980 1437 et

137 1457 230 1485 omnia
251 1457 384 1485 intuetur.

216 1503 241 1531 6.
264 1503 300 1531 Ad
324 1502 393 1531 illud
415 1502 489 1539 quod
512 1502 650 1535 obiicitur,
672 1502 746 1539 quod
762 1503 855 1530 anima
869 1502 980 1536 Christi,

136 1549 267 1587 quamvis
288 1549 323 1578 sit
338 1549 415 1578 unita
431 1549 536 1583 Verbo,
557 1557 611 1577 non
633 1553 723 1577 tamen
740 1553 793 1583 est,
809 1549 979 1586 ubicumque

136 1599 179 1625 est
199 1596 338 1630 Verbum,
360 1604 426 1633 ergo
447 1604 497 1624 nec
518 1596 637 1632 cognitio
658 1596 692 1624 ad
714 1595 825 1624 omnia³
847 1603 918 1632 quae
939 1604 981 1624 co-

27 1651 122 1670 orandum.
136 1643 243 1680 gnosc-it
273 1643 410 1676 Vei-bu1n3
442 1642 604 1677 dicendum,
636 1642 711 1680 quod
737 1651 790 1671 non
812 1646 854 1671 est
874 1642 979 1677 simile,

137 1690 268 1726 quoniam
291 1697 350 1717 esse
372 1688 418 1717 hie
439 1689 482 1717 vel
505 1689 546 1717 z'bz'
565 1688 631 1717 dicit
655 1692 755 1717 aetam
777 1688 933 1722 existendi;
954 1691 981 1717 et

137 1736 208 1771 ideo,
229 1736 252 1765 si
266 1736 358 1764 anima
372 1736 472 1764 Christi
488 1738 575 1770 esset,
591 1735 761 1773 ubicumque
779 1738 821 1764 est
842 1735 980 1769 Verbum,

137 1782 191 1812 iam
213 1785 286 1811 esset
306 1782 454 1816 immensa,
475 1785 502 1810 et
523 1781 671 1810 existentia
692 1781 752 1810 eius
773 1781 980 1818 adaequaretur

137 1829 300 1858 existentiae
322 1829 414 1858 Verbi.
436 1828 493 1857 Non
516 1829 554 1857 sic
575 1832 669 1857 autem
691 1832 732 1857 est
754 1829 788 1857 de
809 1828 980 1865 cognitione,

137 1877 267 1914 quoniam
290 1876 377 1904 multa
398 1875 538 1913 cognoscit
565 1876 657 1904 anima
685 1875 784 1904 Christi
808 1875 839 1903 in
861 1874 979 1909 habita,

135 1931 208 1960 quae
229 1930 371 1959 nunquam
393 1921 579 1951 considerabit
600 1921 631 1949 in
662 1925 749 1955 aelim
771 1922 832 1950 ideo
854 1929 904 1951 nec
930 1929 980 1958 per

136 1970 188 1999 hoc
208 1970 321 2006 ponitur
335 1969 508 2006 adaequatio,
523 1976 571 1997 nec
587 1969 699 2005 ponitur
714 1969 886 1997 immensitas
907 1968 981 1997 circa

137 2016 286 2053 potentiam
308 2016 369 2044 eius
390 2015 612 2052 cognoscitivam.

215 2064 241 2091 7.
263 2063 300 2092 Ad
318 2062 386 2091 illud
403 2062 475 2099 quoi]
493 2062 631 2096 obiicitur,
653 2062 726 2099 quod
743 2062 905 2099 simplicitas
926 2062 981 2090 ani-

137 2118 198 2139 mae
219 2118 362 2147 nunquam
384 2109 510 2138 elevatur
530 2109 565 2138 ad
594 2109 798 2145 simplicitatem
820 2109 921 2143 Verbi;
943 2109 981 2137 di-

136 2157 272 2191 cendum,
294 2157 368 2194 quod
391 2156 461 2185 illud
482 2156 600 2184 verbum
623 2155 786 2193 intelligitur
801 2164 855 2184 non
871 2159 979 2185 tantum

136 2203 171 2233 de
192 2203 346 2245 cognitione
367 2202 528 2236 habituali,
550 2210 649 2231 verum
671 2203 753 2231 etiam
776 2203 811 2231 de
825 2203 980 2231 considera—

743 194 833 242 DtST.
848 214 912 243 XIV.
935 215 1007 242 ART.
1029 215 1058 243 lt.
1081 215 1214 251 QUAEST.
1238 215 1277 243 111.

1829 217 1884 245 317

1040 293 1113 321 tione
1134 293 1265 326 aclziali;
1286 296 1313 321 et
1334 296 1469 330 quantum
1492 293 1525 321 ad
1549 293 1601 322 hoc
1623 301 1722 322 verum
1737 298 1791 328 est,
1808 295 1883 331 quoil

1039 347 1183 376 nunquam
1205 339 1297 367 anima
1318 339 1442 368 ascendit
1463 339 1498 368 ad
1522 343 1559 368 tot
1581 340 1795 374 consideranda,
1817 344 1884 378 quot

1040 385 1131 422 ipsum
1154 386 1277 414 Verbum
1300 386 1465 415 considerat.
1496 386 1526 414 Et
1546 386 1574 414 si
1595 390 1625 415 ta
1647 386 1786 421 obiicias,
1808 388 1884 425 quod

1040 440 1089 461 nec
1111 432 1211 461 hahita
1233 441 1283 462 nec
1314 437 1383 461 (tela
1416 434 1527 462 videtur
1559 442 1639 471 posse
1662 424 1820 471 pertingere
1848 435 1883 463 ad

1039 480 1130 508 omnia
1162 487 1233 517 quae
1266 480 1389 509 Verbum
1420 481 1575 517 cognoscit,
1597 489 1661 509 cum
1692 482 1719 510 in
1753 482 1885 511 omnibus

1038 525 1151 554 Creator
1173 526 1291 555 excedat
1312 530 1485 561 creaturamg
1515 527 1680 562 dicendum,
1712 528 1786 565 quod
1809 529 1882 557 sicut

1039 572 1144 600 dictum
1166 572 1230 606 fuit,
1252 571 1412 601 habitualis
1434 574 1552 610 cognitio
1568 574 1740 602 infinitorum
1763 583 1817 602 non
1840 583 1884 611 po-

1038 619 1078 647 nit
1099 618 1262 647 infinitatem
1294 619 1321 646 in
1352 618 1453 647 habita
1485 620 1680 656 cognoscendi;
1701 623 1728 649 et
1750 621 1811 650 ideo
1833 629 1882 650 nec

1038 665 1114 701 ponit
1129 665 1358 701 adaequationem
1376 665 1463 702 ipsius
1478 666 1641 702 cognitionis
1657 667 1765 696 animae
1780 667 1882 696 Christi

1039 715 1167 748 respectu
1189 711 1352 747 cognitionis
1374 711 1461 748 ipsius
1483 713 1574 741 Verbi.
1875 740 1878 744 ,

1119 758 1146 785 8.
1168 757 1205 785 Ad
1229 757 1299 786 illud
1331 758 1405 794 quod
1438 758 1600 794 quaeritur,
1632 767 1681 795 per
1702 760 1769 796 quid
1791 761 1885 788 anima

1039 803 1139 832 Christi
1161 807 1308 840 cognoscat
1323 804 1332 818 ⁴
1353 804 1446 832 onmia
1477 813 1548 841 quae
1575 806 1714 842 cognoscit
1746 807 1884 841 Verbum3

1038 849 1201 884 dicendum,
1223 849 1298 886 quod
1320 857 1369 886 per
1391 850 1486 879 lumen
1501 851 1614 887 aliquod
1630 851 1681 879 sibi
1703 851 1816 885 datum;
1832 853 1884 881 hoc
1899 859 2012 878 Notandum.

1038 899 1131 924 autem
1154 904 1207 924 non
1229 900 1283 929 est,
1305 897 1371 933 quia
1390 896 1485 925 lumen
1508 897 1576 926 illud
1593 898 1628 926 sit
1650 897 1812 934 insinuant,
1835 899 1883 928 sed

1039 943 1105 980 quia
1125 946 1167 971 est
1188 943 1228 971 aa
1250 942 1367 979 infinita
1397 943 1513 972 scibilia
1535 949 1738 981 comparatam
1771 949 1883 982 propter

1038 990 1288 1026 promptitudinem
1310 990 1481 1027 exemplaris
1502 991 1553 1019 sibi
1576 991 1656 1020 uniti.

1118 1037 1144 1064 9.
1166 1036 1204 1065 Ad
1227 1036 1296 1064 illud
1319 1044 1385 1065 vero
1414 1037 1488 1074 quod
1521 1037 1620 1066 ultimo
1641 1038 1786 1072 obiicitur,
1808 1039 1883 1075 quod

1039 1082 1065 1110 in
1087 1082 1241 1119 cognitione
1262 1086 1304 1112 est
1335 1084 1456 1120 receptio
1492 1087 1518 1112 et
1546 1084 1694 1118 iudicium;
1717 1085 1883 1120 dicendum,

1038 1129 1113 1166 quod
1136 1129 1203 1157 illud
1228 1129 1390 1167 intelligitur
1407 1130 1441 1159 de
1464 1130 1578 1159 actuali
1598 1131 1832 1163 consideratione;
1848 1131 1882 1160 de
1898 1138 2011 1157 Notandum.

1038 1174 1185 1204 habilaali
1205 1181 1298 1205 autem
1321 1185 1375 1205 non
1397 1180 1438 1205 est
1460 1184 1573 1211 verum,
1594 1177 1669 1214 quod
1696 1177 1759 1214 quis
1780 1178 1883 1206 iudicet

1038 1222 1069 1250 in
1089 1227 1158 1251 aeia
1181 1223 1215 1251 de
1230 1223 1361 1252 omnibus
1380 1232 1452 1260 quae
1478 1224 1554 1252 novit
1570 1224 1600 1252 in
1615 1223 1726 1257 habitu,
1742 1225 1790 1252 sed
1807 1224 1882 1261 quod

1036 1273 1127 1306 potest
1148 1273 1174 1298 et
1196 1270 1279 1298 habet
1300 1270 1458 1299 facultatem
1483 1271 1621 1299 iudicandi
1646 1279 1695 1308 per
1713 1272 1822 1309 aliquas
1844 1280 1885 1300 ra-

1039 1317 1138 1350 tiones,
1160 1325 1231 1353 quae
1253 1316 1305 1345 sibi
1331 1316 1429 1345 insitae
1458 1320 1523 1345 sunt
1551 1317 1585 1345 ad
1609 1317 1676 1350 hoc,
1698 1318 1772 1354 quod
1796 1318 1883 1355 possit

1038 1363 1162 1392 iudicare
1185 1363 1218 1391 de
1241 1363 1294 1391 illis
1316 1363 1519 1400 cognitionibus
1532 1363 1551 1391 ⁵.

1118 1410 1149 1438 Ut
1171 1410 1254 1446 igitur
1276 1418 1386 1438 summa
1409 1410 1633 1447 praedictorum,
1649 1419 1720 1447 quae
1741 1411 1882 1448 prolixius
1896 1418 1990 1441 Epilogus-

1037 1456 1111 1485 dicta
1122 1460 1199 1489 sunt,
1215 1457 1329 1486 brevius
1344 1458 1559 1494 perstringatur,
1576 1458 1725 1486 tenendum
1742 1461 1791 1492 est,
1807 1458 1883 1495 quod

1037 1503 1130 1531 anima
1151 1503 1252 1532 Christi
1275 1502 1453 1532 habitualem
1475 1504 1658 1541 cognitionem
1692 1504 1775 1533 habet
1797 1504 1884 1532 infmi-

1038 1553 1129 1578 torum
1162 1553 1188 1578 et
1219 1550 1343 1578 onmium
1379 1558 1476 1579 eorum
1514 1558 1585 1588 quae
1618 1551 1757 1587 cognoscit
1790 1551 1882 1588 ipsum

1038 1595 1162 1625 Verbum
1184 1596 1234 1625 sibi
1266 1597 1390 1629 unitum,
1423 1597 1485 1626 licet
1515 1605 1569 1625 non
1598 1597 1697 1626 habeat
1718 1597 1883 1630 actualem,-

1038 1646 1065 1671 et
1086 1643 1133 1671 illa
1154 1643 1267 1680 quidem
1290 1642 1450 1671 habitualis
1471 1644 1589 1680 cognitio
1618 1652 1672 1672 non
1698 1644 1774 1681 ponit
1796 1644 1883 1672 intini-

1037 1692 1121 1718 tatem
1143 1689 1281 1718 actualem
1304 1690 1331 1718 in
1364 1690 1422 1727 ipso
1455 1689 1556 1719 habitu
1580 1691 1620 1719 vel
1644 1691 1671 1718 in
1690 1691 1820 1727 potentia
1841 1699 1883 1720 co-

1037 1740 1202 1773 gnoscente,
1224 1737 1272 1765 sed
1301 1737 1392 1765 solum
1422 1737 1449 1765 in
1476 1737 1591 1765 ratione
1613 1737 1816 1775 colqnoseencli,
1838 1738 1883 1766 vel

1038 1783 1065 1811 in
1089 1783 1309 1820 comparatione
1330 1783 1442 1812 habitus
1458 1784 1640 1821 cognoscendi
1655 1784 1690 1812 ad
1712 1785 1772 1821 ipsa
1787 1792 1883 1821 cogno-

1037 1829 1152 1858 scibilia.
1184 1846 1222 1850 -
1254 1829 1330 1858 Hunc
1361 1833 1454 1858 autem
1488 1834 1600 1859 sextum
1634 1831 1749 1859 modum
1771 1831 1879 1860 dicendi
1892 1836 2023 1878 Rraatffibrqtggm

1038 1877 1126 1913 magis
1146 1880 1262 1905 conatus
1283 1884 1344 1905 sum
1375 1880 1468 1906 tenere
1497 1885 1583 1914 quam
1604 1878 1733 1915 quintum
1755 1895 1794 1898 —
1819 1864 2002 1924 licetlgffifflldus

1037 1923 1152 1960 quintus
1173 1923 1207 1952 sit
1228 1923 1335 1952 facilior
1355 1924 1390 1952 ad
1414 1924 1610 1952 sustinendum
1626 1941 1664 1944 —
1685 1927 1744 1952 tum
1767 1927 1882 1961 propter

1037 1970 1217 1998 auctoritates
1237 1971 1401 1998 Sanctorum
1412 1970 1430 2004 ⁶,
1453 1970 1556 2007 quibus
1571 1974 1612 1999 est
1635 1971 1660 1998 in
1682 1971 1779 1999 arduis
1801 1978 1883 2007 quae-

1037 2017 1174 2046 stionibus
1195 2018 1345 2054 praecipue
1366 2017 1558 2051 innitendum,
1585 2021 1643 2046 tum
1666 2017 1748 2046 etiam
1771 2026 1821 2054 pro
1843 2026 1883 2046 re-

1037 2063 1162 2092 verentia
1176 2064 1237 2092 lesu
1253 2064 1367 2097 Christi,
1383 2064 1464 2093 cuius
1484 2064 1606 2098 animae,
1622 2067 1881 2101 quantumcumque

1037 2110 1187 2147 sapientiae
1209 2113 1236 2139 et
1257 2111 1361 2147 gratiae
1377 2119 1538 2147 possumus,
1561 2111 1696 2139 debemus
1717 2111 1879 2145 attribuere,

1036 2159 1063 2185 et
1077 2164 1164 2193 supra
1178 2157 1260 2184 etiam
1277 2164 1360 2193 quain
1377 2157 1572 2194 intelligimus,
1587 2157 1621 2185 ad
1645 2157 1732 2194 ipsius
1754 2165 1880 2186 reveren-

1038 2203 1102 2231 tiam
1125 2207 1152 2232 et
1174 2203 1317 2232 honorem.

877 2305 1138 2341 SCHOLION.

200 2408 214 2430 t.
233 2408 377 2436 Antiquiores
394 2407 537 2435 Scholastici‚
555 2410 579 2429 ut
596 2407 701 2435 Magister
722 2408 767 2434 (hie
784 2413 802 2429 e⁴
826 2407 865 2435 1.),
884 2407 950 2434 Hugo
968 2413 979 2428 a

137 2446 160 2469 S.
178 2447 269 2469 Victore
287 2446 346 2474 (loeo
364 2447 385 2468 in
403 2452 466 2474 corp.
484 2446 545 2474 cit.),
564 2445 668 2468 Gulielm.
686 2445 889 2468 Autissiodorensis
906 2446 980 2471 (Sum.

138 2491 205 2507 aurea
224 2491 246 2513 p.
264 2485 297 2506 ΙΙΙ.
315 2489 340 2507 tr.
363 2485 380 2506 1.
398 2491 416 2506 c.
434 2484 466 2512 5.)
483 2483 508 2506 el'
522 2484 545 2506 B.
563 2483 647 2506 Albert.
666 2484 711 2511 (hic
723 2490 742 2506 a.
760 2484 800 2512 t.)‚
818 2483 921 2506 solebant
933 2484 981 2505 sine

138 2524 280 2546 distinctione
292 2529 405 2550 asserere,
418 2523 518 2545 animam
530 2522 611 2544 Christi
625 2528 764 2550 cognoscere
777 2524 819 2550 tot,
836 2524 892 2550 quot
905 2523 980 2549 ipsum

140 2561 242 2584 Verbum
260 2562 392 2590 eognoscit;
411 2564 484 2583 tamen
503 2561 608 2589 Magister
625 2562 692 2582 etiam
706 2560 825 2587 observat,
844 2561 980 2582 contrariam

137 2601 234 2623 aliorum
251 2600 321 2623 inisse
338 2601 477 2628 opinionem.
496 2600 573 2622 Nullus
590 2602 666 2621 autem
685 2600 751 2622 trium
776 2599 912 2626 modorum,
935 2605 981 2628 qno

139 2640 197 2661 bane
213 2640 274 2661 viam
293 2638 377 2661 diversi
394 2638 506 2665 explicare
524 2638 657 2665 voluerunt,
671 2637 796 2665 probabilis
807 2644 857 2659 esse
869 2640 981 2660 censetur.

138 2690 170 2694 —
186 2678 244 2700 Tres
260 2678 316 2699 aliae
333 2678 453 2705 opiniones
470 2677 506 2698 hie
522 2677 645 2699 recensitae
657 2676 800 2699 concorditer
812 2678 923 2704 statuunt,
937 2682 980 2698 non

1037 2413 1087 2429 esse
1106 2408 1272 2435 necessarium,
1290 2407 1353 2435 quod
1370 2407 1452 2429 videns
1470 2407 1572 2429 Verbum
1598 2407 1675 2429 videat
1694 2408 1782 2435 omnia,
1800 2408 1878 2430 saltem

1038 2448 1100 2473 actu,
1120 2452 1179 2474 quae
1197 2447 1218 2467 in
1237 2447 1286 2473 ipso
1303 2449 1366 2473 sunt,
1384 2447 1455 2468 immo
1473 2446 1610 2473 tenendum,
1628 2446 1691 2474 quod
1708 2452 1789 2474 reapse
1806 2447 1880 2468 omnis

1038 2484 1162 2506 intellectus
1180 2488 1269 2506 creatus
1287 2490 1330 2507 non
1349 2491 1373 2506 se
1390 2485 1494 2507 extendat
1506 2485 1534 2507 ad
1547 2484 1635 2508 obiecta
1648 2485 1732 2513 omnia,
1749 2492 1808 2514 quae
1820 2492 1880 2508 com-

1038 2523 1143 2550 plectitur
1160 2523 1285 2545 intellectus
1303 2523 1406 2551 divinus,
1424 2527 1445 2545 et
1463 2524 1505 2545 hoc
1523 2523 1553 2545 ob
1578 2524 1676 2546 rationes
1698 2524 1734 2545 hir
1751 2523 1779 2546 ad
1797 2530 1879 2552 oppos.

1038 2561 1125 2583 relatas.
1144 2561 1199 2583 ilinc
1216 2568 1227 2583 a
1246 2564 1348 2589 tempore
1373 2562 1492 2584 Alexandri
1511 2562 1557 2584 Hal.
1578 2562 1744 2584 distinctionem
1763 2563 1799 2584 liic
1816 2563 1880 2585 adhi-

1038 2599 1137 2621 bendam
1155 2606 1205 2621 esse
1222 2601 1374 2622 communiter
1399 2604 1543 2623 censuerunt.
1563 2600 1635 2622 Prima
1653 2604 1728 2622 autom
1747 2601 1878 2623 huiusmodi

1037 2637 1150 2660 distinctio
1169 2639 1214 2664 (bic
1231 2639 1307 2666 opinio
1329 2638 1367 2667 4.),
1385 2645 1444 2667 quae
1466 2639 1585 2666 supponit,
1612 2639 1716 2661 scientias
1740 2638 1835 2662 'arnonis
1858 2644 1879 2661 et

1037 2676 1251 2706 comprehensionis
1268 2683 1318 2699 esse
1342 2676 1448 2704 specifice
1469 2676 1583 2703 diversas,
1601 2677 1622 2698 in
1641 2683 1664 2699 se
1682 2677 1729 2704 ipsa
1748 2677 1820 2699 inanis
1843 2677 1878 2699 vel

202 2802 208 2816 ¹
227 2801 299 2824 nond.
317 2802 333 2824 N
344 2802 372 2823 W
383 2801 414 2824 bb
430 2801 554 2824 subiiciunt
570 2800 663 2825 scilicet.

201 2840 211 2855 ²
227 2840 272 2863 Cir.
290 2844 377 2869 quaest.
396 2840 501 2868 praeced.

201 2879 211 2895 ³
228 2880 330 2908 simple:
347 2883 388 2902 cst.
405 2892 436 2896 --
453 2879 508 2901 ΙίὼΙ.
525 2884 581 2908 erqo
604 2885 645 2902 mc
667 2879 785 2909 euanescit
806 2878 892 2902 omma.
916 2879 979 2901 Circa

140 2919 209 2941 tinem
226 2919 291 2941 solut.
309 2919 376 2941 codd.
390 2918 430 2940 Fit
441 2919 458 2940 ll
470 2918 510 2940 LN
522 2918 539 2940 T
558 2918 653 2940 voculae
670 2917 720 2940 ideo
738 2918 866 2946 praefigunt
883 2919 911 2941 rt.

203 2957 211 2971 ⁴
229 2957 300 2980 Coild.
318 2959 336 2979 G
347 2959 352 2979 Ι
365 2958 381 2980 Κ
394 2958 409 2979 Ι,
419 2958 437 2979 Τ
448 2958 463 2979 Z
473 2964 498 2979 aa
509 2957 540 2979 bb
558 2957 682 2987 caunos-cit.

203 2995 213 3010 ⁵
229 2996 273 3018 Cir.
290 3002 360 3024 supra
378 3004 397 3018 a.
421 2998 437 3018 Ι,
455 3004 476 3025 q.
495 2997 515 3018 3.
534 2997 562 3018 ad
580 2997 600 3018 6.
614 3009 643 3012 -
661 2996 702 3018 Pro
719 2995 890 3026 cognitionibus
913 2996 980 3019 eodtl.

1036 2802 1080 2824 ΛΗ
1092 2802 1109 2823 t<
1121 2801 1167 2823 ΜΟ
1179 2802 1194 2824 U
1206 2802 1224 2824 V
1234 2801 1265 2824 hb
1283 2800 1482 2831 coqitoscibilibas.
1502 2801 1569 2823 Paulo
1587 2802 1680 2824 interius
1697 2805 1748 2829 post
1763 2801 1879 2831 perstriu-

1035 2841 1108 2869 yular·
1125 2840 1175 2862 cod.
1194 2840 1208 2862 F
1225 2840 1287 2862 addit
1304 2839 1331 2862 tle
1348 2839 1478 2869 coynilione
1497 2839 1592 2863 animae
1610 2839 1709 2868 Christi,
1734 2843 1755 2862 et
1774 2841 1877 2868 proxime

1037 2883 1087 2907 post
1110 2886 1151 2907 pro
1174 2878 1298 2902 tenendam
1320 2879 1373 2901 edd.
1394 2885 1447 2901 eum
1469 2879 1584 2908 aliquibus
1606 2879 1672 2901 codd.
1696 2879 1803 2902 exhibent
1823 2885 1878 2903 con-

1037 2917 1171 2941 ιτριῐυηιΙιιηι.

1098 2956 1108 2971 ⁶
1125 2956 1169 2979 co.
1183 2963 1251 2984 supra
1265 2963 1317 2985 pag.
1331 2956 1383 2985 314,
1396 2959 1446 2979 nota
1465 2959 1486 2980 t).
1498 2969 1529 2974 —-
1542 2957 1609 2979 Paulo
1627 2957 1720 2979 interius
1732 2963 1774 2985 pro
1787 2957 1878 2987 yraliae

1036 2996 1088 3019 odd.
1107 2995 1209 3025 βίοι-ωε,
1228 2998 1249 3018 et
1267 3002 1308 3024 pro
1324 3001 1451 3025 possumus
1468 2995 1535 3019 codd.
1554 2996 1620 3018 tLaa
1631 3002 1656 3019 cc
1671 2995 1798 3025 possimus.
