<?xml version="1.0" encoding="UTF-8"?>
<!DOCTYPE html PUBLIC "-//W3C//DTD XHTML 1.0 Transitional//EN"
    "http://www.w3.org/TR/xhtml1/DTD/xhtml1-transitional.dtd">
<html xmlns="http://www.w3.org/1999/xhtml" xml:lang="en" lang="en">
 <head>
  <title>
</title>
<meta http-equiv="Content-Type" content="text/html;charset=utf-8" />
  <meta name='ocr-system' content='tesseract 3.04.00' />
  <meta name='ocr-capabilities' content='ocr_page ocr_carea ocr_par ocr_line ocrx_word'/>
</head>
<body>
  <div class='ocr_page' id='page_1' title='image "./doctorisseraphic03bona_0352.png"; bbox 0 0 2166 3366; ppageno 0'>
   <div class='ocr_carea' id='block_1_1' title="bbox 136 2307 248 2331">
    <p class='ocr_par' dir='ltr' id='par_1_1' title="bbox 136 2307 248 2331">
     <span class='ocr_line' id='line_1_1' title="bbox 136 2307 248 2331; baseline -0.018 -5"><span class='ocrx_word' id='word_1_1' title='bbox 136 2307 165 2326; x_wconf 73' lang='lat' dir='ltr'>Ad</span> <span class='ocrx_word' id='word_1_2' title='bbox 178 2307 248 2331; x_wconf 84' lang='lat' dir='ltr'>opposi-</span> 
     </span>
    </p>
   </div>
   <div class='ocr_carea' id='block_1_2' title="bbox 262 196 317 226">
    <p class='ocr_par' dir='ltr' id='par_1_2' title="bbox 262 196 317 226">
     <span class='ocr_line' id='line_1_2' title="bbox 262 196 317 226; baseline 0.018 -1"><span class='ocrx_word' id='word_1_3' title='bbox 262 196 317 226; x_wconf 83' lang='lat'>330</span> 
     </span>
    </p>
   </div>
   <div class='ocr_carea' id='block_1_3' title="bbox 937 196 1332 226">
    <p class='ocr_par' dir='ltr' id='par_1_3' title="bbox 937 196 1332 226">
     <span class='ocr_line' id='line_1_3' title="bbox 937 196 1332 226; baseline 0.005 -2"><span class='ocrx_word' id='word_1_4' title='bbox 937 196 1190 226; x_wconf 73' lang='lat' dir='ltr'>SENTENTIARUM</span> <span class='ocrx_word' id='word_1_5' title='bbox 1211 197 1270 226; x_wconf 92' lang='lat' dir='ltr'>LlB.</span> <span class='ocrx_word' id='word_1_6' title='bbox 1293 198 1332 226; x_wconf 90' lang='lat' dir='ltr'>III.</span> 
     </span>
    </p>
   </div>
   <div class='ocr_carea' id='block_1_4' title="bbox 993 321 1275 356">
    <p class='ocr_par' dir='ltr' id='par_1_4' title="bbox 993 321 1275 356">
     <span class='ocr_line' id='line_1_4' title="bbox 993 321 1275 356; baseline 0.004 -1"><span class='ocrx_word' id='word_1_7' title='bbox 993 321 1227 356; x_wconf 86' lang='lat' dir='ltr'>ARTICULUS</span> <span class='ocrx_word' id='word_1_8' title='bbox 1252 324 1275 356; x_wconf 93' lang='lat' dir='ltr'>I.</span> 
     </span>
    </p>
   </div>
   <div class='ocr_carea' id='block_1_5' title="bbox 750 415 1521 455">
    <p class='ocr_par' dir='ltr' id='par_1_5' title="bbox 750 415 1521 455">
     <span class='ocr_line' id='line_1_5' title="bbox 750 415 1521 455; baseline 0.003 -11"><span class='ocrx_word' id='word_1_9' title='bbox 750 417 791 444; x_wconf 90' lang='lat' dir='ltr'>De</span> <span class='ocrx_word' id='word_1_10' title='bbox 812 415 969 454; x_wconf 72' lang='lat' dir='ltr'>defectibus</span> <span class='ocrx_word' id='word_1_11' title='bbox 990 417 1132 445; x_wconf 77' lang='lat' dir='ltr'>assumtis</span> <span class='ocrx_word' id='word_1_12' title='bbox 1153 425 1172 445; x_wconf 86' lang='grc' dir='ltr'><em>α</em></span> <span class='ocrx_word' id='word_1_13' title='bbox 1195 416 1310 446; x_wconf 80' lang='lat' dir='ltr'>Christo</span> <span class='ocrx_word' id='word_1_14' title='bbox 1331 418 1360 445; x_wconf 82' lang='lat' dir='ltr'>in</span> <span class='ocrx_word' id='word_1_15' title='bbox 1381 418 1521 455; x_wconf 73' lang='lat' dir='ltr'>yenerali.</span> 
     </span>
    </p>
   </div>
   <div class='ocr_carea' id='block_1_6' title="bbox 1037 516 1238 552">
    <p class='ocr_par' dir='ltr' id='par_1_6' title="bbox 1037 516 1238 552">
     <span class='ocr_line' id='line_1_6' title="bbox 1037 516 1238 552; baseline -0.005 -7"><span class='ocrx_word' id='word_1_16' title='bbox 1037 516 1199 552; x_wconf 72' lang='lat' dir='ltr'>QUAESTIO</span> <span class='ocrx_word' id='word_1_17' title='bbox 1222 516 1238 544; x_wconf 95' lang='lat' dir='ltr'>I.</span> 
     </span>
    </p>
   </div>
   <div class='ocr_carea' id='block_1_7' title="bbox 632 601 1641 641">
    <p class='ocr_par' dir='ltr' id='par_1_7' title="bbox 632 601 1641 641">
     <span class='ocr_line' id='line_1_7' title="bbox 632 601 1641 641; baseline 0 -9"><span class='ocrx_word' id='word_1_18' title='bbox 632 603 735 632; x_wconf 74' lang='lat' dir='ltr'>Utrttm</span> <span class='ocrx_word' id='word_1_19' title='bbox 758 611 923 641; x_wconf 68' lang='lat' dir='ltr'>conqruum</span> <span class='ocrx_word' id='word_1_20' title='bbox 943 601 1054 640; x_wconf 76' lang='lat' dir='ltr'>fuerit,</span> <span class='ocrx_word' id='word_1_21' title='bbox 1077 602 1147 631; x_wconf 80' lang='lat' dir='ltr'>tales</span> <span class='ocrx_word' id='word_1_22' title='bbox 1168 601 1295 640; x_wconf 81' lang='lat' dir='ltr'>defectus</span> <span class='ocrx_word' id='word_1_23' title='bbox 1317 603 1347 631; x_wconf 79' lang='lat' dir='ltr'>iu</span> <span class='ocrx_word' id='word_1_24' title='bbox 1370 602 1484 632; x_wconf 77' lang='lat' dir='ltr'>Christo</span> <span class='ocrx_word' id='word_1_25' title='bbox 1505 604 1641 641; x_wconf 76' lang='lat' dir='ltr'>reperiri.</span> 
     </span>
    </p>
   </div>
   <div class='ocr_carea' id='block_1_8' title="bbox 260 701 1108 880">
    <p class='ocr_par' dir='ltr' id='par_1_8' title="bbox 260 701 1107 836">
     <span class='ocr_line' id='line_1_8' title="bbox 339 701 1106 741; baseline -0.004 -9"><span class='ocrx_word' id='word_1_26' title='bbox 339 704 417 733; x_wconf 91' lang='lat' dir='ltr'>Circa</span> <span class='ocrx_word' id='word_1_27' title='bbox 429 703 553 741; x_wconf 90' lang='lat' dir='ltr'>primum</span> <span class='ocrx_word' id='word_1_28' title='bbox 568 703 607 731; x_wconf 90' lang='lat' dir='ltr'>sic</span> <span class='ocrx_word' id='word_1_29' title='bbox 622 702 783 739; x_wconf 79' lang='lat' dir='ltr'>proceditur</span> <span class='ocrx_word' id='word_1_30' title='bbox 798 705 825 731; x_wconf 90' lang='lat' dir='ltr'>et</span> <span class='ocrx_word' id='word_1_31' title='bbox 840 701 995 739; x_wconf 87' lang='lat' dir='ltr'>quaeritur,</span> <span class='ocrx_word' id='word_1_32' title='bbox 1010 704 1106 730; x_wconf 91' lang='lat' dir='ltr'>utrum</span> 
     </span>
     <span class='ocr_line' id='line_1_9' title="bbox 260 748 1107 789; baseline -0.005 -9"><span class='ocrx_word' id='word_1_33' title='bbox 260 759 416 789; x_wconf 85' lang='lat' dir='ltr'>congruum</span> <span class='ocrx_word' id='word_1_34' title='bbox 438 751 537 785; x_wconf 83' lang='lat' dir='ltr'>fuerit,</span> <span class='ocrx_word' id='word_1_35' title='bbox 560 750 628 779; x_wconf 81' lang='lat' dir='ltr'>tales</span> <span class='ocrx_word' id='word_1_36' title='bbox 650 750 775 778; x_wconf 86' lang='lat' dir='ltr'>defectus</span> <span class='ocrx_word' id='word_1_37' title='bbox 800 749 827 777; x_wconf 91' lang='lat' dir='ltr'>in</span> <span class='ocrx_word' id='word_1_38' title='bbox 849 749 959 777; x_wconf 90' lang='lat' dir='ltr'>Christo</span> <span class='ocrx_word' id='word_1_39' title='bbox 981 748 1107 785; x_wconf 84' lang='lat' dir='ltr'>reperiri.</span> 
     </span>
     <span class='ocr_line' id='line_1_10' title="bbox 261 798 606 836; baseline -0.006 -8"><span class='ocrx_word' id='word_1_40' title='bbox 261 800 291 828; x_wconf 92' lang='lat' dir='ltr'>Et</span> <span class='ocrx_word' id='word_1_41' title='bbox 312 798 388 836; x_wconf 88' lang='lat' dir='ltr'>quod</span> <span class='ocrx_word' id='word_1_42' title='bbox 409 798 463 833; x_wconf 88' lang='lat' dir='ltr'>sic,</span> <span class='ocrx_word' id='word_1_43' title='bbox 486 798 606 827; x_wconf 87' lang='lat' dir='ltr'>videtur.</span> 
     </span>
    </p>

    <p class='ocr_par' dir='ltr' id='par_1_9' title="bbox 342 842 1108 880">
     <span class='ocr_line' id='line_1_11' title="bbox 342 842 1108 880; baseline -0.005 -6"><span class='ocrx_word' id='word_1_44' title='bbox 342 847 365 874; x_wconf 87' lang='lat'>1.</span> <span class='ocrx_word' id='word_1_45' title='bbox 388 846 426 874; x_wconf 88' lang='lat' dir='ltr'>Ad</span> <span class='ocrx_word' id='word_1_46' title='bbox 452 845 590 874; x_wconf 87' lang='lat' dir='ltr'>Hebraeos</span> <span class='ocrx_word' id='word_1_47' title='bbox 616 844 777 873; x_wconf 89' lang='lat' dir='ltr'>secundo¹:</span> <span class='ocrx_word' id='word_1_48' title='bbox 806 843 909 872; x_wconf 77' lang='lat' dir='ltr'>Debuit</span> <span class='ocrx_word' id='word_1_49' title='bbox 933 851 987 880; x_wconf 77' lang='lat' dir='ltr'>per</span> <span class='ocrx_word' id='word_1_50' title='bbox 1008 842 1108 871; x_wconf 77' lang='lat' dir='ltr'>omnia</span> 
     </span>
    </p>
   </div>
   <div class='ocr_carea' id='block_1_9' title="bbox 116 889 1108 931">
    <p class='ocr_par' dir='ltr' id='par_1_10' title="bbox 116 889 1108 931">
     <span class='ocr_line' id='line_1_12' title="bbox 116 889 1108 931; baseline -0.004 -9"><span class='ocrx_word' id='word_1_51' title='bbox 116 892 409 931; x_wconf 72' lang='lat' dir='ltr'>Fundamenta-frutribus</span> <span class='ocrx_word' id='word_1_52' title='bbox 431 892 612 925; x_wconf 75' lang='lat' dir='ltr'>assimilari,</span> <span class='ocrx_word' id='word_1_53' title='bbox 635 895 666 919; x_wconf 84' lang='lat' dir='ltr'>ut</span> <span class='ocrx_word' id='word_1_54' title='bbox 687 890 857 919; x_wconf 70' lang='lat' dir='ltr'><em>misericors</em></span> <span class='ocrx_word' id='word_1_55' title='bbox 874 889 957 927; x_wconf 73' lang='lat' dir='ltr'>fieret</span> <span class='ocrx_word' id='word_1_56' title='bbox 970 893 995 918; x_wconf 82' lang='lat' dir='ltr'>et</span> <span class='ocrx_word' id='word_1_57' title='bbox 1014 889 1108 926; x_wconf 78' lang='lat' dir='ltr'>fidelis</span> 
     </span>
    </p>
   </div>
   <div class='ocr_carea' id='block_1_10' title="bbox 257 937 1113 2620">
    <p class='ocr_par' dir='ltr' id='par_1_11' title="bbox 257 937 1110 1205">
     <span class='ocr_line' id='line_1_13' title="bbox 257 937 1108 978; baseline -0.007 -8"><span class='ocrx_word' id='word_1_58' title='bbox 257 939 390 978; x_wconf 73' lang='lat' dir='ltr'><em>pontifex</em></span> <span class='ocrx_word' id='word_1_59' title='bbox 411 939 452 968; x_wconf 83' lang='lat' dir='ltr'>ad</span> <span class='ocrx_word' id='word_1_60' title='bbox 468 939 575 967; x_wconf 86' lang='lat' dir='ltr'>Deum:</span> <span class='ocrx_word' id='word_1_61' title='bbox 598 938 619 967; x_wconf 87' lang='lat' dir='ltr'>si</span> <span class='ocrx_word' id='word_1_62' title='bbox 636 946 702 975; x_wconf 84' lang='lat' dir='ltr'>ergo</span> <span class='ocrx_word' id='word_1_63' title='bbox 724 937 852 971; x_wconf 78' lang='lat' dir='ltr'>decebat,</span> <span class='ocrx_word' id='word_1_64' title='bbox 871 937 1013 966; x_wconf 78' lang='lat' dir='ltr'>Christum</span> <span class='ocrx_word' id='word_1_65' title='bbox 1030 937 1055 964; x_wconf 93' lang='lat' dir='ltr'>in</span> <span class='ocrx_word' id='word_1_66' title='bbox 1079 944 1108 965; x_wconf 89' lang='lat' dir='ltr'>se</span> 
     </span>
     <span class='ocr_line' id='line_1_14' title="bbox 261 983 1110 1024; baseline -0.006 -8"><span class='ocrx_word' id='word_1_67' title='bbox 261 988 365 1016; x_wconf 90' lang='lat' dir='ltr'>habere</span> <span class='ocrx_word' id='word_1_68' title='bbox 387 987 434 1015; x_wconf 93' lang='lat' dir='ltr'>illa</span> <span class='ocrx_word' id='word_1_69' title='bbox 455 994 527 1024; x_wconf 91' lang='lat' dir='ltr'>quae</span> <span class='ocrx_word' id='word_1_70' title='bbox 548 985 654 1014; x_wconf 89' lang='lat' dir='ltr'>faciunt</span> <span class='ocrx_word' id='word_1_71' title='bbox 668 985 702 1014; x_wconf 91' lang='lat' dir='ltr'>ad</span> <span class='ocrx_word' id='word_1_72' title='bbox 726 985 888 1014; x_wconf 84' lang='lat' dir='ltr'>fidelitatem</span> <span class='ocrx_word' id='word_1_73' title='bbox 907 987 934 1013; x_wconf 91' lang='lat' dir='ltr'>et</span> <span class='ocrx_word' id='word_1_74' title='bbox 955 983 1110 1013; x_wconf 87' lang='lat' dir='ltr'>misericor-</span> 
     </span>
     <span class='ocr_line' id='line_1_15' title="bbox 261 1030 1109 1069; baseline -0.007 -5"><span class='ocrx_word' id='word_1_75' title='bbox 261 1035 349 1069; x_wconf 88' lang='lat' dir='ltr'>diam,</span> <span class='ocrx_word' id='word_1_76' title='bbox 371 1037 398 1063; x_wconf 90' lang='lat' dir='ltr'>et</span> <span class='ocrx_word' id='word_1_77' title='bbox 416 1034 485 1063; x_wconf 86' lang='lat' dir='ltr'>haec</span> <span class='ocrx_word' id='word_1_78' title='bbox 507 1036 572 1062; x_wconf 89' lang='lat' dir='ltr'>sunt</span> <span class='ocrx_word' id='word_1_79' title='bbox 586 1033 645 1068; x_wconf 90' lang='lat' dir='ltr'>illa,</span> <span class='ocrx_word' id='word_1_80' title='bbox 667 1032 694 1061; x_wconf 90' lang='lat' dir='ltr'>in</span> <span class='ocrx_word' id='word_1_81' title='bbox 717 1032 821 1069; x_wconf 89' lang='lat' dir='ltr'>quibus</span> <span class='ocrx_word' id='word_1_82' title='bbox 836 1031 915 1060; x_wconf 88' lang='lat' dir='ltr'>nobis</span> <span class='ocrx_word' id='word_1_83' title='bbox 937 1030 1109 1060; x_wconf 81' lang='lat' dir='ltr'>assimilatur</span> 
     </span>
     <span class='ocr_line' id='line_1_16' title="bbox 261 1077 1109 1113; baseline -0.006 -3"><span class='ocrx_word' id='word_1_84' title='bbox 261 1081 417 1110; x_wconf 88' lang='lat' dir='ltr'>secundum</span> <span class='ocrx_word' id='word_1_85' title='bbox 436 1082 540 1109; x_wconf 85' lang='lat' dir='ltr'>statum</span> <span class='ocrx_word' id='word_1_86' title='bbox 563 1079 708 1113; x_wconf 79' lang='lat' dir='ltr'>miseriae,</span> <span class='ocrx_word' id='word_1_87' title='bbox 724 1078 881 1107; x_wconf 86' lang='lat' dir='ltr'>cuiusmodi</span> <span class='ocrx_word' id='word_1_88' title='bbox 898 1081 963 1106; x_wconf 90' lang='lat' dir='ltr'>sunt</span> <span class='ocrx_word' id='word_1_89' title='bbox 984 1077 1109 1106; x_wconf 83' lang='lat' dir='ltr'>defectus</span> 
     </span>
     <span class='ocr_line' id='line_1_17' title="bbox 261 1124 1109 1166; baseline -0.007 -8"><span class='ocrx_word' id='word_1_90' title='bbox 261 1132 288 1158; x_wconf 90' lang='lat' dir='ltr'>et</span> <span class='ocrx_word' id='word_1_91' title='bbox 308 1128 507 1166; x_wconf 77' lang='lat' dir='ltr'>poenalitates:</span> <span class='ocrx_word' id='word_1_92' title='bbox 537 1134 604 1164; x_wconf 79' lang='lat' dir='ltr'>ergo</span> <span class='ocrx_word' id='word_1_93' title='bbox 624 1126 787 1155; x_wconf 90' lang='lat' dir='ltr'>huiusmodi</span> <span class='ocrx_word' id='word_1_94' title='bbox 810 1126 836 1154; x_wconf 92' lang='lat' dir='ltr'>in</span> <span class='ocrx_word' id='word_1_95' title='bbox 859 1125 969 1154; x_wconf 87' lang='lat' dir='ltr'>Christo</span> <span class='ocrx_word' id='word_1_96' title='bbox 991 1124 1109 1162; x_wconf 87' lang='lat' dir='ltr'>reperiri</span> 
     </span>
     <span class='ocr_line' id='line_1_18' title="bbox 262 1175 372 1205; baseline -0.018 0"><span class='ocrx_word' id='word_1_97' title='bbox 262 1175 372 1205; x_wconf 84' lang='lat' dir='ltr'>debent.</span> 
     </span>
    </p>

    <p class='ocr_par' dir='ltr' id='par_1_12' title="bbox 259 1218 1112 1637">
     <span class='ocr_line' id='line_1_19' title="bbox 341 1218 1110 1257; baseline -0.007 -6"><span class='ocrx_word' id='word_1_98' title='bbox 341 1224 367 1251; x_wconf 68' lang='grc' dir='ltr'>Ξ.</span> <span class='ocrx_word' id='word_1_99' title='bbox 390 1222 470 1257; x_wconf 83' lang='lat' dir='ltr'>Item,</span> <span class='ocrx_word' id='word_1_100' title='bbox 493 1221 528 1250; x_wconf 91' lang='lat' dir='ltr'>ad</span> <span class='ocrx_word' id='word_1_101' title='bbox 555 1220 692 1249; x_wconf 86' lang='lat' dir='ltr'>Hebraeos</span> <span class='ocrx_word' id='word_1_102' title='bbox 718 1223 818 1257; x_wconf 89' lang='lat' dir='ltr'>quarto</span> <span class='ocrx_word' id='word_1_103' title='bbox 835 1219 860 1247; x_wconf 78' lang='lat'>²:</span> <span class='ocrx_word' id='word_1_104' title='bbox 884 1218 949 1247; x_wconf 82' lang='lat' dir='ltr'>Non</span> <span class='ocrx_word' id='word_1_105' title='bbox 971 1218 1110 1247; x_wconf 80' lang='lat' dir='ltr'>babemus</span> 
     </span>
     <span class='ocr_line' id='line_1_20' title="bbox 259 1265 1110 1307; baseline -0.007 -8"><span class='ocrx_word' id='word_1_106' title='bbox 259 1269 445 1307; x_wconf 72' lang='lat' dir='ltr'>pontificem,</span> <span class='ocrx_word' id='word_1_107' title='bbox 468 1268 520 1306; x_wconf 83' lang='lat' dir='ltr'>qui</span> <span class='ocrx_word' id='word_1_108' title='bbox 539 1276 597 1296; x_wconf 77' lang='lat' dir='ltr'>uon</span> <span class='ocrx_word' id='word_1_109' title='bbox 617 1267 709 1304; x_wconf 78' lang='lat' dir='ltr'>possit</span> <span class='ocrx_word' id='word_1_110' title='bbox 729 1266 858 1303; x_wconf 75' lang='lat' dir='ltr'>compati</span> <span class='ocrx_word' id='word_1_111' title='bbox 874 1265 1110 1302; x_wconf 42' lang='lat' dir='ltr'>‚infirmitatibus</span> 
     </span>
     <span class='ocr_line' id='line_1_21' title="bbox 262 1312 1111 1352; baseline -0.007 -6"><span class='ocrx_word' id='word_1_112' title='bbox 262 1317 382 1350; x_wconf 76' lang='lat' dir='ltr'>uostris,</span> <span class='ocrx_word' id='word_1_113' title='bbox 397 1319 537 1344; x_wconf 79' lang='lat' dir='ltr'>tentatum</span> <span class='ocrx_word' id='word_1_114' title='bbox 546 1323 599 1352; x_wconf 81' lang='lat' dir='ltr'>per</span> <span class='ocrx_word' id='word_1_115' title='bbox 615 1314 715 1342; x_wconf 76' lang='lat' dir='ltr'>omniu</span> <span class='ocrx_word' id='word_1_116' title='bbox 729 1322 784 1350; x_wconf 79' lang='lat' dir='ltr'>pro</span> <span class='ocrx_word' id='word_1_117' title='bbox 795 1312 989 1341; x_wconf 67' lang='lat' dir='ltr'>similitudine</span> <span class='ocrx_word' id='word_1_118' title='bbox 1003 1312 1111 1350; x_wconf 79' lang='lat' dir='ltr'>absque</span> 
     </span>
     <span class='ocr_line' id='line_1_22' title="bbox 261 1359 1111 1402; baseline -0.007 -9"><span class='ocrx_word' id='word_1_119' title='bbox 261 1368 386 1402; x_wconf 77' lang='lat' dir='ltr'>peceato.</span> <span class='ocrx_word' id='word_1_120' title='bbox 400 1364 440 1391; x_wconf 81' lang='lat' dir='ltr'>Ex</span> <span class='ocrx_word' id='word_1_121' title='bbox 457 1362 507 1391; x_wconf 84' lang='lat' dir='ltr'>isto</span> <span class='ocrx_word' id='word_1_122' title='bbox 519 1362 605 1390; x_wconf 89' lang='lat' dir='ltr'>verbo</span> <span class='ocrx_word' id='word_1_123' title='bbox 620 1361 748 1397; x_wconf 79' lang='lat' dir='ltr'>arguitur</span> <span class='ocrx_word' id='word_1_124' title='bbox 764 1360 812 1388; x_wconf 90' lang='lat' dir='ltr'>ita:</span> <span class='ocrx_word' id='word_1_125' title='bbox 826 1360 915 1388; x_wconf 90' lang='lat' dir='ltr'>bonus</span> <span class='ocrx_word' id='word_1_126' title='bbox 926 1359 1051 1396; x_wconf 83' lang='lat' dir='ltr'>pontifex</span> <span class='ocrx_word' id='word_1_127' title='bbox 1067 1359 1111 1387; x_wconf 90' lang='lat' dir='ltr'>de-</span> 
     </span>
     <span class='ocr_line' id='line_1_23' title="bbox 264 1406 1111 1448; baseline -0.008 -7"><span class='ocrx_word' id='word_1_128' title='bbox 264 1413 309 1441; x_wconf 89' lang='lat' dir='ltr'>bet</span> <span class='ocrx_word' id='word_1_129' title='bbox 323 1410 441 1448; x_wconf 90' lang='lat' dir='ltr'>compati</span> <span class='ocrx_word' id='word_1_130' title='bbox 458 1410 502 1438; x_wconf 88' lang='lat' dir='ltr'>his</span> <span class='ocrx_word' id='word_1_131' title='bbox 516 1409 568 1447; x_wconf 87' lang='lat' dir='ltr'>qui</span> <span class='ocrx_word' id='word_1_132' title='bbox 586 1408 725 1445; x_wconf 71' lang='lat' dir='ltr'>iynorant</span> <span class='ocrx_word' id='word_1_133' title='bbox 743 1411 768 1436; x_wconf 81' lang='lat' dir='ltr'>et</span> <span class='ocrx_word' id='word_1_134' title='bbox 789 1411 907 1440; x_wconf 78' lang='lat' dir='ltr'>erruut;</span> <span class='ocrx_word' id='word_1_135' title='bbox 922 1406 970 1435; x_wconf 90' lang='lat' dir='ltr'>sed</span> <span class='ocrx_word' id='word_1_136' title='bbox 984 1406 1111 1435; x_wconf 89' lang='lat' dir='ltr'>Christus</span> 
     </span>
     <span class='ocr_line' id='line_1_24' title="bbox 263 1453 1112 1490; baseline -0.008 -2"><span class='ocrx_word' id='word_1_137' title='bbox 263 1458 395 1488; x_wconf 89' lang='lat' dir='ltr'>assumsit</span> <span class='ocrx_word' id='word_1_138' title='bbox 416 1458 569 1485; x_wconf 81' lang='lat' dir='ltr'><strong>humanam</strong></span> <span class='ocrx_word' id='word_1_139' title='bbox 593 1459 735 1489; x_wconf 86' lang='lat' dir='ltr'>naturam,</span> <span class='ocrx_word' id='word_1_140' title='bbox 758 1458 788 1483; x_wconf 89' lang='lat' dir='ltr'>ut</span> <span class='ocrx_word' id='word_1_141' title='bbox 809 1454 888 1483; x_wconf 87' lang='lat' dir='ltr'>fieret</span> <span class='ocrx_word' id='word_1_142' title='bbox 909 1457 1003 1482; x_wconf 85' lang='lat' dir='ltr'>noster</span> <span class='ocrx_word' id='word_1_143' title='bbox 1026 1453 1112 1490; x_wconf 86' lang='lat' dir='ltr'>ponti-</span> 
     </span>
     <span class='ocr_line' id='line_1_25' title="bbox 263 1500 1110 1542; baseline -0.008 -7"><span class='ocrx_word' id='word_1_144' title='bbox 263 1507 324 1535; x_wconf 84' lang='lat' dir='ltr'>fex:</span> <span class='ocrx_word' id='word_1_145' title='bbox 347 1513 414 1542; x_wconf 85' lang='lat' dir='ltr'>ergo</span> <span class='ocrx_word' id='word_1_146' title='bbox 429 1504 526 1533; x_wconf 84' lang='lat' dir='ltr'>debuit</span> <span class='ocrx_word' id='word_1_147' title='bbox 547 1511 579 1531; x_wconf 87' lang='lat' dir='ltr'>ea</span> <span class='ocrx_word' id='word_1_148' title='bbox 596 1503 621 1531; x_wconf 92' lang='lat' dir='ltr'>in</span> <span class='ocrx_word' id='word_1_149' title='bbox 645 1510 673 1531; x_wconf 89' lang='lat' dir='ltr'>se</span> <span class='ocrx_word' id='word_1_150' title='bbox 689 1509 849 1536; x_wconf 89' lang='lat' dir='ltr'>assumere,</span> <span class='ocrx_word' id='word_1_151' title='bbox 865 1509 936 1538; x_wconf 88' lang='lat' dir='ltr'>quae</span> <span class='ocrx_word' id='word_1_152' title='bbox 957 1500 1062 1529; x_wconf 74' lang='lat' dir='ltr'>faciunt</span> <span class='ocrx_word' id='word_1_153' title='bbox 1076 1500 1110 1528; x_wconf 89' lang='lat' dir='ltr'>ad</span> 
     </span>
     <span class='ocr_line' id='line_1_26' title="bbox 263 1548 1111 1589; baseline -0.008 -7"><span class='ocrx_word' id='word_1_154' title='bbox 263 1552 492 1589; x_wconf 82' lang='lat' dir='ltr'>compassionem.</span> <span class='ocrx_word' id='word_1_155' title='bbox 523 1549 684 1578; x_wconf 82' lang='lat' dir='ltr'>Huiusmodi</span> <span class='ocrx_word' id='word_1_156' title='bbox 715 1552 808 1577; x_wconf 84' lang='lat' dir='ltr'>autem</span> <span class='ocrx_word' id='word_1_157' title='bbox 839 1551 903 1577; x_wconf 89' lang='lat' dir='ltr'>sunt</span> <span class='ocrx_word' id='word_1_158' title='bbox 932 1548 1057 1576; x_wconf 86' lang='lat' dir='ltr'>defectus</span> <span class='ocrx_word' id='word_1_159' title='bbox 1085 1550 1111 1575; x_wconf 89' lang='lat' dir='ltr'>et</span> 
     </span>
     <span class='ocr_line' id='line_1_27' title="bbox 265 1598 892 1637; baseline -0.008 -9"><span class='ocrx_word' id='word_1_160' title='bbox 265 1599 444 1637; x_wconf 81' lang='lat' dir='ltr'>poenalitates</span> <span class='ocrx_word' id='word_1_161' title='bbox 466 1600 577 1626; x_wconf 86' lang='lat' dir='ltr'>nostrae</span> <span class='ocrx_word' id='word_1_162' title='bbox 599 1600 730 1625; x_wconf 82' lang='lat' dir='ltr'>naturae:</span> <span class='ocrx_word' id='word_1_163' title='bbox 753 1603 820 1632; x_wconf 75' lang='lat' dir='ltr'>ergo</span> <span class='ocrx_word' id='word_1_164' title='bbox 842 1598 892 1624; x_wconf 90' lang='lat' dir='ltr'>etc.</span> 
     </span>
    </p>

    <p class='ocr_par' dir='ltr' id='par_1_13' title="bbox 264 1640 1112 1963">
     <span class='ocr_line' id='line_1_28' title="bbox 343 1640 1112 1679; baseline -0.008 -5"><span class='ocrx_word' id='word_1_165' title='bbox 343 1645 369 1674; x_wconf 80' lang='lat'>3.</span> <span class='ocrx_word' id='word_1_166' title='bbox 392 1646 472 1679; x_wconf 84' lang='lat' dir='ltr'>Item,</span> <span class='ocrx_word' id='word_1_167' title='bbox 487 1644 615 1672; x_wconf 89' lang='lat' dir='ltr'>Christus</span> <span class='ocrx_word' id='word_1_168' title='bbox 637 1643 672 1671; x_wconf 89' lang='lat' dir='ltr'>ad</span> <span class='ocrx_word' id='word_1_169' title='bbox 687 1643 739 1671; x_wconf 89' lang='lat' dir='ltr'>hoc</span> <span class='ocrx_word' id='word_1_170' title='bbox 762 1642 895 1671; x_wconf 81' lang='lat' dir='ltr'>assumsit</span> <span class='ocrx_word' id='word_1_171' title='bbox 916 1644 1045 1669; x_wconf 86' lang='lat' dir='ltr'>naturam</span> <span class='ocrx_word' id='word_1_172' title='bbox 1064 1640 1112 1669; x_wconf 93' lang='lat' dir='ltr'>hu-</span> 
     </span>
     <span class='ocr_line' id='line_1_29' title="bbox 264 1688 1111 1727; baseline -0.008 -5"><span class='ocrx_word' id='word_1_173' title='bbox 264 1701 387 1727; x_wconf 86' lang='lat' dir='ltr'>manam,</span> <span class='ocrx_word' id='word_1_174' title='bbox 409 1696 441 1721; x_wconf 85' lang='lat' dir='ltr'>ut</span> <span class='ocrx_word' id='word_1_175' title='bbox 456 1691 536 1720; x_wconf 89' lang='lat' dir='ltr'>nobis</span> <span class='ocrx_word' id='word_1_176' title='bbox 558 1691 585 1719; x_wconf 91' lang='lat' dir='ltr'>in</span> <span class='ocrx_word' id='word_1_177' title='bbox 601 1690 648 1718; x_wconf 91' lang='lat' dir='ltr'>illa</span> <span class='ocrx_word' id='word_1_178' title='bbox 670 1693 828 1718; x_wconf 90' lang='lat' dir='ltr'>mereretur</span> <span class='ocrx_word' id='word_1_179' title='bbox 847 1688 932 1716; x_wconf 91' lang='lat' dir='ltr'>vitam</span> <span class='ocrx_word' id='word_1_180' title='bbox 955 1691 1111 1721; x_wconf 81' lang='lat' dir='ltr'>aeternam,</span> 
     </span>
     <span class='ocr_line' id='line_1_30' title="bbox 264 1735 1110 1778; baseline -0.008 -9"><span class='ocrx_word' id='word_1_181' title='bbox 264 1748 348 1778; x_wconf 87' lang='lat' dir='ltr'>quam</span> <span class='ocrx_word' id='word_1_182' title='bbox 371 1740 480 1777; x_wconf 89' lang='lat' dir='ltr'>primus</span> <span class='ocrx_word' id='word_1_183' title='bbox 495 1746 597 1776; x_wconf 84' lang='lat' dir='ltr'>parens</span> <span class='ocrx_word' id='word_1_184' title='bbox 619 1737 699 1766; x_wconf 90' lang='lat' dir='ltr'>nobis</span> <span class='ocrx_word' id='word_1_185' title='bbox 718 1736 885 1770; x_wconf 75' lang='lat' dir='ltr'>abstulerat3</span> <span class='ocrx_word' id='word_1_186' title='bbox 907 1735 953 1764; x_wconf 90' lang='lat' dir='ltr'>sed</span> <span class='ocrx_word' id='word_1_187' title='bbox 979 1735 1110 1763; x_wconf 87' lang='lat' dir='ltr'>meritum</span> 
     </span>
     <span class='ocr_line' id='line_1_31' title="bbox 265 1781 1112 1825; baseline -0.008 -9"><span class='ocrx_word' id='word_1_188' title='bbox 265 1787 447 1825; x_wconf 83' lang='lat' dir='ltr'>praecipuum</span> <span class='ocrx_word' id='word_1_189' title='bbox 471 1785 596 1814; x_wconf 77' lang='lat' dir='ltr'>consistit</span> <span class='ocrx_word' id='word_1_190' title='bbox 617 1785 644 1812; x_wconf 94' lang='lat' dir='ltr'>in</span> <span class='ocrx_word' id='word_1_191' title='bbox 666 1783 813 1812; x_wconf 86' lang='lat' dir='ltr'>tolerantia</span> <span class='ocrx_word' id='word_1_192' title='bbox 835 1782 995 1819; x_wconf 80' lang='lat' dir='ltr'>passionum</span> <span class='ocrx_word' id='word_1_193' title='bbox 1019 1784 1046 1809; x_wconf 90' lang='lat' dir='ltr'>et</span> <span class='ocrx_word' id='word_1_194' title='bbox 1067 1781 1112 1810; x_wconf 92' lang='lat' dir='ltr'>de-</span> 
     </span>
     <span class='ocr_line' id='line_1_32' title="bbox 264 1829 1112 1868; baseline -0.011 -4"><span class='ocrx_word' id='word_1_195' title='bbox 264 1835 386 1864; x_wconf 83' lang='lat' dir='ltr'>fectuum</span> <span class='ocrx_word' id='word_1_196' title='bbox 410 1834 615 1862; x_wconf 81' lang='lat' dir='ltr'>humanorum:</span> <span class='ocrx_word' id='word_1_197' title='bbox 639 1831 660 1860; x_wconf 89' lang='lat' dir='ltr'>si</span> <span class='ocrx_word' id='word_1_198' title='bbox 676 1839 743 1868; x_wconf 82' lang='lat' dir='ltr'>ergo</span> <span class='ocrx_word' id='word_1_199' title='bbox 764 1830 858 1858; x_wconf 79' lang='lat' dir='ltr'>decuit</span> <span class='ocrx_word' id='word_1_200' title='bbox 873 1829 1014 1857; x_wconf 84' lang='lat' dir='ltr'>Christum</span> <span class='ocrx_word' id='word_1_201' title='bbox 1035 1836 1112 1865; x_wconf 89' lang='lat' dir='ltr'>prae-</span> 
     </span>
     <span class='ocr_line' id='line_1_33' title="bbox 264 1875 1112 1918; baseline -0.008 -8"><span class='ocrx_word' id='word_1_202' title='bbox 264 1882 346 1918; x_wconf 90' lang='lat' dir='ltr'>cipuo</span> <span class='ocrx_word' id='word_1_203' title='bbox 369 1881 467 1909; x_wconf 91' lang='lat' dir='ltr'>merito</span> <span class='ocrx_word' id='word_1_204' title='bbox 489 1879 604 1913; x_wconf 89' lang='lat' dir='ltr'>mereri,</span> <span class='ocrx_word' id='word_1_205' title='bbox 621 1878 714 1907; x_wconf 78' lang='lat' dir='ltr'>decuit</span> <span class='ocrx_word' id='word_1_206' title='bbox 736 1885 785 1915; x_wconf 89' lang='lat' dir='ltr'>per</span> <span class='ocrx_word' id='word_1_207' title='bbox 807 1883 995 1913; x_wconf 86' lang='lat' dir='ltr'>consequens,</span> <span class='ocrx_word' id='word_1_208' title='bbox 1019 1875 1112 1904; x_wconf 90' lang='lat' dir='ltr'>huius-</span> 
     </span>
     <span class='ocr_line' id='line_1_34' title="bbox 265 1922 999 1963; baseline -0.01 -6"><span class='ocrx_word' id='word_1_209' title='bbox 265 1929 339 1957; x_wconf 89' lang='lat' dir='ltr'>modi</span> <span class='ocrx_word' id='word_1_210' title='bbox 362 1928 486 1957; x_wconf 82' lang='lat' dir='ltr'>defectus</span> <span class='ocrx_word' id='word_1_211' title='bbox 507 1930 534 1955; x_wconf 88' lang='lat' dir='ltr'>et</span> <span class='ocrx_word' id='word_1_212' title='bbox 555 1926 697 1963; x_wconf 87' lang='lat' dir='ltr'>passiones</span> <span class='ocrx_word' id='word_1_213' title='bbox 719 1924 745 1953; x_wconf 92' lang='lat' dir='ltr'>in</span> <span class='ocrx_word' id='word_1_214' title='bbox 769 1922 999 1961; x_wconf 77' lang='lat' dir='ltr'>ipso&#39;repe1·iri³.</span> 
     </span>
    </p>

    <p class='ocr_par' dir='ltr' id='par_1_14' title="bbox 265 1970 1112 2239">
     <span class='ocr_line' id='line_1_35' title="bbox 343 1970 1112 2009; baseline -0.009 -6"><span class='ocrx_word' id='word_1_215' title='bbox 343 1975 370 2003; x_wconf 79' lang='grc' dir='ltr'>[ι.</span> <span class='ocrx_word' id='word_1_216' title='bbox 392 1975 473 2009; x_wconf 84' lang='lat' dir='ltr'>Item,</span> <span class='ocrx_word' id='word_1_217' title='bbox 488 1974 523 2002; x_wconf 89' lang='lat' dir='ltr'>ad</span> <span class='ocrx_word' id='word_1_218' title='bbox 540 1974 590 2002; x_wconf 87' lang='lat' dir='ltr'>hoc</span> <span class='ocrx_word' id='word_1_219' title='bbox 606 1972 738 2001; x_wconf 83' lang='lat' dir='ltr'>assumsit</span> <span class='ocrx_word' id='word_1_220' title='bbox 753 1971 881 2000; x_wconf 88' lang='lat' dir='ltr'>Christus</span> <span class='ocrx_word' id='word_1_221' title='bbox 900 1970 1052 1998; x_wconf 83' lang='lat' dir='ltr'>humanam</span> <span class='ocrx_word' id='word_1_222' title='bbox 1068 1977 1112 1997; x_wconf 89' lang='lat' dir='ltr'>na-</span> 
     </span>
     <span class='ocr_line' id='line_1_36' title="bbox 265 2016 1112 2056; baseline -0.009 -5"><span class='ocrx_word' id='word_1_223' title='bbox 265 2026 373 2056; x_wconf 87' lang='lat' dir='ltr'>turam,</span> <span class='ocrx_word' id='word_1_224' title='bbox 396 2024 427 2050; x_wconf 92' lang='lat' dir='ltr'>ut</span> <span class='ocrx_word' id='word_1_225' title='bbox 448 2028 509 2049; x_wconf 90' lang='lat' dir='ltr'>eam</span> <span class='ocrx_word' id='word_1_226' title='bbox 532 2022 644 2049; x_wconf 85' lang='lat' dir='ltr'>curaret</span> <span class='ocrx_word' id='word_1_227' title='bbox 662 2018 868 2052; x_wconf 86' lang='lat' dir='ltr'>satisfaciendo,</span> <span class='ocrx_word' id='word_1_228' title='bbox 884 2020 910 2045; x_wconf 91' lang='lat' dir='ltr'>et</span> <span class='ocrx_word' id='word_1_229' title='bbox 932 2016 1057 2045; x_wconf 90' lang='lat' dir='ltr'>curando</span> <span class='ocrx_word' id='word_1_230' title='bbox 1072 2024 1112 2044; x_wconf 91' lang='lat' dir='ltr'>sa-</span> 
     </span>
     <span class='ocr_line' id='line_1_37' title="bbox 265 2063 1112 2104; baseline -0.008 -6"><span class='ocrx_word' id='word_1_231' title='bbox 265 2069 419 2102; x_wconf 79' lang='lat' dir='ltr'>tisfaceret3</span> <span class='ocrx_word' id='word_1_232' title='bbox 448 2067 496 2096; x_wconf 88' lang='lat' dir='ltr'>sed</span> <span class='ocrx_word' id='word_1_233' title='bbox 522 2067 725 2104; x_wconf 84' lang='lat' dir='ltr'>praecipuum,</span> <span class='ocrx_word' id='word_1_234' title='bbox 755 2065 830 2102; x_wconf 87' lang='lat' dir='ltr'>quod</span> <span class='ocrx_word' id='word_1_235' title='bbox 859 2064 923 2093; x_wconf 88' lang='lat' dir='ltr'>facit</span> <span class='ocrx_word' id='word_1_236' title='bbox 951 2064 985 2092; x_wconf 89' lang='lat' dir='ltr'>ad</span> <span class='ocrx_word' id='word_1_237' title='bbox 1013 2063 1112 2100; x_wconf 84' lang='lat' dir='ltr'>culpae</span> 
     </span>
     <span class='ocr_line' id='line_1_38' title="bbox 265 2109 1112 2148; baseline -0.008 -4"><span class='ocrx_word' id='word_1_238' title='bbox 265 2116 437 2145; x_wconf 85' lang='lat' dir='ltr'>curationem</span> <span class='ocrx_word' id='word_1_239' title='bbox 459 2118 486 2143; x_wconf 90' lang='lat' dir='ltr'>et</span> <span class='ocrx_word' id='word_1_240' title='bbox 507 2113 736 2147; x_wconf 85' lang='lat' dir='ltr'>satisfactionem,</span> <span class='ocrx_word' id='word_1_241' title='bbox 765 2115 807 2140; x_wconf 89' lang='lat' dir='ltr'>est</span> <span class='ocrx_word' id='word_1_242' title='bbox 833 2110 956 2148; x_wconf 88' lang='lat' dir='ltr'>poenalis</span> <span class='ocrx_word' id='word_1_243' title='bbox 985 2109 1112 2138; x_wconf 88' lang='lat' dir='ltr'>humilia-</span> 
     </span>
     <span class='ocr_line' id='line_1_39' title="bbox 266 2155 1111 2199; baseline -0.009 -8"><span class='ocrx_word' id='word_1_244' title='bbox 266 2162 343 2191; x_wconf 76' lang='lat' dir='ltr'>tio⁴:</span> <span class='ocrx_word' id='word_1_245' title='bbox 366 2170 432 2199; x_wconf 82' lang='lat' dir='ltr'>ergo</span> <span class='ocrx_word' id='word_1_246' title='bbox 454 2161 581 2195; x_wconf 86' lang='lat' dir='ltr'>videtur,</span> <span class='ocrx_word' id='word_1_247' title='bbox 603 2159 678 2197; x_wconf 90' lang='lat' dir='ltr'>quod</span> <span class='ocrx_word' id='word_1_248' title='bbox 694 2159 788 2188; x_wconf 85' lang='lat' dir='ltr'>decuit</span> <span class='ocrx_word' id='word_1_249' title='bbox 809 2156 971 2186; x_wconf 90' lang='lat' dir='ltr'>huiusmodi</span> <span class='ocrx_word' id='word_1_250' title='bbox 994 2155 1111 2192; x_wconf 87' lang='lat' dir='ltr'>reperiri</span> 
     </span>
     <span class='ocr_line' id='line_1_40' title="bbox 265 2209 433 2239; baseline -0.006 -1"><span class='ocrx_word' id='word_1_251' title='bbox 265 2211 293 2239; x_wconf 90' lang='lat' dir='ltr'>in</span> <span class='ocrx_word' id='word_1_252' title='bbox 316 2209 433 2238; x_wconf 88' lang='lat' dir='ltr'>Christo.</span> 
     </span>
    </p>

    <p class='ocr_par' dir='ltr' id='par_1_15' title="bbox 265 2252 1113 2528">
     <span class='ocr_line' id='line_1_41' title="bbox 345 2252 1112 2288; baseline -0.008 -3"><span class='ocrx_word' id='word_1_253' title='bbox 345 2257 397 2285; x_wconf 79' lang='lat' dir='ltr'>SED</span> <span class='ocrx_word' id='word_1_254' title='bbox 412 2263 536 2285; x_wconf 74' lang='lat' dir='ltr'>CONTRA:</span> <span class='ocrx_word' id='word_1_255' title='bbox 563 2256 585 2282; x_wconf 85' lang='lat' dir='ltr'>l.</span> <span class='ocrx_word' id='word_1_256' title='bbox 601 2254 677 2283; x_wconf 85' lang='lat' dir='ltr'>Sicut</span> <span class='ocrx_word' id='word_1_257' title='bbox 691 2261 818 2282; x_wconf 89' lang='lat' dir='ltr'>summae</span> <span class='ocrx_word' id='word_1_258' title='bbox 837 2252 958 2280; x_wconf 88' lang='lat' dir='ltr'>iustitiae</span> <span class='ocrx_word' id='word_1_259' title='bbox 973 2254 1112 2288; x_wconf 83' lang='lat' dir='ltr'>repugnat</span> 
     </span>
     <span class='ocr_line' id='line_1_42' title="bbox 265 2297 1111 2339; baseline -0.009 -6"><span class='ocrx_word' id='word_1_260' title='bbox 265 2304 390 2333; x_wconf 87' lang='lat' dir='ltr'>defectus</span> <span class='ocrx_word' id='word_1_261' title='bbox 411 2303 523 2339; x_wconf 89' lang='lat' dir='ltr'>culpae,</span> <span class='ocrx_word' id='word_1_262' title='bbox 545 2302 584 2330; x_wconf 89' lang='lat' dir='ltr'>sic</span> <span class='ocrx_word' id='word_1_263' title='bbox 606 2308 732 2329; x_wconf 90' lang='lat' dir='ltr'>summae</span> <span class='ocrx_word' id='word_1_264' title='bbox 748 2299 887 2337; x_wconf 89' lang='lat' dir='ltr'>potentiae</span> <span class='ocrx_word' id='word_1_265' title='bbox 909 2300 1047 2335; x_wconf 84' lang='lat' dir='ltr'>repugnat</span> <span class='ocrx_word' id='word_1_266' title='bbox 1068 2297 1111 2326; x_wconf 91' lang='lat' dir='ltr'>de-</span> 
     </span>
     <span class='ocr_line' id='line_1_43' title="bbox 265 2345 1112 2387; baseline -0.009 -7"><span class='ocrx_word' id='word_1_267' title='bbox 265 2351 353 2380; x_wconf 84' lang='lat' dir='ltr'>fectus</span> <span class='ocrx_word' id='word_1_268' title='bbox 374 2349 531 2387; x_wconf 83' lang='lat' dir='ltr'>fragilitatis</span> <span class='ocrx_word' id='word_1_269' title='bbox 552 2351 579 2377; x_wconf 88' lang='lat' dir='ltr'>et</span> <span class='ocrx_word' id='word_1_270' title='bbox 600 2347 794 2385; x_wconf 80' lang='lat' dir='ltr'>impotentiae3</span> <span class='ocrx_word' id='word_1_271' title='bbox 817 2346 863 2375; x_wconf 89' lang='lat' dir='ltr'>sed</span> <span class='ocrx_word' id='word_1_272' title='bbox 891 2345 979 2373; x_wconf 88' lang='lat' dir='ltr'>Deum</span> <span class='ocrx_word' id='word_1_273' title='bbox 1002 2351 1112 2373; x_wconf 89' lang='lat' dir='ltr'>summe</span> 
     </span>
     <span class='ocr_line' id='line_1_44' title="bbox 266 2390 1112 2429; baseline -0.011 -2"><span class='ocrx_word' id='word_1_274' title='bbox 266 2398 371 2427; x_wconf 91' lang='lat' dir='ltr'>iustum</span> <span class='ocrx_word' id='word_1_275' title='bbox 393 2404 448 2425; x_wconf 92' lang='lat' dir='ltr'>non</span> <span class='ocrx_word' id='word_1_276' title='bbox 470 2395 564 2425; x_wconf 87' lang='lat' dir='ltr'>decuit</span> <span class='ocrx_word' id='word_1_277' title='bbox 585 2394 689 2423; x_wconf 89' lang='lat' dir='ltr'>habere</span> <span class='ocrx_word' id='word_1_278' title='bbox 711 2394 850 2422; x_wconf 85' lang='lat' dir='ltr'>defectum</span> <span class='ocrx_word' id='word_1_279' title='bbox 873 2392 987 2429; x_wconf 89' lang='lat' dir='ltr'>culpae,</span> <span class='ocrx_word' id='word_1_280' title='bbox 1013 2399 1063 2419; x_wconf 87' lang='lat' dir='ltr'>nec</span> <span class='ocrx_word' id='word_1_281' title='bbox 1085 2390 1112 2418; x_wconf 92' lang='lat' dir='ltr'>in</span> 
     </span>
     <span class='ocr_line' id='line_1_45' title="bbox 266 2438 1113 2477; baseline -0.009 -3"><span class='ocrx_word' id='word_1_282' title='bbox 266 2453 295 2474; x_wconf 87' lang='lat' dir='ltr'>se</span> <span class='ocrx_word' id='word_1_283' title='bbox 316 2452 366 2473; x_wconf 87' lang='lat' dir='ltr'>nec</span> <span class='ocrx_word' id='word_1_284' title='bbox 389 2444 416 2472; x_wconf 87' lang='lat' dir='ltr'>in</span> <span class='ocrx_word' id='word_1_285' title='bbox 438 2446 540 2471; x_wconf 86' lang='lat' dir='ltr'>natura</span> <span class='ocrx_word' id='word_1_286' title='bbox 555 2444 694 2470; x_wconf 82' lang='lat' dir='ltr'>assumta:</span> <span class='ocrx_word' id='word_1_287' title='bbox 710 2448 777 2477; x_wconf 82' lang='lat' dir='ltr'>ergo</span> <span class='ocrx_word' id='word_1_288' title='bbox 799 2439 858 2476; x_wconf 88' lang='lat' dir='ltr'>pari</span> <span class='ocrx_word' id='word_1_289' title='bbox 875 2439 981 2467; x_wconf 86' lang='lat' dir='ltr'>ratione</span> <span class='ocrx_word' id='word_1_290' title='bbox 1002 2446 1053 2467; x_wconf 86' lang='lat' dir='ltr'>nec</span> <span class='ocrx_word' id='word_1_291' title='bbox 1069 2438 1113 2467; x_wconf 91' lang='lat' dir='ltr'>de-</span> 
     </span>
     <span class='ocr_line' id='line_1_46' title="bbox 266 2487 822 2528; baseline -0.013 -7"><span class='ocrx_word' id='word_1_292' title='bbox 266 2492 367 2521; x_wconf 90' lang='lat' dir='ltr'>fectum</span> <span class='ocrx_word' id='word_1_293' title='bbox 391 2489 565 2528; x_wconf 87' lang='lat' dir='ltr'>poenalitatis</span> <span class='ocrx_word' id='word_1_294' title='bbox 587 2492 614 2517; x_wconf 90' lang='lat' dir='ltr'>et</span> <span class='ocrx_word' id='word_1_295' title='bbox 635 2487 822 2525; x_wconf 84' lang='lat' dir='ltr'>impotentiae.</span> 
     </span>
    </p>

    <p class='ocr_par' dir='ltr' id='par_1_16' title="bbox 267 2533 1112 2620">
     <span class='ocr_line' id='line_1_47' title="bbox 346 2533 1112 2573; baseline -0.008 -7"><span class='ocrx_word' id='word_1_296' title='bbox 346 2540 372 2567; x_wconf 69' lang='lat'>2.</span> <span class='ocrx_word' id='word_1_297' title='bbox 394 2538 476 2571; x_wconf 89' lang='lat' dir='ltr'>Item,</span> <span class='ocrx_word' id='word_1_298' title='bbox 492 2537 563 2565; x_wconf 88' lang='lat' dir='ltr'>sicut</span> <span class='ocrx_word' id='word_1_299' title='bbox 579 2536 661 2573; x_wconf 86' lang='lat' dir='ltr'>culpa</span> <span class='ocrx_word' id='word_1_300' title='bbox 683 2535 741 2564; x_wconf 89' lang='lat' dir='ltr'>sine</span> <span class='ocrx_word' id='word_1_301' title='bbox 757 2541 844 2571; x_wconf 87' lang='lat' dir='ltr'>poena</span> <span class='ocrx_word' id='word_1_302' title='bbox 866 2533 1053 2570; x_wconf 84' lang='lat' dir='ltr'>subsequente</span> <span class='ocrx_word' id='word_1_303' title='bbox 1072 2535 1112 2561; x_wconf 84' lang='lat' dir='ltr'>est</span> 
     </span>
     <span class='ocr_line' id='line_1_48' title="bbox 267 2579 1112 2620; baseline -0.008 -6"><span class='ocrx_word' id='word_1_304' title='bbox 267 2586 437 2619; x_wconf 85' lang='lat' dir='ltr'>inordinata,</span> <span class='ocrx_word' id='word_1_305' title='bbox 459 2584 497 2613; x_wconf 90' lang='lat' dir='ltr'>sic</span> <span class='ocrx_word' id='word_1_306' title='bbox 520 2591 608 2620; x_wconf 90' lang='lat' dir='ltr'>poena</span> <span class='ocrx_word' id='word_1_307' title='bbox 629 2583 687 2611; x_wconf 88' lang='lat' dir='ltr'>sine</span> <span class='ocrx_word' id='word_1_308' title='bbox 709 2582 791 2618; x_wconf 85' lang='lat' dir='ltr'>culpa</span> <span class='ocrx_word' id='word_1_309' title='bbox 821 2579 1041 2618; x_wconf 83' lang='lat' dir='ltr'>praecedente⁵;</span> <span class='ocrx_word' id='word_1_310' title='bbox 1063 2579 1112 2608; x_wconf 87' lang='lat' dir='ltr'>sed</span> 
     </span>
    </p>
   </div>
   <div class='ocr_carea' id='block_1_11' title="bbox 1136 704 1146 2599">
    <p class='ocr_par' dir='ltr' id='par_1_17' title="bbox 1136 704 1146 2599">
     <span class='ocr_line' id='line_1_49' title="bbox 1136 704 1146 2599; baseline 0 0"><span class='ocrx_word' id='word_1_311' title='bbox 1136 704 1146 2599; x_wconf 95' lang='lat' dir='ltr'> </span> 
     </span>
    </p>
   </div>
   <div class='ocr_carea' id='block_1_12' title="bbox 1166 701 2015 1161">
    <p class='ocr_par' dir='ltr' id='par_1_18' title="bbox 1166 701 2014 965">
     <span class='ocr_line' id='line_1_50' title="bbox 1167 701 2012 739; baseline 0.001 -9"><span class='ocrx_word' id='word_1_312' title='bbox 1167 710 1220 730; x_wconf 89' lang='lat' dir='ltr'>non</span> <span class='ocrx_word' id='word_1_313' title='bbox 1243 701 1321 730; x_wconf 87' lang='lat' dir='ltr'>decet</span> <span class='ocrx_word' id='word_1_314' title='bbox 1343 702 1433 730; x_wconf 88' lang='lat' dir='ltr'>Deum</span> <span class='ocrx_word' id='word_1_315' title='bbox 1448 702 1538 731; x_wconf 87' lang='lat' dir='ltr'>facere</span> <span class='ocrx_word' id='word_1_316' title='bbox 1559 702 1665 739; x_wconf 88' lang='lat' dir='ltr'>aliquid</span> <span class='ocrx_word' id='word_1_317' title='bbox 1682 702 1870 731; x_wconf 90' lang='lat' dir='ltr'>inordinatum</span> <span class='ocrx_word' id='word_1_318' title='bbox 1893 703 1967 732; x_wconf 93' lang='lat' dir='ltr'>circa</span> <span class='ocrx_word' id='word_1_319' title='bbox 1982 710 2012 731; x_wconf 86' lang='lat' dir='ltr'>se</span> 
     </span>
     <span class='ocr_line' id='line_1_51' title="bbox 1167 749 2012 786; baseline 0.001 -9"><span class='ocrx_word' id='word_1_320' title='bbox 1167 756 1217 777; x_wconf 87' lang='lat' dir='ltr'>nec</span> <span class='ocrx_word' id='word_1_321' title='bbox 1239 749 1312 777; x_wconf 85' lang='lat' dir='ltr'>circa</span> <span class='ocrx_word' id='word_1_322' title='bbox 1334 752 1465 778; x_wconf 89' lang='lat' dir='ltr'>naturam</span> <span class='ocrx_word' id='word_1_323' title='bbox 1486 749 1537 777; x_wconf 91' lang='lat' dir='ltr'>sibi</span> <span class='ocrx_word' id='word_1_324' title='bbox 1560 749 1682 778; x_wconf 87' lang='lat' dir='ltr'>unitam:</span> <span class='ocrx_word' id='word_1_325' title='bbox 1705 757 1772 786; x_wconf 84' lang='lat' dir='ltr'>ergo</span> <span class='ocrx_word' id='word_1_326' title='bbox 1793 749 1815 778; x_wconf 93' lang='lat' dir='ltr'>si</span> <span class='ocrx_word' id='word_1_327' title='bbox 1838 749 1944 778; x_wconf 88' lang='lat' dir='ltr'>nullam</span> <span class='ocrx_word' id='word_1_328' title='bbox 1966 749 2012 778; x_wconf 89' lang='lat' dir='ltr'>ha-</span> 
     </span>
     <span class='ocr_line' id='line_1_52' title="bbox 1166 795 2012 832; baseline 0.001 -9"><span class='ocrx_word' id='word_1_329' title='bbox 1166 795 1228 824; x_wconf 88' lang='lat' dir='ltr'>huit</span> <span class='ocrx_word' id='word_1_330' title='bbox 1248 795 1377 832; x_wconf 91' lang='lat' dir='ltr'>culpam,</span> <span class='ocrx_word' id='word_1_331' title='bbox 1406 803 1456 824; x_wconf 89' lang='lat' dir='ltr'>nec</span> <span class='ocrx_word' id='word_1_332' title='bbox 1478 796 1505 823; x_wconf 92' lang='lat' dir='ltr'>in</span> <span class='ocrx_word' id='word_1_333' title='bbox 1534 803 1563 824; x_wconf 88' lang='lat' dir='ltr'>se</span> <span class='ocrx_word' id='word_1_334' title='bbox 1584 804 1635 825; x_wconf 91' lang='lat' dir='ltr'>nec</span> <span class='ocrx_word' id='word_1_335' title='bbox 1656 796 1683 824; x_wconf 93' lang='lat' dir='ltr'>in</span> <span class='ocrx_word' id='word_1_336' title='bbox 1711 800 1812 825; x_wconf 84' lang='lat' dir='ltr'>natura</span> <span class='ocrx_word' id='word_1_337' title='bbox 1841 796 1892 825; x_wconf 89' lang='lat' dir='ltr'>sibi</span> <span class='ocrx_word' id='word_1_338' title='bbox 1915 796 2012 831; x_wconf 90' lang='lat' dir='ltr'>unita;</span> 
     </span>
     <span class='ocr_line' id='line_1_53' title="bbox 1166 842 2013 880; baseline 0.002 -10"><span class='ocrx_word' id='word_1_339' title='bbox 1166 842 1291 877; x_wconf 87' lang='lat' dir='ltr'>videtur,</span> <span class='ocrx_word' id='word_1_340' title='bbox 1307 842 1381 879; x_wconf 88' lang='lat' dir='ltr'>quod</span> <span class='ocrx_word' id='word_1_341' title='bbox 1401 842 1493 871; x_wconf 88' lang='lat' dir='ltr'>nullos</span> <span class='ocrx_word' id='word_1_342' title='bbox 1509 842 1606 871; x_wconf 88' lang='lat' dir='ltr'>debuit</span> <span class='ocrx_word' id='word_1_343' title='bbox 1620 843 1744 872; x_wconf 88' lang='lat' dir='ltr'>defectus</span> <span class='ocrx_word' id='word_1_344' title='bbox 1763 851 1907 872; x_wconf 88' lang='lat' dir='ltr'>assumere</span> <span class='ocrx_word' id='word_1_345' title='bbox 1921 850 2013 880; x_wconf 88' lang='lat' dir='ltr'>neque</span> 
     </span>
     <span class='ocr_line' id='line_1_54' title="bbox 1167 889 2014 926; baseline 0.001 -9"><span class='ocrx_word' id='word_1_346' title='bbox 1167 889 1364 926; x_wconf 86' lang='lat' dir='ltr'>passibilitates</span> <span class='ocrx_word' id='word_1_347' title='bbox 1385 889 1420 917; x_wconf 90' lang='lat' dir='ltr'>ad</span> <span class='ocrx_word' id='word_1_348' title='bbox 1442 889 1552 926; x_wconf 86' lang='lat' dir='ltr'>culpam</span> <span class='ocrx_word' id='word_1_349' title='bbox 1572 892 1774 926; x_wconf 85' lang='lat' dir='ltr'>consequentes</span> <span class='ocrx_word' id='word_1_350' title='bbox 1796 889 1951 918; x_wconf 88' lang='lat' dir='ltr'>seeundum</span> <span class='ocrx_word' id='word_1_351' title='bbox 1973 897 2014 918; x_wconf 85' lang='lat' dir='ltr'>re-</span> 
     </span>
     <span class='ocr_line' id='line_1_55' title="bbox 1167 936 1402 965; baseline 0 -1"><span class='ocrx_word' id='word_1_352' title='bbox 1167 939 1242 965; x_wconf 87' lang='lat' dir='ltr'>ctum</span> <span class='ocrx_word' id='word_1_353' title='bbox 1265 936 1402 965; x_wconf 87' lang='lat' dir='ltr'>ordinem.</span> 
     </span>
    </p>

    <p class='ocr_par' dir='ltr' id='par_1_19' title="bbox 1167 982 2015 1161">
     <span class='ocr_line' id='line_1_56' title="bbox 1248 982 2014 1016; baseline 0 -5"><span class='ocrx_word' id='word_1_354' title='bbox 1248 982 1273 1011; x_wconf 83' lang='lat'>3.</span> <span class='ocrx_word' id='word_1_355' title='bbox 1296 983 1376 1016; x_wconf 79' lang='lat' dir='ltr'>Item,</span> <span class='ocrx_word' id='word_1_356' title='bbox 1397 982 1524 1011; x_wconf 89' lang='lat' dir='ltr'>Christus</span> <span class='ocrx_word' id='word_1_357' title='bbox 1545 982 1678 1012; x_wconf 87' lang='lat' dir='ltr'>assumsit</span> <span class='ocrx_word' id='word_1_358' title='bbox 1702 983 1855 1011; x_wconf 89' lang='lat' dir='ltr'>humanam</span> <span class='ocrx_word' id='word_1_359' title='bbox 1883 986 2014 1012; x_wconf 89' lang='lat' dir='ltr'>naturam</span> 
     </span>
     <span class='ocr_line' id='line_1_57' title="bbox 1167 1029 2014 1067; baseline 0.001 -9"><span class='ocrx_word' id='word_1_360' title='bbox 1167 1030 1200 1058; x_wconf 87' lang='lat' dir='ltr'>ad</span> <span class='ocrx_word' id='word_1_361' title='bbox 1225 1030 1382 1059; x_wconf 89' lang='lat' dir='ltr'>curandum</span> <span class='ocrx_word' id='word_1_362' title='bbox 1404 1038 1465 1058; x_wconf 87' lang='lat' dir='ltr'>eam</span> <span class='ocrx_word' id='word_1_363' title='bbox 1488 1038 1543 1058; x_wconf 88' lang='lat' dir='ltr'>non</span> <span class='ocrx_word' id='word_1_364' title='bbox 1565 1029 1655 1058; x_wconf 91' lang='lat' dir='ltr'>solum</span> <span class='ocrx_word' id='word_1_365' title='bbox 1678 1038 1694 1058; x_wconf 92' lang='lat' dir='ltr'>a</span> <span class='ocrx_word' id='word_1_366' title='bbox 1716 1029 1814 1067; x_wconf 87' lang='lat' dir='ltr'>culpa,</span> <span class='ocrx_word' id='word_1_367' title='bbox 1837 1030 1885 1059; x_wconf 92' lang='lat' dir='ltr'>sed</span> <span class='ocrx_word' id='word_1_368' title='bbox 1900 1030 1983 1059; x_wconf 88' lang='lat' dir='ltr'>etiam</span> <span class='ocrx_word' id='word_1_369' title='bbox 1998 1038 2014 1059; x_wconf 91' lang='lat' dir='ltr'>a</span> 
     </span>
     <span class='ocr_line' id='line_1_58' title="bbox 1168 1077 2014 1115; baseline 0 -9"><span class='ocrx_word' id='word_1_370' title='bbox 1168 1077 1322 1106; x_wconf 83' lang='lat' dir='ltr'>defectibus</span> <span class='ocrx_word' id='word_1_371' title='bbox 1337 1080 1364 1106; x_wconf 85' lang='lat' dir='ltr'>et</span> <span class='ocrx_word' id='word_1_372' title='bbox 1382 1077 1559 1114; x_wconf 87' lang='lat' dir='ltr'>passionibus</span> <span class='ocrx_word' id='word_1_373' title='bbox 1575 1077 1685 1114; x_wconf 89' lang='lat' dir='ltr'>culpam</span> <span class='ocrx_word' id='word_1_374' title='bbox 1702 1077 1949 1115; x_wconf 88' lang='lat' dir='ltr'>consequentibus;</span> <span class='ocrx_word' id='word_1_375' title='bbox 1965 1077 2014 1106; x_wconf 90' lang='lat' dir='ltr'>sed</span> 
     </span>
     <span class='ocr_line' id='line_1_59' title="bbox 1168 1124 2015 1161; baseline 0 -9"><span class='ocrx_word' id='word_1_376' title='bbox 1168 1124 1308 1153; x_wconf 85' lang='lat' dir='ltr'>contraria</span> <span class='ocrx_word' id='word_1_377' title='bbox 1329 1124 1476 1153; x_wconf 87' lang='lat' dir='ltr'>contrariis</span> <span class='ocrx_word' id='word_1_378' title='bbox 1502 1127 1656 1159; x_wconf 82' lang='lat' dir='ltr'>curantur,</span> <span class='ocrx_word' id='word_1_379' title='bbox 1685 1128 1740 1152; x_wconf 90' lang='lat' dir='ltr'>tam</span> <span class='ocrx_word' id='word_1_380' title='bbox 1770 1124 1797 1152; x_wconf 91' lang='lat' dir='ltr'>in</span> <span class='ocrx_word' id='word_1_381' title='bbox 1821 1124 2015 1161; x_wconf 87' lang='lat' dir='ltr'>corporalibus</span> 
     </span>
    </p>
   </div>
   <div class='ocr_carea' id='block_1_13' title="bbox 1134 1171 2015 1209">
    <p class='ocr_par' dir='ltr' id='par_1_20' title="bbox 1134 1171 2015 1209">
     <span class='ocr_line' id='line_1_60' title="bbox 1134 1171 2015 1209; baseline 0.001 -10"><span class='ocrx_word' id='word_1_382' title='bbox 1134 1200 1136 1204; x_wconf 71' lang='grc'>,</span> <span class='ocrx_word' id='word_1_383' title='bbox 1168 1179 1252 1209; x_wconf 85' lang='lat' dir='ltr'>quam</span> <span class='ocrx_word' id='word_1_384' title='bbox 1276 1171 1302 1199; x_wconf 92' lang='lat' dir='ltr'>in</span> <span class='ocrx_word' id='word_1_385' title='bbox 1324 1171 1532 1208; x_wconf 83' lang='lat' dir='ltr'>spiritualibus.-</span> <span class='ocrx_word' id='word_1_386' title='bbox 1554 1179 1620 1208; x_wconf 77' lang='lat' dir='ltr'>ergo</span> <span class='ocrx_word' id='word_1_387' title='bbox 1643 1171 1731 1208; x_wconf 85' lang='lat' dir='ltr'>magis</span> <span class='ocrx_word' id='word_1_388' title='bbox 1752 1171 1850 1200; x_wconf 88' lang='lat' dir='ltr'>debuit</span> <span class='ocrx_word' id='word_1_389' title='bbox 1870 1178 2015 1200; x_wconf 87' lang='lat' dir='ltr'>assumere</span> 
     </span>
    </p>
   </div>
   <div class='ocr_carea' id='block_1_14' title="bbox 1168 1218 2019 1723">
    <p class='ocr_par' dir='ltr' id='par_1_21' title="bbox 1168 1218 2016 1442">
     <span class='ocr_line' id='line_1_61' title="bbox 1168 1218 2016 1255; baseline 0 -8"><span class='ocrx_word' id='word_1_390' title='bbox 1168 1218 1359 1247; x_wconf 83' lang='lat' dir='ltr'>fortitudinem</span> <span class='ocrx_word' id='word_1_391' title='bbox 1389 1221 1416 1247; x_wconf 88' lang='lat' dir='ltr'>et</span> <span class='ocrx_word' id='word_1_392' title='bbox 1444 1218 1695 1255; x_wconf 87' lang='lat' dir='ltr'>impassibilitatem</span> <span class='ocrx_word' id='word_1_393' title='bbox 1724 1218 1759 1247; x_wconf 88' lang='lat' dir='ltr'>ad</span> <span class='ocrx_word' id='word_1_394' title='bbox 1788 1218 1942 1247; x_wconf 87' lang='lat' dir='ltr'>curandam</span> <span class='ocrx_word' id='word_1_395' title='bbox 1970 1226 2016 1247; x_wconf 91' lang='lat' dir='ltr'>no-</span> 
     </span>
     <span class='ocr_line' id='line_1_62' title="bbox 1169 1264 2016 1302; baseline 0 -9"><span class='ocrx_word' id='word_1_396' title='bbox 1169 1267 1255 1293; x_wconf 85' lang='lat' dir='ltr'>stram</span> <span class='ocrx_word' id='word_1_397' title='bbox 1278 1265 1448 1293; x_wconf 85' lang='lat' dir='ltr'>debilitatem</span> <span class='ocrx_word' id='word_1_398' title='bbox 1464 1268 1491 1293; x_wconf 92' lang='lat' dir='ltr'>et</span> <span class='ocrx_word' id='word_1_399' title='bbox 1513 1264 1702 1293; x_wconf 87' lang='lat' dir='ltr'>infirmitatem</span> <span class='ocrx_word' id='word_1_400' title='bbox 1725 1273 1809 1302; x_wconf 88' lang='lat' dir='ltr'>quam</span> <span class='ocrx_word' id='word_1_401' title='bbox 1832 1265 1956 1294; x_wconf 89' lang='lat' dir='ltr'>defectus</span> <span class='ocrx_word' id='word_1_402' title='bbox 1971 1273 2016 1293; x_wconf 90' lang='lat' dir='ltr'>no-</span> 
     </span>
     <span class='ocr_line' id='line_1_63' title="bbox 1169 1311 2016 1348; baseline 0 -8"><span class='ocrx_word' id='word_1_403' title='bbox 1169 1315 1242 1340; x_wconf 86' lang='lat' dir='ltr'>stros</span> <span class='ocrx_word' id='word_1_404' title='bbox 1264 1312 1413 1340; x_wconf 81' lang='lat' dir='ltr'>naturales.</span> <span class='ocrx_word' id='word_1_405' title='bbox 1437 1312 1467 1340; x_wconf 82' lang='lat' dir='ltr'>Et</span> <span class='ocrx_word' id='word_1_406' title='bbox 1494 1312 1547 1340; x_wconf 90' lang='lat' dir='ltr'>hoc</span> <span class='ocrx_word' id='word_1_407' title='bbox 1571 1315 1613 1340; x_wconf 89' lang='lat' dir='ltr'>est</span> <span class='ocrx_word' id='word_1_408' title='bbox 1634 1312 1708 1348; x_wconf 89' lang='lat' dir='ltr'>quod</span> <span class='ocrx_word' id='word_1_409' title='bbox 1739 1311 1850 1340; x_wconf 88' lang='lat' dir='ltr'>videtur</span> <span class='ocrx_word' id='word_1_410' title='bbox 1878 1311 2016 1348; x_wconf 87' lang='lat' dir='ltr'>Propheta</span> 
     </span>
     <span class='ocr_line' id='line_1_64' title="bbox 1169 1357 2016 1395; baseline 0 -9"><span class='ocrx_word' id='word_1_411' title='bbox 1169 1362 1276 1395; x_wconf 88' lang='lat' dir='ltr'>petere,</span> <span class='ocrx_word' id='word_1_412' title='bbox 1292 1358 1376 1387; x_wconf 91' lang='lat' dir='ltr'>Isaiae</span> <span class='ocrx_word' id='word_1_413' title='bbox 1391 1358 1622 1395; x_wconf 83' lang='lat' dir='ltr'>quinquagesimo</span> <span class='ocrx_word' id='word_1_414' title='bbox 1637 1357 1728 1395; x_wconf 91' lang='lat' dir='ltr'>primo</span> <span class='ocrx_word' id='word_1_415' title='bbox 1739 1358 1762 1386; x_wconf 76' lang='lat'>⁶:</span> <span class='ocrx_word' id='word_1_416' title='bbox 1780 1358 1937 1395; x_wconf 68' lang='lat' dir='ltr'>Cousurgye,</span> <span class='ocrx_word' id='word_1_417' title='bbox 1953 1366 2016 1386; x_wconf 78' lang='lat' dir='ltr'>eon—</span> 
     </span>
     <span class='ocr_line' id='line_1_65' title="bbox 1169 1403 1967 1442; baseline -0.001 -9"><span class='ocrx_word' id='word_1_418' title='bbox 1169 1414 1273 1442; x_wconf 51' lang='lat' dir='ltr'>summ</span> <span class='ocrx_word' id='word_1_419' title='bbox 1295 1405 1416 1433; x_wconf 75' lang='lat' dir='ltr'>induere</span> <span class='ocrx_word' id='word_1_420' title='bbox 1438 1404 1642 1442; x_wconf 80' lang='lat' dir='ltr'>fortitudinem</span> <span class='ocrx_word' id='word_1_421' title='bbox 1664 1403 1818 1433; x_wconf 78' lang='lat' dir='ltr'>bruchium</span> <span class='ocrx_word' id='word_1_422' title='bbox 1841 1404 1967 1433; x_wconf 80' lang='lat' dir='ltr'>Domini.</span> 
     </span>
    </p>

    <p class='ocr_par' dir='ltr' id='par_1_22' title="bbox 1170 1451 2019 1723">
     <span class='ocr_line' id='line_1_66' title="bbox 1249 1451 2016 1487; baseline 0 -8"><span class='ocrx_word' id='word_1_423' title='bbox 1249 1452 1275 1480; x_wconf 72' lang='lat'>4.</span> <span class='ocrx_word' id='word_1_424' title='bbox 1298 1452 1380 1486; x_wconf 89' lang='lat' dir='ltr'>Item,</span> <span class='ocrx_word' id='word_1_425' title='bbox 1403 1451 1531 1480; x_wconf 86' lang='lat' dir='ltr'>Christus</span> <span class='ocrx_word' id='word_1_426' title='bbox 1559 1451 1634 1480; x_wconf 85' lang='lat' dir='ltr'>venit</span> <span class='ocrx_word' id='word_1_427' title='bbox 1654 1451 1690 1479; x_wconf 87' lang='lat' dir='ltr'>ad</span> <span class='ocrx_word' id='word_1_428' title='bbox 1718 1451 1901 1487; x_wconf 83' lang='lat' dir='ltr'>pugnandum</span> <span class='ocrx_word' id='word_1_429' title='bbox 1923 1454 1951 1480; x_wconf 88' lang='lat' dir='ltr'>et</span> <span class='ocrx_word' id='word_1_430' title='bbox 1971 1451 2016 1479; x_wconf 89' lang='lat' dir='ltr'>de-</span> 
     </span>
     <span class='ocr_line' id='line_1_67' title="bbox 1171 1497 2014 1531; baseline -0.001 -4"><span class='ocrx_word' id='word_1_431' title='bbox 1171 1499 1338 1527; x_wconf 86' lang='lat' dir='ltr'>vincendum</span> <span class='ocrx_word' id='word_1_432' title='bbox 1361 1499 1556 1527; x_wconf 81' lang='lat' dir='ltr'>adversarium</span> <span class='ocrx_word' id='word_1_433' title='bbox 1571 1499 1596 1531; x_wconf 89' lang='grc'>7;</span> <span class='ocrx_word' id='word_1_434' title='bbox 1623 1499 1671 1527; x_wconf 89' lang='lat' dir='ltr'>sed</span> <span class='ocrx_word' id='word_1_435' title='bbox 1695 1498 1820 1527; x_wconf 88' lang='lat' dir='ltr'>defectus</span> <span class='ocrx_word' id='word_1_436' title='bbox 1851 1497 2014 1527; x_wconf 89' lang='lat' dir='ltr'>huiusmodi</span> 
     </span>
     <span class='ocr_line' id='line_1_68' title="bbox 1170 1544 2017 1583; baseline -0.001 -9"><span class='ocrx_word' id='word_1_437' title='bbox 1170 1546 1234 1583; x_wconf 85' lang='lat' dir='ltr'>plus</span> <span class='ocrx_word' id='word_1_438' title='bbox 1256 1548 1321 1574; x_wconf 85' lang='lat' dir='ltr'>sunt</span> <span class='ocrx_word' id='word_1_439' title='bbox 1342 1545 1461 1573; x_wconf 89' lang='lat' dir='ltr'>ordinati</span> <span class='ocrx_word' id='word_1_440' title='bbox 1484 1545 1518 1573; x_wconf 91' lang='lat' dir='ltr'>ad</span> <span class='ocrx_word' id='word_1_441' title='bbox 1542 1545 1728 1574; x_wconf 87' lang='lat' dir='ltr'>deficiendum</span> <span class='ocrx_word' id='word_1_442' title='bbox 1751 1553 1834 1582; x_wconf 81' lang='lat' dir='ltr'>quam</span> <span class='ocrx_word' id='word_1_443' title='bbox 1851 1545 1884 1573; x_wconf 92' lang='lat' dir='ltr'>ad</span> <span class='ocrx_word' id='word_1_444' title='bbox 1909 1544 2017 1573; x_wconf 84' lang='lat' dir='ltr'>vincen-</span> 
     </span>
     <span class='ocr_line' id='line_1_69' title="bbox 1170 1592 2018 1629; baseline -0.002 -7"><span class='ocrx_word' id='word_1_445' title='bbox 1170 1593 1252 1628; x_wconf 91' lang='lat' dir='ltr'>dum,</span> <span class='ocrx_word' id='word_1_446' title='bbox 1268 1593 1392 1621; x_wconf 86' lang='lat' dir='ltr'>maxime</span> <span class='ocrx_word' id='word_1_447' title='bbox 1407 1600 1470 1621; x_wconf 86' lang='lat' dir='ltr'>cum</span> <span class='ocrx_word' id='word_1_448' title='bbox 1494 1595 1635 1629; x_wconf 83' lang='lat' dir='ltr'>pugnatur</span> <span class='ocrx_word' id='word_1_449' title='bbox 1650 1596 1747 1621; x_wconf 87' lang='lat' dir='ltr'>contra</span> <span class='ocrx_word' id='word_1_450' title='bbox 1767 1592 1866 1621; x_wconf 86' lang='lat' dir='ltr'>fortem</span> <span class='ocrx_word' id='word_1_451' title='bbox 1889 1592 2018 1621; x_wconf 89' lang='lat' dir='ltr'>adversa-</span> 
     </span>
     <span class='ocr_line' id='line_1_70' title="bbox 1171 1638 2019 1676; baseline -0.001 -8"><span class='ocrx_word' id='word_1_452' title='bbox 1171 1640 1261 1668; x_wconf 85' lang='lat' dir='ltr'>rium:</span> <span class='ocrx_word' id='word_1_453' title='bbox 1284 1648 1350 1676; x_wconf 76' lang='lat' dir='ltr'>ergo</span> <span class='ocrx_word' id='word_1_454' title='bbox 1372 1639 1499 1674; x_wconf 84' lang='lat' dir='ltr'>videtur,</span> <span class='ocrx_word' id='word_1_455' title='bbox 1521 1639 1596 1676; x_wconf 89' lang='lat' dir='ltr'>quod</span> <span class='ocrx_word' id='word_1_456' title='bbox 1619 1639 1711 1676; x_wconf 89' lang='lat' dir='ltr'>potius</span> <span class='ocrx_word' id='word_1_457' title='bbox 1737 1639 1806 1668; x_wconf 90' lang='lat' dir='ltr'>tales</span> <span class='ocrx_word' id='word_1_458' title='bbox 1827 1639 1952 1668; x_wconf 89' lang='lat' dir='ltr'>defectus</span> <span class='ocrx_word' id='word_1_459' title='bbox 1973 1638 2019 1667; x_wconf 89' lang='lat' dir='ltr'>de-</span> 
     </span>
     <span class='ocr_line' id='line_1_71' title="bbox 1170 1686 1898 1723; baseline -0.001 -8"><span class='ocrx_word' id='word_1_460' title='bbox 1170 1687 1231 1716; x_wconf 88' lang='lat' dir='ltr'>buit</span> <span class='ocrx_word' id='word_1_461' title='bbox 1246 1687 1373 1715; x_wconf 82' lang='lat' dir='ltr'>Christus</span> <span class='ocrx_word' id='word_1_462' title='bbox 1392 1686 1507 1715; x_wconf 88' lang='lat' dir='ltr'>reiicere</span> <span class='ocrx_word' id='word_1_463' title='bbox 1532 1694 1615 1723; x_wconf 88' lang='lat' dir='ltr'>quam</span> <span class='ocrx_word' id='word_1_464' title='bbox 1643 1686 1669 1714; x_wconf 95' lang='lat' dir='ltr'>in</span> <span class='ocrx_word' id='word_1_465' title='bbox 1695 1694 1724 1715; x_wconf 90' lang='lat' dir='ltr'>se</span> <span class='ocrx_word' id='word_1_466' title='bbox 1745 1693 1898 1715; x_wconf 89' lang='lat' dir='ltr'>assumere.</span> 
     </span>
    </p>
   </div>
   <div class='ocr_carea' id='block_1_15' title="bbox 1485 1787 1698 1808">
    <p class='ocr_par' dir='ltr' id='par_1_23' title="bbox 1485 1787 1698 1808">
     <span class='ocr_line' id='line_1_72' title="bbox 1485 1787 1698 1808; baseline -0.005 0"><span class='ocrx_word' id='word_1_467' title='bbox 1485 1787 1698 1808; x_wconf 86' lang='lat' dir='ltr'>CONCLUSIO.</span> 
     </span>
    </p>
   </div>
   <div class='ocr_carea' id='block_1_16' title="bbox 1172 1873 2016 1958">
    <p class='ocr_par' dir='ltr' id='par_1_24' title="bbox 1172 1873 2016 1958">
     <span class='ocr_line' id='line_1_73' title="bbox 1172 1873 2016 1912; baseline -0.002 -9"><span class='ocrx_word' id='word_1_468' title='bbox 1172 1875 1342 1912; x_wconf 40' lang='lat' dir='ltr'>Co&#39;nyruum</span> <span class='ocrx_word' id='word_1_469' title='bbox 1364 1873 1437 1911; x_wconf 77' lang='lat' dir='ltr'>luit,</span> <span class='ocrx_word' id='word_1_470' title='bbox 1461 1873 1609 1902; x_wconf 78' lang='lat' dir='ltr'>Christum</span> <span class='ocrx_word' id='word_1_471' title='bbox 1632 1881 1783 1901; x_wconf 77' lang='lat' dir='ltr'>assumere</span> <span class='ocrx_word' id='word_1_472' title='bbox 1803 1876 1947 1901; x_wconf 77' lang='lat' dir='ltr'>naturam</span> <span class='ocrx_word' id='word_1_473' title='bbox 1968 1881 2016 1901; x_wconf 80' lang='lat' dir='ltr'>uo-</span> 
     </span>
     <span class='ocr_line' id='line_1_74' title="bbox 1249 1920 1934 1958; baseline -0.001 -9"><span class='ocrx_word' id='word_1_474' title='bbox 1249 1925 1343 1949; x_wconf 80' lang='lat' dir='ltr'>strstm</span> <span class='ocrx_word' id='word_1_475' title='bbox 1366 1929 1433 1949; x_wconf 81' lang='lat' dir='ltr'>cuni</span> <span class='ocrx_word' id='word_1_476' title='bbox 1457 1920 1614 1958; x_wconf 76' lang='lat' dir='ltr'>defectibus</span> <span class='ocrx_word' id='word_1_477' title='bbox 1635 1924 1660 1949; x_wconf 78' lang='lat' dir='ltr'>et</span> <span class='ocrx_word' id='word_1_478' title='bbox 1678 1920 1934 1957; x_wconf 75' lang='lat' dir='ltr'>passibilitatibus.</span> 
     </span>
    </p>
   </div>
   <div class='ocr_carea' id='block_1_17' title="bbox 1169 2013 2146 2614">
    <p class='ocr_par' dir='ltr' id='par_1_25' title="bbox 1169 2013 2146 2287">
     <span class='ocr_line' id='line_1_75' title="bbox 1250 2013 2135 2051; baseline -0.002 -8"><span class='ocrx_word' id='word_1_479' title='bbox 1250 2016 1426 2043; x_wconf 72' lang='lat' dir='ltr'>Ruspounuo:</span> <span class='ocrx_word' id='word_1_480' title='bbox 1450 2014 1620 2049; x_wconf 86' lang='lat' dir='ltr'>Dicendum,</span> <span class='ocrx_word' id='word_1_481' title='bbox 1643 2014 1717 2051; x_wconf 87' lang='lat' dir='ltr'>quod</span> <span class='ocrx_word' id='word_1_482' title='bbox 1733 2014 1839 2051; x_wconf 84' lang='lat' dir='ltr'>absque</span> <span class='ocrx_word' id='word_1_483' title='bbox 1854 2013 1940 2042; x_wconf 89' lang='lat' dir='ltr'>dubio</span> <span class='ocrx_word' id='word_1_484' title='bbox 1955 2021 2016 2042; x_wconf 88' lang='lat' dir='ltr'>eon·</span> <span class='ocrx_word' id='word_1_485' title='bbox 2029 2023 2135 2042; x_wconf 71' lang='lat' dir='ltr'>eonciusio.</span> 
     </span>
     <span class='ocr_line' id='line_1_76' title="bbox 1171 2062 2016 2100; baseline -0.004 -9"><span class='ocrx_word' id='word_1_486' title='bbox 1171 2071 1273 2100; x_wconf 83' lang='lat' dir='ltr'>gruum</span> <span class='ocrx_word' id='word_1_487' title='bbox 1296 2063 1363 2096; x_wconf 84' lang='lat' dir='ltr'>suit,</span> <span class='ocrx_word' id='word_1_488' title='bbox 1395 2062 1536 2090; x_wconf 86' lang='lat' dir='ltr'>Christum</span> <span class='ocrx_word' id='word_1_489' title='bbox 1565 2069 1711 2090; x_wconf 87' lang='lat' dir='ltr'>assumere</span> <span class='ocrx_word' id='word_1_490' title='bbox 1739 2064 1868 2089; x_wconf 90' lang='lat' dir='ltr'>naturam</span> <span class='ocrx_word' id='word_1_491' title='bbox 1892 2063 2016 2089; x_wconf 89' lang='lat' dir='ltr'>nostram</span> 
     </span>
     <span class='ocr_line' id='line_1_77' title="bbox 1171 2106 2146 2145; baseline -0.003 -7"><span class='ocrx_word' id='word_1_492' title='bbox 1171 2118 1233 2138; x_wconf 84' lang='lat' dir='ltr'>cum</span> <span class='ocrx_word' id='word_1_493' title='bbox 1257 2109 1410 2138; x_wconf 78' lang='lat' dir='ltr'>defectibus</span> <span class='ocrx_word' id='word_1_494' title='bbox 1431 2111 1458 2137; x_wconf 88' lang='lat' dir='ltr'>et</span> <span class='ocrx_word' id='word_1_495' title='bbox 1479 2107 1710 2145; x_wconf 88' lang='lat' dir='ltr'>passibilitatibus</span> <span class='ocrx_word' id='word_1_496' title='bbox 1718 2118 1725 2142; x_wconf 91' lang='lat'>;</span> <span class='ocrx_word' id='word_1_497' title='bbox 1746 2110 1774 2135; x_wconf 88' lang='lat' dir='ltr'>et</span> <span class='ocrx_word' id='word_1_498' title='bbox 1788 2107 1840 2136; x_wconf 92' lang='lat' dir='ltr'>hoc</span> <span class='ocrx_word' id='word_1_499' title='bbox 1862 2106 1964 2144; x_wconf 85' lang='lat' dir='ltr'>triplici</span> <span class='ocrx_word' id='word_1_500' title='bbox 1978 2114 2015 2135; x_wconf 85' lang='lat' dir='ltr'>ex</span> <span class='ocrx_word' id='word_1_501' title='bbox 2029 2117 2146 2143; x_wconf 66' lang='lat' dir='ltr'>Tripiexra-</span> 
     </span>
     <span class='ocr_line' id='line_1_78' title="bbox 1171 2144 2097 2193; baseline -0.005 -7"><span class='ocrx_word' id='word_1_502' title='bbox 1171 2149 1270 2191; x_wconf 80' lang='lat' dir='ltr'>causa,</span> <span class='ocrx_word' id='word_1_503' title='bbox 1302 2155 1492 2193; x_wconf 82' lang='lat' dir='ltr'>principaliter</span> <span class='ocrx_word' id='word_1_504' title='bbox 1526 2155 1655 2184; x_wconf 91' lang='lat' dir='ltr'>videlicet</span> <span class='ocrx_word' id='word_1_505' title='bbox 1686 2147 1801 2191; x_wconf 86' lang='lat' dir='ltr'>propter</span> <span class='ocrx_word' id='word_1_506' title='bbox 1820 2154 1950 2191; x_wconf 82' lang='lat' dir='ltr'>pretium</span> <span class='ocrx_word' id='word_1_507' title='bbox 1970 2161 2016 2182; x_wconf 90' lang='lat' dir='ltr'>no-</span> <span class='ocrx_word' id='word_1_508' title='bbox 2065 2144 2097 2159; x_wconf 53' lang='grc' dir='ltr'>ω’</span> 
     </span>
     <span class='ocr_line' id='line_1_79' title="bbox 1171 2201 2016 2240; baseline -0.004 -8"><span class='ocrx_word' id='word_1_509' title='bbox 1171 2207 1245 2233; x_wconf 75' lang='lat' dir='ltr'>stt‘ae</span> <span class='ocrx_word' id='word_1_510' title='bbox 1266 2203 1379 2237; x_wconf 87' lang='lat' dir='ltr'>salutis,</span> <span class='ocrx_word' id='word_1_511' title='bbox 1402 2205 1516 2240; x_wconf 87' lang='lat' dir='ltr'>propter</span> <span class='ocrx_word' id='word_1_512' title='bbox 1537 2202 1700 2239; x_wconf 76' lang='lat' dir='ltr'>exemplum</span> <span class='ocrx_word' id='word_1_513' title='bbox 1721 2201 1833 2230; x_wconf 86' lang='lat' dir='ltr'>virtutis</span> <span class='ocrx_word' id='word_1_514' title='bbox 1854 2204 1881 2230; x_wconf 92' lang='lat' dir='ltr'>et</span> <span class='ocrx_word' id='word_1_515' title='bbox 1901 2204 2016 2237; x_wconf 85' lang='lat' dir='ltr'>propter</span> 
     </span>
     <span class='ocr_line' id='line_1_80' title="bbox 1169 2249 1694 2287; baseline -0.004 -8"><span class='ocrx_word' id='word_1_516' title='bbox 1169 2249 1373 2287; x_wconf 73' lang='lat' dir='ltr'>fulcimentum</span> <span class='ocrx_word' id='word_1_517' title='bbox 1397 2253 1508 2278; x_wconf 88' lang='lat' dir='ltr'>nostrae</span> <span class='ocrx_word' id='word_1_518' title='bbox 1529 2249 1694 2286; x_wconf 84' lang='lat' dir='ltr'>fragilitatis.</span> 
     </span>
    </p>

    <p class='ocr_par' dir='ltr' id='par_1_26' title="bbox 1169 2294 2120 2614">
     <span class='ocr_line' id='line_1_81' title="bbox 1250 2294 2097 2333; baseline -0.001 -8"><span class='ocrx_word' id='word_1_519' title='bbox 1250 2297 1365 2333; x_wconf 88' lang='lat' dir='ltr'>Propter</span> <span class='ocrx_word' id='word_1_520' title='bbox 1384 2296 1513 2333; x_wconf 80' lang='lat' dir='ltr'>precium</span> <span class='ocrx_word' id='word_1_521' title='bbox 1543 2298 1655 2324; x_wconf 87' lang='lat' dir='ltr'>nostrae</span> <span class='ocrx_word' id='word_1_522' title='bbox 1686 2295 1800 2329; x_wconf 90' lang='lat' dir='ltr'>salutis,</span> <span class='ocrx_word' id='word_1_523' title='bbox 1827 2294 1893 2332; x_wconf 87' lang='lat' dir='ltr'>quia</span> <span class='ocrx_word' id='word_1_524' title='bbox 1918 2302 2016 2331; x_wconf 90' lang='lat' dir='ltr'>propo·</span> <span class='ocrx_word' id='word_1_525' title='bbox 2028 2305 2097 2324; x_wconf 80' lang='lat' dir='ltr'>Prima.</span> 
     </span>
     <span class='ocr_line' id='line_1_82' title="bbox 1171 2341 2017 2379; baseline -0.004 -7"><span class='ocrx_word' id='word_1_526' title='bbox 1171 2347 1266 2372; x_wconf 87' lang='lat' dir='ltr'>suerat</span> <span class='ocrx_word' id='word_1_527' title='bbox 1287 2351 1337 2371; x_wconf 92' lang='lat' dir='ltr'>nos</span> <span class='ocrx_word' id='word_1_528' title='bbox 1358 2343 1498 2371; x_wconf 84' lang='lat' dir='ltr'>redimere</span> <span class='ocrx_word' id='word_1_529' title='bbox 1529 2351 1588 2370; x_wconf 76' lang='lat' dir='ltr'>nou</span> <span class='ocrx_word' id='word_1_530' title='bbox 1620 2341 1861 2379; x_wconf 63' lang='lat' dir='ltr'>corruptibilibus</span> <span class='ocrx_word' id='word_1_531' title='bbox 1892 2349 1969 2369; x_wconf 82' lang='lat' dir='ltr'>auro</span> <span class='ocrx_word' id='word_1_532' title='bbox 1990 2344 2017 2369; x_wconf 79' lang='lat' dir='ltr'>et</span> 
     </span>
     <span class='ocr_line' id='line_1_83' title="bbox 1170 2386 2015 2428; baseline -0.004 -9"><span class='ocrx_word' id='word_1_533' title='bbox 1170 2395 1308 2428; x_wconf 59' lang='lat' dir='ltr'>amento,</span> <span class='ocrx_word' id='word_1_534' title='bbox 1340 2386 1390 2418; x_wconf 77' lang='lat' dir='ltr'>sed</span> <span class='ocrx_word' id='word_1_535' title='bbox 1416 2390 1544 2427; x_wconf 79' lang='lat' dir='ltr'>pretioso</span> <span class='ocrx_word' id='word_1_536' title='bbox 1566 2389 1712 2427; x_wconf 68' lang='lat' dir='ltr'>sanquine</span> <span class='ocrx_word' id='word_1_537' title='bbox 1733 2388 1824 2423; x_wconf 76' lang='lat' dir='ltr'>suo⁸‚</span> <span class='ocrx_word' id='word_1_538' title='bbox 1846 2391 1873 2417; x_wconf 90' lang='lat' dir='ltr'>et</span> <span class='ocrx_word' id='word_1_539' title='bbox 1894 2388 2015 2416; x_wconf 87' lang='lat' dir='ltr'>animam</span> 
     </span>
     <span class='ocr_line' id='line_1_84' title="bbox 1169 2435 2016 2475; baseline -0.005 -8"><span class='ocrx_word' id='word_1_540' title='bbox 1169 2446 1251 2467; x_wconf 86' lang='lat' dir='ltr'>suam</span> <span class='ocrx_word' id='word_1_541' title='bbox 1274 2446 1378 2475; x_wconf 90' lang='lat' dir='ltr'>ponere</span> <span class='ocrx_word' id='word_1_542' title='bbox 1399 2445 1450 2474; x_wconf 88' lang='lat' dir='ltr'>pro</span> <span class='ocrx_word' id='word_1_543' title='bbox 1483 2437 1631 2465; x_wconf 86' lang='lat' dir='ltr'>animabus</span> <span class='ocrx_word' id='word_1_544' title='bbox 1653 2436 1764 2465; x_wconf 86' lang='lat' dir='ltr'>nostris.</span> <span class='ocrx_word' id='word_1_545' title='bbox 1787 2435 1826 2464; x_wconf 79' lang='lat' dir='ltr'>Ad</span> <span class='ocrx_word' id='word_1_546' title='bbox 1848 2435 1901 2464; x_wconf 88' lang='lat' dir='ltr'>hoc</span> <span class='ocrx_word' id='word_1_547' title='bbox 1921 2437 2016 2463; x_wconf 86' lang='lat' dir='ltr'>autem</span> 
     </span>
     <span class='ocr_line' id='line_1_85' title="bbox 1170 2482 2016 2518; baseline -0.005 -5"><span class='ocrx_word' id='word_1_548' title='bbox 1170 2493 1223 2513; x_wconf 91' lang='lat' dir='ltr'>non</span> <span class='ocrx_word' id='word_1_549' title='bbox 1246 2489 1319 2513; x_wconf 85' lang='lat' dir='ltr'>esset</span> <span class='ocrx_word' id='word_1_550' title='bbox 1340 2484 1472 2518; x_wconf 81' lang='lat' dir='ltr'>idoneus,</span> <span class='ocrx_word' id='word_1_551' title='bbox 1494 2484 1546 2512; x_wconf 89' lang='lat' dir='ltr'>nisi</span> <span class='ocrx_word' id='word_1_552' title='bbox 1568 2486 1697 2511; x_wconf 89' lang='lat' dir='ltr'>naturam</span> <span class='ocrx_word' id='word_1_553' title='bbox 1720 2482 1893 2511; x_wconf 84' lang='lat' dir='ltr'>deficientem</span> <span class='ocrx_word' id='word_1_554' title='bbox 1915 2484 1942 2510; x_wconf 89' lang='lat' dir='ltr'>et</span> <span class='ocrx_word' id='word_1_555' title='bbox 1956 2488 2016 2518; x_wconf 91' lang='lat' dir='ltr'>pas-</span> 
     </span>
     <span class='ocr_line' id='line_1_86' title="bbox 1170 2529 2015 2566; baseline -0.005 -6"><span class='ocrx_word' id='word_1_556' title='bbox 1170 2531 1278 2560; x_wconf 88' lang='lat' dir='ltr'>sibilem</span> <span class='ocrx_word' id='word_1_557' title='bbox 1308 2530 1500 2562; x_wconf 85' lang='lat' dir='ltr'>assumsisset;</span> <span class='ocrx_word' id='word_1_558' title='bbox 1532 2533 1559 2558; x_wconf 87' lang='lat' dir='ltr'>et</span> <span class='ocrx_word' id='word_1_559' title='bbox 1590 2532 1738 2566; x_wconf 85' lang='lat' dir='ltr'>propterea</span> <span class='ocrx_word' id='word_1_560' title='bbox 1760 2529 1884 2558; x_wconf 86' lang='lat' dir='ltr'>defectus</span> <span class='ocrx_word' id='word_1_561' title='bbox 1906 2531 2015 2557; x_wconf 88' lang='lat' dir='ltr'>nostros</span> 
     </span>
     <span class='ocr_line' id='line_1_87' title="bbox 1170 2574 2120 2614; baseline -0.005 -8"><span class='ocrx_word' id='word_1_562' title='bbox 1170 2581 1196 2607; x_wconf 90' lang='lat' dir='ltr'>et</span> <span class='ocrx_word' id='word_1_563' title='bbox 1230 2577 1409 2614; x_wconf 87' lang='lat' dir='ltr'>poenalitates</span> <span class='ocrx_word' id='word_1_564' title='bbox 1437 2576 1534 2605; x_wconf 90' lang='lat' dir='ltr'>debuit</span> <span class='ocrx_word' id='word_1_565' title='bbox 1567 2577 1594 2604; x_wconf 93' lang='lat' dir='ltr'>in</span> <span class='ocrx_word' id='word_1_566' title='bbox 1616 2584 1645 2605; x_wconf 90' lang='lat' dir='ltr'>se</span> <span class='ocrx_word' id='word_1_567' title='bbox 1666 2576 1726 2613; x_wconf 90' lang='lat' dir='ltr'>ipso</span> <span class='ocrx_word' id='word_1_568' title='bbox 1757 2575 1870 2603; x_wconf 85' lang='lat' dir='ltr'>habere.</span> <span class='ocrx_word' id='word_1_569' title='bbox 1899 2591 1937 2595; x_wconf 92' lang='lat'>-—</span> <span class='ocrx_word' id='word_1_570' title='bbox 1958 2574 2015 2602; x_wconf 82' lang='lat' dir='ltr'>Alia</span> <span class='ocrx_word' id='word_1_571' title='bbox 2028 2586 2120 2605; x_wconf 56' lang='lat' dir='ltr'>Secund...</span> 
     </span>
    </p>
   </div>
   <div class='ocr_carea' id='block_1_18' title="bbox 885 2677 1402 2684">
    <p class='ocr_par' dir='ltr' id='par_1_27' title="bbox 885 2677 1402 2684">
     <span class='ocr_line' id='line_1_88' title="bbox 885 2677 1402 2684; baseline 0 0"><span class='ocrx_word' id='word_1_572' title='bbox 885 2677 1402 2684; x_wconf 95' lang='lat' dir='ltr'> </span> 
     </span>
    </p>
   </div>
   <div class='ocr_carea' id='block_1_19' title="bbox 267 2730 1116 3032">
    <p class='ocr_par' dir='ltr' id='par_1_28' title="bbox 330 2730 476 2753">
     <span class='ocr_line' id='line_1_89' title="bbox 330 2730 476 2753; baseline -0.014 1"><span class='ocrx_word' id='word_1_573' title='bbox 330 2731 337 2746; x_wconf 85' lang='lat'>¹</span> <span class='ocrx_word' id='word_1_574' title='bbox 356 2732 421 2753; x_wconf 70' lang='lat' dir='ltr'>Vers.</span> <span class='ocrx_word' id='word_1_575' title='bbox 441 2730 476 2752; x_wconf 67' lang='lat' dir='ltr'>rl7.</span> 
     </span>
    </p>

    <p class='ocr_par' dir='ltr' id='par_1_29' title="bbox 267 2764 1116 2877">
     <span class='ocr_line' id='line_1_90' title="bbox 329 2764 1114 2793; baseline -0.008 -1"><span class='ocrx_word' id='word_1_576' title='bbox 329 2770 339 2784; x_wconf 78' lang='lat'><strong>²</strong></span> <span class='ocrx_word' id='word_1_577' title='bbox 356 2770 420 2792; x_wconf 79' lang='lat' dir='ltr'>Vers.</span> <span class='ocrx_word' id='word_1_578' title='bbox 443 2769 476 2791; x_wconf 80' lang='grc'>15.</span> <span class='ocrx_word' id='word_1_579' title='bbox 495 2781 525 2785; x_wconf 95' lang='grc'><strong>-</strong></span> <span class='ocrx_word' id='word_1_580' title='bbox 551 2768 627 2790; x_wconf 72' lang='lat' dir='ltr'>Verba</span> <span class='ocrx_word' id='word_1_581' title='bbox 653 2767 736 2789; x_wconf 86' lang='lat' dir='ltr'>deinde</span> <span class='ocrx_word' id='word_1_582' title='bbox 761 2766 862 2788; x_wconf 80' lang='lat' dir='ltr'>subnexa</span> <span class='ocrx_word' id='word_1_583' title='bbox 890 2767 986 2793; x_wconf 83' lang='lat' dir='ltr'>tangunt</span> <span class='ocrx_word' id='word_1_584' title='bbox 1011 2764 1114 2787; x_wconf 82' lang='lat' dir='ltr'>eiusdem</span> 
     </span>
     <span class='ocr_line' id='line_1_91' title="bbox 267 2803 1116 2838; baseline -0.009 -6"><span class='ocrx_word' id='word_1_585' title='bbox 267 2810 336 2838; x_wconf 81' lang='lat' dir='ltr'>Epist.</span> <span class='ocrx_word' id='word_1_586' title='bbox 349 2815 367 2831; x_wconf 85' lang='lat' dir='ltr'>c.</span> <span class='ocrx_word' id='word_1_587' title='bbox 387 2809 411 2837; x_wconf 78' lang='lat'>5,</span> <span class='ocrx_word' id='word_1_588' title='bbox 434 2810 451 2831; x_wconf 91' lang='grc'>1.</span> <span class='ocrx_word' id='word_1_589' title='bbox 470 2809 499 2830; x_wconf 80' lang='lat'>2:</span> <span class='ocrx_word' id='word_1_590' title='bbox 517 2807 596 2829; x_wconf 88' lang='lat' dir='ltr'>Omnis</span> <span class='ocrx_word' id='word_1_591' title='bbox 613 2812 713 2835; x_wconf 76' lang='lat' dir='ltr'>namque</span> <span class='ocrx_word' id='word_1_592' title='bbox 731 2806 830 2834; x_wconf 78' lang='lat' dir='ltr'>pontifex</span> <span class='ocrx_word' id='word_1_593' title='bbox 843 2811 868 2826; x_wconf 76' lang='lat' dir='ltr'>ex</span> <span class='ocrx_word' id='word_1_594' title='bbox 882 2803 1014 2826; x_wconf 84' lang='lat' dir='ltr'>hominibus</span> <span class='ocrx_word' id='word_1_595' title='bbox 1029 2809 1116 2825; x_wconf 85' lang='lat' dir='ltr'>assum-</span> 
     </span>
     <span class='ocr_line' id='line_1_92' title="bbox 268 2846 898 2877; baseline -0.01 -6"><span class='ocrx_word' id='word_1_596' title='bbox 268 2853 328 2871; x_wconf 71' lang='lat' dir='ltr'>tuS...</span> <span class='ocrx_word' id='word_1_597' title='bbox 346 2850 385 2877; x_wconf 89' lang='lat' dir='ltr'>qui</span> <span class='ocrx_word' id='word_1_598' title='bbox 403 2847 525 2871; x_wconf 84' lang='lat' dir='ltr'>condolere</span> <span class='ocrx_word' id='word_1_599' title='bbox 543 2847 615 2875; x_wconf 82' lang='lat' dir='ltr'>possit</span> <span class='ocrx_word' id='word_1_600' title='bbox 632 2847 659 2868; x_wconf 89' lang='lat' dir='ltr'>iis</span> <span class='ocrx_word' id='word_1_601' title='bbox 676 2846 715 2874; x_wconf 89' lang='lat' dir='ltr'>qui</span> <span class='ocrx_word' id='word_1_602' title='bbox 733 2846 839 2873; x_wconf 82' lang='lat' dir='ltr'>ignorant</span> <span class='ocrx_word' id='word_1_603' title='bbox 856 2848 898 2866; x_wconf 89' lang='lat' dir='ltr'>etc.</span> 
     </span>
    </p>

    <p class='ocr_par' dir='ltr' id='par_1_30' title="bbox 269 2882 1116 2953">
     <span class='ocr_line' id='line_1_93' title="bbox 330 2882 1116 2914; baseline -0.009 -5"><span class='ocrx_word' id='word_1_604' title='bbox 330 2887 340 2901; x_wconf 76' lang='grc'><strong>3</strong></span> <span class='ocrx_word' id='word_1_605' title='bbox 357 2887 410 2909; x_wconf 86' lang='lat' dir='ltr'>Luc.</span> <span class='ocrx_word' id='word_1_606' title='bbox 429 2886 471 2914; x_wconf 77' lang='lat'>24,</span> <span class='ocrx_word' id='word_1_607' title='bbox 490 2886 534 2908; x_wconf 79' lang='lat'>26:</span> <span class='ocrx_word' id='word_1_608' title='bbox 552 2885 631 2907; x_wconf 85' lang='lat' dir='ltr'>Nonne</span> <span class='ocrx_word' id='word_1_609' title='bbox 649 2885 705 2906; x_wconf 82' lang='lat' dir='ltr'>haec</span> <span class='ocrx_word' id='word_1_610' title='bbox 722 2884 823 2912; x_wconf 85' lang='lat' dir='ltr'>oportuit</span> <span class='ocrx_word' id='word_1_611' title='bbox 840 2883 885 2910; x_wconf 86' lang='lat' dir='ltr'>pati</span> <span class='ocrx_word' id='word_1_612' title='bbox 904 2882 1019 2904; x_wconf 80' lang='lat' dir='ltr'>Christum</span> <span class='ocrx_word' id='word_1_613' title='bbox 1031 2884 1073 2903; x_wconf 87' lang='lat' dir='ltr'>etc.</span> <span class='ocrx_word' id='word_1_614' title='bbox 1086 2893 1116 2896; x_wconf 94' lang='lat'>-—</span> 
     </span>
     <span class='ocr_line' id='line_1_94' title="bbox 269 2919 1116 2953; baseline -0.007 -5"><span class='ocrx_word' id='word_1_615' title='bbox 269 2926 290 2948; x_wconf 92' lang='lat' dir='ltr'>ln</span> <span class='ocrx_word' id='word_1_616' title='bbox 308 2925 396 2948; x_wconf 71' lang='lat' dir='ltr'>maiori</span> <span class='ocrx_word' id='word_1_617' title='bbox 412 2931 454 2953; x_wconf 88' lang='lat' dir='ltr'>pro</span> <span class='ocrx_word' id='word_1_618' title='bbox 471 2923 585 2947; x_wconf 77' lang='lat' dir='ltr'>assumsit</span> <span class='ocrx_word' id='word_1_619' title='bbox 600 2923 652 2946; x_wconf 84' lang='lat' dir='ltr'>edd.</span> <span class='ocrx_word' id='word_1_620' title='bbox 673 2924 697 2950; x_wconf 72' lang='lat'>4,</span> <span class='ocrx_word' id='word_1_621' title='bbox 716 2923 729 2944; x_wconf 79' lang='lat'>2</span> <span class='ocrx_word' id='word_1_622' title='bbox 747 2928 799 2944; x_wconf 85' lang='lat' dir='ltr'>cum</span> <span class='ocrx_word' id='word_1_623' title='bbox 819 2921 932 2944; x_wconf 91' lang='lat' dir='ltr'>nonnullis</span> <span class='ocrx_word' id='word_1_624' title='bbox 944 2920 1011 2943; x_wconf 88' lang='lat' dir='ltr'>codd.</span> <span class='ocrx_word' id='word_1_625' title='bbox 1023 2919 1116 2943; x_wconf 80' lang='lat' dir='ltr'>sumsit.</span> 
     </span>
    </p>

    <p class='ocr_par' dir='ltr' id='par_1_31' title="bbox 267 2958 1115 3032">
     <span class='ocr_line' id='line_1_95' title="bbox 332 2958 1115 2991; baseline -0.008 -5"><span class='ocrx_word' id='word_1_626' title='bbox 332 2964 340 2977; x_wconf 84' lang='lat'><strong>⁴</strong></span> <span class='ocrx_word' id='word_1_627' title='bbox 357 2963 402 2986; x_wconf 87' lang='lat' dir='ltr'>Csr.</span> <span class='ocrx_word' id='word_1_628' title='bbox 428 2964 484 2985; x_wconf 81' lang='lat' dir='ltr'>infra</span> <span class='ocrx_word' id='word_1_629' title='bbox 511 2963 533 2985; x_wconf 94' lang='lat' dir='ltr'>d.</span> <span class='ocrx_word' id='word_1_630' title='bbox 557 2963 593 2985; x_wconf 77' lang='lat'>20.</span> <span class='ocrx_word' id='word_1_631' title='bbox 619 2969 640 2991; x_wconf 90' lang='lat' dir='ltr'>q.</span> <span class='ocrx_word' id='word_1_632' title='bbox 659 2963 678 2984; x_wconf 79' lang='lat'>2.</span> <span class='ocrx_word' id='word_1_633' title='bbox 697 2968 761 2990; x_wconf 85' lang='lat' dir='ltr'>seqq.</span> <span class='ocrx_word' id='word_1_634' title='bbox 780 2973 810 2976; x_wconf 91' lang='lat'>—</span> <span class='ocrx_word' id='word_1_635' title='bbox 827 2961 870 2982; x_wconf 80' lang='lat' dir='ltr'>Pro</span> <span class='ocrx_word' id='word_1_636' title='bbox 886 2958 1043 2989; x_wconf 79' lang='lat' dir='ltr'>praecipuum</span> <span class='ocrx_word' id='word_1_637' title='bbox 1066 2959 1115 2980; x_wconf 76' lang='lat' dir='ltr'>Vnt.</span> 
     </span>
     <span class='ocr_line' id='line_1_96' title="bbox 267 3002 378 3032; baseline -0.009 -7"><span class='ocrx_word' id='word_1_638' title='bbox 267 3002 378 3032; x_wconf 76' lang='lat' dir='ltr'>pretium.</span> 
     </span>
    </p>
   </div>
   <div class='ocr_carea' id='block_1_20' title="bbox 1142 2724 1145 2863">
    <p class='ocr_par' dir='ltr' id='par_1_32' title="bbox 1142 2724 1145 2863">
     <span class='ocr_line' id='line_1_97' title="bbox 1142 2724 1145 2863; baseline 0 0"><span class='ocrx_word' id='word_1_639' title='bbox 1142 2724 1145 2863; x_wconf 95' lang='lat' dir='ltr'> </span> 
     </span>
    </p>
   </div>
   <div class='ocr_carea' id='block_1_21' title="bbox 1234 2721 2016 2789">
    <p class='ocr_par' dir='ltr' id='par_1_33' title="bbox 1234 2721 2016 2789">
     <span class='ocr_line' id='line_1_98' title="bbox 1234 2721 1717 2750; baseline -0.008 -4"><span class='ocrx_word' id='word_1_640' title='bbox 1234 2724 1243 2738; x_wconf 86' lang='lat'>⁵</span> <span class='ocrx_word' id='word_1_641' title='bbox 1261 2724 1319 2746; x_wconf 84' lang='lat' dir='ltr'>Vide</span> <span class='ocrx_word' id='word_1_642' title='bbox 1337 2723 1361 2745; x_wconf 91' lang='lat' dir='ltr'>Il.</span> <span class='ocrx_word' id='word_1_643' title='bbox 1379 2723 1439 2745; x_wconf 71' lang='lat' dir='ltr'>Seni.</span> <span class='ocrx_word' id='word_1_644' title='bbox 1458 2722 1494 2744; x_wconf 76' lang='lat'>36.</span> <span class='ocrx_word' id='word_1_645' title='bbox 1512 2729 1532 2744; x_wconf 81' lang='lat' dir='ltr'>a.</span> <span class='ocrx_word' id='word_1_646' title='bbox 1551 2722 1572 2744; x_wconf 78' lang='lat'>2.</span> <span class='ocrx_word' id='word_1_647' title='bbox 1590 2728 1612 2750; x_wconf 89' lang='lat' dir='ltr'>q.</span> <span class='ocrx_word' id='word_1_648' title='bbox 1634 2721 1652 2743; x_wconf 91' lang='grc'>1.</span> <span class='ocrx_word' id='word_1_649' title='bbox 1669 2726 1717 2749; x_wconf 82' lang='lat' dir='ltr'>seq.</span> 
     </span>
     <span class='ocr_line' id='line_1_99' title="bbox 1234 2758 2016 2789; baseline -0.006 -4"><span class='ocrx_word' id='word_1_650' title='bbox 1234 2763 1244 2777; x_wconf 73' lang='grc' dir='ltr'><strong>θ</strong></span> <span class='ocrx_word' id='word_1_651' title='bbox 1262 2764 1326 2785; x_wconf 81' lang='lat' dir='ltr'>Vers.</span> <span class='ocrx_word' id='word_1_652' title='bbox 1344 2763 1364 2785; x_wconf 79' lang='lat'>9.</span> <span class='ocrx_word' id='word_1_653' title='bbox 1383 2762 1405 2784; x_wconf 90' lang='lat' dir='ltr'>In</span> <span class='ocrx_word' id='word_1_654' title='bbox 1424 2765 1483 2784; x_wconf 73' lang='lat' dir='ltr'>textu</span> <span class='ocrx_word' id='word_1_655' title='bbox 1502 2762 1598 2789; x_wconf 77' lang='lat' dir='ltr'>allegato</span> <span class='ocrx_word' id='word_1_656' title='bbox 1616 2766 1658 2788; x_wconf 85' lang='lat' dir='ltr'>pro</span> <span class='ocrx_word' id='word_1_657' title='bbox 1676 2758 1800 2783; x_wconf 81' lang='lat' dir='ltr'>brachium</span> <span class='ocrx_word' id='word_1_658' title='bbox 1817 2759 1885 2781; x_wconf 86' lang='lat' dir='ltr'>codd.</span> <span class='ocrx_word' id='word_1_659' title='bbox 1903 2758 1987 2780; x_wconf 88' lang='lat' dir='ltr'>FGiL</span> <span class='ocrx_word' id='word_1_660' title='bbox 1998 2758 2016 2780; x_wconf 88' lang='lat' dir='ltr'>T</span> 
     </span>
    </p>
   </div>
   <div class='ocr_carea' id='block_1_22' title="bbox 1173 2798 2018 2947">
    <p class='ocr_par' dir='ltr' id='par_1_34' title="bbox 1173 2798 2016 2869">
     <span class='ocr_line' id='line_1_100' title="bbox 1173 2798 2016 2826; baseline -0.007 -1"><span class='ocrx_word' id='word_1_661' title='bbox 1173 2803 1190 2824; x_wconf 81' lang='lat' dir='ltr'>U</span> <span class='ocrx_word' id='word_1_662' title='bbox 1201 2803 1219 2824; x_wconf 91' lang='lat' dir='ltr'>V</span> <span class='ocrx_word' id='word_1_663' title='bbox 1230 2809 1255 2824; x_wconf 78' lang='lat' dir='ltr'>aa</span> <span class='ocrx_word' id='word_1_664' title='bbox 1266 2802 1298 2824; x_wconf 90' lang='lat' dir='ltr'>bb</span> <span class='ocrx_word' id='word_1_665' title='bbox 1315 2801 1455 2824; x_wconf 86' lang='lat' dir='ltr'>substituunt</span> <span class='ocrx_word' id='word_1_666' title='bbox 1472 2800 1568 2823; x_wconf 83' lang='lat' dir='ltr'>brachii.</span> <span class='ocrx_word' id='word_1_667' title='bbox 1588 2812 1617 2815; x_wconf 88' lang='lat'>—-</span> <span class='ocrx_word' id='word_1_668' title='bbox 1635 2800 1667 2821; x_wconf 86' lang='lat' dir='ltr'>De</span> <span class='ocrx_word' id='word_1_669' title='bbox 1684 2800 1727 2821; x_wconf 89' lang='lat' dir='ltr'>hoc</span> <span class='ocrx_word' id='word_1_670' title='bbox 1743 2805 1791 2826; x_wconf 78' lang='lat' dir='ltr'>arg.</span> <span class='ocrx_word' id='word_1_671' title='bbox 1815 2798 1856 2820; x_wconf 80' lang='lat' dir='ltr'>cfr.</span> <span class='ocrx_word' id='word_1_672' title='bbox 1873 2804 1942 2826; x_wconf 81' lang='lat' dir='ltr'>supra</span> <span class='ocrx_word' id='word_1_673' title='bbox 1963 2804 2016 2825; x_wconf 76' lang='lat' dir='ltr'>pag.</span> 
     </span>
     <span class='ocr_line' id='line_1_101' title="bbox 1173 2842 1335 2869; baseline -0.006 -6"><span class='ocrx_word' id='word_1_674' title='bbox 1173 2842 1225 2869; x_wconf 77' lang='lat'>26¹,</span> <span class='ocrx_word' id='word_1_675' title='bbox 1244 2844 1295 2863; x_wconf 80' lang='lat' dir='ltr'>nota</span> <span class='ocrx_word' id='word_1_676' title='bbox 1314 2842 1335 2863; x_wconf 78' lang='lat'>2.</span> 
     </span>
    </p>

    <p class='ocr_par' dir='ltr' id='par_1_35' title="bbox 1173 2875 2018 2947">
     <span class='ocr_line' id='line_1_102' title="bbox 1235 2875 2018 2906; baseline -0.006 -4"><span class='ocrx_word' id='word_1_677' title='bbox 1235 2879 1245 2894; x_wconf 85' lang='lat'><em>7</em></span> <span class='ocrx_word' id='word_1_678' title='bbox 1262 2879 1306 2902; x_wconf 80' lang='lat' dir='ltr'>Cfr.</span> <span class='ocrx_word' id='word_1_679' title='bbox 1325 2880 1380 2901; x_wconf 81' lang='lat' dir='ltr'>infra</span> <span class='ocrx_word' id='word_1_680' title='bbox 1399 2880 1429 2901; x_wconf 82' lang='lat' dir='ltr'>iit.</span> <span class='ocrx_word' id='word_1_681' title='bbox 1448 2879 1557 2906; x_wconf 81' lang='lat' dir='ltr'>Magistri,</span> <span class='ocrx_word' id='word_1_682' title='bbox 1576 2877 1598 2900; x_wconf 72' lang='lat' dir='ltr'>d.</span> <span class='ocrx_word' id='word_1_683' title='bbox 1616 2877 1675 2899; x_wconf 84' lang='lat' dir='ltr'>XIX.</span> <span class='ocrx_word' id='word_1_684' title='bbox 1694 2882 1713 2898; x_wconf 88' lang='lat' dir='ltr'>c.</span> <span class='ocrx_word' id='word_1_685' title='bbox 1733 2877 1752 2904; x_wconf 74' lang='lat' dir='ltr'>t,</span> <span class='ocrx_word' id='word_1_686' title='bbox 1771 2878 1793 2898; x_wconf 85' lang='lat' dir='ltr'>et</span> <span class='ocrx_word' id='word_1_687' title='bbox 1814 2875 1868 2898; x_wconf 89' lang='lat' dir='ltr'>ibid.</span> <span class='ocrx_word' id='word_1_688' title='bbox 1890 2875 2018 2898; x_wconf 85' lang='lat' dir='ltr'>Comment.</span> 
     </span>
     <span class='ocr_line' id='line_1_103' title="bbox 1173 2919 1312 2947; baseline -0.007 -6"><span class='ocrx_word' id='word_1_689' title='bbox 1173 2926 1193 2941; x_wconf 84' lang='lat' dir='ltr'>a.</span> <span class='ocrx_word' id='word_1_690' title='bbox 1215 2920 1232 2941; x_wconf 88' lang='grc' dir='ltr'>Ι.</span> <span class='ocrx_word' id='word_1_691' title='bbox 1251 2926 1273 2947; x_wconf 85' lang='lat' dir='ltr'>q.</span> <span class='ocrx_word' id='word_1_692' title='bbox 1293 2919 1312 2941; x_wconf 84' lang='lat'>3.</span> 
     </span>
    </p>
   </div>
   <div class='ocr_carea' id='block_1_23' title="bbox 1174 2953 2018 3025">
    <p class='ocr_par' dir='ltr' id='par_1_36' title="bbox 1174 2953 2018 3025">
     <span class='ocr_line' id='line_1_104' title="bbox 1236 2953 2018 2985; baseline -0.008 -5"><span class='ocrx_word' id='word_1_693' title='bbox 1236 2957 1245 2972; x_wconf 78' lang='lat'>⁸</span> <span class='ocrx_word' id='word_1_694' title='bbox 1262 2958 1330 2985; x_wconf 80' lang='lat' dir='ltr'>Epist.</span> <span class='ocrx_word' id='word_1_695' title='bbox 1349 2957 1363 2979; x_wconf 95' lang='grc' dir='ltr'>Ι.</span> <span class='ocrx_word' id='word_1_696' title='bbox 1380 2958 1436 2979; x_wconf 80' lang='lat' dir='ltr'>Petr.</span> <span class='ocrx_word' id='word_1_697' title='bbox 1454 2957 1458 2978; x_wconf 90' lang='grc' dir='ltr'>Ι</span> <span class='ocrx_word' id='word_1_698' title='bbox 1470 2975 1476 2983; x_wconf 82' lang='lat'><em>‚</em></span> <span class='ocrx_word' id='word_1_699' title='bbox 1490 2956 1525 2978; x_wconf 74' lang='grc'>18.</span> <span class='ocrx_word' id='word_1_700' title='bbox 1538 2962 1585 2983; x_wconf 83' lang='lat' dir='ltr'>seq.</span> <span class='ocrx_word' id='word_1_701' title='bbox 1599 2967 1628 2970; x_wconf 94' lang='lat'>——</span> <span class='ocrx_word' id='word_1_702' title='bbox 1641 2954 1700 2976; x_wconf 74' lang='lat' dir='ltr'>loen.</span> <span class='ocrx_word' id='word_1_703' title='bbox 1714 2954 1754 2982; x_wconf 78' lang='lat' dir='ltr'>to,</span> <span class='ocrx_word' id='word_1_704' title='bbox 1769 2953 1797 2975; x_wconf 33' lang='lat'>&#39;15</span> <span class='ocrx_word' id='word_1_705' title='bbox 1807 2960 1813 2976; x_wconf 73' lang='grc' dir='ltr'><strong><em>ι</em></strong></span> <span class='ocrx_word' id='word_1_706' title='bbox 1825 2954 1930 2975; x_wconf 85' lang='lat' dir='ltr'>Animam</span> <span class='ocrx_word' id='word_1_707' title='bbox 1943 2958 2018 2975; x_wconf 85' lang='lat' dir='ltr'>meam</span> 
     </span>
     <span class='ocr_line' id='line_1_105' title="bbox 1174 2996 1477 3025; baseline -0.01 -6"><span class='ocrx_word' id='word_1_708' title='bbox 1174 3003 1235 3025; x_wconf 86' lang='lat' dir='ltr'>pono</span> <span class='ocrx_word' id='word_1_709' title='bbox 1253 3003 1295 3024; x_wconf 84' lang='lat' dir='ltr'>pro</span> <span class='ocrx_word' id='word_1_710' title='bbox 1312 2996 1396 3018; x_wconf 79' lang='lat' dir='ltr'>ovibus</span> <span class='ocrx_word' id='word_1_711' title='bbox 1413 2996 1477 3017; x_wconf 85' lang='lat' dir='ltr'>meis.</span> 
     </span>
    </p>
   </div>
  </div>
 </body>
</html>
