2166 3366
31 1720 147 1745 §appositio-

42 1749 76 1763 nes
89 1744 106 1762 6.

0 2287 1 2290 ’
17 2280 152 2301 Fundamenta.

736 165 818 194 DtsT.
841 165 894 194 XX.
917 166 989 194 ΛΒΤ.
1012 165 1127 195 UNtCth
1148 166 1283 203 QUAEST.
1306 166 1335 194 lt.

1853 167 1910 197 419

907 296 1168 332 SGHOLION.

225 396 240 418 l.
259 396 280 418 ln
299 395 472 424 quaestionibus
489 396 557 418 huius
574 396 724 419 distinctionis
743 397 860 420 solvendis
877 398 1007 421 Scholastici

163 439 290 464 sequuntur
308 435 431 463 praecipue
448 435 470 457 S.
489 435 587 457 Anseltni
606 436 690 458 librum
709 436 758 459 Cur
776 436 838 459 Deus
854 437 936 464 Ιιοηιο,
953 444 1007 460 cum

163 475 264 504 quadam
282 477 357 497 tamen
375 475 524 502 restrictione,
540 474 568 497 de
581 481 625 503 qun
639 475 692 497 vide
705 476 761 498 infra
779 483 801 505 q.
819 477 840 499 (3.
852 489 881 492 —
891 477 1007 500 Solutione

163 514 231 536 huius
252 514 269 536 l.
287 514 427 542 quaestionis
443 513 568 536 illustratur
584 514 686 536 doctrina
705 521 774 542 supra
793 515 815 537 d.
834 516 855 537 2.
872 522 891 537 a.
914 517 931 538 i.
950 523 972 545 q.
985 517 1007 538 2.

163 553 201 580 (de
212 553 360 581 congruentia
373 553 542 581 incarnationis)
554 555 576 575 et
588 553 610 575 ll.
623 554 684 576 Seni.
696 554 718 576 (l.
731 554 752 576 7.
766 561 788 582 p.
802 555 815 577 l.
833 562 852 577 a.
869 556 886 577 1.
900 562 921 584 q.
936 556 956 578 l.
968 556 1007 584 (de

162 592 313 614 obstinatione
330 591 480 620 daemonum)
501 592 626 620 explicata;
645 598 686 614 nec
703 593 761 615 circa
780 594 949 616 conclusionem
968 595 1007 617 du-

162 631 227 654 bium
244 637 294 653 esse
313 633 392 659 potest.
411 632 427 653 A
446 630 601 660 conqruentia
619 635 698 654 auctor
716 632 737 653 in
760 634 909 660 responsione
929 635 1008 656 transit

161 670 191 692 ad
207 669 367 693 necessitatem
384 669 501 699 quandam
519 670 680 692 incarnationis
690 688 695 698 ,
708 677 778 699 quam
790 672 917 695 secundum
930 673 952 695 S.
966 674 1007 695 An-

161 709 260 731 selmum
277 712 299 731 et
315 709 469 731 Alexandrum
487 708 534 731 llal.
553 710 654 731 nominat
680 710 835 732 necessitatem
858 710 1007 734 itnmutobilt'·

162 747 223 771 attis.
241 748 285 770 Sed
304 747 363 770 istud
380 747 520 770 vocabulum
538 748 637 770 suuntur
655 749 697 770 hoc
715 749 765 770 loco
783 756 826 771 non
845 750 865 771 ln
884 756 952 772 sensu
970 749 1007 773 ab·

161 785 252 814 soluto,
273 789 297 809 ut
313 785 379 814 alibi,
405 786 446 808 sed
463 785 634 814 conditionate,
654 790 678 808 ut
696 787 743 814 ipsa
761 787 832 809 verba
850 789 949 810 auctoris
972 789 1007 811 hic

161 825 305 848 manifestant
321 828 344 848 ct
361 825 435 853 magis
452 825 508 847 infra
526 831 548 854 q.
567 825 587 847 G.
606 825 665 847 Bene
683 825 737 848 dicit
754 827 814 848 Alex.
833 827 880 849 llal.
894 828 925 853 (S.
940 834 961 855 p.
975 828 1006 850 lll.

161 870 183 893 q.
204 864 222 886 l.
241 870 270 886 m.
290 864 337 892 3.):
358 872 368 884 ι
380 864 512 886 Secundum
531 864 664 886 Ansenuum
690 864 786 894 propit'e
810 866 893 888 dicitur
910 868 1007 889 necessi-

162 905 205 931 tas,
224 909 283 931 quae
299 906 332 925 est
350 902 477 926 coactionis
494 905 516 925 et
532 902 695 932 prohibitionis
705 912 713 930 ,-
732 905 853 927 necessitas
874 909 949 927 autem
968 906 1007 928 irn-

161 942 316 964 mutabilitatis
332 941 429 971 proprie
446 948 490 964 non
509 942 575 964 debet
595 942 653 969 dici,
677 943 717 964 sed
744 942 871 972 improprie
884 953 904 966 ι.
923 944 1006 966 Eadem

162 981 285 1004 necessitas
301 987 313 1002 a
332 981 354 1003 S.
372 981 460 1003 Thomu
487 980 533 1009 (hic
550 988 570 1003 a.
590 981 609 1003 i.
628 982 770 1010 quaestiunc.
788 982 816 1009 33
835 983 875 1005 cfr.
893 984 914 1005 S.
934 983 966 1005 lll.
984 990 1006 1012 q.

162 1019 198 1042 46.
216 1027 235 1042 a.
254 1021 285 1049 ⁵2.)
303 1024 399 1042 vocatur
416 1021 539 1042 necessitas
556 1026 587 1042 ea·
603 1020 775 1049 suppositione,
801 1027 870 1050 quam
889 1022 1007 1051 distinguit

161 1065 172 1081 a
191 1060 323 1082 necessitate
340 1058 468 1082 coactionis
485 1062 506 1082 et
523 1058 658 1082 necessitate
669 1058 793 1088 absoluta,
812 1064 834 1082 ct
850 1060 925 1087 addit,
943 1061 1006 1090 quod

162 1103 206 1120 non
225 1098 253 1120 sit
270 1098 392 1120 necessitas
412 1106 422 1118 ι
435 1104 466 1121 eoe
476 1097 636 1127 suppositione
646 1097 713 1128 finis,
732 1099 785 1127 quia
799 1105 842 1121 non
855 1103 889 1121 est
901 1099 1006 1128 dubium,

161 1137 216 1166 quin
229 1137 290 1160 Deus
301 1137 330 1159 ad
342 1137 441 1166 aliquem
455 1137 522 1159 flnem
537 1138 608 1165 possit
620 1137 728 1160 inducere
741 1139 817 1160 multis
829 1139 877 1161 aliis
887 1139 952 1162 viis...
966 1140 1006 1161 sed

160 1182 187 1198 ex
204 1176 362 1204 suppositione
379 1176 485 1204 alicuius,
503 1176 565 1205 quod
578 1175 647 1199 estin
658 1176 721 1206 ipso,
737 1177 821 1199 scilicet
833 1178 1006 1206 praescientiae,

160 1215 197 1237 vel
215 1215 347 1243 voluntatis,
365 1221 425 1244 quae
444 1216 526 1237 mutari
545 1222 589 1237 non
608 1219 719 1243 possunt;
736 1216 863 1238 secundum
876 1223 945 1245 quem
959 1223 1007 1239 mo-

161 1254 217 1276 dum
235 1253 329 1282 dicitur,
348 1253 410 1283 quod
429 1255 583 1276 necessarium
601 1258 646 1282 est,
666 1254 859 1282 praedestinatum
878 1256 968 1278 salvari.
982 1256 1006 1278 lit

161 1293 218 1315 haec
235 1293 317 1316 dicitur
341 1292 467 1316 necessitas
484 1292 682 1317 immutabilitatis
707 1301 719 1316 a
745 1294 892 1323 quibusdam.
918 1295 943 1317 Et
966 1301 1007 1323 pei·

1066 399 1126 421 hune
1139 399 1235 421 modum
1254 400 1408 422 necessarium
1426 400 1466 422 fuit
1483 407 1509 422 ex
1527 404 1591 428 parte
1605 401 1654 429 Dei,
1668 401 1792 423 humanam
1807 404 1910 424 naturam

1066 439 1167 466 reparari
1182 445 1201 460 υ.
1218 450 1250 455 -
1267 438 1298 460 De
1316 439 1358 460 hac
1374 441 1397 460 et
1413 439 1462 461 aliis
1480 440 1618 462 necessitatis
1633 440 1755 468 speciebus
1772 440 1813 464 cfr.
1830 442 1852 464 S.
1871 442 1914 463 no-

1065 483 1131 505 nav.,
1149 477 1163 499 l.
1181 478 1241 499 Seni.
1259 477 1281 499 d.
1300 478 1320 500 6.
1339 484 1361 506 q.
1383 478 1400 499 l.
1418 481 1439 500 et
1457 479 1571 506 scholion,
1598 478 1620 501 d.
1647 479 1685 501 38.
1711 486 1730 502 a.
1757 480 1778 502 2.
1802 486 1824 509 q.
1855 481 1873 502 1.
1890 483 1912 503 et

1065 517 1181 545 scholion,
1195 517 1216 538 ll.
1229 517 1289 539 Seni.
1308 516 1330 538 d.
1342 517 1363 538 7.
1377 523 1398 545 p.
1414 517 1436 539 ll.
1449 524 1469 539 a.
1486 517 1503 539 l.
1516 524 1538 546 q.
1551 517 1576 545 3,
1589 518 1611 540 d.
1630 518 1666 540 25.
1680 525 1701 546 p.
1715 519 1738 541 ll.
1756 525 1778 548 q.
1792 520 1812 541 2.
1832 519 1860 547 3,
1879 520 1911 542 ΙΙΙ.

1065 556 1125 577 Sent.
1144 555 1167 577 d.
1186 555 1221 577 ll.
1239 561 1259 577 a.
1281 555 1299 577 1.
1317 562 1339 584 q.
1357 556 1378 577 3.
1396 555 1424 578 ad
1443 555 1467 583 4,
1490 556 1512 578 d.
1538 557 1571 578 16.
1590 563 1609 578 a.
1632 557 1649 578 1.
1667 564 1689 586 q.
1708 557 1729 579 3.
1746 569 1778 574 —
1796 557 1871 580 Verba
1889 559 1911 580 in

1064 594 1130 616 solut.
1148 593 1175 616 ad
1195 594 1216 616 3.
1235 600 1278 616 non
1297 595 1364 616 nimis
1376 594 1501 622 premenda
1519 598 1581 623 sunt,
1595 596 1659 624 quasi
1673 597 1721 618 sine
1734 597 1805 624 gratia
1819 603 1912 625 praeve-

1065 633 1139 655 niente
1151 632 1231 655 Christi
1245 633 1314 654 homo
1327 633 1404 660 lapsus
1416 633 1514 656 voluerit
1531 640 1665 662 resurgere,
1684 637 1706 657 at
1722 635 1791 657 horno
1804 636 1912 658 innocens

1065 671 1161 693 noluerit
1177 674 1244 693 stare.
1262 671 1306 693 Sed
1324 671 1354 693 ibl
1372 672 1493 699 respicitur
1505 673 1560 694 haec
1572 674 1668 700 veritas,
1682 673 1745 701 quod
1759 674 1829 701 gratia
1847 673 1912 696 Chri-

1064 711 1091 733 sti
1108 709 1136 732 κίε
1151 709 1215 739 sacto
1233 716 1276 732 non
1295 710 1367 732 salvat
1386 710 1494 738 adultos,
1514 711 1556 733 nisi
1574 710 1676 734 volentes
1695 717 1834 741 restirqei'e,
1854 713 1910 735 dum

1064 751 1238 777 protoparentes
1255 749 1283 771 de
1300 749 1358 772 facto
1376 749 1497 772 noluerunt
1514 753 1580 772 stare.

1127 788 1158 810 De
1175 789 1217 810 hm·
1238 789 1255 810 1.
1273 789 1422 817 quaestione:
1440 789 1500 811 Alex.
1520 789 1580 817 ilat,
1598 790 1639 812 loc.
1658 791 1694 812 cit.
1718 796 1747 812 tu.
1767 791 1787 812 2.
1807 792 1831 818 3,
1849 794 1872 813 et
1888 798 1910 820 q.

1065 827 1100 849 118.
1120 833 1150 849 m.
1169 828 1189 850 3.
1208 835 1227 850 a.
1247 828 1266 850 l.
1285 840 1315 844 —
1331 828 1403 856 Scot,
1422 828 1450 850 de
1468 829 1510 851 hac
1526 831 1548 851 et
1565 835 1630 858 seqq.
1649 836 1686 858 qq.
1705 830 1726 852 in
1745 833 1842 860 utroque
1855 832 1911 854 Scri-

1064 870 1103 894 pto
1121 867 1157 889 hic
1174 873 1196 896 q.
1215 868 1288 889 unica.
1305 879 1337 884 —
1352 868 1374 890 S.
1393 868 1488 896 Thom.,
1507 869 1542 890 hie
1560 875 1579 890 a.
1601 869 1619 890 t.
1637 870 1777 898 quaestione.
1795 870 1813 892 1.
1827 870 1852 898 3;
1866 873 1910 893 tan-

1064 906 1125 933 gitur
1141 907 1208 928 etiam
1227 906 1249 928 S.
1269 906 1299 928 lll⁴
1318 913 1340 935 q.
1362 905 1397 928 46.
1415 913 1435 929 a.
1457 907 1475 934 l,
1494 908 1627 934 praesertim
1646 908 1674 929 ad
1693 908 1718 935 3,
1736 911 1758 930 et
1775 915 1797 937 q.
1820 909 1837 931 1.
1855 915 1875 931 a.
1889 909 1909 931 3.

1064 955 1096 960 —
1114 944 1170 966 l‘etr.
1188 951 1200 966 a
1219 944 1284 972 'l'ar.,
1303 945 1338 967 liic
1355 952 1375 967 a.
1398 945 1415 967 1.
1434 946 1453 967 2.
1473 958 1502 961 —
1520 945 1625 968 itit-hard.
1643 953 1654 968 a
1673 946 1744 975 ntea,
1763 948 1799 969 hic
1817 954 1838 976 q.
1856 948 1873 970 l.
1887 949 1908 970 2.

1063 995 1094 999 —-
1112 983 1223 1012 Duran‹l.,
1241 983 1270 1006 de
1288 985 1329 1006 liae
1347 988 1368 1007 vt
1385 991 1433 1013 seq.
1451 991 1473 1014 q.
1492 985 1528 1007 hic
1544 992 1566 1014 q.
1589 986 1606 1007 l.
1624 997 1655 1002 —-
1673 986 1764 1015 ltionys.
1777 986 1867 1015 Carth.‚
1882 987 1911 1010 de

1064 1023 1106 1044 hac
1123 1026 1144 1045 et
1161 1028 1209 1051 seq.
1228 1029 1250 1051 q.
1269 1023 1305 1046 hic
1321 1030 1343 1052 q.
1365 1024 1383 1046 t.
1401 1037 1431 1040 —
1449 1024 1508 1051 Biel,
1526 1024 1562 1046 hic
1580 1031 1602 1053 q.
1621 1025 1694 1047 unica.

1127 1061 1148 1083 ll.
1168 1062 1190 1084 ln
1208 1068 1255 1090 seq.
1274 1062 1315 1090 (2.)
1341 1063 1475 1091 quaestione
1492 1063 1630 1091 Seraphieus
1647 1065 1740 1092 egregie
1757 1065 1854 1092 explicat
1878 1071 1911 1087 ra-

1064 1102 1136 1123 tiones
1153 1101 1314 1129 congruentiae
1341 1107 1383 1129 pro
1409 1102 1565 1130 conclusione,
1587 1102 1616 1124 de
1634 1109 1678 1131 qua
1697 1103 1755 1125 inter
1771 1102 1910 1126 Christianos

1065 1145 1108 1161 non
1127 1142 1200 1167 potest
1217 1146 1267 1162 esse
1285 1141 1447 1162 controversia.

1061 1204 1063 1207 Ι
1127 1178 1158 1200 De
1175 1179 1257 1201 eadem
1273 1180 1421 1208 quaestione:
1440 1180 1500 1202 Alex.
1519 1180 1579 1208 llaL,
1598 1181 1639 1202 loe.
1657 1181 1693 1203 eit.
1713 1187 1742 1203 m.
1761 1181 1785 1208 4,
1803 1184 1825 1203 et
1837 1188 1859 1210 q.
1876 1182 1909 1204 18.

1064 1223 1094 1239 m.
1113 1217 1133 1240 t.
1151 1224 1171 1239 a.
1194 1218 1211 1240 l.
1227 1229 1260 1234 —-
1275 1218 1297 1240 S.
1317 1218 1412 1247 Tuom,
1431 1219 1466 1242 hic
1483 1226 1503 1242 a.
1525 1220 1541 1241 1.
1560 1220 1702 1248 quaestione.
1721 1221 1750 1248 2,
1773 1221 1813 1243 cfr.
1837 1222 1859 1243 S.
1878 1221 1909 1244 ΙΙΙ,

1063 1262 1085 1284 q.
1103 1256 1139 1278 46.
1157 1263 1176 1278 a.
1199 1257 1215 1278 l.
1234 1257 1255 1279 3.
1272 1268 1304 1273 -
1321 1257 1343 1279 B.
1366 1257 1449 1280 Albert.
1475 1259 1546 1286 tangit
1568 1259 1725 1287 quaestionem
1755 1260 1790 1281 hic
1808 1266 1827 1282 a.
1850 1260 1867 1282 l.
1887 1261 1908 1282 3.

1063 1306 1094 1310 —
1112 1295 1168 1317 l'etr.
1186 1302 1197 1317 a
1217 1295 1281 1323 'l'ar.,
1300 1296 1336 1318 hic
1353 1303 1372 1318 a.
1391 1296 1412 1319 4.
1431 1309 1461 1312 —
1478 1297 1583 1319 Ricllard.
1601 1304 1612 1319 a
1632 1297 1702 1326 Med.‚
1721 1299 1757 1321 hic
1774 1305 1796 1327 q.
1815 1299 1836 1321 3.

932 1385 1094 1421 QUAESTlO
1116 1386 1145 1414 lt.

224 1471 329 1500 Utrum
351 1471 448 1509 magyt's
469 1471 649 1509 eonpruerit,
669 1481 762 1510 penus
785 1471 947 1500 humanum
970 1472 1113 1509 reparari
1130 1481 1184 1510 per
1204 1472 1437 1510 satisfactionem
1459 1483 1548 1512 quam
1567 1484 1621 1512 pei·
1644 1475 1736 1504 aliam
1760 1477 1850 1505 visam.

240 1570 367 1599 Secundo
387 1570 546 1608 quaeritur,
568 1574 663 1599 utrum
687 1570 774 1607 magis
795 1574 942 1608 congruat,
964 1578 1007 1607 ge-

160 1625 214 1647 nus
236 1617 389 1646 humanum
407 1618 531 1654 reparari
554 1626 604 1655 per
624 1618 838 1646 satisfactionem
856 1626 940 1654 quam
957 1626 1006 1654 per

160 1665 243 1693 aliam
262 1665 342 1693 viam.
359 1665 389 1693 Et
404 1665 478 1702 quod
497 1665 549 1699 sie,
564 1665 721 1694 ostenditur
737 1673 785 1702 per
807 1669 928 1702 quatuor
944 1673 1006 1702 sup-

161 1712 342 1749 positiones¹;
363 1720 483 1749 quarum
508 1713 598 1749 prima
616 1716 657 1741 est
679 1712 761 1740 haec:
785 1712 831 1740 illa
852 1711 896 1739 via
919 1712 1006 1748 inagis

159 1759 326 1787 conveniens
347 1759 399 1787 fuit
420 1758 455 1787 ad
478 1759 681 1796 reparationem
705 1758 818 1786 humani
835 1758 956 1795 generis,
978 1758 1005 1786 in

160 1813 216 1842 qua
231 1805 319 1842 magis
333 1809 464 1834 servatur
478 1805 548 1834 ordo
563 1805 673 1834 divinae
689 1805 817 1833 iustitiae.
830 1821 868 1825 —-
878 1805 1004 1833 Secunda

159 1855 201 1881 est
222 1852 302 1881 haec:
326 1852 371 1880 illa
387 1853 430 1881 via
453 1853 540 1889 magis
555 1852 683 1889 congruit
706 1851 872 1888 reparationi
889 1851 1003 1880 humani

159 1899 283 1936 generis,
305 1899 333 1927 in
354 1907 409 1936 qua
433 1899 520 1936 tnagis
534 1903 663 1928 servatur
684 1899 753 1928 ordo
768 1898 878 1927 divinae
900 1898 1006 1935 sapien-

161 1945 223 1974 tiae.
248 1962 287 1966 —
310 1946 402 1975 Tertia
429 1949 471 1975 est
504 1946 587 1975 haec:
620 1946 665 1974 illa
694 1945 738 1974 via
763 1946 850 1981 magis
878 1945 1006 1973 convenit

159 1992 326 2029 reparationi
349 1993 463 2021 humani
489 1993 611 2030 generis,
638 1993 664 2021 in
686 2001 742 2030 qua
767 1992 854 2029 magis
875 1995 1004 2021 servatur

157 2039 346 2076 praesidentia
374 2040 484 2068 divinae
505 2040 657 2077 potestatis.
673 2056 711 2060 ——
725 2039 829 2075 Quarta
854 2041 895 2067 est
916 2039 1002 2068 haee:

159 2086 206 2115 illa
228 2087 273 2116 via
293 2087 382 2124 magis
403 2087 531 2116 convenit
553 2086 720 2124 reparationi
744 2085 860 2114 humani
881 2086 1004 2122 generis,

158 2133 186 2162 in
214 2141 269 2171 qua
303 2134 390 2171 magis
418 2137 548 2163 servatur
577 2133 786 2162 honorificentia
814 2133 924 2162 (livinae
950 2141 1006 2161 ma-

159 2180 272 2210 iestatis.

239 2228 263 2255 1.
285 2227 330 2256 llis
352 2227 592 2265 praesuppositis,
610 2227 740 2264 arguitur
761 2226 817 2255 sic:
842 2226 929 2263 magis
950 2234 1005 2255 ser-

158 2277 241 2303 vatur
265 2274 335 2303 ordo
359 2274 469 2303 divinae
498 2274 636 2308 iustitiae,
661 2281 725 2302 cum
748 2273 852 2301 malum
875 2272 1004 2309 punitur,

158 2328 243 2358 quam
265 2329 329 2350 eum
352 2321 520 2358 relinquitur
541 2321 726 2358 impunitum;
748 2320 796 2349 sed
819 2327 882 2348 cum
912 2327 1004 2356 pecca-

159 2370 201 2395 tor
227 2371 375 2404 reparatur
403 2375 453 2404 per
479 2367 709 2400 satisfac-tionem,
738 2366 844 2394 malum
869 2365 1004 2403 punitur;

221 2521 227 2535 ¹
246 2521 309 2550 Quae
326 2522 375 2543 elici
393 2523 489 2549 possunt
505 2527 532 2543 ex
549 2521 652 2549 August„
673 2521 703 2542 lll.
723 2520 750 2542 de
769 2520 816 2542 Lib.
830 2519 883 2542 Arb.
902 2526 920 2542 c.
939 2521 960 2542 9.
978 2526 1000 2542 n.

159 2558 194 2581 24.
213 2565 290 2588 seqq.;
307 2559 336 2581 de
355 2560 413 2581 Vera
431 2559 502 2586 Relig.
520 2565 538 2581 c.
558 2558 593 2580 40.
612 2565 634 2581 n.
651 2558 688 2580 74.
706 2564 784 2587 seqq.;
802 2558 830 2580 de
842 2558 924 2580 Natura
937 2557 998 2586 boni,

157 2604 176 2620 c.
192 2598 214 2620 7.
231 2604 308 2626 seqq.;
326 2598 383 2620 Xlll.
401 2597 429 2619 de
447 2598 509 2620 Trin.
527 2604 546 2620 c.
567 2598 601 2619 10.
620 2604 641 2619 n.
661 2598 696 2619 l3.
715 2603 792 2626 seqq.;
809 2600 831 2619 et
848 2603 874 2619 ex
892 2597 999 2625 Anseltn„

158 2637 171 2658 l.
189 2636 235 2658 Cur
253 2636 312 2658 Deus
329 2637 409 2664 homo,
428 2642 446 2658 c.
468 2636 501 2658 ie.
519 2642 584 2664 seqq.

221 2675 230 2689 ²
246 2675 345 2697 Anselm.
363 2675 405 2697 loc.
423 2675 444 2696 in
463 2674 568 2702 praeced.
587 2677 638 2696 nota
656 2675 692 2697 eit.
711 2674 774 2696 dicit:
793 2674 909 2697 Dimittere
922 2680 1000 2702 pecca-

158 2717 206 2736 tum
225 2720 268 2736 non
285 2717 318 2736 est
336 2714 397 2736 aliud
414 2720 484 2742 quam
510 2719 554 2735 non
580 2714 673 2741 punire;
699 2716 720 2735 et
737 2713 846 2742 quoniam
864 2716 924 2735 recte
942 2713 1000 2736 ordi-

157 2759 211 2775 nare
237 2755 357 2781 peccatum
382 2753 430 2775 sine
455 2753 606 2775 satisfactione
631 2758 675 2774 non
693 2755 727 2775 est
744 2753 786 2774 nisi
804 2753 897 2780 punire,
919 2753 1000 2775 sinon

158 2793 261 2820 punitur,
287 2792 441 2814 inordinatum
467 2792 608 2815 dimittitur...
631 2792 704 2813 Deum
722 2798 778 2814 vero
803 2798 848 2813 non
874 2791 939 2814 decet
964 2792 1001 2814 ali-

158 2831 214 2859 quid
231 2832 253 2853 in
270 2837 313 2853 suo
330 2837 402 2859 regno
427 2831 582 2853 inordinatum
607 2831 728 2853 dimittere.
753 2830 798 2853 Cfr.
825 2833 879 2853 tom.
905 2830 928 2853 ll.
945 2837 1000 2859 pag.

160 2869 214 2898 458,
232 2873 284 2892 nota
301 2870 323 2892 6.
340 2873 362 2892 et
379 2877 432 2898 pag.
451 2870 506 2898 967,
525 2873 576 2892 nota
595 2870 615 2892 3.
634 2882 664 2885 —
681 2870 704 2892 ln
721 2868 811 2892 minori
828 2875 870 2897 pro
890 2871 1001 2899 peccator

159 2909 290 2938 reparatur
306 2908 356 2931 cod.
381 2909 398 2931 U
420 2909 544 2938 peccatum
568 2909 710 2937 reparatur,
729 2908 780 2930 cod.
807 2908 822 2930 F
838 2909 949 2937 peccator
964 2908 1001 2931 vel

157 2948 280 2976 peccatum
296 2949 437 2977 reparatur,
456 2948 509 2970 edd.
525 2948 621 2977 peccata
638 2947 791 2976 reparantur.

1063 1579 1127 1600 eum
1151 1572 1209 1600 sine
1229 1572 1428 1607 satisfactione,
1450 1573 1618 1611 relinquitur
1633 1574 1820 1612 impunitum:
1843 1584 1910 1613 ergo

1064 1618 1152 1655 inagis
1173 1622 1303 1647 servatur
1324 1619 1393 1648 ordo
1414 1620 1524 1649 divinae
1547 1621 1665 1650 iustitiae
1688 1622 1713 1650 in
1734 1623 1909 1660 reparatione

1063 1672 1113 1701 per
1134 1665 1346 1694 satisfactionem
1368 1675 1453 1704 quam
1476 1667 1534 1696 sine
1549 1668 1748 1697 satisfactione:
1770 1677 1836 1707 ergo
1859 1678 1909 1708 per

1063 1711 1182 1748 primam
1204 1713 1423 1749 suppositionem
1445 1713 1489 1742 via
1505 1714 1556 1743 ista
1578 1715 1665 1752 inagis
1680 1717 1807 1745 convenit
1830 1725 1906 1754 repa-

1063 1758 1150 1787 rando
1171 1759 1264 1795 generi
1287 1759 1436 1788 humano‘2.

1141 1806 1166 1833 ²2.
1189 1805 1271 1840 lieni,
1300 1806 1422 1835 secundo
1443 1808 1573 1844 arguitur
1601 1809 1658 1837 sie:
1688 1809 1827 1839 ordinatio
1847 1818 1908 1848 pee-

1062 1853 1184 1881 cantium
1207 1852 1233 1881 in
1262 1853 1418 1890 suppilciis,
1441 1854 1499 1883 sive
1521 1855 1625 1892 peccati
1649 1855 1674 1884 in
1697 1864 1799 1893 poena,
1822 1858 1906 1886 niani-

1062 1898 1142 1927 festat
1163 1898 1292 1927 decorem
1314 1899 1424 1929 divinae
1445 1900 1608 1938 sapientiae,
1630 1910 1701 1939 quae
1717 1911 1771 1932 non
1793 1904 1907 1941 patitur,

1062 1945 1226 1974 uuiversum
1249 1954 1284 1975 ex
1310 1946 1404 1984 aliqua
1433 1947 1476 1976 sui
1505 1952 1583 1985 parte
1610 1950 1738 1986 turpari;
1766 1951 1814 1979 sed
1843 1959 1907 1980 cum

1062 1996 1190 2029 peccator
1211 1993 1353 2022 relevatur
1369 2002 1419 2031 per
1440 1995 1667 2030 satisfactionem,
1682 1997 1717 2025 ad
1743 1997 1854 2035 culpam
1868 2007 1907 2028 se-

1061 2039 1158 2076 quitur
1173 2047 1273 2077 poeua;
1295 2048 1359 2069 eum
1375 2049 1442 2070 vero
1463 2041 1522 2070 sine
1537 2042 1735 2078 satisfactione,
1754 2044 1836 2082 culpa
1853 2053 1906 2074 non

1062 2086 1208 2115 ordinatur
1236 2094 1286 2124 per
1308 2096 1439 2124 poenam:
1468 2096 1535 2125 ergo
1560 2090 1699 2126 reparatio
1727 2091 1837 2127 generis
1859 2092 1908 2120 hu-

1062 2133 1135 2161 mani
1154 2141 1208 2170 per
1223 2134 1435 2163 satisfactionem
1451 2135 1515 2172 plus
1530 2136 1658 2165 convenit
1675 2137 1786 2166 divinae
1800 2138 1906 2175 sapien-

1062 2179 1115 2208 tiae
1136 2188 1220 2217 quam
1241 2180 1322 2209 sine:
1351 2189 1417 2218 ergo
1439 2190 1488 2219 per
1513 2183 1665 2211 secundam
1687 2184 1906 2221 suppositionem

1061 2226 1106 2255 via
1121 2226 1172 2255 ista
1187 2227 1335 2264 reparandi
1353 2228 1440 2265 magis
1455 2231 1497 2257 est
1511 2236 1634 2266 congrua
1649 2232 1675 2258 et
1691 2230 1789 2259 idonea
1804 2231 1831 2259 in
1851 2239 1880 2260 se
1887 2232 1905 2260 ³.

1140 2273 1165 2301 3.
1188 2273 1267 2307 Item,
1290 2274 1370 2302 tertio
1391 2274 1521 2311 arguitur
1542 2275 1598 2304 sic:
1622 2276 1643 2304 si
1660 2276 1765 2305 malum
1788 2285 1841 2305 non
1858 2286 1906 2314 pu-

1061 2319 1168 2348 niretur
1194 2324 1221 2349 et
1252 2320 1459 2357 relinqueretur
1486 2321 1545 2350 sine
1575 2322 1669 2360 aliqua
1701 2323 1904 2359 satisfactione,

1061 2365 1194 2395 iniustitia
1215 2367 1284 2395 nulli
1308 2367 1359 2404 legi
1381 2367 1555 2402 subiaceret3
1578 2369 1642 2397 etsi
1658 2369 1722 2403 hoe,
1745 2369 1839 2398 divina
1859 2379 1905 2407 po-

1120 2519 1130 2534 ³
1147 2520 1246 2542 Anselm.
1264 2521 1306 2543 loc.
1324 2521 1359 2543 cit.
1385 2527 1405 2543 c.
1435 2521 1468 2543 15.
1486 2522 1528 2544 ait:
1547 2522 1595 2549 ipsa
1622 2528 1722 2551 namque
1747 2525 1905 2551 perversitatis

1057 2563 1182 2587 spontanea
1200 2560 1321 2582 satisfactio
1331 2578 1336 2588 ,
1354 2560 1390 2582 vel
1403 2566 1414 2582 a
1428 2566 1473 2582 non
1485 2561 1635 2583 satisfaciente
1652 2568 1740 2589 poenae
1757 2564 1855 2591 exactio;
1867 2570 1903 2586 ex-

1058 2601 1124 2626 cepto
1149 2599 1207 2626 hoc,
1233 2598 1295 2627 quod
1321 2599 1382 2621 Deus
1406 2599 1434 2621 de
1456 2599 1521 2621 malis
1542 2600 1684 2622 multimodis
1706 2601 1767 2624 bona
1790 2602 1856 2629 facit;
1878 2603 1903 2625 in

1056 2637 1137 2659 eadem
1151 2638 1297 2660 universitate
1314 2638 1389 2660 locum
1408 2642 1483 2661 tenent
1495 2645 1563 2661 suum
1576 2642 1598 2661 et
1614 2639 1700 2662 ordinis
1713 2640 1898 2668 pulcritudinem.

1058 2676 1119 2704 Quas
1136 2677 1154 2698 si
1173 2676 1249 2699 divina
1267 2678 1389 2705 sapientia,
1411 2677 1450 2700 ubi
1470 2679 1608 2706 perversitas
1625 2683 1712 2701 rectum
1730 2679 1835 2702 ordinem
1852 2686 1904 2708 per—

1058 2715 1151 2737 turbare
1168 2716 1257 2744 nititur,
1275 2722 1320 2738 non
1337 2716 1442 2744 adderet,
1461 2717 1524 2739 fleret
1541 2718 1563 2739 in
1581 2718 1630 2745 ipsa
1647 2718 1806 2746 universitate,
1829 2725 1901 2747 quam

1057 2754 1120 2776 Deus
1137 2754 1205 2776 debet
1228 2754 1346 2783 ordinare,
1366 2755 1480 2784 quaedam
1497 2762 1524 2778 ex
1541 2756 1623 2778 violata
1641 2757 1728 2779 ordinis
1745 2757 1898 2785 pulcritudine

1057 2793 1200 2821 deformitas,
1213 2797 1233 2816 et
1246 2794 1306 2816 Deus
1323 2794 1345 2816 in
1357 2800 1398 2816 sua
1415 2794 1564 2822 dispositione
1580 2795 1697 2818 videretur
1713 2796 1818 2819 deficere.
1837 2797 1900 2825 Quae

1058 2831 1104 2853 duo
1125 2832 1233 2860 quoniam
1244 2850 1249 2860 ,
1267 2833 1325 2854 sieut
1341 2835 1394 2855 sunt
1411 2833 1604 2862 inconvenientia,
1622 2835 1650 2857 ita
1668 2837 1721 2857 sunt
1737 2835 1899 2864 impossibilia3

1058 2876 1150 2893 necesse
1167 2874 1212 2899 est,
1230 2874 1255 2893 ut
1267 2877 1335 2894 omne
1348 2876 1467 2900 peccatum
1484 2874 1618 2902 satisfactio,
1637 2876 1675 2896 aut
1692 2880 1766 2902 poena
1783 2878 1903 2904 sequatur.

1057 2908 1102 2931 Cfr.
1121 2911 1175 2932 tom.
1193 2910 1216 2932 ll.
1234 2916 1288 2938 pag.
1305 2910 1362 2937 760,
1380 2913 1431 2933 nota
1451 2912 1471 2934 1,
