2166 3366
258 200 314 229 380

935 199 1186 228 SENTENTIARUM
1206 199 1266 227 Llss.
1289 199 1328 227 111.

988 323 1222 358 ARTICULUS
1248 325 1270 357 I.

792 419 834 447 De
854 418 957 447 merito
979 419 1078 456 quoad
1097 427 1185 447 usum
1206 419 1266 447 sive
1286 419 1466 447 exercitium.

1032 517 1195 554 QUAESTIO
1217 518 1233 546 l.

714 617 818 646 Utrum
843 616 977 645 Christus
998 616 1140 645 meruerit
1154 616 1191 645 ab
1207 616 1331 645 instanti
1350 616 1552 654 conceptionis.

332 717 410 746 Circa
425 717 549 754 primum
564 716 603 745 sic
618 716 780 753 proceditur
795 720 821 745 et
836 716 991 753 quaeritur,
1004 719 1101 744 utrum

254 764 382 794 Christus
403 764 539 793 meruerit
563 764 598 792 ab
620 764 732 792 instanti
756 763 951 800 conceptionis.
975 763 1005 791 Et
1026 762 1101 800 quod

253 812 308 847 sic,
331 812 450 841 videtur.

335 861 359 888 1.
382 859 513 888 Ieremiae
543 858 686 895 trigesimo
712 858 841 895 111-1111011
870 857 985 886 Nouum
1013 856 1102 894 faciet

114 909 247 927 Fssfldffless'ss-
256 907 398 935 Dominus
422 915 511 943 super
541 910 668 939 terram,
699 905 806 934 mulier
836 904 1034 933 circumdabit
1063 904 1102 932 vi-

254 962 339 987 rum,
362 962 429 991 ergo
450 953 578 982 Christus
599 953 652 981 fuit
667 953 710 981 vir
724 953 759 981 ab
774 952 886 981 instanti
902 951 1088 989 conceptionis
1094 962 1102 985 3

254 1001 303 1030 sed
325 1003 447 1034 constat,
471 1000 546 1037 quod
568 1008 623 1028 non
646 999 729 1028 suerit
752 999 794 1028 vir
816 1002 952 1036 quantum
975 998 1008 1027 ad
1032 1001 1103 1027 aeta-

255 1052 326 1077 tem:
349 1056 415 1084 ergo
437 1047 489 1076 fuit
512 1047 555 1075 vir
577 1050 714 1084 quantum
737 1046 772 1075 ad
795 1046 879 1074 animi
901 1045 1041 1082 vigorem:
1057 1045 1103 1073 ha-

254 1095 316 1124 buit
337 1095 421 1132 igitur
454 1097 589 1131 quantum
613 1094 647 1122 ad
671 1093 793 1121 animam
822 1093 953 1121 virtutem
983 1095 1010 1121 et
1041 1100 1103 1129 ope-

255 1143 390 1171 rationem
423 1141 475 1170 viri
507 1141 630 1178 perfecti.
664 1140 717 1169 Sed
749 1141 818 1169 haec
849 1139 974 1168 consistit
996 1139 1022 1167 in
1050 1146 1103 1167 me-

256 1189 358 1218 rendo:
391 1196 457 1226 ergo
488 1188 615 1217 Christus
645 1187 747 1216 meruit
775 1195 791 1215 a
823 1194 890 1215 suae
916 1186 1103 1223 conceptionis

253 1236 416 1274 primordio.

333 1285 359 1311 Ξ).
382 1283 465 1317 Item,
489 1283 541 1311 hoc
563 1282 654 1318 ipsum
673 1281 783 1309 videtur
798 1280 963 1309 auctoritate
978 1279 1103 1316 Gregorii

255 1334 282 1359 et
303 1330 425 1367 Magistri
440 1330 468 1357 in
484 1329 576 1357 littera
587 1328 609 1356 2:
638 1338 651 1353 «
665 1327 722 1355 Non
738 1327 829 1356 solum
846 1327 949 1355 meruit
963 1326 1103 1360 Christus,

254 1377 367 1414 quando
389 1377 461 1405 Patri
492 1376 625 1404 obediens
657 1382 769 1403 crucem
792 1374 895 1407 subiit,
917 1373 965 1402 sed
988 1373 1023 1401 ab
1045 1373 1104 1409 ipsa

255 1423 443 1461 conceptione,
459 1431 495 1452 ex
511 1431 567 1460 quo
582 1423 666 1450 homo
687 1422 776 1450 factus
798 1425 877 1450 est».
895 1421 925 1449 Et
944 1421 996 1449 hoc
1011 1420 1102 1456 ipsum

255 1474 345 1509 potest
366 1471 427 1500 elici
449 1470 484 1499 ab
506 1470 671 1499 auctoritate
693 1468 817 1506 Gregorii
840 1471 1034 1504 consequente.

335 1519 359 1547 3.
382 1519 466 1552 item,
488 1517 616 1546 Christus
637 1517 672 1545 ab
695 1516 806 1545 instanti
829 1515 1016 1552 conceptionis
1037 1522 1105 1543 suae

255 1566 307 1595 suit
327 1566 445 1600 heatus3
467 1564 515 1593 sed
539 1563 682 1593 beatitudo
697 1567 738 1592 est
753 1563 866 1592 habitus
880 1562 907 1590 in
924 1562 1022 1591 actu³:
1038 1569 1105 1598 ergo

255 1622 271 1642 a
295 1613 386 1650 primo
408 1611 520 1641 instanti
544 1611 731 1647 conceptionis
746 1618 813 1639 suae
830 1609 928 1638 habuit
942 1612 1036 1638 actum
1052 1609 1107 1646 glo-

255 1661 371 1689 riosum.
394 1660 447 1689 Sed
469 1667 525 1696 qua
546 1658 652 1687 ratione
674 1665 724 1694 per
746 1657 863 1694 gloriam
892 1657 991 1685 habuit
1011 1660 1104 1685 actum

255 1707 427 1744 gloriosum,
449 1706 547 1735 eadem
571 1705 677 1734 ratione
694 1712 743 1742 per
758 1704 876 1741 gratiani
892 1704 991 1732 habuit
1011 1706 1104 1732 actum

255 1754 428 1782 virtuosum:
451 1761 518 1790 ergo
551 1752 678 1786 videtur,
701 1751 776 1789 quod
808 1759 824 1779 a
855 1751 1010 1787 primordio
1038 1758 1105 1779 suae

256 1800 444 1838 conceptionis
467 1800 595 1828 Christus
616 1799 729 1827 meruit.

336 1849 362 1876 [1.
386 1848 469 1881 Item,
493 1847 544 1875 lux
560 1849 675 1883 propter
689 1852 770 1873 suam
786 1845 958 1873 nobilitatem
974 1847 1001 1872 et
1015 1847 1106 1872 actua-

257 1895 383 1924 litatem⁴
406 1895 433 1922 in
455 1894 553 1922 eodem
583 1892 694 1921 instanti
730 1891 825 1928 incipit
855 1899 916 1920 esse
948 1894 975 1919 et
996 1891 1104 1919 lucere:

256 1950 323 1979 ergo
345 1942 367 1970 si
389 1941 481 1969 anima
511 1940 613 1969 Christi
645 1939 734 1968 multo
762 1938 881 1967 nobilior
910 1941 937 1966 et
968 1938 1106 1974 potentior

256 1992 283 2017 et
305 1987 468 2017 deiformior
490 1990 544 2021 est,
566 1986 693 2020 videtur,
718 1985 793 2023 quod
816 1985 842 2013 in
865 1984 976 2013 instanti
998 1983 1105 2018 eodem,

257 2035 284 2063 in
306 2043 362 2071 quo
383 2034 485 2071 incepit
506 2042 582 2067 esse,
604 2033 694 2070 coepit
716 2032 820 2061 habere
842 2031 1031 2068 operationem
1054 2030 1104 2059 sibi

258 2082 388 2110 debitam.
416 2081 469 2110 Sed
493 2080 556 2109 talis
577 2083 618 2109 est
640 2079 764 2116 operatio
786 2079 943 2107 meritoria:
967 2086 1033 2114 ergo
1055 2080 1105 2106 etc.

339 2129 364 2156 5.
386 2128 466 2161 item,
489 2127 560 2156 sicut
581 2126 690 2155 animae
712 2128 823 2154 nostrae
838 2133 867 2154 se
882 2125 986 2153 hahent
1006 2124 1040 2153 ad
1063 2124 1107 2153 de-

259 2175 407 2209 meritum,
429 2175 467 2203 ita
488 2174 581 2202 anima
612 2173 712 2201 Christi
745 2180 774 2201 se
796 2172 880 2201 habet
901 2172 937 2200 ad
959 2171 1106 2206 1neritum3

257 2223 307 2251 sed
328 2222 437 2251 animae
459 2224 570 2250 nostrae
589 2221 616 2249 in
632 2221 692 2257 ipso
715 2220 827 2248 instanti
844 2219 989 2248 infusionis
1003 2219 1106 2247 hahent

258 2273 368 2299 reatum
398 2269 497 2306 culpae
525 2267 705 2305 originalis⁵:
736 2275 802 2304 ergo
833 2266 927 2295 anima
949 2265 1050 2294 Christi
1072 2265 1107 2294 ab

258 2317 318 2354 ipso
341 2316 452 2345 instanti
475 2314 661 2352 conceptionis
682 2318 710 2343 et
739 2314 884 2342 infusionis
907 2312 1006 2341 habuit
1028 2312 1108 2341 meri-

258 2367 318 2392 tum
341 2363 461 2392 virtutis.

1237 715 1290 743 Seu
1311 723 1434 744 CONTRA:
1460 717 1484 743 1.
1511 715 1615 745 «Prius
1636 719 1750 745 estesse
1765 725 1849 754 quam
1865 725 1951 754 ayere
1962 716 2005 744 6»:
2020 724 2050 743 Aci
2063 724 2136 748 opposi-

1159 762 1181 791 si
1207 770 1273 799 ergo
1294 762 1403 790 mereri
1429 766 1471 791 est
1491 771 1595 800 (19610,
1624 763 1716 792 anima
1737 763 1839 792 Christi
1862 764 1940 800 prius
1961 764 2008 792 ha·
2055 749 2100 766 ω’

1159 809 1221 838 1)1111
1246 818 1305 837 esse
1328 809 1515 846 completum,
1536 817 1621 846 quam
1643 810 1773 839 habuerit
1794 810 1886 839 meriti
1907 818 2006 839 usum:

1161 865 1227 894 ergo
1250 865 1303 885 non
1328 857 1431 885 meruit
1452 865 1468 885 a
1489 857 1644 894 primordio
1665 857 1859 895 conceptionis.

1239 905 1264 932 Q.
1286 903 1369 938 Item,
1401 911 1483 932 omne
1514 903 1589 940 quod
1622 903 1680 932 exit
1710 904 1746 933 ab
1773 904 1829 933 otio
1850 904 1876 932 in
1899 908 2008 939 actum,

1161 951 1241 987 prius
1262 950 1399 987 quiescit,
1415 958 1499 987 quam
1515 951 1610 987 agat7,
1633 954 1660 979 et
1680 959 1762 979 omne
1779 951 1834 980 tale
1858 951 1938 988 prius
1959 954 2008 986 est,

1161 1006 1246 1034 quam
1268 1000 1413 1034 operetur3
1435 997 1485 1026 sed
1516 998 1609 1026 anima
1641 997 1741 1026 Christi
1771 998 1872 1035 incepit
1894 998 2008 1027 mereri:

1161 1053 1229 1082 ergo
1256 1045 1291 1073 de
1323 1053 1376 1073 non
1408 1048 1541 1082 operante
1574 1045 1646 1073 facta
1667 1048 1709 1074 est
1729 1053 1862 1082 operans:
1894 1053 1960 1082 ergo
1981 1045 2008 1074 in

1163 1092 1296 1121 merendo
1318 1092 1406 1120 exivit
1427 1092 1462 1120 ab
1483 1092 1538 1120 0110
1561 1092 1586 1120 111
1616 1096 1725 1121 actum:
1749 1100 1815 1129 ergo
1836 1092 1916 1130 prius
1936 1093 2010 1130 quie-

1161 1139 1215 1167 vit:
1238 1146 1305 1176 ergo
1328 1147 1380 1167 non
1403 1140 1506 1168 meruit
1527 1139 1562 1168 ab
1583 1139 1695 1168 instanti
1718 1140 1912 1176 conceptionis.

1241 1186 1267 1214 3.
1290 1186 1373 1219 110111,
1398 1186 1529 1215 meritum
1552 1190 1593 1215 est
1614 1195 1630 1215 a
1651 1186 1794 1215 voluntate
1816 1187 2010 1222 deliberativa,

1163 1233 1189 1261 in
1215 1236 1351 1270 quantum
1374 1233 1556 1261 deliberativa
1578 1237 1631 1267 estg
1654 1234 1701 1262 sed
1718 1233 1764 1262 ubi
1781 1237 1822 1262 est
1837 1234 2010 1267 deliberatio,

1163 1280 1200 1308 ibi
1223 1283 1264 1308 est
1288 1280 1433 1312 collatio⁸;
1456 1280 1502 1308 uhi
1525 1284 1619 1308 autem
1652 1280 1719 1309 haec
1741 1284 1797 1315 est,
1824 1280 1860 1309 ibi
1883 1284 1924 1309 est
1945 1284 2011 1309 tem-

1164 1327 1240 1363 poris
1264 1327 1417 1355 successio:
1451 1335 1517 1363 ergo
1548 1335 1602 1355 non
1624 1327 1751 1362 videtur,
1780 1328 1854 1365 quod
1878 1328 2010 1357 meritum

1162 1373 1263 1401 Christi
1286 1374 1407 1410 potuerit
1428 1381 1489 1402 esse
1510 1382 1525 1402 a
1547 1382 1614 1402 suae
1636 1375 1822 1411 conceptionis
1843 1374 1989 1411 principio.

1245 1421 1272 1448 [1.
1295 1421 1378 1455 Item,
1401 1420 1520 1457 Angelus
1536 1429 1589 1449 non
1605 1421 1729 1458 peccavit
1751 1421 1777 1449 in
1792 1421 1883 1458 primo
1898 1421 2011 1450 instanti

1164 1475 1231 1495 suae
1253 1467 1401 1496 creationis
1409 1479 1415 1502 3
1437 1471 1464 1496 et
1486 1471 1576 1496 tamen
1600 1468 1636 1496 ita
1658 1468 1711 1497 cito
1733 1476 1817 1496 usum
1839 1468 1918 1496 liberi
1940 1468 2012 1496 arbi-

1164 1514 1208 1542 trii
1232 1514 1346 1546 habuit,
1368 1514 1440 1543 sicnt
1460 1514 1554 1551 aliqua
1576 1516 1669 1543 anima
1684 1515 1842 1548 rationalis,
1857 1523 1920 1544 cum
1938 1523 2012 1544 crea-

1165 1564 1210 1589 tus
1231 1565 1304 1590 esset
1327 1562 1351 1590 in
1381 1562 1543 1598 cognitionis
1572 1562 1778 1598 perfectione&
1801 1570 1867 1599 ergo
1888 1562 1947 1599 pari
1970 1570 2012 1591 ra-

1164 1609 1239 1637 tione
1260 1609 1387 1643 videtur,
1413 1609 1489 1646 quod
1520 1617 1570 1638 nec
1604 1609 1697 1637 anima
1718 1609 1819 1638 Christi
1842 1609 1876 1638 ah
1898 1609 2011 1638 instanti

1165 1656 1353 1692 conceptionis
1376 1656 1477 1685 mereri
1498 1656 1629 1693 potuerit.

1245 1704 1270 1731 5.
1293 1703 1375 1737 ltem,
1398 1711 1479 1731 omne
1501 1703 1587 1737 illud,
1613 1703 1688 1740 quod
1720 1703 1812 1731 anima
1833 1703 1933 1732 Christi
1966 1703 2012 1731 ha-

1165 1750 1226 1779 buit
1247 1758 1264 1778 a
1285 1750 1440 1787 primordio
1461 1750 1647 1787 conceptionis
1669 1757 1751 1783 suae⁷
1766 1750 1865 1778 habuit
1885 1750 1920 1778 ab
1941 1750 2011 1784 ali03

1165 1797 1213 1826 sed
1239 1797 1369 1825 meritum
1391 1800 1483 1824 ortum
1507 1796 1604 1825 habuit
1625 1805 1641 1825 a
1663 1796 1751 1825 lihero
1776 1797 1892 1825 arbitrio
1923 1797 2012 1834 gratia

1166 1844 1331 1872 informato:
1354 1851 1421 1880 ergo
1442 1851 1497 1871 non
1518 1843 1644 1877 videtur,
1666 1843 1740 1880 quod
1757 1851 1840 1872 usum
1860 1843 1951 1872 meriti
1966 1844 2013 1872 ha-

1165 1891 1227 1919 huit
1248 1891 1284 1919 ab
1306 1891 1365 1927 ipso
1386 1890 1572 1926 conceptionis
1593 1890 1756 1926 primord'10.

1481 1992 1694 2013 CONCLUSIO.

1168 2078 1305 2107 Christus
1321 2082 1397 2106 certo
1412 2078 1520 2106 meruit
1534 2077 1570 2106 ab
1586 2078 1710 2106 instanti
1723 2086 1795 2106 suae
1809 2078 2011 2115 conceptionis,

1245 2125 1273 2153 si
1287 2125 1444 2163 loquamur
1467 2125 1500 2153 dc
1526 2124 1644 2159 (tabita,
1670 2128 1694 2153 et
1713 2124 1903 2162 probabiliter
1924 2125 2012 2154 etiam

1246 2172 1345 2210 quoad
1365 2176 1473 2200 (10111111.

1248 2267 1427 2294 Respommo:
1450 2266 1489 2294 Ad
1511 2265 1719 2303 praedictorum
1740 2265 1950 2303 intelligentiam
1971 2268 2013 2295 est

1167 2312 1340 2347 notandum,
1369 2312 1444 2349 quod
1472 2313 1507 2341 ad
1536 2312 1732 2349 perfectionem
1761 2313 1853 2341 meriti
1875 2312 1931 2341 duo
1952 2320 2013 2341 con·
2025 2317 2070 2359 ¹333
2078 2307 2158 2359 3333}

1168 2362 1305 2393 currunt,
1327 2359 1456 2387 videlicet
1477 2358 1536 2395 ipse
1557 2357 1674 2387 liabitas
1693 2358 1846 2395 ,qi‘cttuitus
1873 2361 1899 2387 et
1925 2358 2013 2395 ipsius
2026 2364 2090 2382 ritum-
2156 2355 2158 2394 1

324 2497 330 2511 1
352 2498 415 2519 Vei-S.
441 2498 478 2519 22.
502 2497 682 2524 Argumentum,
706 2495 769 2524 quod
792 2501 819 2517 ex
842 2496 885 2517 hoc
903 2495 952 2517 loco
977 2494 1110 2522 deducitur,

261 2540 294 2559 est
312 2536 440 2559 secundum
458 2536 549 2558 Hieron.
568 2536 589 2557 in
608 2536 668 2557 hunc
681 2535 722 2557 loc.
736 2538 757 2556 et
776 2534 893 2562 cernant,
906 2534 987 2556 Homil.
1007 2535 1027 2556 ⁵2.
1041 2540 1111 2561 super

261 2575 348 2599 Missus
360 2576 406 2602 est,
420 2581 440 2596 n.
459 2576 485 2601 9;
498 2575 527 2597 de
540 2581 586 2603 quo
598 2575 637 2596 cfr.
651 2581 721 2601 supra
735 2574 757 2595 d.
772 2574 792 2595 3.
805 2580 827 2601 p.
841 2574 856 2595 l.
869 2580 889 2595 a,
907 2574 923 2595 l.
937 2580 958 2602 (ι.
972 2573 992 2595 3.
1006 2574 1027 2595 in
1047 2579 1109 2600 corp.

261 2619 283 2637 et
295 2621 317 2643 1),
331 2615 352 2636 ll.
366 2621 385 2636 a.
404 2615 424 2636 3.
438 2621 460 2642 q.
478 2615 494 2635 1.
508 2614 536 2635 ad
550 2614 569 2635 2.
584 2626 613 2628 —
626 2614 667 2635 l‘ro
685 2618 741 2642 erqo
760 2612 868 2635 Christus
886 2611 930 2639 fuit
947 2612 999 2634 edd.
1019 2611 1110 2634 videtin·

261 2660 331 2683 erpo,
351 2653 414 2683 quod
432 2652 540 2676 Christus
557 2652 636 2681 fuci-il.
660 2652 728 2674 Pnulo
746 2652 839 2674 interius
862 2657 904 2679 pro
928 2650 968 2674 sed
984 2650 1041 2674 haec
1059 2657 1110 2674 con-

261 2693 321 2716 sistit
338 2693 388 2715 cod.
407 2692 438 2715 bb
455 2692 495 2715 secl
512 2691 568 2715 llaec
585 2691 722 2715 consistunt.

324 2731 334 2745 ‘2
352 2731 391 2753 uic
409 2737 427 2753 c.
447 2731 473 2758 2,
492 2730 530 2752 ubi
548 2734 570 2752 01
587 2729 658 2751 verba
676 2730 780 2757 Gregorii
798 2729 931 2751 afferuntur.

325 2770 334 2784 ³
353 2770 410 2792 Vide
428 2776 497 2798 supra
517 2776 569 2797 pag.
588 2770 644 2797 310,
662 2773 714 2791 nota
733 2769 753 2790 2.

326 2808 335 2823 ⁴
353 2810 394 2831 Pro
412 2808 574 2832 actualitatem
586 2808 653 2831 codd.
672 2808 731 2830 FlT
742 2808 804 2830 Xbb
822 2811 843 2830 et
860 2808 897 2830 alii
911 2808 992 2835 partim
1011 2806 1111 2830 actitila-

264 2849 322 2876 tem,
342 2849 423 2876 1111111111
442 2847 597 2875 acttoitatcm,
617 2847 685 2870 codd.
698 2848 715 2869 G
726 2847 741 2868 L
752 2853 777 2869 aa
790 2849 811 2869 01
828 2847 881 2869 edd.
903 2847 925 2874 1,
944 2847 957 2868 2
969 2845 1107 2874 acuitatem,

264 2887 314 2909 Vnt.
332 2887 493 2910 actualitatem
505 2886 552 2910 siue
564 2886 714 2910 acticitatcm.
728 2886 796 2908 Panlo
808 2887 901 2908 inferius
914 2892 955 2914 pro
973 2885 997 2908 in
1013 2884 1112 2908 instanti

265 2926 332 2948 codd.
350 2927 421 2948 EHT
440 2925 469 2949 ab
487 2926 591 2949 instanti.

327 2964 337 2979 ⁵
354 2965 397 2987 Cir.
416 2965 439 2986 ll.
458 2966 518 2987 Sunt.
536 2965 558 2987 (1,
577 2966 613 2987 30.
632 2972 651 2987 a.
673 2966 690 2986 1.
709 2972 730 2993 q.
749 2966 770 2987 ⁴2.
782 2977 813 2981 -
830 2964 933 2987 Subinde
950 2970 992 2992 pro
1010 2962 1039 2986 ab
1061 2963 1110 2992 ipso

265 3003 317 3026 edd.
336 3010 351 3026 a
366 3003 451 3032 primo.

1230 2493 1239 2508 ⁶
1257 2494 1355 2521 Ariston,
1368 2493 1405 2515 lx.
1417 2493 1513 2520 Metaph.
1532 2494 1583 2514 text.
1602 2492 1633 2514 13,
1651 2492 1720 2520 (Vlll.
1733 2498 1751 2514 c.
1766 2492 1809 2520 8.);
1821 2492 1918 2520 Semper
1929 2492 2013 2514 etenim

1168 2539 1195 2555 ex
1221 2539 1248 2554 co
1271 2532 1333 2561 quod
1351 2532 1449 2560 potentia
1468 2534 1513 2558 est,
1532 2531 1556 2553 fit
1573 2533 1624 2553 actu
1642 2536 1682 2553 ens
1699 2530 1728 2552 ab
1745 2534 1795 2552 actu
1818 2531 1948 2553 existente...
1967 2536 2013 2552 1110-

1169 2579 1225 2594 vens
1242 2575 1318 2594 autem
1336 2574 1386 2593 actu
1405 2572 1449 2592 iarn
1462 2573 1501 2592 est.
1519 2569 1563 2592 Cl‘r.
1576 2570 1607 2591 111.
1628 2570 1692 2598 Phys.
1707 2573 1756 2592 text.
1780 2570 1811 2591 17.
1830 2569 1863 2597 (c.
1877 2570 1907 2597 ⁶2.)
1925 2572 1947 2591 et
1958 2572 2014 2591 tom.

1168 2611 1182 2633 l.
1202 2617 1255 2639 pag.
1274 2610 1318 2637 st,
1342 2614 1393 2632 nota
1416 2609 1437 2631 7.
1454 2610 1530 2637 Ililar.y
1548 2609 1584 2631 Xl.
1609 2609 1637 2631 de
1654 2609 1716 2631 Trin.
1738 2615 1758 2630 n.
1781 2609 1813 2630 10.
1837 2609 1881 2630 ait:
1905 2608 2013 2630 Meruisse

1168 2650 1255 2678 aliquid
1280 2650 1394 2677 posterius
1418 2652 1462 2677 esty
1489 2654 1559 2677 quam
1585 2655 1635 2670 esse
1662 2649 1701 2677 qui
1725 2649 1796 2676 possit
1821 2648 1910 2669 11101011.
1934 2648 2014 2669 11101011

1168 2690 1229 2711 0111111
1252 2689 1302 2711 eius
1325 2691 1371 2716 est,
1395 2689 1432 2716 qui
1456 2687 1498 2709 sibi
1522 2688 1564 2715 ipsi
1583 2688 1656 2709 meriti
1678 2686 1810 2715 acquirendi
1832 2688 1910 2708 auctor
1927 2686 2013 2708 existat.

1170 2741 1200 2743 —
1218 2728 1266 2750 llox
1280 2734 1322 2756 pro
1339 2733 1411 2757 quam
1424 2726 1532 2749 habuerit
1548 2726 1601 2749 edd.
1624 2727 1646 2753 l,
1665 2726 1677 2747 2
1696 2732 1748 2748 cnm
1761 2726 1837 2747 multis
1854 2725 1921 2747 codd.
1940 2730 2014 2754 quam

1169 2766 1257 2790 habuit.

1231 2805 1241 2819 ⁷
1258 2806 1357 2833 Aristot.y
1375 2805 1397 2826 ll.
1416 2804 1444 2826 dc
1461 2804 1554 2832 Anima,
1572 2808 1623 2826 text.
1642 2803 1677 2825 45.
1696 2803 1729 2831 (c.
1748 2802 1792 2831 4.);
1815 2802 1893 2830 Neque
1914 2801 1978 2824 suber
2002 2808 2013 2824 a

1169 2845 1262 2867 materia
1281 2843 1350 2873 [ferri
1367 2842 1478 2872 patitur]
1497 2843 1537 2866 sed
1554 2843 1584 2865 ab
1602 2843 1638 2865 illo
1657 2843 1724 2869 haec;
1743 2841 1894 2863 laborantem
1912 2843 2013 2864 mutatur

1169 2885 1244 2907 solum
1261 2885 1282 2906 in
1301 2887 1376 2906 actum
1394 2890 1420 2905 ex
1438 2884 1490 2905 otio.

1232 2922 1241 2936 ⁸
1260 2923 1317 2945 Vide
1329 2929 1397 2950 supra
1412 2929 1465 2950 pag.
1479 2921 1530 2949 375,
1544 2924 1595 2943 nota
1612 2922 1629 2943 1.
1642 2933 1671 2935 -
1683 2920 1715 2942 De
1726 2919 1814 2942 maiori
1825 2920 1863 2942 cfr.
1877 2926 1945 2948 supra
1959 2927 2012 2948 pag.

1171 2962 1222 2990 350,
1242 2966 1293 2985 nota
1312 2963 1333 2984 9.

1232 3001 1242 3016 9
1259 3001 1304 3024 Csr.
1323 3001 1345 3023 11.
1363 3001 1424 3023 Seni.
1442 3000 1463 3022 d.
1481 3000 1501 3021 3.
1520 3006 1542 3027 p.
1561 2999 1583 3020 11.
1602 3004 1622 3020 a.
1644 2998 1661 3020 1.
1679 3004 1700 3026 (1.
1719 2998 1740 3019 2.
