2166 3366
121 691 235 710 Notandum.

110 1020 159 1038 Modt
170 1020 179 1038 lt
190 1026 241 1042 prae-

138 1044 237 1062 dicationis

133 1067 240 1085 denomina-

133 1092 188 1109 tivae.

125 2005 238 2024 Notandum.

253 185 306 212 156

250 262 314 291 beat
335 262 429 299 aliquo
444 261 527 289 modo
549 261 665 289 modum
680 260 813 293 habitus,
828 268 883 288 non
899 263 992 289 tamen
1014 260 1097 289 habet

250 309 371 337 omnino.
400 309 472 337 Licet
494 308 566 336 enim
596 308 757 336 humanitas
784 307 915 336 adveniat
942 307 997 335 iam
1026 315 1097 335 com-

251 356 353 392 pleto¹,
374 355 557 383 nihilominus
579 354 818 383 substantificatur
842 354 868 382 in
894 354 941 382 illo
964 357 1095 391 tanquam

252 402 279 430 in
300 402 414 438 proprio
436 409 486 429 suo
508 401 667 437 suppositO,
697 401 763 438 quia
783 401 831 429 Dei
858 400 957 435 Filius,
986 401 1033 437 qui
1056 403 1097 429 est

251 449 428 485 suppositum
451 448 569 476 diuinae
590 450 707 476 naturae
729 455 780 484 per
801 451 961 481 naturam,
983 447 1046 476 fecit
1068 455 1098 475 se

251 495 426 532 suppositum
450 494 597 523 humanae
619 498 737 523 naturae
759 502 809 531 per
828 494 970 531 qratiam.

331 541 356 570 3.
377 541 416 570 Ad
439 542 508 570 illud
530 542 605 578 quod
637 541 783 570 obiicitur:
806 541 935 570 accidens
960 544 1001 570 est
1022 540 1098 577 quod

250 588 363 617 advenit
384 588 438 616 iam
461 588 599 625 completo
621 592 686 623 etc.;
708 588 875 622 dicendum,
897 588 973 625 quod
989 588 1011 616 si
1034 587 1099 616 assi-

252 635 364 663 miletur
387 635 413 663 in
436 635 501 668 hoo,
522 635 595 671 quod
613 635 727 663 advenit
748 635 803 663 iam
819 635 969 671 completo,
992 643 1045 662 non
1062 638 1099 662 ta-

252 689 314 710 men
337 682 461 716 oninin03
483 682 549 718 quia
571 682 707 709 accidens
729 682 841 710 omnino
862 681 971 710 adiacet
992 681 1099 709 extrin-

250 736 333 756 secus
351 731 378 756 et
403 728 470 757 dicit
491 728 610 756 modum
633 728 771 763 esserum,
794 728 843 757 sed
858 729 982 757 humana
998 731 1099 756 natura

251 774 289 803 sio
310 774 423 803 advenit
446 775 484 803 illi
507 783 658 812 personae,
686 775 760 812 quod
783 783 837 803 non
860 775 967 803 adiacet
995 774 1100 802 extrin-

251 829 346 855 secus,
368 829 419 850 nee
439 822 506 850 dicit
526 822 646 850 modum
661 821 774 849 essendi
795 825 916 855 tantum,
939 821 988 850 sed
1009 821 1098 857 ipsius

251 868 408 904 hypostasis
430 869 612 897 substantiam
636 872 663 896 et
686 872 823 905 naturam.

329 915 356 943 lt.
380 915 416 944 Ad
447 915 516 943 iilud
538 915 613 952 quod
639 915 785 949 obiicitur,
816 915 890 952 quod
921 914 1099 950 praedicatur

251 961 471 996 denominative3
493 962 657 996 dicendum,
680 963 754 998 quod
768 962 953 999 praedicatio
976 962 1100 990 denomi-

253 1009 355 1037 nativa
370 1013 460 1046 potest
475 1017 535 1038 esse
550 1012 671 1046 quatuor
687 1009 789 1038 modis:
806 1017 856 1045 per
873 1009 988 1037 modum
1004 1007 1100 1036 iuliae-

250 1057 375 1090 remma,
398 1061 429 1085 ut
450 1064 514 1085 cum
534 1056 648 1085 dicitur:
672 1056 723 1084 iste
738 1061 779 1085 est
800 1056 894 1090 albusg
916 1064 967 1093 per
984 1056 1098 1084 modum

251 1104 526 1137 transmutationis,
548 1107 580 1131 ut
595 1111 658 1132 cum
681 1103 798 1132 dicitur:
816 1103 912 1132 Petrus
927 1107 968 1131 est
990 1103 1099 1131 dealba-

252 1154 311 1185 tus3
333 1159 383 1187 per
407 1151 520 1179 modum
540 1150 753 1187 possessionis,
776 1154 807 1178 ut
823 1158 886 1178 cum
909 1150 1026 1179 dieitur:
1049 1150 1100 1178 asi-

250 1206 303 1226 nus
335 1198 510 1232 Soci·aticus;
539 1202 565 1226 et
588 1206 637 1234 per
667 1197 780 1226 modum
803 1197 942 1231 1111101113,
974 1201 1006 1226 ut
1034 1205 1098 1225 rum

251 1245 367 1273 dicitur:
391 1245 497 1273 serrum
521 1245 654 1281 ignitum⁷
678 1244 703 1273 id
727 1248 769 1273 est
790 1245 845 1281 igni
868 1245 979 1273 unitum
990 1245 1007 1272 ³.
1029 1245 1098 1273 Cum

250 1300 316 1328 ergo
339 1292 457 1323 dieitur.
479 1292 554 1328 quod
577 1291 747 1328 praedicatio
769 1291 977 1320 denominativa
999 1296 1040 1320 est
1055 1300 1100 1319 ac-

250 1339 389 1371 ciclentt's‚·
411 1339 577 1370 dicendum,
605 1339 680 1375 quod
710 1346 808 1367 verum
832 1342 888 1373 est,
918 1339 1030 1375 quando
1058 1342 1100 1367 est

250 1393 300 1422 per
322 1385 436 1414 modum
462 1384 654 1418 inhaerentis,
679 1393 733 1413 non
755 1389 848 1413 autem
872 1388 913 1413 est
935 1393 1048 1417 verum,
1077 1385 1099 1413 si

251 1440 362 1469 semper
392 1432 563 1469 intelligatur
589 1432 623 1460 de
654 1432 861 1468 praedieatione
893 1432 1101 1460 denominativa

251 1480 405 1508 seeundum
423 1479 497 1507 alios
512 1479 621 1507 modos.
638 1496 676 1499 *—
688 1479 756 1507 Cum
773 1482 865 1507 autem
883 1479 1002 1507 dieitur:
1026 1479 1101 1507 Chri-

251 1529 311 1555 stus
332 1530 374 1555 est
396 1526 579 1560 humanatus;
602 1534 655 1554 non
672 1530 713 1554 est
734 1526 770 1555 ibi
789 1526 957 1563 praedicatio
980 1534 1030 1563 per
1047 1534 1103 1554 iuo-

251 1574 318 1602 dum
342 1572 536 1607 inhaerentis,
559 1574 606 1602 sed
632 1581 681 1610 per
704 1574 818 1602 modurn
842 1573 962 1601 unionis
984 1577 1010 1602 et
1028 1573 1102 1601 rela-

251 1621 346 1649 tionis.
369 1622 399 1649 Et
421 1621 483 1649 ideo
505 1629 558 1649 non
582 1621 726 1657 sequitur,
749 1621 822 1658 quod
855 1621 978 1649 humana
1000 1624 1101 1649 natura

251 1668 286 1697 sit
313 1668 470 1701 ac·ez·‹tens;
491 1676 541 1696 nec
569 1668 696 1705 sequitur
725 1676 760 1696 ex
783 1668 851 1701 hoc.
883 1667 958 1704 quod
981 1675 1098 1704 persona

252 1715 344 1744 divina
367 1716 402 1744 sit
424 1719 553 1748 mutata,
577 1715 654 1752 quia,
677 1715 806 1751 quamvis
827 1715 944 1743 mutatio
966 1714 1101 1742 absoluta

252 1763 279 1791 in
301 1762 443 1791 accidente
458 1765 542 1799 ponat
563 1762 746 1790 mutationem
769 1762 794 1789 in
819 1762 956 1796 subiecto7
979 1761 1101 1790 introdu-

252 1810 305 1837 ctio
327 1812 418 1837 tamen
443 1809 528 1845 ipsius
551 1808 704 1836 relationis
725 1809 752 1836 in
774 1817 836 1836 esse
864 1812 953 1845 potest
975 1816 1036 1836 esse
1064 1816 1100 1837 ex

254 1856 406 1884 imitatione
428 1856 499 1884 saeta
521 1856 548 1883 in
570 1855 658 1884 altero
680 1855 837 1884 extremo&

334 1905 358 1931 .)“
381 1903 419 1931 Ad
436 1903 505 1931 illud
522 1903 595 1940 quod
612 1902 754 1937 obiicitur,
771 1902 842 1939 quod
861 1902 1032 1939 impossibile
1047 1905 1100 1935 est,

254 1950 454 1979 diversorum⁵
476 1957 578 1986 genera
606 1949 763 1986 praedicari
793 1949 827 1977 de
848 1949 945 1977 eodem
976 1948 1102 1977 substan-

256 1997 372 2031 tialiter3
396 1996 562 2028 dicendum,
584 1996 659 2032 quod
681 2003 781 2024 verum
803 1999 844 2024 est
866 1996 900 2024 de
922 1995 976 2024 illis
998 1995 1103 2032 generi-

254 2044 323 2078 bus,
351 2051 423 2080 quae
455 2043 558 2071 habent
589 2043 791 2079 oppositionem
823 2046 850 2071 et
881 2042 1102 2076 distinctionem,

255 2090 327 2118 sicut
347 2093 412 2118 suut
433 2097 535 2126 genera
557 2092 715 2118 creatarum
738 2096 844 2117 rerum.
870 2089 927 2116 Non
950 2089 989 2117 sie
1008 2092 1100 2117 autem

255 2140 296 2166 est
311 2137 346 2166 de
367 2137 462 2165 divina
477 2140 577 2165 natura
598 2139 625 2165 et
641 2136 779 2169 humana,
802 2136 880 2173 quia,
896 2144 959 2164 cum
979 2136 1103 2165 humana

924 183 1176 212 SENTENTIARUM
1198 183 1258 211 LIB.
1280 183 1320 211 111.

1155 260 1189 289 sit
1210 261 1322 289 omnino
1344 262 1483 298 possibilis
1505 265 1531 290 et
1546 262 1572 290 in
1595 262 1755 291 omnimoda
1771 262 1939 297 obedientia,
1961 263 2000 291 ni-

1154 308 1193 336 hil
1224 308 1355 344 impedit,
1377 309 1452 345 quod
1475 309 1599 337 humana
1624 313 1725 338 natura
1746 312 1773 338 et
1801 310 1894 338 divina
1916 310 1999 339 simul

1155 358 1327 383 concurrunt
1349 355 1375 383 in
1397 364 1480 384 unam
1504 364 1668 392 personam,
1692 356 1728 384 ita
1750 357 1824 393 quod
1847 357 1881 385 de
1902 357 2000 386 eadem

1155 410 1274 439 persona
1295 402 1473 438 praedicetur
1495 403 1573 431 Deos
1594 403 1777 432 essentialiter
1797 407 1824 432 et
1844 412 1894 441 per
1923 407 2000 432 natu-

1155 455 1231 481 ram,
1253 451 1280 476 et
1301 448 1336 476 de
1358 449 1405 476 ilia
1427 449 1524 477 eadem
1547 450 1724 486 praedicetur
1746 448 1829 478 ltomo
1851 450 2000 478 essentiali-

1156 497 1197 522 ter
1226 498 1340 531 propter
1371 495 1502 524 unionem
1535 496 1700 532 gratuitam,
1722 505 1772 533 per
1803 504 1887 533 quam
1914 497 2001 531 Deus,

1156 542 1227 570 sicut
1249 542 1338 578 potuit
1359 546 1386 571 et
1414 543 1517 577 voluit,
1540 551 1569 571 se
1594 543 1657 572 fecit
1686 544 1861 580 suppositum
1884 547 2001 572 naturae

1156 588 1308 622 humanae;
1330 589 1405 625 quod
1427 589 1541 626 quidem
1563 589 1601 618 sic
1622 590 1674 618 fuit
1693 589 1745 618 sibi
1766 590 1859 624 facile,
1881 590 1952 618 sicut
1966 590 2002 618 sa-

1155 634 1207 663 eile
1238 638 1279 664 est
1310 636 1414 663 homini
1448 636 1500 664 sibi
1532 636 1728 665 indumentum
1761 644 1887 671 sumere,
1916 636 2002 664 immo

1157 682 1245 710 mutto
1266 682 1389 716 facilius,
1412 683 1435 711 si
1457 683 1650 712 consideretur
1664 683 1725 712 eius
1746 691 1857 712 summa
1878 683 2000 720 potentia

1155 732 1182 757 et
1203 732 1349 758 creaturae
1370 729 1527 758 obedientia
1539 730 1555 757 ⁶.

1235 776 1260 803 6.
1283 776 1321 804 Ad
1344 776 1413 805 illud
1428 776 1503 813 quod
1523 776 1669 811 obiicitur,
1690 777 1765 814 quod
1780 777 1855 806 Deus
1876 780 1903 805 et
1918 777 2002 805 homo

1157 822 1284 851 diversas
1305 823 1408 852 habent
1436 823 1629 857 delinitiones3
1651 824 1818 858 dicendum,
1843 824 1918 860 quod
1947 831 2002 852 non

1156 873 1221 898 sunt
1243 870 1386 904 diversae,
1408 871 1445 898 ita
1467 871 1542 907 quod
1564 879 1617 899 non
1640 874 1757 908 possunt
1785 878 1953 899 concurrere
1974 870 2002 898 in

1156 917 1335 953 suppositum
1357 925 1462 951 uuum,
1484 917 1505 946 si
1536 917 1610 946 Deus
1632 918 1722 946 facere
1751 917 1817 946 velit
1842 917 1928 952 iilud,
1949 925 2002 954 pro

1156 971 1188 992 eo
1210 963 1285 1000 quod
1308 964 1500 1000 multomagis
1522 964 1624 1001 pendet
1645 968 1672 993 et
1687 964 1792 1001 indiget
1814 965 1936 992 humana
1958 971 2002 992 na-

1157 1014 1221 1038 tura
1243 1014 1371 1047 respectu
1401 1011 1511 1039 divinae
1541 1019 1692 1047 personae,
1714 1019 1798 1048 quam
1827 1010 1939 1048 aliquod
1962 1017 2004 1038 ac-

1157 1057 1251 1086 cidens
1280 1060 1409 1094 respectu
1437 1058 1616 1087 substantiae.
1639 1058 1695 1086 Non
1725 1062 1766 1087 est
1787 1066 1854 1095 ergo
1878 1058 1934 1086 Deo
1956 1058 2004 1086 im-

1156 1104 1300 1141 possibile,
1324 1105 1408 1133 immo
1429 1105 1511 1133 valde
1533 1105 1666 1133 credibile
1687 1108 1714 1133 et
1736 1105 1878 1142 possibile,
1901 1104 2003 1133 immo⁷

1158 1158 1272 1183 verum,
1294 1151 1369 1187 quod
1391 1151 1440 1179 Dei
1462 1151 1545 1180 Filius
1566 1152 1630 1180 fecit
1651 1159 1680 1180 se
1702 1151 1729 1179 in
1750 1154 1851 1180 natura
1879 1151 2003 1179 humana

1156 1198 1183 1225 in
1213 1197 1402 1226 incarnatione
1427 1206 1576 1234 personam
1604 1201 1631 1227 et
1651 1198 1822 1234 hypostasim
1850 1201 1877 1227 et
1903 1205 2002 1234 suppo-

1157 1248 1250 1273 situm.

2018 970 2133 990 Notandum.

1238 1292 1267 1320 Et
1281 1292 1328 1329 qui
1344 1292 1397 1320 boe
1412 1292 1539 1328 intelligit
1549 1292 1572 1326 ⁸,
1589 1292 1732 1321 manifeste
1748 1292 1838 1326 videt,
1854 1300 1926 1329 quae
1941 1292 2003 1321 ista·
2015 1299 2043 1318 De
2053 1299 2143 1326 ‘supinio-

2015 1323 2071 1341 nibus
2095 1323 2144 1341 iudi-

1158 1346 1221 1367 rum
1239 1338 1323 1366 trium
1345 1339 1507 1375 opinionum
1524 1339 1612 1375 magis
1632 1339 1738 1368 accedit
1752 1340 1787 1368 ad
1803 1339 2003 1376 explicandum
2016 1347 2073 1365 cium.

1157 1385 1354 1413 incarnationis
1377 1388 1592 1414 sacramentum.
1614 1386 1682 1414 Nam
1701 1386 1787 1414 tertia
1802 1386 1910 1423 opinio,
1932 1393 2004 1423 quae

1158 1435 1252 1468 negat,
1268 1431 1409 1460 Christum
1425 1432 1540 1470 aliquid
1560 1440 1633 1467 esse,
1650 1433 1804 1461 secundum
1817 1433 1892 1470 quod
1907 1433 2003 1467 home,

1157 1482 1239 1516 negat
1260 1479 1376 1514 etiam-⁰,
1400 1487 1547 1516 personam
1563 1479 1619 1507 Filii
1640 1480 1811 1517 hypostasim
1826 1488 1887 1509 esse
1908 1480 2005 1508 huma-

1158 1534 1209 1555 nae
1231 1529 1360 1560 naturae,
1381 1526 1552 1563 simpliciter
1574 1527 1680 1555 recedit
1705 1535 1721 1554 a
1742 1527 1866 1556 veritate.
1896 1526 2004 1555 Prima

1159 1582 1224 1602 vero
1246 1573 1351 1610 opinio,
1373 1581 1445 1610 quae
1467 1573 1545 1607 dicit,
1568 1573 1593 1601 in
1616 1573 1725 1602 Christo
1746 1574 1802 1602 duo
1824 1582 1884 1603 esse
1906 1581 2006 1611 suppo-

1158 1620 1225 1655 sita,
1247 1629 1263 1648 a
1284 1621 1400 1649 veritate
1422 1620 1525 1648 (leviat.
1548 1620 1644 1649 Media
1666 1628 1733 1649 vero
1758 1621 1862 1658 opinio,
1878 1628 1949 1658 quae
1967 1620 2005 1649 di-

1158 1668 1207 1701 cit,
1230 1676 1313 1696 unam
1336 1675 1497 1704 personam,
1519 1668 1577 1696 sive
1602 1668 1773 1705 hypostasim
1796 1668 1906 1696 duabus
1928 1670 2006 1696 natu-

1158 1715 1197 1743 ris
1218 1723 1278 1743 esse
1307 1715 1496 1751 suppositam,
1518 1715 1670 1743 veritatem
1699 1715 1777 1743 (licit.
1804 1715 1881 1743 Unde
1909 1721 2005 1743 omnes

1159 1762 1286 1790 doctores
1313 1762 1499 1790 communiter
1528 1765 1622 1790 tenent
1650 1762 1732 1790 bodie
1765 1762 1923 1798 opinionem
1952 1769 2007 1789 me-

1158 1808 1254 1842 diam,
1276 1812 1308 1837 ut
1331 1809 1388 1837 loco
1409 1809 1470 1837 eius
1491 1808 1566 1845 quod
1588 1808 1697 1837 dicebat.
1718 1808 1765 1837 illa
1786 1808 1894 1845 opinio,
1921 1816 2006 1837 uuam

1158 1863 1306 1892 personam
1329 1863 1365 1884 ex
1382 1855 1493 1884 duabus
1512 1855 1620 1884 naturis
1636 1863 1697 1883 esse
1712 1855 1916 1892 compositam,
1932 1862 2006 1883 nune

1159 1902 1269 1931 dicatur
1290 1910 1347 1930 una
1361 1909 1480 1938 persona
1502 1901 1613 1930 duabus
1634 1901 1743 1930 naturis
1761 1909 1822 1930 esse
1843 1901 2005 1938 supposita,

1158 1957 1213 1977 non
1247 1948 1381 1977 mutando
1411 1957 1549 1981 sensum,
1573 1948 1621 1977 sed
1653 1947 1759 1982 verba,
1781 1955 1853 1985 quae
1884 1948 2006 1976 multum

1159 1999 1225 2024 sunt
1247 1995 1273 2023 in
1290 1995 1336 2024 tali
1352 1995 1468 2023 materia
1489 1995 1673 2024 observanda.
1696 1995 1735 2023 Ex
1755 1995 1798 2024 his
1814 1995 1912 2032 igitur,
1934 2002 2005 2032 quae

1159 2043 1233 2071 dicta
1264 2046 1344 2077 sunt,
1376 2042 1466 2079 colligi
1497 2046 1605 2079 potest,
1638 2050 1709 2079 quae
1741 2042 1776 2071 sit
1797 2042 2006 2079 praedictarum

1159 2090 1322 2126 opinionum
1350 2090 1513 2124 diversitas,
1546 2092 1572 2118 et
1604 2089 1632 2118 in
1654 2098 1709 2126 qua
1731 2097 1829 2118 earum
1861 2090 1895 2118 sit
1918 2089 2006 2118 maior

1159 2137 1341 2173 probabilitas
1363 2136 1487 2165 veritatis
1503 2136 1529 2164 ¹⁰.

998 2239 1260 2275 SGHOLION.

319 2343 332 2364 1,
350 2343 397 2364 Hac
414 2343 547 2371 quaestione
564 2342 655 2363 eliditur
672 2342 824 2369 gravissimus
841 2347 905 2363 error
924 2342 1001 2363 tertiae
1018 2342 1104 2369 opinio-

256 2382 290 2404 nis
308 2381 387 2409 (quum
414 2382 532 2409 professus
558 2383 591 2403 est
608 2380 767 2409 Abaclurdus),
793 2381 889 2408 scilicet.
908 2380 971 2408 quod
988 2380 1057 2403 hoino
1076 2381 1104 2402 de

256 2420 345 2443 Christo
363 2421 508 2448 praedicatur
525 2419 714 2448 cicctcleutatz'ter,
739 2421 803 2447 sive,
822 2421 852 2442 uti
871 2421 919 2447 ipse
938 2420 1039 2448 dicebat,
1059 2426 1103 2442 non

256 2459 280 2482 ιή
297 2459 366 2489 quid,
387 2460 427 2481 sod
445 2459 470 2481 i'it
487 2459 603 2488 quomodo
622 2465 645 2482 se
662 2458 763 2487 hubens,
790 2463 815 2481 ut
840 2465 893 2481 cum
920 2458 1016 2481 dicitur:
1035 2460 1103 2481 homo

257 2499 357 2521 indutus.
375 2499 431 2521 Ilinc
449 2502 496 2521 ortu
515 2501 549 2521 est
566 2499 693 2526 propositio
711 2499 778 2520 etiam
797 2505 808 2520 a
828 2498 892 2520 Petro
909 2497 1040 2520 Lonibartto
1059 2498 1104 2523 thie

320 2620 326 2634 ¹
345 2621 397 2642 Scit.
415 2626 525 2648 personae
544 2620 620 2642 Verbi.

319 2659 329 2673 ⁴2
346 2658 390 2681 Ct'r.
409 2660 506 2685 Ariston,
526 2659 539 2681 1.
553 2659 633 2686 'sopita
651 2665 670 2681 c.
689 2658 709 2686 si,
723 2661 744 2681 et
762 2659 806 2681 Vll.
820 2659 915 2686 Metuph.
935 2663 985 2681 text.
1008 2660 1024 2680 1.
1037 2665 1101 2687 seqq.

257 2698 304 2726 (Vl.
322 2704 341 2720 c.
364 2698 398 2725 t.).
417 2710 449 2714 —
466 2698 537 2720 Codd.
556 2697 653 2720 ORSU
679 2698 803 2720 subiiciunt
826 2699 926 2720 tuntum.
945 2698 987 2720 Pro
1013 2697 1104 2720 essendi

258 2737 310 2759 edd.
329 2738 364 2759 hic
382 2737 523 2759 substituunt
539 2736 692 2765 adhaerendi,
712 2742 733 2759 et
751 2738 820 2765 paulo
837 2737 932 2759 interius
949 2736 1100 2765 inhaerendi,

259 2776 301 2798 hoc
320 2777 398 2798 ultimo
416 2777 465 2798 loco
483 2777 566 2799 omissa
585 2778 652 2798 etiam
670 2783 727 2798 voce
745 2777 845 2799 tuntum.

322 2814 331 2828 ³
347 2815 404 2837 Edd.
422 2815 510 2837 addunt
527 2816 548 2837 ct
573 2821 659 2844 corpus
685 2815 830 2843 ant'matmit,
850 2814 874 2837 iil
890 2816 925 2838 est
940 2814 1034 2837 (mimae
1051 2814 1104 2837 111ιὶ-

259 2855 315 2876 tum.
334 2854 383 2875 Mox
402 2860 443 2881 pro
461 2853 586 2876 accidentis
603 2854 653 2876 cod.
672 2854 689 2875 Α
707 2853 827 2882 accidens,
848 2854 915 2876 codd.
935 2853 975 2875 FN
987 2854 1001 2875 P
1019 2853 1050 2875 hb
1068 2859 1104 2876 nc·

259 2892 388 2915 cideutatis.

322 2931 331 2945 ⁴
349 2931 393 2954 Csr.
411 2938 480 2959 supra
499 2938 551 2959 pag.
571 2932 578 2953 l
590 2933 611 2959 1,
631 2935 681 2953 uota
704 2933 721 2954 1.
740 2945 768 2947 -
793 2932 860 2954 Paulo
883 2933 989 2960 superius
1008 2934 1058 2960 post
1080 2931 1104 2954 tn

259 2969 377 2994 accidente
395 2970 444 2992 Vat.
462 2970 539 2992 subdit
557 2970 673 2993 absoluto.

1161 2348 1179 2364 c.
1203 2343 1219 2363 1.
1239 2341 1269 2370 li.)
1287 2342 1368 2370 reluta,
1386 2342 1449 2370 quod
1467 2341 1569 2364 Christus
1582 2348 1625 2364 non
1638 2344 1672 2364 est
1683 2341 1787 2371 aliquid,
1802 2341 1929 2364 secundum
1943 2341 2006 2370 quod

1161 2381 1238 2403 bomo.
1256 2382 1318 2403 lianc
1330 2381 1454 2408 permiram
1468 2381 1648 2408 propositionem
1662 2380 1823 2402 condemnavit
1835 2380 1962 2402 Alexander
1973 2379 2005 2401 111.

1161 2419 1210 2447 (ct'r.
1224 2421 1259 2442 hic
1276 2421 1291 2442 1.
1311 2420 1436 2448 tundam),
1449 2421 1488 2448 qui
1501 2422 1565 2441 antea
1577 2421 1618 2441 suit
1630 2419 1793 2441 celeberrimus
1811 2420 1920 2447 magister
1937 2419 2004 2447 iuris,

1160 2463 1255 2481 vocatus
1268 2459 1384 2481 Rotundus
1395 2458 1531 2486 Bandinclli,
1544 2459 1650 2480 Senensis
1667 2458 1685 2486 (1
1697 2459 1754 2486 181)1
1772 2459 1810 2487 qui
1824 2459 1891 2480 etium
1904 2458 2006 2487 quodam

1160 2498 1230 2520 modo
1243 2497 1368 2525 discipulus
1378 2498 1419 2520 suit
1431 2497 1558 2520 Abuclurdi.
1570 2498 1648 2526 Nuper
1658 2498 1680 2519 P.
1691 2498 1776 2529 Denisse
1789 2497 1842 2519 Ord.
1857 2497 1934 2519 Pracd.
1945 2498 2006 2519 inre-

1222 2620 1232 2634 5
1251 2620 1299 2642 Vat.
1318 2619 1422 2647 clirersa,
1442 2620 1501 2641 sieut
1526 2621 1547 2641 ct
1572 2620 1593 2641 in
1620 2618 1747 2641 obiectione
1772 2619 1820 2646 ipsa
1839 2618 1943 2640 habetur.
1962 2618 2006 2640 Ali-

1160 2662 1245 2688 quanto
1262 2660 1355 2681 interius
1372 2659 1453 2681 eadem
1472 2659 1521 2681 Vnt.
1540 2664 1582 2686 pro
1604 2657 1678 2681 simul
1701 2658 1851 2681 concurrunt
1866 2657 1956 2679 exhibet
1973 2656 2006 2680 sio

1160 2699 1308 2721 concurrant
1325 2702 1346 2720 ει
1363 2698 1444 2720 omittit
1461 2697 1544 2719 deinde
1561 2698 1601 2719 itu.

1223 2736 1232 2751 5
1249 2736 1293 2759 Cir.
1312 2743 1381 2764 supra
1399 2736 1421 2758 d.
1444 2737 1460 2758 1.
1478 2743 1498 2758 u.
1520 2737 1537 2758 1.
1556 2742 1577 2765 q.
1600 2736 1617 2758 1.
1636 2732 1737 2763 111ὀοιῚ).
1755 2739 1777 2757 ει
1794 2735 1824 2757 ad
1842 2735 1863 2757 5.

1223 2775 1233 2790 ⁷
1250 2775 1305 2798 Cod.
1323 2776 1341 2797 Α
1359 2776 1394 2797 hic
1411 2776 1488 2798 inserit
1505 2776 1545 2798 est.

1224 2814 1233 2829 8
1250 2815 1293 2836 Pro
1310 2814 1417 2844 intelligit
1434 2815 1484 2837 cod.
1503 2815 1519 2836 L
1530 2813 1652 2837 intellexit.
1670 2813 1772 2835 Subinde
1784 2819 1826 2841 pro
1838 2813 1925 2836 accedit
1937 2813 2005 2836 codd.

1162 2854 1167 2876 1
1179 2854 1195 2876 L
1212 2853 1309 2877 eoecedtt.

1224 2892 1234 2906 ⁹
1253 2893 1294 2914 Pro
1311 2892 1380 2915 etiam
1399 2892 1449 2915 cod.
1467 2892 1483 2914 Α
1502 2891 1586 2921 ipsam.

1225 2931 1244 2946 ¹⁰
1261 2931 1305 2954 Csr.
1331 2932 1399 2954 etiam
1427 2938 1497 2959 supra
1528 2931 1658 2953 Praenotata
1687 2933 1738 2958 post
1765 2929 1903 2952 diuisionem
1926 2930 2004 2953 temtus

1163 2973 1185 2993 et
1201 2977 1221 2993 a.
1243 2971 1260 2993 Ι.
