2166 3366
0 836 2 847 ι
18 828 131 849 notandum.

225 259 252 287 [ι.
273 258 311 287 Ad
334 258 404 287 illud
426 257 501 295 quod
523 258 669 291 obiicitur,
691 258 766 295 quod
789 259 925 295 sapientia
949 267 994 296 ap-

146 305 308 342 propriatur
329 305 410 339 Fili03
432 305 600 339 dicendum,
621 305 695 342 quod
719 305 771 334 hoc
786 309 843 340 est,
859 306 886 334 in
909 313 994 343 quan—

147 356 206 381 tum
229 352 296 381 dicit
317 352 411 381 lumen
439 352 619 389 cognitionis,
641 361 695 381 non
718 353 744 381 in
767 356 904 390 quantum
927 353 993 382 dicit

21 406 131 427 noandum.
145 406 274 436 saporem
296 399 456 428 affectionis.
478 399 547 427 Cum
568 399 641 427 enim
663 402 818 436 utrumque
834 400 860 428 in
876 408 905 429 se
921 400 994 429 clau-

145 446 208 480 dat,
230 449 319 483 potest
340 446 454 483 utrique
483 453 619 483 personae
647 447 840 484 appropriari,
864 447 994 477 videlicet

144 493 211 522 Filio
232 496 259 522 et
280 493 394 530 Spiritui
410 497 506 522 sancto
519 493 544 527 ¹3
566 497 593 522 et
615 494 745 531 quoniam
763 502 815 523 non
832 495 994 532 appropria-

145 545 192 569 tur
213 540 279 569 Filio
300 540 368 574 soli,
390 540 476 569 immo
491 540 573 569 etiam
590 548 726 578 personae
747 542 868 579 Spiritus
889 542 991 571 sancti:

145 587 210 616 hinc
231 591 285 622 est,
306 587 382 624 quod
404 588 475 616 ratio
497 587 544 616 illa
565 596 619 616 non
641 588 722 625 cogit.

6 639 15 687 4
225 636 251 662 5.
272 634 311 663 Ad
334 634 403 663 illud
425 635 501 671 quod
524 635 644 663 ulterius
658 635 798 671 obiicitur,
820 636 895 674 quod
911 644 993 666 nemo

144 684 186 710 est
207 681 318 718 sapiens
349 689 385 710 ex
408 681 460 710 hoe
483 682 591 716 solum,
620 683 695 720 quod
721 686 812 717 amat,
834 683 886 712 nisi
908 684 991 712 etiam

144 728 264 758 ulterius
285 732 448 766 cognoscat3
463 729 630 764 dicendum,
645 730 720 767 quod
737 730 805 759 illud
822 735 864 760 est
879 739 977 760 verum
984 742 992 766 3

144 779 265 805 attamen
288 776 315 804 in
337 784 434 805 amore
455 776 503 805 Dei
527 777 577 814 ipsi
600 777 693 814 gustui
719 777 867 807 coniuncta
887 781 929 806 est
951 786 993 807 co-

145 822 239 860 gnitio.
261 823 392 860 Optimus
412 824 486 852 enim
510 824 611 853 modus
632 824 815 861 cognoscendi
838 824 927 853 Deum
951 827 992 854 est

143 877 195 907 per
214 869 442 907 experimentum
465 870 639 903 dulcedinis;
670 871 758 900 multo
789 871 872 900 etiam
901 871 993 900 excel-

143 916 244 946 lentior
265 920 292 946 et
313 917 433 946 nobilior
453 921 481 946 et
502 917 693 947 delectabilior
714 921 756 947 est
777 926 861 956 quam
884 926 935 955 per
950 926 992 947 ar-

141 967 308 1001 gumentum
330 964 525 1002 inquisitionis.
548 965 625 994 Unde
646 972 682 994 ex
705 965 757 994 hoe
778 973 831 994 non
856 965 991 1000 liabetur,

142 1011 216 1049 quod
249 1019 421 1049 coquoscere
448 1011 484 1040 sit
514 1014 593 1040 actus
622 1011 710 1048 ipsius
742 1011 806 1040 doni
839 1011 991 1049 sapientiae

141 1058 327 1096 praecipuus,
349 1058 398 1087 sed
421 1058 516 1096 quod²
537 1058 659 1096 quodam
683 1058 766 1101 modo
791 1059 934 1088 concurrit
955 1059 990 1088 ad

699 180 782 208 DlST.
805 180 907 209 XXXV.
929 181 1002 209 ΛΒΤ.
1024 181 1139 210 UNlCUS
1161 181 1297 218 QUAEST.
1320 182 1348 210 ll.
1845 185 1899 194 ”“““

1848 194 1900 212 llo

1050 260 1111 289 eius
1132 264 1226 289 actum
1248 261 1449 298 praecipuum;
1471 264 1498 290 et
1520 261 1571 290 hoc
1591 261 1704 299 quidem
1728 265 1769 290 est
1792 270 1900 293 verum,

1051 308 1129 345 quia,
1151 308 1223 337 sicut
1245 312 1349 337 tactum
1365 312 1419 343 est,
1435 309 1570 346 sapientia
1587 309 1613 337 in
1629 317 1658 338 se
1673 309 1779 338 claudit
1793 313 1901 338 utrum-

1050 363 1104 393 que
1125 359 1236 387 actum;
1251 355 1325 384 unde
1341 356 1462 393 quodam
1485 356 1568 385 modo
1584 357 1697 394 respicit
1713 356 1899 391 intellectum,

1051 401 1172 439 quodam
1197 403 1279 431 modo
1301 403 1414 440 respicit
1435 403 1575 432 affectum.
1860 424 1862 427 -

1134 449 1172 478 Ad
1203 449 1273 478 illud
1306 458 1373 479 vero
1404 450 1479 487 quod
1510 450 1610 480 ultimo
1641 451 1791 485 obiicitur,
1823 451 1899 488 quod
1912 455 1954 498 5331
1966 456 2042 497 grefoila

1050 504 1125 525 unus
1146 496 1259 525 habitus
1280 504 1334 524 non
1355 500 1445 533 potest
1466 505 1527 526 esse
1549 500 1677 534 respectu
1694 498 1810 526 istorum
1833 498 2003 527 duo-damona.

1051 551 1114 572 rum
1136 547 1267 578 actuum,
1289 551 1353 572 cum
1376 552 1461 580 penes
1483 544 1544 572 illos
1566 544 1791 574 diversificentur
1807 549 1900 582 poten-

1050 590 1116 624 tiae3
1137 590 1303 625 dicendum,
1325 591 1399 628 quod
1422 598 1520 619 verum
1543 595 1600 621 est.
1622 592 1697 629 quod
1713 600 1766 621 non
1783 596 1900 629 possunt

1050 637 1093 666 isti
1116 640 1195 666 actus
1225 637 1353 666 eiusdem
1381 638 1495 667 habitus
1522 646 1599 673 esse,
1622 639 1659 667 ita
1681 639 1756 676 quod
1780 643 1899 676 uterque

1049 684 1085 713 sit
1104 684 1300 721 p1·z‘ncz·pal2·s,·
1322 684 1391 713 nihil
1414 688 1506 714 tamen
1528 686 1659 722 impedit,
1675 686 1747 715 duos
1768 694 1846 721 esse,
1863 687 1899 715 ita
1914 690 2028 710 Notandum-

1049 731 1124 767 quod
1147 738 1221 759 unus
1243 731 1278 759 sit
1292 731 1427 768 primas,
1443 731 1514 760 alter
1529 740 1596 761 vero
1608 733 1810 770 praecipaas;
1825 741 1899 763 unus

1050 776 1122 805 sicut
1142 777 1312 814 disponens,
1333 777 1404 806 alter
1426 786 1492 806 vero
1513 778 1675 815 complens,
1691 779 1763 808 sicut
1779 780 1805 808 in
1821 788 1900 817 prae-

1049 823 1234 853 cedentibus³
1257 824 1383 853 habitum
1406 824 1458 853 suit
1479 825 1514 854 de
1541 825 1604 854 fide.
1627 842 1666 845 ——
1692 826 1768 855 Unde
1789 826 1895 855 eisdem
1911 832 1965 851 Nota.

1050 871 1204 900 rationibus
1225 875 1252 900 et
1273 872 1502 909 responsionibus
1523 876 1661 909 quantum
1680 873 1716 902 ad
1742 873 1794 902 hoc
1809 878 1899 910 potest

1049 918 1112 955 quis
1133 918 1267 955 negotiari
1290 918 1364 947 circa
1386 919 1491 947 donum
1517 919 1681 956 sapientiae,
1711 928 1783 957 quae
1812 929 1898 958 supra

1048 965 1215 1002 explanatae
1237 965 1351 994 fuerunt
1372 966 1447 995 circa
1462 966 1594 995 virtutem
1612 966 1675 996 fidei
1689 978 1695 1002 3
1711 970 1737 996 et
1753 967 1814 996 ideo
1830 968 1898 997 haec

1048 1012 1082 1040 ad
1106 1020 1239 1049 praesens
1261 1012 1409 1047 sufficiant,
1425 1013 1491 1050 quia
1506 1021 1559 1042 non
1575 1017 1699 1051 oportet,
1716 1014 1760 1043 hic
1776 1014 1838 1043 illas
1854 1015 1899 1043 ite-

1048 1067 1112 1087 rum
1136 1059 1274 1097 replicari.

887 1162 1150 1199 SCHOLION.

204 1264 218 1286 Ι.
242 1264 342 1287 Eandem
367 1264 534 1288 distinctionem
557 1265 735 1294 quadruplicem
757 1264 886 1295 sapientiae
908 1266 990 1293 repetit

141 1304 198 1327 Petr.
216 1310 227 1326 a
247 1304 300 1326 Tar.
317 1304 369 1332 (liic
380 1310 402 1333 q.
421 1305 441 1326 2.
460 1311 480 1326 a.
502 1305 519 1326 l.
533 1305 675 1333 quaestiunc.
698 1305 736 1332 1.),
755 1305 794 1333 qui
806 1304 890 1327 deinde
907 1304 989 1334 (quae-

140 1344 221 1366 stiunc.
239 1344 271 1372 3.)
290 1345 311 1366 in
330 1344 476 1366 conclusione
488 1344 624 1371 generaliter
635 1350 688 1366 cum
708 1346 784 1366 nostro
796 1347 890 1366 auctore
907 1350 989 1366 convc-

141 1384 183 1411 nit;
201 1383 242 1405 sed
259 1383 335 1406 addit:
357 1392 367 1402 ι
379 1384 492 1411 Sapientia
510 1389 614 1405 amorem
632 1384 740 1409 importat
763 1386 787 1405 ut
803 1389 897 1405 causam
915 1383 989 1413 (ἰὼ-ρο-

140 1423 232 1445 nentem
242 1421 393 1451 proximam,
408 1422 448 1444 sed
461 1423 615 1450 cognitionem
634 1421 800 1450 essentialiter,
821 1423 987 1450 cognitionem,

140 1461 203 1489 (lico,
221 1467 265 1483 non
283 1464 370 1483 tantum
388 1461 566 1489 speculativam,
585 1460 625 1483 sed
643 1461 780 1488 practicam;
794 1460 856 1483 unde
872 1460 988 1488 duplicem

140 1499 208 1522 habet
223 1500 330 1522 effectum
342 1503 534 1528 consequentem,
552 1499 636 1521 scitu-et
649 1498 847 1522 illuminationem
858 1503 881 1522 et
893 1499 989 1523 [talea-ta-

139 1538 226 1562 tionem
239 1548 260 1561 ι.
278 1539 325 1561 Hoc
342 1539 425 1561 dicitur
441 1538 470 1560 ad
489 1542 589 1561 mentem
606 1539 628 1560 S.
647 1538 762 1565 Tiiomae,
781 1540 820 1568 qui
836 1539 872 1563 (S.
890 1539 912 1561 ll.
931 1539 953 1561 ll.
966 1546 988 1568 q.

140 1579 177 1601 45.
190 1585 210 1601 a.
228 1580 259 1605 ⁶2.)
277 1578 355 1601 docet:
376 1586 386 1598 ι
399 1577 532 1607 Sapientia,
547 1584 606 1607 quae
618 1581 652 1600 est
663 1578 763 1605 donum,
782 1583 881 1601 causam
894 1578 988 1607 quidem

141 1617 210 1640 habet
226 1618 248 1640 in
266 1617 395 1645 voluntate,
413 1618 498 1639 scilicet
519 1618 652 1644 caritatem,
675 1617 715 1639 sed
739 1617 864 1640 essentiam
882 1617 950 1640 liabet
967 1619 988 1640 in

140 1656 257 1681 intellecta
271 1666 281 1677 ι
302 1657 352 1685 (cfr.
370 1656 418 1679 ibid
436 1663 458 1685 q.
476 1657 496 1678 8.
515 1663 534 1679 a.
552 1657 579 1683 6,
597 1660 619 1679 ct
637 1656 764 1679 Communi.
788 1658 824 1679 liic
844 1664 865 1686 q.
885 1659 905 1679 2.
926 1664 946 1680 a.
969 1658 988 1680 l.

141 1697 282 1725 quaestiunc.
296 1696 335 1724 3.).
348 1694 455 1717 Similiter
468 1695 568 1724 loquitur
581 1695 688 1717 Richard.
702 1695 754 1723 (liic
766 1702 785 1717 a.
799 1696 819 1717 2.
832 1702 854 1724 q.
871 1696 907 1723 1.).
921 1696 989 1718 Paulo

140 1734 204 1757 aliter
222 1735 243 1757 S.
257 1734 342 1757 Bonav.
355 1734 404 1757 (cfr.
424 1734 459 1756 liic
472 1733 527 1756 dub.
550 1734 590 1762 l.),
602 1734 641 1763 qui
660 1737 728 1762 negat
745 1733 780 1762 (in
793 1739 857 1761 corp.
870 1736 892 1755 ct
904 1733 932 1756 ad
945 1734 988 1763 5.)‚

140 1773 203 1802 quod
220 1779 362 1803 coynoscem
378 1774 405 1794 sit
423 1777 488 1795 artus
504 1773 629 1800 sapientiae
645 1771 853 1802 p1·aecipuus;cui
872 1773 988 1796 doctrinae

141 1813 202 1835 lavet
219 1813 241 1835 Β.
265 1813 350 1835 Alhert.
373 1813 423 1840 (liic
444 1819 464 1834 a.
487 1813 522 1840 t.).
540 1824 570 1827 —
587 1812 632 1834 (Ἰν.
650 1815 740 1840 praeter
757 1812 877 1835 laudatos:
896 1813 988 1841 Dionys.

141 1851 224 1879 Carth„
241 1851 270 1874 de
289 1852 331 1874 hac
342 1854 363 1874 et
380 1858 428 1880 seq.
442 1858 463 1881 q.
483 1852 519 1873 liic
536 1858 559 1880 q.
581 1852 599 1873 l.

1109 1266 1132 1288 ll.
1151 1266 1181 1288 De
1198 1265 1294 1289 scientia
1313 1266 1350 1296 (q.
1368 1267 1426 1296 seq.)
1443 1271 1512 1296 atque
1530 1267 1559 1290 de
1581 1267 1707 1290 ‹littei-entia
1725 1269 1784 1290 inter
1806 1268 1897 1297 sapien—

1046 1304 1115 1331 tiam,
1136 1304 1279 1328 intellectum
1296 1309 1318 1328 et
1329 1305 1467 1333 seientiam:
1478 1307 1518 1329 cir.
1531 1307 1599 1329 etiam
1613 1307 1668 1329 intra
1682 1315 1703 1336 q.
1717 1308 1738 1330 3.
1756 1308 1814 1330 Cum
1828 1309 1899 1337 Magi—

1046 1348 1092 1366 ster
1105 1345 1155 1370 (tiiu
1172 1350 1190 1366 c.
1213 1345 1241 1373 l.)
1253 1345 1382 1367 secundum
1394 1346 1549 1373 Augustinum
1567 1347 1674 1369 scientiae
1687 1348 1787 1375 assignet
1799 1351 1898 1376 quatuor

1046 1387 1111 1405 actus
1128 1383 1181 1408 (cfr.
1200 1384 1236 1406 liic
1252 1383 1307 1406 dul).
1329 1384 1349 1406 2.
1369 1384 1412 1412 3.),
1434 1387 1483 1407 orta
1501 1388 1535 1407 est
1557 1386 1673 1414 quaestio,
1692 1387 1742 1414 quis
1764 1392 1845 1408 eorum
1869 1388 1896 1409 sit

1043 1421 1192 1451 luiticisialis.
1211 1423 1281 1445 Etiam
1300 1424 1321 1445 in
1340 1423 1382 1445 hac
1400 1424 1533 1453 quaestione
1551 1424 1572 1446 S.
1591 1424 1674 1446 Tuom.
1688 1426 1738 1452 (hic
1755 1433 1775 1448 a.
1790 1426 1811 1448 3.
1829 1432 1897 1455 quac-

1046 1462 1128 1483 stiunc.
1147 1462 1172 1490 2;
1196 1462 1218 1484 S.
1240 1462 1263 1484 ll.
1288 1461 1311 1484 ΙΙ.
1329 1469 1351 1491 q.
1369 1463 1390 1485 9.
1408 1469 1428 1485 a.
1455 1463 1486 1492 3.)
1510 1463 1653 1492 aliquatenus
1676 1464 1761 1487 recedit
1784 1471 1794 1486 a
1819 1469 1896 1487 nostro

1046 1504 1147 1523 auctore.
1166 1501 1221 1523 Nam
1239 1502 1260 1523 in
1279 1502 1374 1524 Summa
1392 1503 1496 1530 resolvit,
1514 1502 1577 1532 quod
1599 1512 1608 1523 α
1622 1503 1708 1525 donum
1727 1504 1834 1526 scicntiat¹
1850 1504 1896 1533 pri-

1046 1546 1085 1563 mo
1097 1540 1192 1570 quidem
1205 1544 1226 1563 ct
1242 1540 1407 1570 principaliter
1424 1543 1516 1570 respicit
1527 1541 1726 1572 speculationem,
1741 1544 1762 1566 in
1783 1548 1896 1572 quantum

1046 1579 1131 1602 scilicet
1143 1580 1213 1602 liomo
1225 1581 1278 1607 scit,
1291 1580 1347 1609 quid
1360 1580 1405 1603 tide
1418 1584 1494 1603 tenere
1507 1581 1602 1609 debeat,
1619 1581 1762 1605 secundario
1779 1586 1855 1605 autom
1871 1589 1895 1605 se

1047 1619 1147 1641 extendit
1163 1620 1231 1642 etiam
1249 1620 1279 1642 ad
1296 1619 1470 1649 operationem,
1492 1620 1621 1643 secundum
1640 1621 1702 1650 quod
1721 1628 1762 1650 per
1778 1623 1895 1645 scientiam

1047 1657 1202 1686 credibilium,
1220 1661 1242 1680 et
1259 1664 1340 1681 eorum
1358 1665 1418 1688 quae
1435 1659 1464 1681 ad
1482 1659 1598 1682 credibilia
1617 1663 1802 1689 consequuntur,
1820 1661 1896 1690 dirigi-

1048 1702 1100 1718 mur
1117 1697 1138 1718 in
1152 1697 1248 1725 agendis
1260 1706 1280 1719 n.
1293 1709 1325 1714 -—-
1336 1697 1403 1726 Quod
1421 1702 1498 1720 autem
1514 1698 1659 1728 praecipuus
1676 1703 1740 1722 actus
1762 1700 1830 1722 liuius
1842 1700 1895 1722 duni

1046 1736 1074 1757 sit
1092 1736 1191 1764 dirigere
1203 1737 1263 1759 circa
1280 1736 1409 1765 actionem,
1432 1743 1485 1759 cum
1498 1738 1519 1760 5.
1539 1738 1623 1760 Bonav.
1648 1741 1722 1761 tenent
1741 1740 1808 1762 ctiam
1823 1740 1845 1762 Β.
1863 1740 1896 1762 ΑΙ-

1047 1774 1112 1802 bert..
1135 1775 1171 1797 liic
1193 1782 1212 1797 a.
1237 1776 1258 1797 3.
1284 1776 1315 1803 (μς
1334 1776 1390 1798 Ροιι·.
1413 1783 1426 1798 a
1450 1776 1511 1803 Tan,
1534 1777 1571 1799 liic
1588 1784 1610 1806 q.
1629 1778 1649 1799 3.
1668 1784 1688 1800 a.
1707 1778 1728 1800 3.
1752 1780 1895 1807 quaestions:

1047 1815 1080 1842 2.;
1099 1814 1205 1837 uictura.
1223 1821 1234 1836 a
1254 1814 1319 1843 Med,
1338 1815 1374 1837 liic
1391 1821 1410 1837 a.
1429 1816 1450 1837 2.
1468 1822 1491 1844 q.
1509 1816 1530 1837 8.

911 1943 1074 1980 QUAESTIO
1096 1944 1124 1972 ll.

335 2029 439 2058 Utrum
460 2033 545 2058 (tetus
565 2029 748 2067 praecipitus
770 2030 840 2058 (loni
859 2030 997 2059 scientiae
1018 2031 1159 2060 consistat
1180 2031 1209 2060 in
1232 2032 1363 2066 actione,
1384 2032 1428 2061 vel
1448 2033 1479 2061 iu
1500 2033 1704 2070 speculatione.

220 2131 348 2159 Secundo
370 2130 516 2166 quaeritur
531 2129 565 2157 de
581 2132 645 2157 actu
660 2133 687 2157 et
703 2129 810 2158 obiecto
825 2129 889 2158 doni
905 2129 990 2158 scien-

142 2177 211 2212 tiae,
233 2181 260 2206 et
282 2181 323 2206 est
345 2177 486 2214 quaestio,
510 2180 605 2204 utrum
629 2179 708 2204 actus
730 2176 899 2213 praecipuus
924 2177 988 2205 doni

141 2224 271 2253 scientiae
293 2224 425 2253 consistat
446 2225 473 2252 iu
495 2224 614 2257 actione,
638 2223 680 2251 vel
711 2223 736 2250 in
759 2223 988 2252 consideratione.

142 2271 172 2299 Et
194 2272 268 2308 quod
292 2272 424 2300 consistat
447 2271 472 2299 iu
495 2270 625 2304 actione,
648 2270 772 2298 videtur:

227 2320 248 2346 l.
272 2319 363 2347 Primo
395 2318 560 2346 auctoritate
585 2317 746 2354 Augustini,
767 2316 934 2345 duodecimo
955 2316 989 2345 de

131 2365 292 2399 ·Trinitate‚
307 2374 379 2402 quae
395 2365 515 2393 liabetur
537 2365 563 2392 in
587 2364 678 2392 littera
690 2364 710 2396 ’ς
727 2363 900 2400 distinguens
915 2364 988 2392 enim

142 2412 214 2441 inter
235 2412 413 2449 sapientiam
435 2416 461 2440 et
475 2411 644 2444 scientiam,
659 2411 738 2444 dicit,
753 2410 827 2447 quod
842 2410 989 2447 sapientia

142 2463 248 2496 spectat
262 2459 296 2487 ad
313 2458 588 2495 contemplationem,
603 2461 630 2486 et
644 2457 766 2485 scientia
787 2457 821 2485 ad
844 2456 989 2485 actionem.

221 2508 247 2535 2.
270 2506 350 2539 ltem,
372 2505 527 2534 secundum
552 2505 749 2541 Philosophum
761 2505 779 2538 ⁵,
799 2504 899 2533 «scire
913 2504 988 2541 quod

142 2561 196 2582 non
229 2557 270 2582 est
301 2553 481 2581 coniunctum
514 2552 681 2589 operationi,
715 2559 813 2588 parum
844 2556 892 2580 aut
921 2551 987 2579 nitut

142 2600 256 2638 prodest
278 2600 312 2629 ad
336 2600 467 2628 virtutem
480 2609 506 2626 »ς
530 2599 551 2627 si
568 2606 634 2635 crgo
650 2598 776 2632 scientia,
791 2606 863 2635 qliae
878 2602 919 2627 est
934 2598 990 2635 Spi-

1047 2130 1118 2160 ritus
1140 2131 1227 2160 sancti
1260 2132 1379 2166 donum,
1403 2132 1521 2161 multum
1555 2133 1669 2170 prodest
1691 2134 1724 2162 ad
1749 2134 1894 2165 meritum.

1047 2177 1159 2206 videtur
1168 2194 1178 2213 ,·
1196 2179 1269 2216 quod
1293 2182 1372 2207 actus
1393 2179 1454 2208 eius
1475 2179 1548 2208 circa
1571 2181 1678 2216 agenda
1694 2181 1844 2218 praecipue
1860 2182 1894 2210 sit

1046 2224 1220 2253 constitutus.

1126 2271 1152 2299 3.
1175 2271 1254 2305 item,
1274 2272 1346 2309 fides
1368 2272 1430 2300 sine
1451 2272 1587 2310 operibus
1602 2277 1721 2301 mortua
1736 2274 1810 2307 e.st⁶‚
1827 2281 1894 2311 ergo

1048 2317 1107 2354 pari
1131 2320 1236 2346 ratione
1259 2322 1286 2347 et
1307 2319 1437 2352 scientia;
1460 2319 1508 2348 sed
1532 2320 1590 2356 ipsa
1612 2320 1742 2354 scientia,
1765 2329 1837 2358 quae
1853 2325 1894 2349 est

1046 2364 1150 2393 donum
1166 2365 1288 2402 Spiritus
1303 2366 1404 2400 sancti,
1421 2374 1474 2394 non
1490 2369 1532 2395 est
1554 2370 1678 2401 mortua,
1694 2368 1741 2396 sed
1758 2369 1891 2405 gratuita:

1046 2419 1113 2447 ergo
1136 2411 1262 2446 videtur,
1283 2412 1358 2449 quod
1387 2415 1467 2441 actus
1488 2413 1549 2442 eius
1571 2414 1740 2451 praecipuus
1761 2415 1893 2444 consistat

1046 2458 1121 2487 circa
1141 2459 1258 2495 agenda.

1124 2505 1151 2533 Ιι.
1174 2505 1253 2539 item,
1276 2506 1381 2534 donum
1404 2507 1534 2535 scientiae
1556 2512 1738 2545 comparatur
1759 2508 1793 2537 ad
1810 2509 1891 2546 pieta-

1047 2554 1118 2586 tem,
1140 2552 1213 2580 sicut
1234 2552 1357 2589 dirigens
1378 2554 1411 2581 ad
1435 2562 1606 2591 ‹·xsequeiis;
1629 2554 1676 2583 sed
1708 2555 1832 2592 pietatis,
1855 2564 1894 2584 sc-

1046 2599 1170 2628 cundum
1198 2599 1271 2636 quod
1302 2600 1368 2628 dicit
1401 2601 1551 2638 Gregorius
1584 2602 1608 2630 in
1642 2602 1829 2632 Moraliluts⁷.
1851 2607 1893 2631 est

206 2722 210 2736 ¹
231 2722 275 2745 Cir.
295 2723 308 2744 Ι.
326 2723 386 2744 Seut.
405 2722 427 2744 d.
450 2722 483 2744 10.
501 2729 520 2743 a.
540 2722 561 2743 2.
580 2728 600 2750 η,
624 2721 640 2743 Ι.
659 2721 688 2743 atl
707 2721 732 2746 3;
751 2721 772 2743 (1.
796 2721 828 2743 tn.
847 2728 868 2749 p.
887 2721 909 2743 ll.
928 2728 949 2750 ιι.
968 2722 988 2743 2.

141 2766 164 2784 et
180 2761 202 2783 d.
221 2761 257 2784 27.
276 2768 298 2789 p.
319 2761 340 2783 ll.
358 2768 379 2790 q,
398 2762 418 2783 3.
437 2761 458 2782 in
477 2767 539 2788 corp.

205 2800 213 2815 ²
233 2801 253 2822 ln
277 2801 382 2829 plurimis
406 2800 473 2822 codd.
492 2805 513 2822 ct
539 2800 559 2821 iu
586 2799 638 2821 cdd.
667 2800 683 2827 l,
702 2800 715 2821 ἱ).
741 2799 804 2821 ‹lvi-st
826 2799 896 2829 qnod.
921 2800 989 2822 l‘aulo

142 2844 193 2861 anu·
217 2846 259 2867 pro
277 2845 324 2862 non
341 2839 441 2862 [uitetur
458 2839 508 2861 cml.
527 2846 552 2860 aa
573 2844 619 2860 uon
637 2838 758 2868 seqnitur,
780 2838 833 2860 mid.
852 2844 898 2861 nou
916 2838 989 2868 seqni-

143 2879 183 2901 tur
199 2880 221 2901 et
237 2878 355 2907 lutherum·
372 2879 424 2900 vati.
442 2879 509 2900 otium
529 2878 636 2906 supi-rius
653 2878 759 2900 uuuttunt
770 2884 812 2906 pm·
829 2881 880 2899 aut«¹
898 2877 989 2906 expert-

142 2919 254 2940 mentum.

205 2956 215 2971 ³
232 2957 285 2979 nist.
304 2957 340 2979 23.
358 2964 378 2979 a.
400 2958 417 2979 1.
435 2964 457 2986 q.
477 2958 497 2978 2.
515 2958 573 2978 circa
593 2956 668 2978 iliu-m.
687 2957 731 2978 (Ἰν,
751 2956 772 2978 tl.
791 2956 827 2978 27.
850 2963 870 2978 a.
892 2957 909 2978 1.
927 2963 949 2985 q.
968 2957 988 2978 2.

143 2995 171 3017 :ul
189 2997 308 3018 ti.—1‘ro
325 2996 386 3018 alter
404 3002 458 3018 twro
476 2996 528 3018 cod.
547 2997 561 3017 Λ
581 2995 642 3017 tillet·
658 2995 726 3017 aient.

1110 2721 1118 2735 ⁴
1137 2722 1176 2743 ΙΙΙ(-
1193 2729 1212 2744 ‹·.
1234 2722 1255 2747 l:
1274 2722 1341 2744 codd.
1360 2728 1404 2744 nou
1422 2722 1480 2745 iii-n«-
1497 2723 1565 2745 citant
1583 2723 1641 2746 Xlx'.
1658 2723 1686 2746 (le
1703 2724 1765 2746 ‘l‘riir

1108 2760 1118 2775 ⁵
1136 2761 1196 2783 Libr.
1215 2761 1238 2783 ll.
1256 2762 1325 2784 tituto.
1344 2768 1362 2784 (·.
1385 2762 1407 2784 ἰε
1426 2762 1458 2784 Ad
1478 2763 1573 2785 virtutos
1590 2766 1666 2785 autem
1691 2764 1791 2791 cognitio
1809 2771 1890 2792 parum

1047 2800 1082 2822 vul
1101 2801 1154 2822 niliil
1173 2801 1242 2826 valon
1267 2801 1352 2830 rviiqua
1371 2800 1471 2831 [eligere
1483 2805 1504 2824 ‹·t
1522 2803 1736 2830 lmpurinutabilitet·
1753 2803 1890 2833 agot-1¹]twu

1047 2845 1141 2867 parum,
1159 2839 1199 2861 sva
1218 2841 1314 2862 multum
1333 2848 1359 2861 ai·
1378 2843 1448 2863 totum
1466 2842 1592 2864 canu-runt.

1108 2878 1118 2893 θ
1136 2879 1176 2900 iac.
1195 2880 1219 2906 2,
1239 2880 1275 2901 20.
1293 2883 1314 2901 et
1333 2880 1368 2901 20.

1109 2917 1118 2931 ⁷
1137 2916 1195 2939 Libr.
1215 2918 1227 2939 l.
1246 2925 1264 2940 r.
1284 2919 1320 2940 32.
1339 2925 1359 2940 u.
1382 2918 1414 2941 Η.
1434 2931 1462 2935 —
1481 2919 1511 2941 Dc
1529 2919 1616 2942 mm‘ot'i
1632 2921 1672 2943 csr.
1690 2927 1759 2949 supra
1778 2921 1800 2943 d.
1814 2921 1849 2944 35.
1869 2929 1890 2950 p.

1047 2957 1061 2979 l.
1079 2963 1098 2978 a.
1118 2957 1138 2978 2⁷.
1157 2963 1179 2985 q.
1202 2957 1218 2978 1.
1237 2957 1258 2979 in
1276 2964 1339 2985 corp.
1359 2958 1431 2980 (tertia
1451 2959 1504 2986 via).
