2166 3366
118 776 244 802 Confirmatnr

125 801 241 818 auctoritati-

124 824 164 841 bus.

121 1206 244 1229 Augustinus.

125 1503 243 1522 Ambrosius.

252 218 308 247 3028

252 296 298 323 sed
320 303 371 322 non
392 303 425 322 ex
445 294 537 321 eadem
559 301 647 320 causa.
668 292 722 319 Nos
742 291 812 318 enim
833 298 865 317 ex
888 292 1001 324 peccato
1026 288 1103 321 origi-

252 338 305 365 nali
325 339 374 364 hos
395 338 514 364 desectus
536 336 680 366 trahimus,
701 335 771 361 sicut
796 332 959 367 Apostolus¹
986 332 1104 358 insinuat

252 381 361 407 dicens:
384 380 486 414 Corpus
501 378 609 414 quidem
621 381 734 412 propter
746 380 883 411 peceatum
897 379 1037 401 mortuam
1050 377 1103 404 esc,

252 424 279 450 id
299 426 352 455 est,
373 422 559 449 necessitatem
580 420 709 447 moriendi
731 420 812 446 habet
833 419 857 445 in
876 425 912 444 se.
927 417 1048 444 Christus
1061 424 1105 443 au-

253 470 304 493 tem
326 473 378 492 non
399 473 431 492 ex
451 468 564 499 peccato
591 463 744 490 huiusmodi
765 462 860 489 habuit
880 461 1015 493 delectus,
1041 459 1105 494 quia

252 510 309 535 sine
328 511 441 543 peccato
461 511 501 534 est
521 510 668 541 conceptus
689 509 715 532 et
736 509 812 532 natus
826 509 849 531 ec
862 503 892 531 in
906 502 986 530 terris
999 510 1105 529 conver-

251 556 334 579 satas.
353 551 405 578 Sed
426 558 457 577 ex
478 550 535 577 sola
554 549 734 576 miserationis
758 548 894 575 voluntate
914 547 947 573 de.
968 549 1058 573 nostro
1080 545 1105 584 in

252 602 281 622 se
301 594 435 621 transtulit
465 601 555 620 veram
583 593 779 623 infirmitatem,
799 591 869 617 sicut
888 590 994 624 accepit
1014 595 1104 615 veram

252 645 376 669 earnem,
397 644 477 671 quam
498 637 555 663 sine
575 636 647 662 omni
668 635 822 661 infirmitate
842 640 979 661 assumere
999 632 1104 666 potuit,

252 681 322 707 sicut
342 680 444 714 absque
463 679 543 714 culpa
564 679 675 705 eandem
696 678 823 712 suscepit.

324 723 376 750 Sed
396 724 459 757 quia
479 722 620 749 1101111111112
641 722 674 748 de
694 729 773 748 sensu
795 721 820 747 in
840 720 966 755 passione
986 719 1106 745 humani-

254 767 315 793 tatis
336 766 432 793 Christi
455 766 523 792 male
542 765 657 792 sensisse
678 764 864 796 inveniuntur,
890 765 1054 801 asserentes,
1074 762 1106 788 si-

255 810 433 837 militudinem
454 813 535 843 atque
556 809 697 842 imaginem
718 808 850 842 passionis
870 810 895 833 et
915 806 1015 832 doloris
1035 804 1106 831 Chri-

253 857 323 880 stum
344 854 478 880 hominem
501 852 657 887 pertulisse,
677 851 723 877 sed
745 851 845 877 nullum
865 850 973 877 omniuo
986 848 1105 875 dolorem

255 896 296 923 vel
326 896 477 931 passionem
507 895 637 927 sensisse,
665 894 854 921 auctoritatum
881 892 1040 919 testimoniis
1061 899 1107 918 eos

255 940 459 971 convincentes,
481 938 658 965 indubitabile
687 938 817 964 faciamus
842 936 914 971 quod
938 942 1019 969 supra
1041 935 1108 961 dixi-

255 991 321 1010 mus.
343 983 476 1017 Propheta
498 981 599 1008 lsaias³³
628 981 710 1007 dicit:
744 981 807 1007 Vere
837 979 981 1014 lcmyuores
1001 981 1107 1004 nostros

255 1026 311 1061 ipse
332 1025 393 1052 [alil
412 1029 435 1051 et
454 1024 560 1051 dolores
580 1028 686 1051 nostros
707 1023 762 1058 ipse
787 1022 916 1057 portavit.
946 1022 978 1048 Et
1003 1021 1108 1048 Veritas

256 1070 314 1104 ipsa
335 1070 360 1095 in
383 1068 526 1102 Evangelio
547 1068 600 1094 ait:
624 1066 720 1093 Tristis
740 1070 776 1092 est
795 1065 890 1092 anima
902 1073 962 1091 mea
976 1072 1058 1099 usque
1071 1063 1107 1090 ad

254 1116 392 1144 morlerrm
421 1112 467 1138 ubi
497 1111 576 1137 etiam
608 1110 720 1143 legitur:
744 1108 834 1143 Coepit
862 1109 935 1135 Iesus
960 1115 1061 1142 pavere
1086 1110 1110 1133 ec

256 1155 367 1182 taedere.
389 1155 522 1189 Propheta
543 1154 623 1180 etiam
644 1160 676 1179 ex
692 1159 807 1185 persona
821 1152 917 1178 Christi
933 1151 986 1177 ait:
999 1149 1109 1185 Repleta

255 1202 292 1225 esc
311 1198 392 1225 vialis
412 1197 506 1224 anima
525 1205 598 1228 mea;
613 1196 684 1231 quod
701 1202 837 1229 exponens
858 1194 1022 1227 Augustinus
1033 1193 1042 1206 4
1056 1193 1108 1220 ait:

262 1242 343 1268 «Non
365 1241 436 1267 vitiis
457 1243 483 1267 et
510 1240 646 1274 peccatis,
675 1238 721 1265 sed
745 1238 869 1264 humanis
899 1237 990 1269 malis,
1017 1236 1043 1262 id
1070 1238 1110 1262 est

255 1284 407 1316 doloribus,
427 1283 530 1317 repleta
545 1283 593 1309 suit
607 1283 694 1308 anima
716 1281 827 1311 Christi,
849 1280 948 1314 quibus
968 1280 1027 1313 ipsa
1041 1286 1112 1305 com-

255 1328 357 1362 patitur
376 1319 459 1353 carni.
480 1326 538 1352 Non
559 1325 628 1351 enim
644 1324 721 1351 dolor
734 1323 857 1358 corporis
878 1325 965 1357 potest
979 1329 1037 1348 esse
1052 1321 1112 1348 sine

255 1371 358 1401 anima;
374 1369 465 1396 dolere
479 1372 567 1395 autem
583 1368 686 1398 anima,
701 1367 780 1393 etiam
796 1374 847 1392 non
864 1366 970 1392 dolente
985 1372 1109 1399 corpore,

256 1416 351 1448 potest.
370 1413 422 1439 Hos
442 1415 531 1439 autem
552 1412 685 1437 humanae
705 1409 867 1436 infirmitatis
887 1409 1012 1439 affectus,
1036 1408 1106 1434 sicut

255 1457 341 1491 ipsam
362 1462 470 1482 carnem
493 1462 523 1481 ac
545 1457 672 1485 mortem,
688 1460 738 1479 non
754 1452 915 1478 conditionis
936 1451 1109 1482 necessitate,

256 1499 303 1526 sed
324 1498 502 1525 miserationis
523 1497 658 1523 voluntate
678 1496 833 1529 suscepit».
849 1494 1007 1521 Ambrosius
1026 1494 1106 1520 etiam

256 1543 282 1568 in
303 1542 371 1568 libro
392 1541 425 1567 de
445 1540 594 1567 Trinitate⁵
614 1540 667 1565 ait:
693 1551 702 1561 n
717 1539 853 1572 Scriptum
875 1541 931 1564 est:
961 1539 1060 1567 Pater,
1087 1536 1112 1563 si

255 1584 384 1621 possibile
403 1588 455 1615 est,
477 1587 596 1610 transeat
615 1591 631 1609 a
649 1590 691 1609 *me
704 1581 777 1608 calix
792 1581 845 1607 isle.
860 1582 946 1608 Timet
959 1588 1022 1615 ergo
1037 1580 1112 1607 Chri-

257 1632 327 1662 stus,
348 1632 373 1655 ct
393 1628 457 1655 dum
478 1628 571 1654 Petrus
592 1634 643 1652 nou
665 1626 752 1658 timet,
773 1625 894 1651 Christus
914 1625 996 1651 timet.
1017 1624 1112 1650 Petrus

257 1672 342 1699 dixit:
363 1672 485 1698 Animam
507 1677 593 1697 meam
614 1677 685 1704 pono
705 1677 754 1704 pro
769 1672 809 1701 te;
824 1668 945 1695 Christus
959 1667 1041 1694 dicit:
1057 1669 1077 1693 Α
1101 1675 1115 1693 11

257 1722 301 1742 ma
322 1722 381 1741 mea
403 1713 534 1741 turbatur.
554 1713 704 1746 Utrumque
725 1719 817 1738 verum
838 1714 876 1737 est
897 1714 922 1737 et
936 1710 1047 1737 rationis
1060 1709 1113 1744 plc-

257 1766 338 1789 num,
359 1757 431 1791 quod
453 1760 478 1783 et
498 1756 541 1783 illc
561 1756 606 1790 qui
628 1758 666 1782 est
686 1755 808 1785 inferior,
829 1762 880 1780 nou
905 1754 996 1784 timet:
1023 1756 1048 1779 et
1069 1753 1111 1780 ille

258 1802 303 1836 qui
324 1801 449 1835 superior
470 1802 523 1831 est,
543 1799 612 1832 gerit
632 1798 748 1824 timentis
767 1798 891 1824 affectum
907 1808 929 1822 ».
945 1796 1017 1823 Idem
1032 1796 1057 1822 in
1072 1803 1112 1822 eo-

259 1844 357 1871 dem⁶:
384 1855 394 1866 n
407 1844 441 1870 Ut
469 1842 548 1869 homo
579 1842 717 1873 turbatur,
746 1844 774 1867 ut
803 1840 881 1866 lzomo
905 1839 964 1872 flet,
984 1842 1013 1866 ut
1033 1838 1112 1865 homo

258 1887 425 1922 crucifigitur
439 1896 461 1916 »ς
487 1893 560 1920 «per
589 1888 711 1911 naturam
742 1882 861 1910 hominis
885 1886 910 1909 et
930 1882 1057 1909 taediavit
1084 1885 1110 1908 et

259 1929 407 1957 resurrexit
426 1928 583 1955 Christus».
611 1939 620 1950 κ
638 1927 696 1953 Non
718 1926 841 1953 turbatur
860 1926 918 1952 eius
940 1926 1039 1957 virtus,
1059 1932 1111 1951 non

258 1973 383 1999 turbatur
403 1972 460 1998 eius
480 1971 620 2002 divinitas,
641 1969 687 1996 sed
709 1969 831 1995 turbatur
845 1969 948 1999 anima,
962 1968 1111 1994 secundum

258 2017 393 2043 humanae
423 2014 574 2047 fragilitatis
603 2013 793 2040 assumtionem
815 2012 946 2038 turbatur.
973 2011 1040 2037 Nam
1069 2011 1114 2045 qui

259 2059 378 2093 suscepit
399 2058 514 2085 :mimam
529 2057 648 2091 suscepit
662 2056 741 2082 etiam
756 2056 861 2082 animae
880 2055 1039 2089 passionem.
1054 2055 1111 2081 Non

260 2102 330 2129 enim
351 2109 397 2133 eo,
417 2101 488 2135 quod
510 2101 580 2126 Deus
600 2103 673 2132 erat,
692 2102 737 2125 aut
757 2098 875 2130 turbari,
900 2101 945 2124 aut
965 2098 1031 2124 mori
1053 2105 1112 2132 pos-

260 2149 336 2172 set».
367 2145 438 2171 Idem
469 2144 494 2170 in
524 2143 634 2169 eodem:
661 2142 810 2175 «Suscepit
838 2140 977 2167 trisliliam
1006 2148 1112 2171 meam,

260 2188 426 2215 confidenter
446 2185 584 2213 lrislilicmz
604 2185 727 2217 nomino,
745 2185 790 2218 qui
805 2191 913 2210 erucem
927 2184 1065 2218 praedico.
1083 2184 1117 2210 Ut

261 2230 340 2257 lzomo
371 2229 464 2256 habuit
493 2227 649 2258 tristitiam,
678 2234 758 2262 quain
780 2234 838 2253 meo
858 2227 978 2260 suscepit
997 2226 1092 2252 affeetu
1110 2254 1117 2265 ⁷

261 2274 326 2301 mihi
346 2272 522 2307 compatitur,
544 2271 607 2297 mihi
631 2271 712 2297 tristis
732 2273 785 2301 est,
806 2270 870 2296 mihi
886 2269 966 2296 dolet.
981 2270 1052 2302 Ergo
1067 2277 1116 2303 pro

261 2324 303 2343 me
323 2320 347 2343 et
369 2316 394 2342 in
415 2323 457 2342 nie
477 2315 576 2347 doluit,
598 2314 642 2348 qui
664 2321 713 2348 pro
733 2321 761 2340 se
781 2313 847 2339 nihil
862 2313 970 2344 habuit,
985 2312 1058 2347 quod
1073 2312 1118 2339 do-

262 2363 318 2387 eret
331 2371 354 2385 u.
381 2371 391 2382 «
404 2359 483 2385 Deles
505 2358 599 2392 igitur,
619 2358 731 2384 Domine
751 2357 824 2389 lesu,
844 2363 901 2383 mea
920 2356 1048 2389 vulnera,
1064 2363 1114 2382 non

930 211 1185 241 SENTENTIARUM
1206 211 1267 239 LlB.
1289 210 1329 238 Ill.

1161 291 1220 318 tua,
1239 288 1302 322 quia
1324 290 1350 314 tu
1370 295 1422 314 non
1442 294 1491 321 pro
1513 290 1551 319 te,
1571 286 1617 312 sed
1638 294 1687 320 pro
1701 293 1744 312 me
1758 285 1866 312 doles».
1884 286 2155 320 Hierony-ineranymus.

1160 339 1220 357 mus
1240 338 1349 365 quoque
1368 331 1393 357 in
1414 330 1611 364 Explauatione
1630 329 1691 356 fidei
1705 329 1713 342 ⁷
1734 329 1787 355 ait:
1813 329 1890 355 «Nos
1916 329 1951 355 ita
1975 329 2011 355 di·
2154 328 2155 333 ¹

1161 374 1247 400 cimus
1270 374 1405 400 hominem
1426 373 1581 407 passibilem
1601 380 1615 399 a
1635 373 1680 399 Dei
1702 372 1768 398 Filio
1792 375 1961 406 susceptum,
1983 375 2011 398 ut

1161 417 1251 443 Deitas
1272 416 1444 450 impassibilis
1462 418 1640 450 permaneret.
1661 415 1757 441 Passus
1776 418 1815 441 est
1828 415 1898 442 enim
1912 415 1958 441 Dei
1973 414 2012 440 Fi-

1162 459 1212 485 lius
1233 467 1283 485 non
1304 459 1440 493 putative,
1460 458 1507 484 sed
1528 465 1590 484 vere
1614 458 1703 484 omnia
1723 465 1793 491 quae
1813 457 1952 492 Scriptura
1975 461 2012 484 te-

1161 505 1262 534 statur,
1281 501 1430 528 secundum
1462 501 1526 528 illud
1546 501 1619 535 quod
1638 501 1693 535 pati
1714 504 1833 535 poterat,
1853 501 1956 527 scilicet
1974 508 2012 527 se-
2155 503 2156 522 t

1162 545 1281 571 cundum
1294 545 1470 571 substantiam
1485 548 1639 571 assumtam.
1654 544 1728 570 Licet
1742 551 1805 577 ergo
1823 551 1938 578 persona
1952 543 2011 570 Filii

1161 588 1313 622 susceperit
1333 587 1487 622 passibilem
1507 587 1659 619 hominem,
1679 587 1714 613 ita
1735 590 1822 613 tamen
1840 587 1898 613 eius
1912 586 2012 613 habita-

1163 631 1233 657 tione
1252 630 1401 657 secundum
1421 638 1496 657 snam
1517 630 1692 657 substantiam
1707 629 1743 656 nil
1756 637 1834 664 passa
1849 632 1902 661 est,
1916 633 1944 656 ut
1959 633 2013 657 tota

1161 674 1290 705 Trinitas,
1310 681 1390 708 quam
1412 673 1604 708 impassibilem
1626 680 1734 700 necesse
1755 676 1793 699 est
1807 672 1926 699 confiteri
1941 684 1964 699 ».
1977 687 2013 692 —-

1162 717 1209 743 His
1229 717 1341 750 aliisque
1371 716 1577 743 auetoritatibus
1605 716 1780 750 perspicuum
1810 716 1852 747 lit,
1877 715 2012 742 Christum

1164 767 1227 786 vere
1246 759 1400 793 passibilem
1421 759 1580 785 assumsisse
1603 759 1738 785 hominem
1765 761 1845 793 atque
1875 758 1899 784 in
1919 765 1950 784 eo
1970 758 2013 784 de-

1164 803 1248 829 sectus
1268 806 1291 829 et
1313 803 1423 829 allectus
1448 805 1554 828 nostrae
1584 802 1744 828 infirmitatis
1771 801 1941 835 suscepisse,
1965 800 2013 828 sed

1165 846 1315 879 voluntate,
1336 854 1387 872 non
1409 845 1575 872 necessitatis
1594 845 1755 872 conditione.

1235 888 1371 920 Quaedam
1393 891 1479 914 tamen
1500 888 1672 922 reperiuntur
1692 888 1717 914 in
1737 887 1896 914 Sanctorum
1918 890 2015 915 tracta·
2027 901 2108 919 numum
2125 902 2159 920 3„

1166 932 1251 963 tibus,
1271 938 1341 965 quae
1362 931 1516 965 praemissis
1536 930 1672 957 adversari
1695 930 1826 957 videntur.
1847 930 1912 957 Nam
1933 927 2159 965 supet-Difficunaiess

1167 975 1240 1001 illum
1265 975 1352 1001 locum
1381 974 1496 1000 Psalmi:
1519 973 1661 1004 Clamabo,
1681 977 1704 999 el
1723 981 1779 1000 ozon
1798 972 1942 1004 exaudies,
1963 973 2017 1000 Au·
2150 968 2155 976 '¹

1166 1017 1308 1051 gusttnusss
1329 1017 1435 1044 tradere
1455 1017 1574 1049 videtur,
1595 1016 1727 1043 Christum
1751 1024 1799 1043 nec
1819 1024 1882 1043 vere
1896 1016 2017 1043 timuisse

1167 1069 1215 1088 nee.
1245 1068 1307 1087 vere
1338 1061 1470 1087 tristatum
1492 1068 1563 1091 esse,
1584 1060 1622 1086 sic
1643 1060 1753 1086 dicens:
1779 1060 1941 1091 «Quomodo
1966 1060 2018 1086 hoc
2028 1069 2153 1092 Augustinus.

1167 1105 1232 1131 (Hcit
1257 1103 1306 1140 qai
1329 1108 1468 1139 peccalum
1496 1112 1553 1130 mm
1573 1102 1651 1138 feeit,
1670 1111 1718 1129 nec
1737 1102 1862 1130 inventas
1883 1107 1920 1129 est
1938 1102 2018 1130 dolus
2152 1110 2153 1124 1

1168 1147 1197 1174 in
1219 1156 1263 1173 ore
1282 1146 1361 1174 eius?
1382 1147 1433 1173 Sed
1454 1146 1486 1173 cle
1512 1146 1609 1177 nobis,
1639 1153 1753 1180 corpore
1777 1154 1841 1178 suo,
1861 1146 1913 1172 hoo
1933 1146 2017 1179 dicit;

1168 1190 1290 1224 corporis
1309 1191 1380 1216 enim
1399 1190 1455 1221 sui,
1476 1190 1502 1216 id
1516 1193 1556 1216 est
1570 1189 1721 1221 Ecclesiae,
1734 1189 1844 1223 gerebat
1864 1196 2018 1223 personam,

1168 1234 1237 1260 sicut
1257 1236 1282 1259 et
1305 1233 1382 1265 alibi,
1403 1240 1463 1259 eum
1483 1233 1567 1259 dixit:
1599 1233 1729 1259 Transeat
1758 1241 1774 1258 a
1799 1240 1841 1259 me
1859 1232 1932 1259 calix
1952 1231 2018 1263 isle,

1167 1285 1218 1311 pro
1238 1275 1316 1302 nobis
1347 1276 1479 1310 loquitur,
1505 1276 1553 1302 nisi
1578 1276 1643 1302 forte
1664 1280 1773 1310 putetur
1793 1276 1913 1303 timuisse
1934 1275 2018 1309 mori,

1169 1319 1215 1345 sed
1237 1327 1288 1345 non
1310 1326 1372 1345 vere
1392 1319 1503 1345 timebat
1524 1319 1650 1345 Dominus
1671 1319 1741 1353 pati,
1756 1319 1831 1345 tertia
1846 1318 1889 1345 dic
1903 1325 2020 1345 resurre-

1169 1366 1275 1394 cturus,
1295 1370 1356 1389 cum
1377 1363 1484 1389 arderet
1503 1363 1600 1389 Paulus
1619 1361 1735 1389 dissolvi
1752 1366 1775 1388 ec
1794 1370 1847 1388 esse
1868 1370 1928 1389 cum
1943 1360 2021 1388 Chri·-

1169 1410 1216 1432 sco.
1237 1406 1294 1432 Non
1315 1406 1385 1432 enim
1407 1406 1498 1432 sortior
1518 1408 1558 1431 est
1577 1405 1653 1432 miles
1673 1413 1753 1440 quam
1778 1406 1932 1439 imperator.
1946 1404 2021 1431 Miles

1171 1448 1254 1482 οιηςοΠ
1274 1448 1446 1475 coronandus
1466 1448 1564 1481 gautlet
1583 1449 1666 1479 mori,
1688 1451 1713 1475 et
1734 1448 1861 1474 Dominus
1881 1451 2022 1474 coronatu-

1170 1499 1216 1518 rus
1237 1492 1311 1518 timet
1331 1492 1465 1518 mortem?
1493 1491 1544 1518 Sed
1575 1491 1755 1518 infirmitatem
1779 1494 1896 1517 nostram
1918 1497 2022 1525 reprae-

1170 1539 1292 1566 sentans,
1314 1542 1361 1569 pro
1391 1535 1447 1562 suis
1471 1534 1597 1566 infirmis,
1616 1535 1662 1568 qui
1684 1535 1777 1560 timent
1796 1535 1878 1565 mori,
1899 1534 1966 1561 haec
1986 1533 2023 1560 di-

1170 1579 1216 1605 xit.
1240 1579 1297 1605 Vox
1319 1578 1423 1605 illorum
1445 1582 1534 1604 erat».
1547 1578 1727 1612 Hieronymus
1739 1577 1759 1590 ¹⁰
1774 1578 1853 1604 etiam
1874 1578 1922 1604 ait:
1938 1577 2151 1608 nEru-inemnymu:

1171 1621 1281 1648 bescant
1307 1621 1353 1655 qui
1382 1624 1490 1655 putant,
1522 1620 1686 1647 Salvatorem
1717 1621 1835 1647 timuisse
1859 1623 1971 1646 mortem
1998 1623 2023 1647 et

1171 1665 1303 1699 passionis
1323 1671 1425 1698 pavore
1444 1663 1561 1690 dixisse:
1585 1664 1716 1690 Transeat
1734 1671 1750 1689 α
1769 1671 1810 1690 me
1830 1662 1903 1689 salim
1922 1662 2004 1690 isle».

2155 739 2157 758 1

2154 776 2166 812 l,

2157 939 2159 950 1

1543 1750 1602 1777 CAP.
1627 1750 1655 1777 ΙΙ.

1208 1838 1246 1863 De
1264 1836 1442 1872 propassione
1462 1840 1486 1863 ec
1503 1835 1628 1871 passione
1648 1835 1772 1867 timoris,
1792 1836 1835 1863 vel
1853 1835 1986 1862 triscitiae.

1244 1923 1283 1949 Ne
1303 1926 1393 1949 autem
1414 1923 1439 1948 in
1459 1923 1544 1949 saeris
1563 1922 1658 1949 litteris
1678 1922 1768 1956 aliqua
1786 1922 1899 1949 adversa
1915 1922 2024 1948 (liversi-

1174 1970 1213 1993 tas
1233 1974 1290 1993 esse
1310 1969 1434 2000 putetur,
1454 1966 1549 1992 harum
1579 1966 1769 1992 auctoritatum
1799 1965 1879 1992 verba
1901 1966 1926 1992 in
1953 1965 2024 1992 hunc

1173 2009 1281 2036 modum
1302 2008 1461 2043 accipienda
1480 2009 1610 2041 dicimus,
1631 2012 1659 2035 ut
1679 2016 1729 2035 non
1755 2007 1894 2035 veritatem
1920 2008 2024 2035 timoris

1173 2056 1199 2079 et
1219 2052 1341 2079 tristitiae
1357 2052 1396 2078 vel
1409 2051 1615 2087 propassionem
1627 2051 1663 2082 ¹¹,
1682 2052 1729 2078 sed
1745 2052 1847 2078 timoris
1861 2054 1886 2078 et
1901 2052 2023 2078 tristitiae

1173 2095 1353 2122 necessilatem
1377 2098 1403 2121 et
1429 2094 1584 2130 passionem
1604 2102 1618 2121 a
1638 2094 1743 2121 Christo
1763 2094 1910 2121 removisse
1929 2094 2023 2121 intelli-

1174 2143 1277 2173 gantur.
1300 2139 1397 2166 Habuit
1417 2139 1486 2165 enim
1507 2137 1628 2165 Christus
1648 2145 1741 2165 verum
1760 2138 1882 2164 timorem
1902 2141 1928 2164 et
1948 2137 2024 2164 tristi·
2050 2158 2052 2161 .

1175 2183 1238 2209 tiam
1259 2183 1284 2208 in
1305 2185 1399 2209 natura
1420 2181 1550 2214 hominis,
1569 2181 1616 2208 sed
1637 2188 1688 2207 non
1707 2182 1778 2207 sicut
1797 2188 1856 2213 nos,
1871 2181 1916 2215 qui
1931 2188 2024 2207 sumus

1176 2225 1296 2252 membra
1316 2225 1382 2251 eius.
1402 2225 1456 2251 Nos
1476 2224 1544 2251 enim
1564 2231 1645 2251 causa
1666 2224 1771 2258 peccati
1791 2224 1873 2251 nostri
1895 2224 1936 2250 his
1955 2223 2024 2251 defe-

1175 2269 1263 2297 ctibus
1283 2269 1435 2295 necessario
1455 2268 1641 2299 subiacemus,
1662 2271 1687 2294 et
1707 2268 1736 2294 in
1753 2267 1830 2294 nobis
1849 2270 1911 2294 sunt
1924 2266 1967 2293 isti
1981 2266 2025 2293 de-

1174 2313 1259 2339 fectus
1287 2311 1434 2338 secundum
1463 2310 1668 2345 propassionem
1691 2313 1717 2336 et
1733 2309 1904 2345 passionem,
1926 2310 1971 2337 sed
1998 2310 2023 2336 in

1175 2355 1279 2382 Christo
1308 2362 1359 2381 non
1380 2354 1429 2380 nisi
1449 2353 1599 2380 secundum
1615 2352 1830 2388 propassionem.
1851 2353 1926 2380 Sicut
1952 2353 2022 2379 enim

2065 1928 2153 1946 Solvuutu

2037 1951 2154 1970 ditticultates

329 2514 336 2528 ¹
356 2514 422 2536 Rom.
441 2514 465 2541 8,
489 2514 526 2541 to,
546 2516 567 2535 et
584 2513 678 2535 inferius
691 2513 812 2541 respicitur
830 2513 917 2534 Barucn
937 2512 963 2539 3,
982 2512 1017 2533 38.
1035 2511 1118 2533 —Su-

268 2554 345 2582 perius
363 2560 405 2581 pro
422 2559 453 2576 em
470 2552 550 2575 eadem
563 2558 637 2575 aalma
650 2552 717 2574 codd,
731 2553 747 2573 Α
758 2552 774 2573 Β
783 2551 799 2574 C
810 2551 826 2573 D
839 2550 920 2574 eadem
932 2557 1004 2574 caasa
1013 2559 1021 2579 ,·
1035 2550 1118 2573 deinde

267 2599 310 2621 pro
328 2592 446 2615 munimus
464 2592 524 2619 edd,
542 2592 643 2619 exceptis
665 2591 688 2618 l,
706 2591 732 2619 3,
751 2591 776 2618 8,
795 2589 966 2613 contrahimus.

333 2631 343 2645 ²
359 2630 403 2653 Cfr.
421 2631 529 2658 August,
557 2630 585 2652 (le
604 2629 720 2651 Haeresib.
739 2636 759 2651 n.
778 2630 818 2656 21,
838 2629 934 2657 loquens
951 2629 980 2651 de
996 2628 1116 2651 Cerdonizi-

267 2672 312 2699 nis,
330 2673 352 2692 et
369 2676 389 2692 n.
409 2669 449 2697 46,
468 2669 496 2692 de
516 2670 663 2696 Manictiaeis,
682 2675 703 2690 n.
726 2668 759 2690 14.
778 2668 806 2690 de
825 2669 944 2690 Marcione.

325 2707 334 2722 3
352 2708 407 2736 Cap.
426 2708 467 2735 53,
486 2707 514 2735 4,
533 2714 581 2736 seq.
601 2708 664 2729 loeus
681 2710 715 2730 est
733 2707 808 2729 Maon.
827 2707 868 2734 26,
887 2707 928 2734 38;
950 2707 1029 2729 tertius
1049 2706 1115 2729 Mare.

265 2746 304 2775 14,
322 2747 366 2775 33;
385 2750 480 2775 quartus
498 2747 532 2769 Ps.
552 2747 593 2774 87,
614 2746 634 2768 4.

325 2784 334 2799 ⁴
352 2785 452 2807 Enarrat.
470 2786 491 2807 in
510 2786 545 2808 eit.
565 2786 598 2807 Ps.
618 2785 660 2813 87,
679 2792 700 2807 11.
719 2785 744 2813 3,
764 2785 803 2807 ubi
821 2784 856 2807 ed.
874 2785 878 2806 1
896 2784 977 2807 hahet:
995 2783 1045 2807 sine
1066 2783 1114 2806 ani-

263 2830 316 2847 mae
334 2824 420 2847 dolore.
438 2824 525 2847 Anima
543 2825 635 2852 autem,
655 2824 748 2847 etiam...
766 2825 840 2853 polest
861 2823 947 2846 dolere.
967 2823 1053 2845 Deinde
1072 2829 1114 2851 pro

264 2863 409 2893 infirmitatis
426 2863 525 2893 affectus
542 2863 594 2885 edd.
617 2864 638 2891 l,
657 2864 669 2884 8
688 2862 833 2893 infirmitatis
850 2862 958 2891 defectus.

326 2902 336 2917 ⁵
353 2903 406 2924 Sive
420 2903 441 2924 ll.
454 2902 483 2925 de
496 2902 562 2930 Fide,
580 2909 599 2924 c.
618 2902 638 2924 5.
659 2909 680 2924 n.
700 2902 735 2924 43.
755 2901 795 2929 44,
815 2902 853 2924 ubi
866 2902 1020 2929 respiciuntur
1038 2901 1112 2923 Matth.

265 2940 305 2967 26,
324 2941 568 2969 39;toan.=13,37;
591 2942 627 2969 12,
646 2942 690 2969 2Ι;
710 2941 761 2963 Lue.
781 2942 821 2969 22,
840 2941 876 2963 -12,

327 2979 336 2993 ⁶
354 2979 409 3001 ibid.
428 2986 445 3002 c.
463 2980 485 3002 7.
504 2986 524 3001 n.
544 2980 587 3008 563
607 2981 670 3002 locus
696 2980 811 3002 secundus
837 2986 856 3001 e.
884 2980 904 3001 8.
926 2986 947 3001 n.
966 2979 1010 3006 59,
1035 2979 1113 3002 tertius

265 3018 347 3039 iterum
366 3023 384 3039 c.
402 3017 423 3039 7.
442 3024 463 3039 n.
485 3018 513 3039 56
532 3018 581 3046 (nbi
600 3022 651 3046 post
663 3017 833 3041 assumtionem
852 3019 900 3041 Vat.
922 3022 942 3040 et
965 3018 1042 3045 plures
1059 3017 1111 3040 edd.

1176 2511 1283 2533 omittunt
1299 2508 1434 2537 turbatur);
1446 2512 1541 2537 quartus
1564 2514 1583 2530 c.
1601 2508 1622 2530 7.
1641 2514 1662 2529 n.
1681 2508 1724 2535 53;
1746 2508 1840 2536 quintus
1857 2513 1876 2529 ο.
1900 2507 1922 2529 7.
1942 2514 1962 2529 n.
1985 2507 2022 2530 54.

1176 2549 1260 2571 Eadem
1274 2548 1341 2570 habet
1353 2547 1459 2570 Ambros.
1472 2548 1494 2569 in
1508 2547 1605 2575 Exposit.
1618 2548 1640 2568 in
1654 2547 1740 2575 Evang.
1751 2547 1804 2569 Luc.
1818 2547 1845 2573 (r.
1858 2547 1904 2575 22.)
1915 2547 1942 2569 X.
1954 2553 1974 2569 11.
1986 2546 2022 2569 56.

1237 2587 1247 2602 7
1264 2587 1379 2615 Explanat.
1397 2586 1499 2615 symboli
1518 2586 1547 2608 ad
1566 2586 1655 2608 Damas.
1674 2586 1741 2613 (inter
1756 2592 1825 2613 opera
1838 2586 1860 2607 S.
1874 2586 2023 2614 Hieronymi),

1175 2627 1213 2649 ubi
1233 2627 1281 2648 Vat.
1300 2632 1352 2648 cum
1372 2627 1451 2654 paucis
1468 2625 1520 2648 edd.
1534 2629 1586 2653 post
1597 2624 1678 2648 omnia
1695 2631 1756 2654 quae
1773 2624 1837 2647 addit
1849 2624 1876 2647 de
1889 2624 1937 2652 illo,
1950 2628 1971 2647 et
1983 2624 2024 2647 sed

1175 2671 1226 2694 post
1244 2667 1350 2689 testatur.

1236 2704 1246 2719 ⁸
1263 2705 1363 2726 Enni-rat.
1382 2705 1401 2726 2.
1421 2705 1442 2725 111
1461 2704 1495 2725 Ps.
1514 2702 1564 2731 (21,
1578 2703 1643 2731 3.)11.
1662 2702 1688 2729 4,
1702 2701 1829 2725 secundum
1848 2708 1949 2724 sensnm.
1967 2702 2024 2724 Seri-

1174 2748 1255 2772 pturae
1280 2744 1322 2766 loci
1348 2746 1400 2766 sunt
1422 2740 1437 2765 l.
1465 2743 1521 2765 Petr.
1541 2743 1566 2770 2,
1585 2743 1629 2770 22;
1649 2743 1695 2764 lsai.
1714 2741 1756 2769 53,
1775 2742 1803 2769 93
1823 2741 1897 2763 lilattli.
1917 2742 1957 2768 26,
1977 2742 2022 2769 39,

1174 2784 1227 2805 ruit.
1250 2784 1272 2811 i,
1291 2783 1327 2805 ⁶23.

1236 2821 1245 2836 ⁹
1263 2823 1290 2843 lta
1309 2821 1376 2843 codd.
1395 2821 1411 2843 B
1422 2820 1438 2843 C
1448 2821 1466 2842 D
1477 2821 1492 2842 Ε
1509 2823 1531 2842 et
1542 2820 1594 2842 edd.
1613 2820 1618 2841 1
1631 2838 1636 2847 ,
1649 2820 1674 2847 8,
1687 2819 1738 2841 cod.
1751 2819 1767 2840 Α
1782 2824 1836 2841 vero
1846 2837 1852 2846 ,
1866 2818 1902 2840 ed.
1916 2819 1928 2840 6
1941 2818 2020 2847 etiam,

1174 2861 1223 2882 Vat.
1241 2866 1295 2882 cuni
1313 2860 1407 2888 reliquis
1424 2859 1493 2882 enim.
1513 2859 1535 2881 ln
1554 2858 1597 2880 fine.
1616 2858 1664 2880 Vat.
1682 2860 1703 2879 et
1715 2857 1751 2879 ed.
1765 2857 1778 2878 6
1797 2856 1854 2878 bene
1875 2856 1963 2879 addunt
1974 2861 2022 2879 non

1173 2898 1263 2928 capitis.

1237 2938 1256 2953 ¹⁰
1272 2938 1400 2961 Commeat.
1418 2939 1440 2960 in
1459 2938 1533 2960 Manu.
1553 2937 1593 2964 26,
1616 2936 1633 2957 l.

1236 2977 1253 2992 ¹¹
1272 2978 1303 3000 De
1318 2977 1429 3006 passione
1446 2980 1467 2999 et
1482 2975 1637 3005 propassione
1649 2974 1688 2996 cfr.
1701 2974 1779 2996 Glosso
1798 2973 1826 2995 ad
1846 2974 1920 2996 Matth.
1933 2973 1960 3002 ὅ,
1980 2973 2025 3002 28,

1172 3017 1235 3046 apud
1252 3017 1375 3045 Lyranum.
