2166 3366
252 195 307 222 709
928 192 1180 221 SENTENTIARUM
1202 192 1261 220 LIB.
1283 192 1324 220 111.

250 276 308 301 tae:
331 272 352 301 si
376 280 441 308 ergo
463 272 537 300 Deus
559 271 648 308 diligit
662 278 708 299 res
722 271 863 305 ordinate,
884 271 1005 305 videtur>
1020 270 1095 308 quod

250 327 304 347 non
326 318 489 355 aequaliter.

329 367 356 394 Δ.
378 366 459 399 ltem,
482 365 637 393 secundum
665 365 740 401 quod
766 365 840 393 Deus
869 364 972 401 diligit,
1000 372 1096 393 seeun-

250 413 317 441 dum
341 412 393 441 hoc
413 412 486 441 dona
507 420 558 440 sua
579 411 737 445 distribuit;
759 412 808 440 sed
830 419 884 440 non
907 411 1039 440 omnibus
1054 419 1096 439 ae-

249 459 369 497 qualiter
391 460 464 488 dona
478 467 530 488 sua
544 459 698 488 distribuit:
721 467 787 495 ergo
809 466 862 487 non
878 466 975 487 omnes
996 466 1096 495 aequa-

249 506 313 535 liter
334 506 424 543 diligit
437 506 455 534 ¹.

330 553 460 587 5.lte1n‚
482 553 504 582 si
529 553 684 590 aequaliter
706 560 802 581 omnes
830 552 973 589 diligeret,
996 559 1097 589 aequa-

249 601 312 629 liter
340 600 470 629 omnibus
497 600 635 637 propitius
663 603 751 634 esset;
779 600 828 628 sed
857 608 912 628 non
940 599 1096 637 aequaliter

248 648 379 676 omnibus
402 647 579 684 propitiatur,
602 647 687 675 immo
708 646 759 674 cai
785 646 848 674 vult
867 646 1041 680 miseretur,
1071 650 1096 674 et

249 703 332 733 quem
365 694 425 723 walt
449 693 611 723 cutm-affl:
644 702 710 731 ergo
733 702 787 721 non
819 694 975 731 aequaliter
1006 693 1096 730 diligit

249 749 345 770 omnes
366 744 519 770 creaturas.

568 827 780 848 CONCLUSIO.

249 899 327 927 Deae
349 898 446 936 (liliqit
466 906 564 927 omnes
586 898 705 936 aequali
725 897 892 931 dilectione,
914 897 942 926 sz‘
959 906 993 926 ea
1006 897 1095 926 sami-

329 950 378 974 tar
398 946 560 974 secandum
581 945 753 979 essentiam,
775 945 835 973 sive
850 948 950 973 actam
964 944 1079 973 volendi
1086 955 1095 978 ;

329 1002 384 1022 non
407 1002 491 1027 vero,
512 993 541 1021 si
563 993 695 1021 samam·
723 992 884 1020 secandam
912 991 1094 1029 efficaciam,

326 1041 386 1069 sive
408 1041 515 1069 bonum
535 1040 665 1068 volitum.

329 1120 504 1148 RESPONDEo:
528 1119 698 1152 Dicendum,
720 1118 795 1155 quod
818 1118 853 1147 de
874 1117 1021 1146 dilectione
1045 1117 1093 1145 Dei

250 1171 291 1197 est
313 1167 388 1204 loqui
418 1166 577 1203 dupliciter,
598 1165 728 1194 videlicet
756 1165 910 1194 secundum
940 1164 1095 1193 essentiam

128 1223 235 1242 Distinetio.
249 1218 277 1243 et
308 1214 462 1243 secundum
495 1212 702 1251 efficaciam³,·
727 1213 785 1240 sive
813 1211 969 1240 secundum
1001 1214 1093 1239 actum

250 1260 429 1289 essentiale-m
450 1263 477 1288 et
498 1259 654 1288 secundum
677 1258 806 1296 effectam
828 1261 1052 1296 consequentem.
1068 1257 1094 1285 Si

249 1307 400 1344 loquamur
422 1307 456 1335 de
478 1306 625 1334 dilectione
647 1308 783 1342 quantum
810 1305 842 1333 ad
867 1304 1022 1332 essentiam
1037 1304 1095 1332 sive

108 1357 385 1392 Conclusi01.quantllm
415 1353 450 1382 ad
479 1356 578 1381 aetam
606 1352 807 1385 essentialem;
836 1352 874 1380 sic
903 1359 957 1379 non
987 1354 1094 1379 tantum

248 1401 357 1438 aequali
380 1400 527 1429 dilectione
555 1400 644 1437 diligit
668 1400 777 1433 omnia;
800 1399 884 1427 immo
906 1402 1013 1427 tantum
1040 1406 1096 1427 uno

248 1453 275 1477 et
296 1448 394 1477 eodem
416 1450 481 1476 actu
496 1447 614 1484 simplici
637 1450 664 1475 et
679 1446 853 1479 indivisibili,
876 1445 954 1474 nullo
975 1446 1095 1479 variato,

248 1495 326 1524 nullo
350 1495 545 1532 multiplicato,
560 1494 608 1531 qui
623 1494 737 1530 quidem
754 1497 795 1522 est
810 1493 904 1521 divina
923 1493 983 1521 usia
996 1493 1016 1527 ⁴,
1038 1492 1097 1521 dili-

249 1543 288 1580 git
309 1551 339 1572 se
360 1546 387 1571 et
408 1542 502 1570 onmia
522 1541 585 1570 alia.
604 1558 642 1562 —-
658 1541 684 1569 Si
707 1549 774 1569 vero
804 1540 954 1578 loquamur
975 1540 1009 1568 de
1031 1539 1097 1568 dile-

249 1590 339 1620 ctione
360 1593 497 1626 quantum
519 1588 555 1617 ad
576 1588 739 1627 efficaciam
762 1588 819 1616 sive
841 1590 980 1625 quantum
1002 1587 1036 1615 ad
1059 1586 1098 1624 el*-

107 1646 235 1665 coneiusioa.
248 1636 357 1674 sectam
379 1639 613 1674 consequentem;
634 1635 689 1669 sic,
711 1642 775 1663 cum
791 1634 906 1663 effectus
927 1634 962 1662 ab
984 1634 1044 1671 ipsa
1059 1634 1097 1662 di-

248 1684 366 1713 lectione
388 1684 436 1712 Dei
458 1682 641 1720 procedentes
662 1682 717 1711 sint
738 1681 858 1710 ordinati
881 1684 907 1709 et
935 1688 995 1710 sese
1017 1688 1097 1709 exce-

249 1732 361 1766 dentes,
383 1731 476 1759 dicere
498 1733 554 1764 est‚
577 1729 652 1767 quod
667 1729 742 1758 Deus
763 1737 817 1757 non
833 1736 930 1757 omnes
951 1732 1097 1757 creaturas

248 1778 339 1816 diligit
359 1778 522 1815 aequaliter.

327 1824 411 1853 Aliter
434 1827 523 1861 potest
544 1823 596 1852 dici
619 1827 646 1852 et
667 1822 746 1860 quasi
770 1823 795 1851 in
818 1822 892 1851 idem
915 1822 999 1856 redit.
1021 1822 1096 1858 quod

118 1881 201 1908 mim-ia
212 1881 237 1899 aa
249 1881 314 1902 cum
336 1871 457 1909 (liliyere
478 1871 552 1899 idem
574 1871 609 1900 sit
630 1871 705 1907 quod
726 1870 798 1898 velle
820 1869 924 1897 bonum
937 1869 955 1903 ⁵,
977 1868 1097 1905 aequali-

130 1904 236 1947 iJ‘ffluffif'*
248 1923 290 1948 tas
306 1918 461 1947 dilectionis
482 1920 573 1954 potest
588 1917 692 1945 attendi
708 1916 873 1952 dupliciter:
895 1919 944 1944 aut
965 1923 1001 1944 ex
1017 1919 1096 1952 parte

249 1970 334 1995 actus
354 1965 481 1998 volendi,
504 1968 552 1993 aut
574 1972 610 1993 ex
631 1967 710 2001 parte
726 1963 794 1991 boni
812 1963 902 1991 'moliti
924 1963 949 1991 Si
965 1970 1001 1991 ex
1017 1966 1096 2000 parte

107 2022 206 2041 conclusio
218 2022 235 2040 3.
249 2017 335 2041 actas
349 2012 476 2045 volendi,
499 2011 538 2040 sic
559 2011 652 2039 onmia
670 2010 759 2047 diligit
774 2009 938 2046 aequaliter,
961 2009 1027 2046 quia
1041 2017 1095 2037 non

250 2060 338 2096 magis
360 2059 466 2087 intense
488 2058 549 2086 vult
571 2058 645 2086 Deus
667 2057 771 2085 bouum
793 2056 877 2085 alicui
900 2057 939 2084 rei
959 2064 1044 2093 quam
1060 2056 1097 2084 al-

249 2107 317 2138 teri,
340 2106 425 2134 immo
441 2106 500 2142 ipso
511 2106 520 2119 ¹³
535 2112 646 2133 summo
661 2112 757 2132 amore
772 2111 824 2132 suo
840 2103 899 2132 vult
921 2104 1025 2132 bonum
1042 2103 1097 2132 cui-

108 2163 234 2182 conciusiot.
248 2161 370 2191 cumque
393 2153 460 2181 vult.
476 2169 514 2172 d
528 2152 554 2180 Si
576 2155 671 2180 autem
686 2159 722 2180 ex
745 2154 823 2188 parte
839 2150 906 2178 boni
926 2150 1021 2183 veliti,
1044 2150 1095 2180 sic.

248 2208 312 2229 cum
336 2199 427 2228 maius
454 2199 556 2227 bonum
579 2198 645 2227 velit
675 2198 722 2226 uni
744 2206 829 2235 quam
851 2197 948 2231 alteri,
971 2204 1025 2225 non
1054 2199 1096 2225 est

248 2248 354 2280 dicere,
376 2247 450 2284 quod
473 2246 566 2275 onmia
587 2246 685 2283 diligat
706 2245 869 2282 aequaliter,
885 2244 934 2273 sed
956 2244 1094 2281 quaedam

248 2295 385 2329 maxime,
407 2294 546 2331 quaedam
578 2301 645 2322 vero
670 2293 799 2325 minime,
832 2291 988 2321 secundum
1021 2291 1095 2328 quod

248 2342 310 2370 vult
330 2341 539 2370 communicare
564 2340 646 2369 alicui
673 2340 777 2368 bonum
806 2346 939 2375 parvum,
968 2338 1011 2367 vel
1042 2345 1097 2365 ma-

1153 278 1255 306 gnum,
1284 270 1328 299 vel
1356 271 1522 299 maximum.
1538 287 1576 290 —
1593 270 1622 298 Et
1644 271 1709 307 quia
1737 271 1891 300 secundum
1915 272 1995 300 istam

1152 317 1226 345 viam
1243 317 1398 354 procedunt
1412 318 1534 345 rationes
1556 317 1746 352 ostendentes,
1762 318 1837 355 quod
1853 318 1928 346 Deus
1942 326 1996 347 non

1152 364 1242 401 diligit
1263 365 1355 393 onmia
1376 364 1546 401 aequaliter,
1568 365 1640 393 sicut
1658 365 1801 402 aspicienti
1823 369 1914 402 patet;
1935 366 1997 395 ideo

1153 415 1217 440 suut
1238 412 1441 440 concedendae.
1457 428 1494 432 -
1509 412 1708 441 Verumtamen
1734 412 1782 440 illa
1810 413 1896 447 ratio,
1926 421 1997 450 quae
2011 422 2127 464 uffitfutida'
2157 406 2158 429 Ῑ

1152 462 1244 486 sumta
1266 462 1307 487 est
1336 466 1371 487 ex
1400 458 1498 486 ordine
1519 458 1642 487 caritatis
1667 462 1797 493 nostrae,
1827 468 1879 487 non
1909 460 1997 495 valet,

1152 506 1218 542 quia
1239 505 1350 534 dilectio
1372 508 1467 533 nostra
1488 505 1608 533 diversis
1630 505 1752 534 motibus
1774 511 1903 535 movetur
1925 507 1998 536 circa

1153 552 1265 580 diversa
1290 552 1451 588 diligibilia,
1481 552 1526 589 qui
1550 555 1667 589 possunt
1695 561 1756 582 esse
1783 554 1881 582 intensi
1910 558 1937 582 et
1959 562 1999 583 re-

1152 599 1245 633 missi3
1268 607 1321 627 non
1345 599 1384 627 sic
1405 602 1499 627 autem
1521 602 1563 627 est
1584 607 1620 627 ex
1642 603 1722 636 parte
1743 599 1801 628 Dei.

1234 647 1257 673 1.
1280 645 1319 673 Ad
1341 645 1411 673 illud
1434 653 1499 673 vero
1525 645 1600 682 quod
1626 645 1756 674 obiicitur
1781 646 1815 675 de
1844 647 1998 684 Sapientiae
2011 655 2127 703 {gssffiuff

1152 695 1249 726 sexto,
1271 692 1346 729 quod
1368 692 1523 728 aequaliter
1544 696 1586 721 est
1607 693 1632 721 ei
1653 701 1722 721 cura
1737 693 1771 722 de
1793 694 1939 728 omnibus,
1962 694 2000 723 di-

1153 739 1287 773 cendum,
1310 739 1384 776 quod
1411 739 1577 777 aequalitas
1599 740 1646 768 illa
1667 748 1722 768 non
1743 741 1870 769 excludit
1891 741 1999 770 ordina-

1153 788 1207 813 tam
1231 785 1295 813 boni
1321 785 1618 820 communicationem,
1646 786 1695 815 sed
1724 786 1851 815 excludit
1872 795 2126 824 persona-Notandum.
2162 790 2164 801 ¹

1152 840 1216 860 rum
1238 832 1443 869 acceptionem,
1458 840 1529 870 quae
1551 833 1664 870 quidem
1685 837 1726 862 est
1748 834 1931 871 inaequalitas
1946 843 1999 863 non

1151 879 1242 908 solum
1259 879 1391 908 deficiens
1406 879 1440 908 ab
1456 880 1567 908 unitate
1581 880 1784 918 aequalitatis,
1800 889 1899 910 verum
1915 882 1999 910 etiam

1151 935 1167 954 a
1185 926 1388 963 pulcritudine
1408 927 1523 955 ordinis
1531 938 1541 960 ;
1569 930 1596 956 et
1624 927 1686 956 ideo
1708 928 1937 965 reprehensibilis
1958 932 2000 958 est

1151 982 1201 1002 nec
1224 974 1308 1003 habet
1329 974 1355 1002 in
1379 974 1435 1003 Deo
1457 974 1575 1011 reperiri
1588 974 1606 1002 ⁷.

1231 1022 1256 1049 ⁹2.
1279 1021 1317 1050 Ad
1339 1021 1410 1050 illud
1432 1022 1506 1058 qnod
1528 1022 1674 1057 obiicitur,
1700 1023 1774 1059 quod
1804 1022 1894 1060 prima
1916 1031 1998 1052 causa

1152 1077 1208 1097 uno
1230 1069 1313 1097 modo
1335 1076 1363 1097 se
1385 1069 1469 1097 habet
1490 1069 1524 1097 ad
1548 1069 1660 1103 omnia;
1682 1069 1849 1104 dicendum,
1871 1070 1946 1107 quod
1972 1071 2001 1099 il-

1152 1115 1201 1144 lud
1223 1123 1321 1144 verum
1338 1119 1379 1144 est
1400 1119 1536 1152 quantum
1552 1115 1586 1144 ad
1604 1116 1630 1144 id
1647 1116 1721 1153 quod
1737 1119 1778 1145 est
1793 1124 1828 1145 ex
1844 1120 1923 1153 parte
1938 1117 2000 1150 Dei;

1151 1163 1200 1191 sed
1223 1167 1314 1191 tamen
1338 1167 1498 1196 creaturae,
1521 1163 1593 1191 sicut
1614 1163 1673 1200 ipse
1688 1163 1697 1178 ³
1719 1164 1800 1195 dicit,
1824 1172 1876 1192 non
1899 1164 2002 1193 unifor-

1152 1210 1234 1238 miter
1255 1217 1284 1238 se
1306 1210 1411 1238 habent
1430 1210 1465 1238 ad
1488 1210 1594 1246 ipsumg
1615 1214 1642 1238 et
1663 1211 1795 1247 quoniam
1817 1211 1937 1248 diligyere
1951 1212 1999 1241 Dei

1152 1264 1206 1284 non
1222 1259 1329 1284 tantum
1346 1256 1424 1293 dicit,
1441 1256 1515 1293 quod
1531 1260 1572 1285 est
1587 1264 1622 1284 ex
1640 1260 1717 1293 parte
1733 1257 1833 1294 ipsius,
1852 1258 1901 1287 sed
1916 1259 1999 1287 etiam

1152 1303 1280 1331 effectum
1298 1307 1436 1332 creatum:
1453 1303 1517 1332 hinc
1532 1307 1585 1338 est,
1608 1303 1681 1341 quod
1700 1305 1805 1334 ratione
1822 1305 1896 1334 illius
1911 1310 2001 1343 potest

1152 1350 1256 1378 attendi
1280 1350 1474 1387 inaequalitas.

1232 1396 1258 1424 3.
1281 1396 1318 1425 Ad
1341 1396 1410 1425 illud
1440 1398 1515 1434 quod
1537 1398 1675 1433 obiicitur,
1704 1399 1779 1436 quod
1808 1400 1904 1428 eadem
1935 1400 2000 1428 dile-

1153 1443 1242 1472 ctione
1258 1443 1348 1480 diligit
1369 1443 1444 1472 Deus
1460 1444 1556 1472 Filium
1576 1453 1659 1474 suum
1676 1449 1702 1474 et
1723 1449 1895 1480 creaturam
1911 1446 2001 1475 dicen-

1153 1491 1237 1524 dum,
1259 1491 1332 1528 quod
1356 1492 1485 1528 quamvis
1507 1492 1618 1520 dileetio
1637 1493 1672 1521 sit
1693 1493 1790 1522 eadem
1812 1497 1948 1530 quantum
1964 1494 1999 1523 ad

1153 1538 1289 1566 rationem
1304 1537 1482 1575 principalis
1495 1538 1671 1575 siqnififfeati,
1687 1543 1779 1568 tamen
1795 1540 2000 1568 commeatum-⁰

1153 1588 1194 1613 est
1216 1584 1291 1613 aliud
1315 1588 1341 1613 et
1362 1584 1448 1613 aliud.
1471 1585 1538 1613 Nam
1561 1593 1624 1613 cum
1647 1586 1732 1620 dicit,
1755 1586 1830 1623 quod
1853 1586 1942 1624 diligit
1963 1587 2001 1615 Fi-

1154 1631 1238 1666 lium,
1260 1640 1315 1660 non
1337 1634 1504 1660 connotatur
1527 1632 1563 1660 ibi
1592 1632 1705 1669 aliquod
1728 1633 1832 1661 bonum
1854 1633 1999 1668 creatum,

1153 1679 1239 1707 immo
1261 1682 1374 1707 notatur
1395 1680 1610 1708 communicatio
1633 1680 1697 1708 Boni
1720 1681 1823 1709 summi
1842 1684 1869 1709 et
1884 1680 1999 1715 infiniti:

1153 1735 1216 1755 cum
1246 1734 1313 1755 vero
1334 1726 1450 1760 dicitur,
1473 1727 1547 1764 quod
1570 1727 1661 1764 diligit
1681 1731 1853 1762 creaturam,
1874 1732 2002 1757 connota-

1153 1778 1200 1802 tur
1229 1774 1444 1803 communicatio
1466 1774 1529 1802 boni
1558 1775 1643 1803 creati
1664 1778 1691 1803 et
1712 1774 1802 1809 finiti;
1831 1779 1858 1804 et
1886 1783 1922 1804 ex
1949 1776 2000 1805 hae

1153 1824 1232 1858 parte
1254 1821 1360 1849 dictum
1379 1824 1432 1854 est,
1454 1821 1529 1857 quod
1551 1821 1734 1858 inaequalitas
1755 1825 1846 1858 potest
1866 1822 1979 1851 attendi.

1232 1868 1257 1895 lt.
1278 1867 1316 1895 Ad
1339 1867 1407 1895 illud
1435 1867 1511 1904 quod
1533 1867 1678 1902 obiicitur,
1707 1868 1782 1905 quod
1804 1868 1876 1897 sicut
1903 1877 2002 1906 cogno-

1153 1915 1219 1945 scit,
1242 1914 1281 1943 sic
1303 1914 1405 1951 diligit;
1428 1914 1594 1948 dicendum,
1610 1914 1685 1951 quod
1704 1914 1726 1943 si
1746 1914 1866 1952 diliyere
1886 1916 2002 1953 accipia-

1153 1965 1200 1989 tur
1221 1969 1273 1998 pro
1302 1961 1361 1997 ipso
1392 1960 1534 1998 (liligyencli
1554 1964 1641 1994 actm·
1672 1961 1710 1989 sic
1732 1963 1877 1990 veritatem
1901 1962 1999 1997 habet,

1153 2009 1219 2046 quia
1241 2008 1313 2037 idem
1337 2011 1379 2037 est
1400 2008 1456 2037 Deo
1469 2008 1486 2022 ¹⁰
1501 2007 1622 2045 ‹liliyere
1643 2012 1669 2037 et
1691 2017 1869 2046 cognoscere.
1885 2009 1910 2037 Si
1933 2017 2001 2038 vero

1154 2064 1204 2093 pro
1226 2059 1379 2084 conuocato
1394 2054 1507 2092 effecta,
1530 2055 1569 2084 sic
1584 2063 1638 2083 non
1662 2055 1745 2084 habet
1760 2056 1919 2090 veritatem,
1935 2057 2000 2094 quia

1153 2110 1324 2139 coqnoscere
1345 2110 1399 2130 non
1422 2105 1551 2130 connotat
1572 2102 1716 2136 effectum,
1732 2102 1804 2131 sicut
1825 2102 1952 2140 diligere.
1971 2104 2000 2132 Et

1154 2150 1215 2178 ideo
1237 2158 1291 2177 non
1324 2152 1413 2186 potest
1444 2149 1548 2177 attendi
1578 2149 1683 2186 gradus
1703 2153 1730 2178 et
1761 2150 1830 2188 ordo
1862 2150 1889 2178 in
1911 2150 2001 2187 cogni-

1152 2196 1226 2224 tione
1249 2196 1295 2224 Dei
1320 2196 1426 2224 ratione
1448 2196 1600 2229 connotati,
1629 2196 1784 2225 secundum
1808 2197 1882 2233 quod
1913 2197 1939 2225 in
1962 2197 2002 2225 di-

1153 2243 1270 2271 lectione
1284 2242 1309 2269 ¹¹.

1233 2290 1258 2317 ὃ.
1280 2288 1318 2317 Ad
1341 2288 1410 2317 illud
1426 2289 1501 2325 quod
1516 2289 1662 2323 obiicitur,
1684 2289 1759 2326 quod
1776 2289 1810 2318 de
1832 2289 1999 2326 perfectione

1153 2339 1180 2365 et
1202 2336 1344 2364 nobilitate
1366 2335 1521 2364 dilectionis
1543 2340 1584 2365 est
1607 2336 1769 2373 magnitudo
1784 2336 1842 2365 sive
1862 2337 2001 2365 immensi-

313 2476 318 2490 ¹
339 2475 384 2498 Cir.
398 2476 433 2498 liic
449 2476 479 2497 lit.
493 2475 606 2503 Magistri,
624 2481 642 2497 c.
662 2476 682 2496 Ξ.
696 2481 744 2503 seq.

312 2515 321 2529 ²
339 2515 404 2536 Rom.
423 2515 444 2541 9,
467 2514 498 2536 18.

312 2554 322 2568 ³
339 2555 445 2582 Magister
463 2554 498 2575 liic
511 2559 529 2575 c.
543 2553 563 2574 3.
576 2551 705 2575 secundum
727 2551 882 2581 efficientiam.
904 2552 998 2573 interius
1016 2550 1067 2573 cod.
1081 2551 1096 2572 Z

251 2593 286 2615 his
304 2595 355 2621 post
373 2592 399 2615 de
410 2591 532 2615 dilectione
543 2591 622 2613 subdit
638 2590 687 2613 Dei.

313 2631 322 2646 ⁴
341 2632 367 2654 Ut
384 2631 438 2653 dicit
455 2631 560 2658 Magister
577 2631 612 2652 liic
629 2630 651 2651 in
670 2630 700 2652 lit.
718 2635 737 2651 c.
764 2630 780 2651 1.
798 2642 827 2644 -
844 2630 886 2651 Pro
903 2628 970 2651 nullo
988 2627 1094 2655 variato,

251 2671 317 2694 millo
334 2669 490 2699 multiplicato
508 2669 576 2691 codd.
597 2669 615 2691 U
625 2669 640 2690 Z
657 2668 724 2691 nullo
742 2668 811 2691 modo
827 2667 932 2696 variato,
947 2667 1014 2690 nullo
1028 2666 1096 2690 modo

252 2709 414 2739 multiplicato,
428 2713 450 2731 et
462 2710 565 2737 proxime
577 2712 629 2736 post
641 2714 683 2736 pro
696 2706 738 2737 qui
748 2706 853 2737 quidem,
869 2711 893 2729 ut
903 2708 1015 2734 scriptum
1027 2709 1061 2728 est
1074 2707 1095 2728 in

251 2749 302 2772 cod.
315 2750 332 2771 A
342 2749 360 2771 U
373 2755 398 2770 aa
412 2748 455 2776 bb,
473 2749 509 2770 alii
520 2747 586 2770 codd.
600 2751 621 2770 et
633 2747 685 2769 edd.
698 2753 759 2777 quae
776 2747 887 2775 [dilectio,
906 2749 930 2768 ut
943 2746 1049 2774 Magister
1067 2746 1097 2767 ait

251 2789 292 2811 loc.
305 2787 354 2817 cin]
367 2787 468 2817 quidem.
479 2788 547 2809 Paulo
560 2787 654 2809 inferius
667 2792 709 2814 pro
721 2785 796 2809 dicere
808 2787 842 2808 est
853 2785 907 2808 edd.
917 2784 1042 2808 ‹licendniit
1055 2785 1095 2807 cst.

313 2827 323 2841 ⁵
341 2827 398 2849 Vide
410 2833 479 2854 supra
493 2832 546 2854 pag.
559 2825 611 2853 574,
625 2829 677 2847 nota
696 2825 716 2847 5.

313 2866 323 2880 ⁶
340 2866 395 2888 Cod.
415 2867 430 2887 A
449 2866 474 2887 iit
491 2865 547 2894 ipso.

315 2905 324 2919 ⁷
341 2905 415 2933 Quare
433 2904 487 2926 ibid.
506 2911 528 2926 V.
548 2904 568 2926 8.
582 2904 676 2926 dicitur:
693 2903 740 2925 Non
759 2904 819 2925 enim
837 2903 956 2925 subtrahet
972 2908 1095 2930 personam

218 2953 233 2960 s
252 2945 389 2972 cuiusquam
402 2943 473 2970 Deus,
491 2949 532 2965 nec
544 2942 662 2965 verebitur
674 2942 855 2970 magnitudinem
874 2943 1021 2970 cutusquam3
1040 2946 1095 2968 quo·

253 2983 312 3004 niam
327 2982 433 3009 pusillum
446 2985 467 3004 et
479 2988 589 3009 magnum
602 2984 644 3004 etc.

1215 2470 1225 2485 ⁸
1242 2472 1326 2493 Auctor
1344 2471 1394 2493 libri
1407 2471 1435 2492 dc
1448 2470 1534 2498 Consis,
1549 2477 1641 2498 propos.
1660 2470 1701 2492 24:
1719 2470 1790 2493 Causa
1805 2471 1878 2498 prima
1891 2471 1964 2492 existit
1977 2471 1997 2492 in

1154 2510 1262 2532 omnibus
1279 2510 1349 2531 rebus
1366 2510 1493 2532 secundum
1512 2516 1579 2531 unam
1597 2510 1782 2537 dispositionem,
1805 2509 1845 2531 sed
1864 2516 1900 2531 res
1918 2516 1999 2532 omnes

1153 2555 1197 2571 non
1207 2549 1304 2571 existunt
1316 2549 1337 2570 in
1350 2555 1416 2571 causa
1431 2549 1503 2576 prima
1517 2548 1644 2570 δώῃ-1111111111]
1659 2554 1728 2570 unam
1739 2548 1919 2576 dispositionem.
1931 2548 1998 2576 Quod

1153 2591 1197 2610 est:
1211 2588 1276 2616 quia,
1290 2589 1397 2615 [quamvis
1411 2594 1477 2609 causa
1493 2588 1564 2615 prima
1578 2588 1658 2609 existat
1669 2588 1690 2609 in
1704 2587 1774 2609 rebus
1788 2587 1903 2614 omnibus,
1923 2592 1998 2609 tamen

1153 2633 1306 2656 unaquaeque
1332 2633 1368 2649 res
1395 2628 1474 2655 res-ipit
1500 2633 1550 2648 eam
1574 2626 1702 2649 secundum
1726 2633 1780 2648 suae
1811 2627 1924 2654 potentiae
1951 2633 1996 2649 mo-

1154 2666 1209 2688 dum
1230 2670 1272 2688 etc.
1289 2666 1314 2687 Et
1327 2672 1420 2694 propos.
1440 2667 1484 2688 20:
1503 2667 1577 2688 Prima
1595 2667 1655 2688 enim
1679 2665 1768 2687 bonit-is
1791 2666 1863 2688 influit
1887 2666 1997 2688 bonitates

1152 2712 1222 2733 snpra
1235 2712 1271 2727 res
1283 2712 1364 2727 omnes
1376 2706 1498 2728 influxione
1513 2712 1569 2733 nna,
1582 2708 1740 2727 verumtamen
1755 2711 1906 2733 unaquaeque
1919 2711 1996 2727 rerum

1151 2746 1232 2773 recipit
1254 2751 1280 2767 ex
1298 2746 1333 2767 illa
1360 2746 1482 2767 influxione
1505 2744 1633 2767 secundum
1657 2744 1753 2766 modum
1781 2751 1836 2766 suae
1859 2745 1949 2766 virtutis
1975 2748 1995 2766 et

1152 2785 1187 2806 sui
1204 2790 1260 2807 esse.
1814 2776 1817 2778 “

1214 2823 1224 2837 ⁹
1242 2823 1296 2845 (Tod.
1310 2824 1330 2845 X
1343 2824 1459 2852 quantum
1472 2824 1549 2845 tumen
1562 2822 1594 2845 acl
1605 2822 1764 2845 comiotatnm.
1775 2822 1830 2846 Post
1842 2820 1932 2844 dilectio
1946 2821 1998 2843 cod.

1152 2864 1169 2884 Α
1187 2863 1278 2890 supplet
1296 2862 1343 2885 Dei.
1358 2863 1399 2885 Pro
1417 2863 1496 2884 ultimo
1509 2862 1651 2885 connotatio·
1668 2860 1731 2883 multi
1750 2860 1817 2882 codd.
1835 2861 1940 2883 notatur.

1217 2900 1235 2914 ¹⁰
1253 2901 1301 2922 Vat.
1319 2900 1344 2923 in
1362 2900 1415 2923 Deo.

1216 2939 1231 2954 ¹¹
1252 2939 1295 2962 Crr.
1313 2946 1383 2968 supra
1402 2946 1423 2968 q.
1446 2940 1463 2961 1.
1482 2940 1503 2961 in
1522 2945 1585 2967 corp.
1603 2938 1632 2960 ad
1650 2938 1751 2960 fundam.
1770 2938 1791 2960 5

2014 1124 2128 1143 Notandum.

2162 833 2166 885 ἒ
