2166 3366
765 183 847 211 DIST.
871 183 911 211 Vl.
934 183 1005 211 ART.
1028 183 1044 211 Ι.
1068 184 1204 219 ΟΗᾹΕΞΤ.
1227 184 1243 212 l.
1815 187 1865 214 151

122 261 312 294 considerata,
343 268 393 288 nec
425 268 439 289 e
465 268 606 289 converso.
633 260 703 288 Alia
725 260 794 288 ratio
816 263 872 294 est,
901 261 967 297 quia

123 307 318 335 denominatio
340 306 370 334 fit
391 315 410 334 a
432 306 554 334 termino
567 306 591 339 ¹,
613 306 683 334 unio
705 309 798 335 autem
821 307 967 335 ordinatur

125 356 255 389 tanquam
277 353 318 381 cul
339 352 514 386 terminum,-
535 356 561 381 et
583 353 648 389 quia
670 353 696 380 iu
720 353 829 380 Christo
851 356 967 381 naturae

123 398 149 426 in
172 406 224 427 una
254 399 393 435 hypostasi
424 399 580 431 uniuntur,
613 398 674 427 ideo
708 407 753 426 res
784 403 912 427 natw'ae
940 399 966 427 in

120 443 231 473 Christo
256 453 310 473 non
332 448 438 482 ponunt
461 445 487 473 in
509 452 676 475 numerum.
699 448 728 472 ut
750 448 865 481 propter
893 445 967 482 ipsas

121 491 248 520 Christus
269 491 378 520 dis-atur
400 499 460 520 esse.
481 491 546 519 duo.

200 539 226 566 7.
248 538 286 566 Ad
308 537 377 566 illud
400 537 473 574 quod
506 537 652 572 obiicitur,
674 538 749 575 quod
771 539 898 567 Christus
926 541 967 567 est

121 584 243 621 aliquid,
275 584 348 621 quod
375 588 416 613 est
438 584 536 618 Pater3
558 584 724 619 dicendum,
746 585 819 622 quod
843 593 906 613 eum
929 585 967 613 di-

123 631 195 659 citur
210 631 337 660 Christus
352 639 413 660 esse
434 630 566 668 aliquid,
588 632 742 659 seeundum
766 632 840 668 quod
864 632 965 666 homo,

120 678 237 716 aliquid
257 686 311 706 non
332 678 399 706 dicit
420 678 508 714 ipsam
529 682 672 707 natm-am
696 678 895 712 abstractam,
917 679 965 707 sed

1023 264 1151 289 naturae
1172 262 1363 298 suppositum.
1380 262 1455 290 Unde
1471 270 1533 291 cum
1550 263 1651 291 dieitur
1666 263 1793 291 Christus
1808 271 1868 292 esse

1025 306 1124 341 homo,
1156 307 1254 336 relatio
1283 308 1442 344 implicatur
1474 309 1665 337 intrinsecus2.
1687 309 1763 338 Sicut
1785 310 1868 345 igitur

1025 362 1077 382 non
1101 354 1190 382 valet:
1213 354 1340 383 Christus
1361 358 1402 383 est
1423 355 1561 389 essentia,
1584 363 1655 392 quae
1677 359 1717 384 est
1739 356 1826 390 Pater,
1842 359 1868 385 et

1024 403 1066 428 est
1094 408 1237 436 persona,
1270 408 1342 437 quae
1374 409 1427 429 non
1460 405 1501 430 est
1524 402 1621 437 Pater,
1642 410 1709 439 ergo
1730 406 1771 431 est
1792 403 1867 437 duo;

1025 446 1089 483 quia
1110 447 1233 474 essentia
1256 455 1308 474 non
1333 448 1407 484 ponit
1429 448 1455 476 in
1478 456 1628 477 numerum
1652 457 1714 478 cum
1728 458 1867 486 persona,

1024 500 1074 520 nec
1105 494 1209 521 dictum
1242 493 1474 522 substantialiter
1505 502 1568 523 cum
1598 502 1630 523 eo
1659 496 1733 532 quod
1766 496 1868 524 dicitur

1022 540 1182 567 secundam
1204 540 1393 567 relationem:
1416 541 1454 569 sic
1486 549 1540 569 non
1569 541 1652 570 habet
1677 543 1799 579 vigorem
1822 542 1869 570 ali-

1024 594 1105 622 quem
1130 586 1215 614 illatio
1248 586 1362 614 rationis
1386 587 1553 624 praedictae.
1576 588 1651 616 Unde
1673 593 1817 625 peceatum
1841 589 1868 618 il-

1025 632 1078 660 lius
1101 632 1229 660 illationis
1251 632 1346 661 reduci
1369 636 1458 669 potest
1479 634 1514 662 ad
1544 634 1634 663 locum
1665 636 1866 672 sophisticum,

1023 679 1070 715 qui
1092 682 1133 707 est
1152 678 1254 715 figura
1276 679 1442 707 (liettont's³.

858 780 1120 816 SCHOLION.

182 883 196 904 Ι.
215 882 320 910 Magister
336 883 358 904 iu
376 882 418 904 liae
435 884 456 904 et
473 888 520 911 seq.
539 882 681 904 distinetione
699 883 747 904 tuse
773 882 841 904 refert
863 882 963 903 famosos

119 921 168 944 illas
185 925 230 944 tres
247 922 367 949 opiniones
384 921 413 943 de
429 920 518 943 Christo
536 922 639 948 homine,
666 921 694 943 de
719 920 804 949 quibus
829 927 840 942 a
859 923 961 948 tempore

119 960 239 982 Abaelardi
257 961 278 981 in
297 960 380 981 scholis
397 966 439 987 per
455 960 544 981 saecula
557 962 590 981 est
602 959 755 987 disputatum,
768 959 818 980 licet
830 959 898 986 paulo
911 961 963 986 post

118 998 288 1026 Lombardum,
301 999 340 1027 qui
353 1004 401 1020 rem
414 998 560 1020 iniudicatam
573 998 674 1026 reliquit,
688 998 786 1025 theologi
800 998 822 1029 in
835 997 962 1019 rejiciendis

119 1038 208 1066 primae
225 1041 246 1059 et
264 1038 341 1059 tertiae
362 1037 476 1064 opinionis
502 1036 653 1064 positionibus
677 1037 830 1058 communiter
852 1042 962 1058 convene-

119 1077 170 1099 rint.
188 1075 246 1098 Cum
263 1076 284 1098 S.
304 1076 387 1097 Bonav.
406 1076 427 1097 in
446 1074 614 1097 Commentario
631 1075 660 1097 ad
673 1077 793 1103 utramque
806 1075 857 1097 dist.
877 1075 961 1102 passim

119 1116 161 1137 has
177 1115 297 1143 opiniones
313 1117 402 1142 tangat,
420 1114 526 1136 nonnulla
544 1114 691 1142 praelibanda
709 1114 827 1141 videntur,
845 1117 869 1136 ut
886 1114 962 1135 intelli-

119 1157 197 1182 gatur,
215 1156 262 1175 tum
280 1153 336 1182 quid
354 1154 417 1181 ipsae
434 1152 544 1181 doceant,
564 1156 612 1175 tum
630 1153 685 1181 quid
703 1153 731 1175 de
748 1153 844 1181 siugulis
856 1152 885 1175 sit
901 1152 963 1175 insti-

118 1192 228 1216 candum.

181 1231 262 1254 Primo
280 1232 349 1259 igitur
366 1233 399 1253 est
417 1231 555 1258 notandum,
574 1231 602 1253 de
619 1237 666 1259 quo
679 1230 764 1254 obiecto
778 1230 964 1253 controverteba-

118 1274 170 1298 tur3
187 1270 270 1293 deinde
290 1276 349 1298 qnae
370 1269 487 1298 principia
510 1269 539 1292 ab
561 1270 669 1292 omnibus
693 1268 962 1299 praesupponebantur,·

119 1308 218 1338 denique
236 1314 294 1337 quas
319 1307 393 1331 theses
418 1308 522 1336 singulae
547 1308 700 1336 sustinebant,
723 1310 745 1330 et
765 1308 787 1329 in
805 1307 890 1336 quibus
906 1307 964 1329 inter

118 1354 142 1370 se
159 1347 300 1370 differebant.

182 1385 315 1414 Obiectum,
343 1386 371 1408 de
398 1392 444 1414 quo
469 1385 694 1412 controvertebatur,
719 1385 773 1412 suit,
796 1385 851 1414 quid
870 1385 963 1413 proprie

118 1426 239 1448 constituat
255 1424 372 1448 hominem
390 1423 523 1453 Christum,
543 1427 568 1446 ut
585 1425 653 1446 homo
671 1428 711 1446 est.

180 1462 405 1492 Praesupponebant
421 1466 498 1485 autem
516 1469 608 1491 omnes,
626 1467 651 1485 ut
667 1463 740 1485 insius
757 1462 823 1485 docet
840 1463 862 1484 S.
880 1462 962 1484 Thom.

119 1503 165 1531 (hic
182 1505 234 1531 post
246 1501 383 1525 divisionem
397 1503 494 1530 temtus),
511 1505 533 1524 et
545 1501 711 1524 conveniebant
728 1502 749 1523 in
767 1505 880 1530 quatuor:
903 1501 919 1523 l.
936 1507 963 1522 ex

117 1546 182 1570 parte
200 1541 296 1565 termini
312 1542 402 1563 unionis
419 1540 587 1563 confitebantur
603 1546 678 1563 ‘unam
691 1541 712 1562 in
726 1540 814 1562 Christo
827 1546 962 1568 personam,

118 1584 195 1604 contra
213 1581 356 1608 Nestorium;
375 1581 395 1602 2.
417 1586 444 1602 ex
462 1583 526 1608 parte
543 1579 636 1609 effectus
654 1579 793 1607 fatebantur,
819 1579 877 1601 duas
900 1581 964 1601 natu-

118 1627 155 1643 ras
171 1620 287 1642 distinctas
304 1623 324 1641 et
337 1620 467 1641 inconfusas
480 1620 628 1645 remansisse.
642 1622 718 1641 contra
731 1619 870 1646 Eutycheten
881 1625 886 1645 ;
899 1618 920 1640 3.
936 1624 963 1640 ex

117 1662 182 1687 parte
193 1658 295 1682 assumo
311 1658 478 1686 concedebant,
496 1661 518 1680 et
534 1658 659 1686 perfectam
676 1658 776 1680 animam
793 1659 815 1679 et
826 1663 912 1684 corpus
929 1663 961 1679 as-

118 1702 191 1721 sumta
218 1698 299 1725 tuisse,
324 1700 401 1720 contra
427 1697 598 1724 Apollinaristas
619 1697 720 1725 aliosque
738 1697 879 1724 hae1·etieos;
897 1695 918 1717 t.
935 1702 963 1718 ex

118 1740 183 1765 parte
194 1735 259 1759 modi
269 1735 422 1759 assumtionis·
434 1735 554 1763 docebant,
568 1736 733 1763 formationem,
747 1736 862 1763 unionem,
875 1741 962 1757 assum-

118 1775 202 1797 tionem
220 1774 302 1796 eodem
321 1774 430 1801 temporis
448 1774 671 1800 instanti-evenisse,
690 1773 855 1801 distinguentes
875 1776 962 1795 tantum

117 1813 221 1835 ordinem
239 1813 353 1840 mitur-ae,
370 1816 393 1834 et
409 1813 452 1834 hoe
469 1816 503 1835 est
527 1815 604 1834 contra
630 1812 747 1841 quendam
769 1817 872 1834 errorem
890 1818 902 1834 a
919 1811 963 1833 Da-

117 1857 226 1874 maseeno
242 1851 290 1877 (tv.
309 1851 336 1873 de
354 1851 408 1873 Fide
424 1851 515 1873 orthod.
534 1857 552 1873 e.
571 1851 602 1880 6.)
621 1851 725 1873 relatum.

181 1889 266 1913 Theses
289 1889 432 1920 plincipales
455 1891 599 1918 singularum
624 1891 759 1918 opinionum
784 1890 897 1918 breviter,
921 1890 962 1912 sed

117 1930 256 1952 sufficienter
272 1936 285 1951 a
303 1933 380 1952 nostro
403 1932 495 1952 auctore
521 1930 567 1957 (hic
584 1933 636 1958 post
652 1929 790 1953 divisionem
802 1931 894 1958 temtus,
921 1929 961 1951 cfr.

117 1969 185 1991 etiam
216 1969 272 1990 intra
291 1968 312 1990 d.
329 1968 351 1990 7.
369 1972 421 1996 post
441 1967 578 1991 divisionem
596 1969 682 1997 textuS)
705 1972 874 1991 enumerantur.
897 1969 961 1990 Plura

116 2006 223 2029 exhibent
248 2007 308 2029 Alex.
334 2007 381 2029 Hal.
408 2007 439 2035 (S.
466 2014 488 2035 p.
514 2007 545 2029 lli.
568 2013 590 2036 q.
618 2008 639 2029 6.
665 2014 706 2035 per
729 2007 823 2036 totam);
850 2014 891 2029 nee
917 2013 961 2029 non

117 2046 140 2068 S.
158 2046 240 2068 Thom.
258 2045 318 2073 (loco
335 2046 371 2068 cit.
389 2050 410 2068 et
427 2046 522 2068 bre-vius
534 2047 555 2068 S.
569 2047 600 2068 lll.
619 2053 640 2075 q.
659 2047 680 2069 2.
697 2053 717 2069 a.
736 2047 757 2069 3.
771 2047 813 2074 6.),
828 2047 866 2075 qui
884 2046 963 2069 distin-

117 2087 152 2107 cte
170 2085 288 2112 proponit.
314 2085 336 2107 iu
362 2084 447 2113 quibus
472 2085 577 2113 singulae
603 2086 740 2108 conveniant
756 2088 825 2114 atque
842 2085 961 2114 differant,

117 2124 212 2151 insuper
229 2125 251 2146 in
270 2124 385 2152 plerisque
402 2125 484 2146 harum
503 2124 672 2147 distinctionum
690 2124 863 2154 quaestionibus
880 2125 961 2152 docet,

117 2162 173 2190 quid
191 2162 219 2184 ad
236 2169 275 2184 eas
292 2162 421 2185 secundum
439 2163 550 2191 principia
568 2164 750 2192 uniuscuiusque
762 2164 875 2191 opinionis
892 2164 962 2186 resol-

116 2201 219 2223 vendum
237 2202 280 2229 sit;
298 2201 393 2224 demum
405 2202 535 2224 ’clarissime
552 2208 591 2224 eas
608 2203 701 2230 exponit
717 2202 792 2230 Aigid.
805 2203 844 2231 R.‚
857 2203 893 2225 hic
905 2209 927 2231 q.
944 2203 961 2225 1.

116 2246 138 2262 a.
156 2240 176 2262 3.
194 2243 215 2262 et
233 2240 288 2262 dub.
306 2240 342 2262 lat.
357 2241 428 2263 Etiam
441 2242 580 2268 posteriores
597 2241 728 2263 Scholastici
746 2241 774 2263 de
793 2241 873 2263 iisdem
891 2245 962 2269 agunt

117 2281 139 2301 et
155 2278 213 2301 inter
230 2279 319 2306 priores
341 2279 446 2301 Gulielm.
464 2279 680 2307 Autissiodorensis,
702 2280 796 2302 Summa
819 2278 887 2302 aurea
911 2279 960 2302 libr.

117 2317 149 2339 lll.
167 2319 193 2339 tr.
213 2317 232 2339 l.
251 2323 272 2346 q.
295 2317 311 2339 Ι.
330 2317 350 2339 Β.
371 2329 403 2334 -
428 2317 610 2340 Fundamentum
636 2321 712 2341 autem
737 2322 760 2341 et
785 2319 848 2341 radix
874 2319 962 2346 primae

118 2356 244 2383 opinionis,
262 2361 322 2384 quae
336 2356 465 2378 seeundum
483 2356 704 2379 Autissiodorensem
718 2357 768 2385 (loc.
781 2358 816 2380 cit.
831 2364 853 2386 q.
872 2358 903 2386 8.)
921 2357 962 2379 suit

117 2394 284 2422 archiepiscopi
308 2395 446 2417 Senonensis
462 2397 484 2417 et
501 2396 648 2423 sequacium,
666 2398 700 2417 est
716 2396 821 2423 assertio,
839 2395 902 2424 quod
917 2396 962 2418 ani-

118 2437 155 2454 ma
173 2434 195 2453 et
211 2438 296 2460 corpus
313 2432 380 2455 unita
406 2438 566 2459 assumuntur,
593 2437 614 2455 et
639 2433 732 2462 quidem
759 2434 801 2462 ita,
819 2438 843 2456 ut
868 2440 895 2456 ex
917 2433 962 2457 isla

118 2469 216 2498 unione,
242 2477 301 2499 quae
318 2471 445 2493 secundum
463 2471 600 2493 intellectum
620 2472 735 2499 praecedit
751 2473 914 2494 assumtionem
933 2473 960 2493 nd

119 2508 234 2537 Verbum,
253 2510 402 2532 constituatur
420 2515 464 2531 non
482 2510 556 2531 solum
574 2509 726 2538 humanitas,
747 2510 786 2532 sed
804 2511 871 2532 etiam
883 2509 961 2532 homo.

116 2559 148 2564 —
165 2547 269 2569 Secunda
293 2548 370 2575 opinio
393 2548 453 2576 vult,
471 2548 533 2576 quod
552 2554 595 2570 nou
613 2554 640 2570 ex
657 2548 703 2570 sola
722 2549 804 2570 unione
822 2548 928 2577 corporis
940 2549 962 2571 et

117 2585 220 2614 animae,
240 2586 280 2608 sed
298 2587 393 2614 insuper
410 2592 436 2608 ex
459 2587 541 2608 unione
565 2592 620 2609 cum
641 2592 744 2615 persona
772 2586 841 2609 Verbi
860 2587 960 2615 oriatur,

117 2625 181 2654 quod
198 2626 226 2647 sit
243 2624 285 2647 iste
301 2624 378 2647 Ιιοήιο,
391 2637 420 2640 -
433 2625 522 2647 Tertiae
540 2625 654 2652 opinionis
672 2625 845 2647 fundamentum
868 2628 902 2647 est
919 2626 961 2647 ‹lu-

182 2762 188 2776 ¹
207 2762 251 2784 Ctr.
269 2769 338 2790 supra
357 2769 408 2790 pag.
427 2762 468 2789 66,
487 2766 538 2784 nuta
556 2761 577 2784 5.
589 2774 618 2778 -
632 2762 680 2784 Mox
699 2766 749 2790 post
766 2761 893 2785 ordinatur
911 2763 961 2786 Vat.

117 2801 210 2829 supplet
235 2800 266 2824 ad
287 2800 364 2830 ipsam
389 2799 533 2831 hypostasim
552 2799 587 2823 cel
601 2806 738 2830 personam.
756 2800 858 2823 Subinde
882 2808 924 2829 pro
941 2803 962 2824 et

117 2839 173 2869 quia
198 2839 223 2862 in
249 2839 340 2863 Christo
364 2840 466 2862 naturae
491 2839 558 2862 codd.
578 2839 605 2861 W
617 2839 634 2861 Y
652 2840 673 2862 et
689 2839 745 2868 quia
772 2838 796 2862 in
813 2839 906 2863 Christo
923 2846 961 2863 res

117 2880 227 2901 natutae.

180 2917 189 2931 '²
207 2917 258 2939 scit.
277 2918 354 2940 relatio
373 2918 485 2939 humanae
512 2921 604 2939 naturae
622 2917 650 2939 ad
675 2916 742 2939 Verbi
762 2924 895 2945 personam,
915 2924 959 2946 qua

118 2960 197 2977 natura
216 2957 314 2978 humanu
332 2956 441 2979 subsistit.
458 2968 489 2972 —
507 2956 575 2978 l'aulo
601 2957 706 2983 inferius,
725 2956 763 2978 ubi
782 2957 880 2984 legimus
895 2956 960 2985 ponit

1019 881 1077 908 plex,
1090 881 1184 909 scilieet,
1204 881 1266 910 quod
1284 888 1310 904 ex
1328 883 1367 904 ista
1388 883 1470 904 unione
1487 884 1576 905 animae
1589 888 1610 906 et
1623 885 1726 912 eorporis
1743 885 1763 906 in
1776 885 1865 908 Christo

1020 926 1064 942 non
1083 921 1176 942 resultet
1192 927 1268 943 unam
1286 921 1394 949 tertiam,
1414 926 1435 944 et
1453 922 1514 950 quod
1534 923 1589 944 haec
1607 923 1653 945 dno
1670 924 1793 946 adveniant
1809 925 1865 947 (livi-

1020 965 1061 981 nae
1079 966 1191 987 personae
1208 960 1390 983 accidentaliter.
1408 961 1468 983 Haee
1486 961 1526 983 suit
1544 962 1621 989 opinio
1639 962 1765 985 Abaelardi.

1083 997 1199 1021 Secundo.
1218 999 1248 1021 Ex
1266 999 1389 1026 praedietis
1406 1000 1460 1021 satis
1477 1003 1548 1027 patet.
1568 1000 1699 1023 defensores
1711 1003 1805 1024 istarum
1818 1004 1864 1031 opi-

1020 1038 1114 1058 nionum
1134 1038 1280 1059 intentionem
1300 1038 1393 1066 quidem
1412 1038 1519 1060 habuisse
1537 1039 1674 1061 defendendi
1692 1042 1810 1063 veritatem
1829 1048 1866 1064 ea-

1020 1076 1139 1103 tholieam,
1152 1079 1261 1103 patronos
1278 1079 1353 1098 tamen
1372 1077 1460 1104 primae
1477 1081 1499 1099 et
1517 1078 1593 1100 tertiae
1606 1079 1719 1106 opinionis
1736 1086 1807 1106 provo
1820 1080 1865 1102 (lia-

1020 1114 1111 1136 lecticae
1129 1121 1171 1136 usu
1190 1121 1214 1136 se
1232 1116 1295 1143 ipsos
1320 1115 1407 1144 laqueis
1424 1117 1600 1143 sophisticarum
1627 1118 1739 1139 rationum
1766 1119 1865 1141 irretisse-

1020 1156 1042 1175 et
1059 1153 1165 1175 incidisse
1184 1154 1229 1176 sere
1247 1155 1268 1175 in
1286 1161 1388 1176 errorem
1406 1155 1508 1177 Nestorii.
1532 1155 1689 1178 Commttniter
1706 1157 1775 1184 igitur
1793 1162 1865 1185 poste-

1020 1193 1092 1214 riores
1109 1193 1240 1214 Srholastiei
1259 1193 1353 1216 tertiam
1377 1194 1509 1221 opinionem
1535 1198 1656 1217 censurant
1678 1198 1702 1217 ut
1728 1196 1864 1219 haereticam

1020 1231 1083 1257 (vide
1101 1232 1157 1253 infra
1176 1238 1198 1260 q.
1217 1232 1255 1259 3.),
1280 1231 1384 1260 primam
1402 1233 1441 1260 (de
1458 1239 1502 1261 qua
1521 1233 1557 1255 hic
1574 1234 1658 1261 agitur)
1682 1237 1706 1256 ut
1731 1235 1825 1262 salsam;
1843 1238 1865 1257 et

1020 1270 1150 1298 approbant
1166 1270 1294 1293 secundam
1312 1274 1336 1293 ut
1352 1272 1446 1293 omnino
1468 1272 1604 1299 tenendamg
1624 1275 1697 1294 tamen
1716 1273 1745 1295 de
1763 1274 1783 1295 2.
1805 1275 1865 1296 eius-

1020 1308 1072 1330 dem
1091 1309 1198 1336 articulo,
1217 1309 1279 1338 quod
1297 1316 1394 1337 persona
1415 1310 1484 1332 Verbi
1502 1312 1615 1333 ineurnata
1635 1312 1711 1340 aliquo
1725 1312 1794 1335 modo
1806 1314 1863 1336 sacta

1020 1348 1048 1369 sit
1065 1348 1204 1375 composita,
1222 1348 1355 1370 remanebat
1373 1348 1482 1377 dubium,
1497 1349 1558 1377 quod
1572 1350 1593 1371 in
1611 1356 1658 1378 seq.
1676 1352 1808 1379 quaestione
1821 1352 1864 1374 dis-

1020 1387 1104 1408 cutitur
1116 1386 1154 1413 (de
1167 1387 1202 1408 his
1214 1387 1361 1414 opinionibus
1373 1387 1426 1409 vide
1438 1389 1505 1409 etiam
1524 1389 1579 1410 infra
1592 1395 1611 1410 a.
1629 1390 1645 1410 1.
1659 1396 1680 1418 q.
1694 1390 1714 1411 3.
1728 1390 1749 1411 iu
1763 1390 1823 1418 line).
1833 1403 1865 1407 —

1020 1424 1178 1447 Observamus
1196 1429 1271 1447 antem
1283 1444 1288 1451 ,
1303 1426 1324 1447 S.
1339 1426 1452 1448 Thomam
1465 1427 1486 1448 in
1499 1427 1563 1449 Sum.
1577 1427 1618 1451 (ΙΙΙ.
1631 1434 1652 1456 q.
1666 1429 1687 1450 ⁴2.
1703 1434 1723 1450 a.
1737 1429 1767 1456 6.)
1785 1435 1864 1452 censu-

1020 1470 1082 1486 rasse
1095 1467 1143 1486 tum
1156 1465 1254 1491 primam
1267 1468 1315 1487 tum
1329 1465 1415 1487 tertiam
1428 1466 1559 1493 opinionem
1578 1469 1601 1488 ut
1619 1467 1763 1489 haereticam.
1776 1468 1862 1491 Tamen

1020 1503 1042 1524 in
1054 1502 1182 1525 Commeat.
1196 1502 1241 1530 (hic
1254 1509 1276 1531 q.
1294 1503 1321 1531 l.)
1334 1504 1422 1525 mitiore
1435 1510 1530 1526 censura
1543 1505 1766 1534 reprobatprimam
1777 1507 1864 1534 opinio-

1021 1547 1085 1569 nem,
1103 1542 1174 1563 immo
1192 1541 1257 1568 (ibid.
1275 1548 1294 1563 a.
1314 1542 1344 1570 2.)
1362 1542 1390 1563 de
1408 1543 1489 1564 eadem
1503 1543 1570 1565 dicit:
1586 1552 1596 1563 α
1609 1544 1657 1565 Non
1670 1549 1702 1567 est
1714 1544 1862 1568 haeretica».

1020 1580 1127 1602 Similiter
1152 1580 1219 1602 etiam
1246 1580 1306 1602 Alex.
1333 1581 1379 1603 llal.
1405 1585 1498 1604 excusat
1521 1581 1629 1610 eandem,
1651 1590 1661 1603 a
1675 1586 1786 1611 quantum
1805 1585 1864 1606 vale-

1018 1624 1107 1646 mus»;
1125 1619 1227 1640 similiter
1255 1619 1276 1640 Ιὶ.
1302 1618 1399 1647 ΑΙὺθΓῑ.,
1424 1619 1502 1642 Petrus
1527 1626 1538 1641 a
1566 1620 1631 1647 Tar.,
1657 1621 1738 1643 Seotus
1765 1622 1862 1651 aliique,

1019 1661 1114 1685 excepto
1139 1658 1228 1685 :Egidio
1246 1658 1284 1685 tt„
1303 1664 1346 1680 non
1365 1659 1393 1680 ita
1412 1660 1477 1686 gravi
1495 1665 1591 1681 censura
1609 1666 1660 1682 eam
1679 1661 1815 1689 qualificant.
1833 1673 1864 1678 ——-

1019 1697 1101 1719 Mirum
1126 1703 1180 1718 sane.
1197 1700 1243 1724 est,
1262 1697 1326 1725 quod
1344 1697 1423 1719 Petrus
1440 1697 1584 1720 Lombardus
1602 1704 1645 1720 non
1664 1705 1734 1721 ausus
1750 1700 1778 1722 sit
1795 1707 1863 1722 suum

1019 1735 1129 1758 iudicium
1148 1735 1175 1757 de
1193 1736 1227 1757 his
1245 1735 1392 1762 opinionibus
1410 1736 1557 1758 determinate
1584 1737 1642 1759 serre
1666 1737 1714 1766 (eir.
1733 1738 1754 1760 d.
1773 1739 1817 1761 Vll.
1841 1740 1864 1761 in

1019 1774 1081 1802 fine).
1098 1775 1145 1796 Hac
1163 1775 1190 1797 de
1209 1781 1276 1796 causa
1295 1777 1316 1796 et
1333 1774 1363 1797 ob
1381 1775 1497 1803 quandam
1511 1776 1539 1797 (le
1552 1776 1659 1798 Trinitate
1674 1777 1799 1799 doctrinam
1814 1778 1864 1805 (sed

1018 1813 1107 1841 sanam)
1133 1813 1265 1841 Magistrum
1292 1814 1402 1835 acerrime
1420 1814 1543 1836 insectatur
1561 1815 1689 1843 Walterus,
1707 1816 1769 1838 Prior
1787 1817 1808 1839 S.
1828 1817 1863 1839 Vi-

1018 1852 1086 1874 ctoris
1104 1852 1212 1879 (Parisiis)
1230 1853 1251 1873 in
1270 1852 1371 1880 quodam
1389 1852 1447 1874 libro
1469 1861 1479 1872 α
1491 1856 1569 1875 eontra
1586 1854 1716 1876 manifestas
1733 1858 1754 1876 et
1772 1854 1864 1877 damna-

1018 1894 1052 1913 tas
1069 1891 1136 1913 etiam
1155 1891 1176 1912 iu
1194 1890 1299 1912 Conciliis
1316 1891 1422 1913 haereses
1434 1899 1444 1911 n
1465 1894 1520 1920 eta,
1539 1892 1663 1921 ipsumque
1681 1893 1702 1914 in
1715 1893 1813 1921 prologo
1826 1900 1865 1916 nu-

1019 1933 1092 1952 merat
1109 1931 1166 1952 inter
1186 1932 1307 1958 «quatuor
1324 1930 1466 1958 labyrinthos
1484 1930 1590 1953 Franciae
1604 1940 1624 1958 ν,
1637 1932 1704 1954 simul
1723 1938 1776 1954 cum
1793 1933 1864 1955 Abae-

1019 1968 1095 1997 lardo,
1114 1969 1178 1990 Petro
1205 1968 1338 1990 Pictax‘iensi
1360 1971 1382 1991 et
1399 1968 1505 1991 ‘Gilberto
1530 1970 1665 1998 porretano,
1691 1973 1769 1998 utpote
1795 1973 1864 1994 «uno

1019 2008 1160 2029 Aristotelico
1178 2008 1258 2035 spiritu
1276 2007 1385 2029 amatos»
1407 2008 1456 2036 (cfr.
1482 2008 1611 2031 dissertatio
1637 2009 1658 2031 Ρ.
1684 2009 1770 2032 Denisse
1793 2011 1814 2032 iu
1832 2017 1864 2033 re-

1019 2047 1077 2068 centi
1103 2046 1220 2074 periodico
1245 2047 1328 2068 Archiv
1355 2045 1391 2068 fiir
1415 2046 1535 2069 Litteratur
1560 2047 1606 2069 und
1633 2047 1864 2075 liirehengesehiehte

1019 2085 1060 2107 des
1078 2085 1213 2108 mittelalters
1230 2091 1276 2107 von
1294 2085 1319 2107 tt.
1338 2085 1424 2107 Denisse
1436 2085 1461 2107 O.
1480 2086 1515 2108 Pr.
1533 2089 1555 2108 et
1571 2085 1606 2108 Fr.
1625 2086 1690 2108 Ehrle
1708 2087 1730 2108 S.
1748 2087 1762 2115 l,
1780 2087 1831 2109 Het‘t
1843 2089 1863 2110 2.

1019 2124 1040 2146 3.
1058 2130 1111 2152 pag.
1130 2123 1174 2145 406
1192 2130 1256 2152 seqq.
1274 2126 1296 2146 et
1312 2124 1363 2146 llett
1380 2123 1400 2146 t.
1419 2130 1472 2152 pag.
1490 2124 1553 2153 584).

1082 2163 1207 2184 lt.1nhac
1228 2165 1316 2191 quaest.
1341 2163 1479 2190 reprobatur
1505 2164 1592 2191 primae
1617 2164 1730 2192 opinionis
1755 2165 1864 2188 articulus

1019 2204 1125 2230 quartus,
1144 2208 1190 2230 quo
1208 2201 1302 2230 quidem
1320 2202 1404 2224 salsitas
1420 2202 1599 2230 principiorum,
1617 2208 1643 2224 ex
1661 2203 1746 2231 quibus
1762 2203 1863 2231 legitime

1018 2241 1131 2269 sequitur,
1149 2241 1313 2263 manifestatur.
1331 2239 1388 2262 Cum
1406 2241 1514 2263 sententia
1533 2242 1649 2263 communi
1667 2247 1722 2263 suae
1745 2243 1823 2264 aetatis
1840 2243 1862 2265 S.

1019 2279 1105 2301 Bonav.
1124 2280 1181 2301 hane
1199 2280 1335 2307 positionem
1353 2279 1458 2307 pluribus
1475 2280 1550 2302 modis
1567 2281 1648 2308 repetit
1665 2286 1713 2303 esse
1723 2280 1819 2309 salsam.
1832 2281 1863 2303 Ne

1019 2320 1095 2340 autem
1121 2317 1163 2340 sibi
1189 2319 1231 2346 ipsi
1257 2317 1407 2346 contradicat,
1431 2318 1501 2340 verba
1519 2319 1568 2341 eius
1586 2319 1617 2345 (in
1632 2310 1725 2347 ¹corp.):
1741 2328 1751 2339 n
1764 2320 1808 2342 Nec
1829 2324 1863 2343 est

1019 2357 1158 2385 haereticus,
1176 2357 1217 2379 sed
1234 2357 1329 2379 multam
1351 2356 1433 2380 habuit
1457 2357 1640 2385 probabilitatem
1652 2367 1662 2378 a
1673 2375 1679 2386 ,
1704 2359 1862 2387 restringenda

1018 2398 1072 2418 sunt
1087 2395 1117 2417 ad
1133 2396 1205 2418 solam
1222 2398 1244 2417 et
1265 2396 1391 2423 simplicem
1410 2397 1503 2424 thesim,
1522 2396 1635 2419 Christum
1653 2403 1703 2419 esse
1725 2397 1772 2419 duo
1790 2398 1863 2426 (prae-

1018 2433 1144 2456 scindendo
1162 2441 1172 2455 a
1187 2433 1256 2455 modo
1269 2434 1423 2462 explicationis
1435 2438 1457 2456 et
1469 2434 1498 2457 ab
1510 2435 1558 2456 aliis
1575 2435 1683 2462 articulis)
1696 2439 1718 2458 et
1729 2436 1757 2458 ad
1768 2442 1864 2465 praece-

1018 2471 1096 2494 dentia
1115 2473 1234 2501 tempora,
1254 2472 1346 2500 quando
1365 2479 1400 2494 res
1418 2473 1520 2495 nondum
1537 2477 1585 2495 erat
1603 2474 1739 2501 profundius
1751 2474 1860 2497 discussa.

1084 2511 1113 2532 ΙΙΙ.
1132 2510 1248 2533 Distinctio
1266 2511 1323 2532 inter
1339 2510 1487 2540 suppositum
1504 2515 1525 2534 et
1536 2517 1661 2541 personam
1673 2530 1679 2539 ,
1699 2519 1768 2541 quam
1788 2515 1861 2541 prima

1020 2550 1098 2577 opinio
1116 2550 1151 2571 hic
1168 2549 1272 2577 adhibet,
1291 2550 1375 2572 seilicet
1392 2554 1416 2572 ut
1429 2550 1512 2572 tribnat
1524 2550 1612 2573 ClH'l'SlO
1625 2558 1693 2574 unam
1706 2552 1799 2581 quidem
1811 2559 1861 2582 per-

1019 2593 1117 2616 sonam,
1144 2594 1203 2616 quae
1222 2588 1333 2615 significet
1350 2588 1405 2617 qnid
1424 2589 1638 2618 completissimnm,
1657 2591 1696 2613 sed
1714 2591 1760 2613 duo
1778 2598 1861 2621 suppo·

1019 2625 1079 2654 sita,
1099 2627 1162 2654 quasi
1181 2627 1280 2648 humana
1299 2629 1377 2648 nutura
1395 2627 1522 2656 essetquid
1534 2627 1672 2655 subsistens,
1690 2630 1815 2651 certissime
1827 2633 1861 2652 est

1018 2761 1042 2785 in
1059 2769 1187 2786 nnmerum
1203 2769 1256 2786 cum
1273 2769 1389 2792 persona,
1406 2763 1459 2786 edd.
1479 2764 1503 2792 l,
1522 2765 1535 2786 2
1550 2764 1616 2793 ponit
1629 2770 1757 2788 attuleram
1774 2765 1799 2789 in
1809 2773 1860 2795 per-

1017 2807 1084 2824 stma.
1102 2802 1173 2823 liliam
1186 2802 1248 2824 multi
1261 2802 1328 2824 codd.
1347 2808 1388 2830 pro
1400 2808 1454 2825 cum
1469 2808 1572 2832 persona
1589 2803 1695 2826 exhibent
1712 2803 1736 2827 in
1748 2811 1858 2834 persona..

1080 2841 1089 2855 ³
1107 2841 1139 2862 De
1156 2847 1200 2869 qua
1219 2841 1272 2863 vide
1288 2842 1385 2869 Aristot.,
1411 2841 1425 2863 1.
1452 2842 1541 2864 lileuch.
1559 2849 1578 2864 c.
1597 2843 1617 2865 3.
1636 2844 1665 2869 (c.
1684 2843 1714 2871 4.)
1732 2848 1753 2866 et
1771 2848 1824 2867 tom.
1843 2845 1858 2867 l.

1018 2886 1071 2908 pag.
1089 2879 1145 2907 740,
1164 2883 1214 2902 nota
1233 2881 1254 2902 6.
1271 2892 1302 2896 —
1319 2880 1361 2903 Pro
1378 2879 1443 2903 iltius
1460 2880 1572 2904 illationis
1590 2882 1656 2905 codd.
1675 2883 1717 2905 Cll
1729 2883 1746 2904 N
1757 2883 1777 2905 Χ
1794 2883 1859 2906 iltius

1018 2917 1148 2941 locutionis.
