2166 3366
0 1074 1 1085 ,
30 1058 142 1078 Notandum.

29 1952 101 1979 Duplex
115 1957 145 1970 ca-

42 1978 86 1999 pitis
103 1980 145 1999 pro-

41 2000 116 2023 prietas.

796 178 877 206 DlST.
900 179 918 206 1.
940 178 1013 207 ART.
1036 178 1065 206 ll.
1087 178 1221 215 QUAEST.
1245 178 1272 206 ll.

160 259 240 288 educi
262 258 358 287 debuit
379 257 525 294 principali
547 257 713 290 intentione3
741 256 907 290 dicendum,
929 257 1003 294 quod

159 306 234 335 Deus
253 321 292 326 -—
311 304 377 342 quia
397 304 432 332 ab
453 306 566 332 aeterno
587 302 734 340 praescivit
756 302 865 339 lapsum
888 303 1003 331 humani

159 353 267 391 generis
277 352 389 380 —ideo
404 352 480 386 fecit,
494 351 559 388 quia
571 358 599 379 se
615 353 847 386 recuperaturum
863 349 1019 391 cognovit&

158 404 185 429 et
206 400 267 428 ideo
289 398 471 436 principalius
489 397 515 425 in
538 397 687 425 intentione
706 396 757 425 fuit
779 397 917 433 reparatio
933 396 1002 433 lapsi

159 455 243 484 quam
258 445 378 475 conditio
399 445 459 474 eius
474 444 508 473 ad
528 444 637 481 lapsum
653 443 792 480 possibilis
806 443 823 471 ¹.
844 443 873 471 Et
889 446 1002 480 propter

158 494 210 522 hoc
231 501 286 521 non
308 491 449 529 sequitur,
471 490 546 528 quod
574 490 648 519 Deus
668 498 723 518 non
752 490 1002 527 praedestinaverit

157 540 299 568 Christum
321 538 527 576 principaliter,
549 538 621 566 sicut
649 540 676 566 et
694 537 778 571 alios,
800 537 886 565 immo
913 537 1002 565 multo

157 586 347 624 principalius.
374 585 428 614 Hoc
454 584 528 613 enim
559 587 681 619 teneret,
709 584 731 613 si
759 584 833 613 Deus
862 584 889 612 10
911 584 1003 613 condi-

158 633 230 661 tione
258 632 368 669 generis
399 631 515 660 humani
547 639 601 659 non
630 630 872 667 praecognovisset
903 638 1002 658 eorum

157 679 284 716 1apsum3
306 681 372 707 tunc
392 678 466 706 enim
480 678 560 714 quasi
581 681 693 714 praeter
708 677 888 706 intentionem
909 677 1001 705 subse-

156 729 253 754 cutum
274 725 380 754 fuisset.

236 773 261 800 6.
283 771 322 800 Ad
345 771 414 799 illud
442 771 517 808 quod
545 770 688 804 obiicitur,
710 770 784 807 quod
813 770 936 798 humana
957 777 1002 798 na-

156 822 220 847 tura
241 821 283 847 est
304 817 426 847 exaltata
447 821 561 855 propter
582 817 816 851 incarnationem;
838 816 1001 850 dicendum,

157 865 231 902 quod
253 865 359 902 absque
380 864 466 893 dubio
487 872 587 893 verum
609 867 666 898 est3
688 863 736 892 sed
759 871 793 892 ex
817 863 869 891 hoc
891 871 945 891 non
960 871 1001 892 se-

157 912 268 949 quitur,
289 911 364 948 quod
393 911 579 947 reportaverit
607 918 644 939 ex
672 910 778 938 malitia
806 909 1000 943 commodum,

157 958 222 996 quia
244 958 295 987 hoc
316 966 371 986 non
398 957 451 986 fuit
471 965 508 986 ex
535 965 587 986 sua
608 957 728 990 malitia,
758 957 806 985 sed
828 964 864 985 ex
890 964 1001 985 summa

158 1005 330 1042 benignitate
351 1004 445 1033 divina
460 1007 487 1033 et
500 1003 654 1041 sapientia.
673 1003 743 1040 Quia
758 1003 832 1032 enim
853 1003 1000 1039 sapientia

157 1052 204 1081 Dei
221 1052 305 1081 vincit
321 1051 453 1080 malitiam
467 1051 485 1085 ²,
507 1051 571 1080 hinc
585 1053 639 1085 est,
661 1050 734 1088 quod
751 1058 805 1078 non
821 1050 925 1087 patitur
940 1058 1000 1079 esse

157 1098 263 1128 malum
284 1098 410 1135 aliquod,
429 1098 463 1126 de
479 1106 534 1135 quo
555 1106 609 1126 non
631 1097 722 1126 eliciat
737 1097 855 1131 bonum,
876 1101 903 1126 et
917 1097 1000 1126 etiam

157 1146 248 1175 maius
269 1145 390 1179 bonum;
417 1145 540 1181 alioquin
562 1153 615 1172 non
639 1144 759 1181 perfecte
789 1144 922 1172 malitiam
945 1144 1001 1172 vin-

156 1195 238 1221 ceret.
268 1192 297 1220 Et
325 1195 473 1229 propterea
494 1195 591 1220 contra
619 1191 883 1227 praevaricationem
912 1190 1000 1223 Adae,

156 1240 203 1276 qui
226 1242 313 1268 totum
339 1246 427 1275 genus
453 1238 608 1267 humanum
631 1238 779 1272 interfecit,
805 1238 902 1266 statuit
923 1238 1001 1266 recti-

157 1286 282 1315 tudinem
303 1285 418 1316 secundi
441 1285 526 1320 Adae,
548 1285 594 1322 qui
617 1289 740 1322 prototo
761 1293 862 1321 genere
878 1285 1001 1313 humano

155 1336 249 1370 posset
276 1332 447 1366 satisfacere,
475 1335 502 1361 et
527 1332 608 1361 cuius
635 1331 792 1360 obedientia
821 1331 908 1360 multo
937 1331 1001 1368 plus

156 1380 209 1410 sibi
231 1380 364 1417 placeret,
385 1387 469 1416 quam
496 1378 681 1408 inobedientia
704 1378 784 1415 primi
814 1378 886 1407 Adae
912 1379 1001 1415 potuit

157 1426 305 1464 displicere
317 1426 336 1454 ³.
351 1443 390 1446 —
404 1426 535 1454 Similiter
558 1426 609 1454 hoc
630 1425 682 1454 suit
696 1433 732 1454 ex
748 1425 872 1453 bonitate
894 1425 1000 1460 divina,

156 1481 193 1502 ex
214 1481 269 1510 qua
295 1473 368 1502 Deus
390 1472 489 1509 plenus
516 1476 558 1501 est
579 1471 725 1500 dilectione
746 1476 773 1500 et
801 1472 1000 1500 misericordia.

158 1520 188 1549 Et
209 1520 271 1549 ideo
292 1519 472 1556 diligentibus
493 1527 535 1553 se,
557 1526 627 1556 quos
642 1519 755 1547 Sanctos
776 1519 885 1547 vocavit
906 1526 1001 1547 secun-

158 1567 225 1596 dum
248 1566 421 1604 propositum
450 1574 549 1600 suum,
570 1565 664 1593 omnia
691 1565 755 1593 facit
776 1565 815 1593 eis
840 1565 950 1602 operari
974 1565 1000 1593 in

157 1614 261 1642 bonum
274 1614 297 1647 ⁴3
320 1613 394 1642 unde
409 1612 506 1640 Filium
528 1612 577 1641 Dei
592 1612 729 1640 incarnari
753 1620 807 1640 non
823 1612 886 1641 fecit
907 1615 1001 1640 nostra

156 1661 273 1694 malitia,
289 1660 337 1689 sed
353 1660 400 1689 Dei
420 1660 521 1688 caritas
536 1659 621 1687 nimia
642 1662 669 1687 et
684 1659 887 1693 misericordia,
906 1667 1001 1688 secun-

157 1707 225 1736 dum
246 1707 320 1745 quod
349 1706 454 1735 dictum
476 1709 518 1734 est
547 1706 572 1734 in
600 1706 765 1734 auctoritate
789 1706 869 1742 prius
895 1706 998 1742 posita:

157 1755 235 1783 Deus
255 1757 370 1787 autem,
401 1753 454 1791 qui
474 1752 553 1781 clives
580 1756 620 1780 est
646 1751 676 1780 in
696 1752 915 1785 misericordia,
934 1761 999 1789 pro—

153 1805 218 1838 pter
239 1800 364 1829 ¹nimiam
385 1799 539 1828 caritatem
561 1803 613 1828 etc.

235 1849 262 1876 7.
282 1847 321 1876 Ad
343 1847 413 1876 illud
434 1846 509 1884 quod
534 1846 680 1879 obiicitur.
707 1846 782 1882 quod
804 1845 932 1874 Christus
959 1850 1001 1875 est

156 1899 240 1932 caput
255 1894 391 1924 Ecclesiae
406 1894 562 1923 secundum
577 1893 730 1921 humanam
746 1897 892 1928 naturam3
911 1894 1001 1922 dicen-

157 1942 238 1975 dum,
259 1941 334 1978 quod
356 1941 462 1977 duplex
478 1943 519 1969 est
539 1940 637 1977 capitis
651 1940 821 1977 proprietas:
844 1948 913 1974 una,
929 1948 1000 1977 quae

157 1988 309 2017 attenditur
323 1987 477 2017 secundum
490 1986 724 2024 conformitatem
735 1987 771 2015 ad
784 1987 923 2021 membra;
937 1987 1000 2022 alia,

157 2043 229 2072 quae
246 2034 399 2063 attenditur
420 2034 575 2063 secundum
597 2033 734 2062 donorum
757 2034 943 2071 gratuitorum
960 2034 1001 2062 in-

156 2080 317 2118 fluentiam.
336 2081 448 2109 Ratione
475 2080 582 2118 primae
609 2080 787 2118 proprietatis
809 2080 937 2109 Cliristus
958 2089 1000 2109 ca-

1868 181 1903 208 ⁹27

1062 260 1112 293 put
1132 260 1174 285 est
1198 257 1224 284 in
1257 259 1394 293 quantum
1416 255 1514 290 ltomo;
1536 257 1641 285 ratione
1671 257 1809 285 secundae
1830 257 1905 286 Chri-

1061 307 1121 332 stus
1143 307 1226 340 caput
1247 306 1289 332 est
1314 303 1340 331 in
1373 306 1507 340 quantum
1531 303 1623 337 Deas,
1645 307 1671 332 et
1692 304 1798 332 ratione
1820 304 1905 333 huius

1061 350 1251 387 principaliter
1277 353 1350 378 tenet
1379 351 1515 378 rationem
1537 350 1634 387 capitis
1648 350 1666 378 ⁵.
1689 351 1720 379 Et
1741 350 1818 385 ideo,
1847 354 1905 379 esto

1059 396 1133 433 quod
1151 397 1310 425 incarnatus
1332 405 1385 425 non
1400 399 1487 431 esset,
1502 397 1595 426 adbuc
1612 397 1732 426 Ecclesia
1747 398 1835 435 capite
1851 407 1903 426 non

1060 447 1182 477 careret;
1204 443 1269 480 quia
1291 448 1379 480 caput
1395 444 1454 472 viri
1474 448 1544 472 esset
1559 444 1651 478 Deus,
1673 447 1699 473 et
1726 445 1763 473 ita
1786 445 1905 474 Ecclesia

1060 490 1204 518 hominum
1227 494 1310 527 caput
1333 491 1447 519 haberet
1469 491 1571 525 Deum,
1593 492 1665 520 sicut
1686 492 1769 520 babet
1784 492 1902 521 Ecclesia

1059 537 1234 573 Angelorum.
1259 537 1288 565 Et
1311 537 1372 565 ideo
1394 545 1448 565 non
1473 538 1613 574 sequitur,
1635 538 1710 575 quod
1737 546 1839 575 corpus
1862 539 1905 568 Ec-

1059 583 1158 612 clesiae
1184 587 1256 612 esset
1283 583 1465 620 acephalum,
1494 585 1623 621 quamvis
1651 593 1704 613 non
1728 585 1843 614 baberet
1864 594 1905 615 ca-

1060 633 1110 666 put
1138 630 1292 658 secundum
1322 638 1432 658 omnem
1462 631 1679 667 proprietatem,
1707 640 1791 669 quam
1822 633 1904 662 babet

1060 676 1156 710 mod03
1177 676 1293 704 haberet
1314 676 1387 704 enim
1414 681 1479 705 tunc
1504 681 1588 713 caput
1609 678 1711 711 Deum,
1738 678 1809 707 sicut
1831 687 1904 708 nunc

1060 723 1144 751 babet
1166 722 1285 751 Ecclesia
1307 723 1482 759 Angelorum.

1138 770 1164 797 8.
1186 769 1224 797 Ad
1246 769 1317 797 illud
1336 769 1410 806 quod
1432 769 1577 804 obiicitur,
1599 771 1673 807 quod
1698 772 1903 800 matrimonium

1059 816 1195 853 significat
1216 816 1437 845 coniunctionem
1460 820 1639 851 naturarum3
1655 818 1814 853 dicendum,
1830 820 1904 856 quod

1059 863 1268 891 matrimonium
1290 863 1429 900 duplicem
1454 864 1537 892 habet
1561 864 1798 901 significationem.
1821 866 1905 903 Signi-

1058 909 1122 938 ficat
1142 910 1216 938 enim
1245 910 1466 939 coniunctionem
1496 911 1544 939 Dei
1573 911 1608 939 ad
1632 911 1779 940 Ecclesiam
1808 920 1904 941 secun-

1058 957 1125 986 dum
1148 957 1312 990 caritatem,
1329 960 1355 985 et
1376 957 1511 993 significat
1526 957 1609 986 etiam
1628 958 1849 987 coniunctionem
1865 967 1906 988 se-

1058 1004 1183 1033 cundum
1198 1003 1334 1032 um'onem
1351 1004 1380 1032 in
1392 1001 1536 1040 per-sonae
1554 1005 1663 1033 unitate
1673 1005 1698 1038 ⁵,·
1713 1008 1740 1033 et
1756 1009 1905 1043 utramque

1058 1050 1160 1079 harum
1182 1050 1413 1087 significationum
1448 1051 1531 1079 habet
1553 1051 1708 1080 secundum
1741 1055 1842 1081 statum
1872 1053 1906 1081 la-

1058 1105 1137 1133 psus,
1160 1097 1276 1125 alteram
1302 1101 1396 1126 autem
1420 1097 1576 1132 habuisset,
1598 1098 1620 1127 si
1641 1099 1775 1132 stetisset;
1798 1103 1825 1128 et
1844 1100 1905 1129 ideo

1058 1152 1112 1172 non
1134 1147 1207 1172 esset
1232 1143 1333 1172 falsum
1356 1144 1475 1180 signum.
1498 1144 1573 1173 Sicut
1594 1145 1668 1173 enim
1695 1146 1902 1175 matrimonium

1058 1199 1131 1219 nunc
1153 1194 1195 1219 est
1217 1190 1242 1218 in
1265 1189 1393 1228 officiani
1415 1194 1442 1219 et
1463 1191 1638 1225 remediavit,
1662 1195 1727 1221 tunc
1749 1196 1842 1221 autem
1865 1201 1905 1222 so-

1058 1238 1116 1266 lum
1146 1237 1172 1265 in
1201 1237 1350 1275 officianz‚·
1378 1237 1416 1266 sic
1445 1238 1654 1266 matrimonium
1688 1247 1761 1268 nunc
1797 1240 1903 1276 duplex

1060 1285 1142 1313 habet
1163 1284 1362 1321 significatum,
1384 1287 1449 1313 tunc
1471 1288 1564 1313 antem
1587 1293 1684 1313 unum.

1138 1333 1163 1360 9.
1185 1331 1223 1359 Ad
1253 1331 1321 1359 illud
1351 1331 1426 1368 quod
1451 1332 1593 1367 obiicitur,
1621 1333 1697 1370 quod
1725 1334 1904 1371 quadruplex

1057 1381 1099 1407 est
1121 1378 1221 1406 modus
1242 1378 1433 1414 productionis
1455 1378 1617 1413 hoininum;
1640 1379 1805 1415 dicendum,
1831 1382 1904 1418 quod

1058 1425 1103 1453 ille
1125 1428 1243 1462 quartus
1266 1424 1365 1453 modus
1385 1425 1558 1461 producendi
1581 1425 1723 1454 hominem
1746 1434 1799 1454 non
1816 1431 1857 1456 est
1873 1428 1906 1456 tle

1058 1471 1225 1509 perfectione
1240 1472 1377 1505 universi,
1392 1471 1441 1500 sed
1452 1480 1547 1508 supra
1560 1472 1754 1508 perfectionem
1771 1474 1903 1503 universi.

1059 1519 1089 1547 Et
1111 1519 1173 1547 ideo
1194 1518 1324 1547 [eremias
1337 1518 1345 1531 ⁷
1370 1521 1448 1547 vocat
1470 1518 1540 1547 illud
1561 1527 1683 1552 nouzon,
1700 1527 1763 1548 cum
1785 1521 1835 1549 ait:
1852 1521 1905 1549 No-

1060 1574 1127 1593 uam
1148 1564 1238 1602 faciet
1258 1565 1402 1593 Dominus
1416 1573 1505 1602 saper
1525 1569 1637 1594 terram
1644 1576 1654 1599 ;
1671 1566 1721 1595 boc
1742 1570 1836 1595 autem
1857 1576 1904 1596 no-

1058 1620 1127 1640 vam
1159 1611 1293 1640 Dominus
1325 1620 1379 1640 non
1409 1612 1530 1646 fecisset,
1563 1612 1614 1642 nisi
1646 1613 1740 1650 aliqua
1770 1615 1903 1644 veteratio

1058 1658 1263 1695 praecessisset.
1287 1658 1317 1686 Et
1340 1658 1401 1687 ideo
1423 1667 1476 1686 non
1498 1659 1638 1695 sequitur,
1659 1660 1747 1696 quod,
1776 1661 1799 1689 si
1821 1661 1904 1690 homo

1058 1705 1186 1739 stetisset,
1208 1705 1253 1733 et³
1271 1705 1331 1733 talis
1355 1705 1455 1734 modus
1469 1705 1643 1742 producendi
1667 1706 1806 1736 hominem
1823 1712 1903 1737 esset.

1058 1752 1112 1781 Nec
1140 1760 1175 1781 ex
1197 1752 1249 1781 hoc
1277 1752 1420 1789 sequitur,
1449 1752 1523 1789 quod
1552 1753 1715 1782 universum
1746 1762 1796 1783 sua
1818 1756 1905 1792 perfe-

1058 1799 1147 1828 ctione
1168 1803 1289 1833 careret;
1311 1799 1382 1827 sicut
1397 1799 1480 1827 etiam
1502 1807 1556 1827 non
1572 1802 1662 1836 potest
1676 1801 1756 1838 argui
1779 1801 1904 1839 imperfe-

1058 1846 1111 1876 ctio
1126 1846 1249 1875 universi
1265 1850 1400 1883 quantum
1417 1846 1452 1875 ad
1468 1846 1675 1876 suscitationem
1692 1849 1804 1882 mortui,
1819 1857 1902 1886 quam

1058 1893 1132 1921 Deus
1161 1901 1215 1921 non
1248 1893 1369 1927 fecisset,
1397 1893 1420 1921 si
1449 1893 1532 1921 homo
1561 1894 1735 1930 perstitisset.
1759 1895 1903 1925 —Posset

1057 1940 1139 1968 etiam
1162 1940 1229 1973 dici,
1252 1940 1326 1977 quod
1348 1940 1382 1968 de
1405 1940 1451 1968 illo
1474 1940 1556 1969 modo
1578 1941 1769 1977 productionis
1791 1951 1844 1971 non
1860 1952 1904 1980 po-

1058 1990 1109 2016 test
1137 1987 1215 2023 argui
1246 1987 1349 2015 veritas
1378 1987 1590 2021 incarnationis,
1613 1988 1679 2025 quia
1708 1988 1781 2017 Deus
1811 1993 1902 2026 posset

1057 2034 1212 2071 producere
1241 2034 1381 2062 hominem
1410 2034 1445 2062 de
1474 2034 1591 2063 muliere
1619 2034 1725 2072 absque
1754 2035 1832 2069 viro,
1854 2037 1900 2073 qui

1058 2085 1150 2110 tamen
1171 2089 1224 2109 non
1247 2084 1319 2109 esset
1340 2081 1423 2110 Deus.

219 2257 224 2271 ¹
246 2257 286 2279 Vel
304 2257 352 2279 aliis
363 2257 457 2279 verbis:
469 2258 522 2285 quia
535 2257 606 2285 Deus,
620 2258 727 2285 praeviso
740 2260 840 2285 peccato,
854 2257 916 2286 quod
930 2258 998 2285 primi

156 2298 262 2324 parentes
279 2296 350 2318 vitare
368 2300 486 2324 poterant,
504 2295 575 2318 libere
586 2299 607 2318 et
620 2296 718 2324 positive
730 2296 802 2318 votuit
819 2297 998 2319 incarnationem

156 2334 203 2356 Filii
220 2335 268 2362 sui,
287 2334 338 2356 ideo
355 2341 385 2357 ez
399 2336 468 2364 parte
487 2334 661 2357 Deiincarnatio
675 2341 719 2357 non
732 2335 773 2357 fnit
785 2341 827 2363 per
838 2335 945 2357 accidens
958 2341 998 2358 nec

157 2374 232 2396 minus
249 2374 403 2402 principaliter
420 2374 515 2401 intenta,
542 2374 613 2395 immo
637 2374 709 2396 multo
735 2375 890 2402 principalius.
909 2387 939 2390 —
956 2375 998 2397 Pro

156 2411 211 2442 quia
228 2417 252 2435 se
269 2412 336 2434 codd.
354 2412 397 2434 ΡΗ
415 2412 443 2439 (K
462 2419 473 2434 a
490 2412 590 2435 secunda
603 2413 683 2441 manu)
701 2412 718 2434 111
729 2412 747 2435 Ο
759 2413 776 2435 V
795 2412 945 2442 babentqaia
956 2419 999 2442 per

155 2456 192 2479 se,
212 2450 265 2473 edd.
287 2451 304 2479 Ι,
323 2451 336 2473 2
353 2450 395 2480 qui
409 2457 451 2479 se,·
468 2451 519 2473 cod.
537 2451 584 2473 bb:
601 2450 652 2474 ideo
669 2450 722 2480 fecit
738 2457 780 2480 per
802 2457 826 2474 se
849 2453 997 2480 recuperatu-

156 2495 225 2517 rum,
239 2489 295 2519 quia
312 2489 426 2519 cognovit.
444 2490 466 2512 ln
484 2490 535 2512 cod.
553 2490 572 2512 K
587 2490 687 2512 secunda
701 2496 783 2512 manns
800 2491 998 2519 recuperatur-am

157 2529 306 2550 commutavit
322 2529 344 2550 in
361 2529 551 2556 reparaturum;
574 2533 596 2551 et
613 2528 696 2551 deinde
713 2535 756 2556 pro
772 2528 929 2558 principalius
947 2529 997 2551 cod.

156 2567 172 2588 E
190 2566 304 2590 substituit
320 2566 490 2596 principaliter.
508 2567 576 2589 Paulo
599 2568 692 2589 interius
713 2568 781 2590 codd.
799 2567 817 2589 Τ
828 2567 845 2590 U
857 2568 875 2590 V
893 2569 998 2590 omittunt

156 2611 203 2629 71οη
220 2609 272 2628 ante
287 2605 503 2634 praedestinaverit.

220 2644 229 2659 ἵ
245 2645 297 2672 Sap.
314 2644 341 2672 7,
359 2645 404 2667 30:
422 2645 560 2672 Sapientiam
578 2649 654 2668 autem
673 2651 717 2667 0011
735 2646 805 2667 xincit.
823 2646 913 2668 malitia.
926 2645 970 2668 Csr.
983 2646 997 2668 1.

157 2683 217 2705 Sent.
242 2683 264 2705 d.
290 2683 327 2705 46.
353 2690 375 2712 q.
401 2683 422 2706 3.
440 2684 461 2705 6.
478 2688 499 2706 et
517 2683 540 2706 d.
559 2683 594 2705 47.
612 2690 634 2712 q.
652 2684 672 2706 3.
691 2696 719 2699 —
738 2684 780 2706 Pro
799 2683 868 2707 vincit
894 2684 961 2707 codd.
984 2685 999 2706 E

157 2721 230 2743 GHK
242 2721 286 2743 L't·
298 2722 314 2743 U
326 2722 375 2744 VX
393 2725 414 2744 et
431 2721 483 2744 edd.
510 2723 531 2750 1,
553 2722 567 2744 2
592 2721 652 2745 vicit.
679 2722 747 2744 Paulo
772 2723 879 2750 superius
905 2729 947 2750 pro
969 2729 999 2745 ez

157 2766 251 2783 summa
269 2761 329 2788 (eod.
347 2761 364 2783 R
381 2760 460 2790 potins
480 2767 526 2789 eat,
549 2761 600 2783 cod.
623 2761 637 2783 t>
659 2760 730 2784 etiam
752 2762 792 2789 eze)
815 2761 882 2784 codd.
901 2762 999 2784 AGlIL

158 2799 184 2821 (N
201 2806 212 2821 a
231 2801 304 2828 prima
322 2800 401 2829 manu)
419 2800 438 2822 T
450 2800 466 2822 U
483 2806 515 2823 ea·
531 2806 583 2823 sita.

220 2837 229 2853 ³
247 2839 374 2866 Respicitnr
391 2839 456 2861 llom.
475 2839 501 2867 5,
523 2838 556 2861 14.
574 2845 638 2868 seqq.
656 2842 678 2861 et
696 2840 710 2862 1.
729 2838 779 2861 Cor.
801 2839 841 2867 15,
860 2840 896 2862 22.
913 2851 945 2856 —
957 2840 999 2862 Pro

157 2876 232 2906 potuit
248 2877 369 2906 displicere
391 2878 459 2900 codd.
478 2878 576 2900 EllKN
598 2877 701 2907 potuerit
722 2877 850 2908 dispitiam-e.
874 2879 942 2901 Panlo
964 2885 999 2901 su-

159 2915 236 2943 perius
254 2922 296 2943 pro
313 2915 429 2944 interfecit
444 2916 497 2938 cdd.
514 2917 620 2939 exhibent
637 2915 722 2945 infecit.

221 2954 230 2968 ⁴
248 2955 312 2977 Rom.
331 2955 355 2983 Β,
374 2955 418 2977 28:
436 2956 526 2978 Scimus
542 2960 626 2984 autent,
644 2957 752 2984 qnoniam
766 2956 914 2984 diligentibus
926 2956 998 2979 Deum

1054 2258 1130 2279 omnia
1156 2261 1309 2285 cooperantur
1327 2258 1347 2279 in
1367 2257 1467 2285 bonum,
1493 2258 1519 2280 iis
1545 2259 1584 2286 qni
1611 2258 1739 2280 secundum
1758 2259 1900 2286 propositum

1055 2297 1128 2318 vocati
1146 2300 1198 2318 sunt
1215 2297 1293 2318 saneti.
1311 2308 1342 2312 —
1359 2296 1410 2325 Seq.
1429 2297 1492 2318 locus
1510 2297 1591 2324 Script.
1610 2300 1643 2319 est
1664 2297 1719 2324 Eph.
1745 2297 1770 2323 2,
1793 2296 1812 2319 t.
1825 2309 1856 2313 ——
1872 2298 1900 2319 Ex

1054 2334 1120 2357 dictis
1132 2338 1239 2362 apparet,
1257 2334 1312 2363 quid
1326 2334 1395 2357 verbu
1415 2335 1449 2357 iltn
1463 2335 1505 2357 sibi
1519 2336 1589 2357 velint
1600 2341 1605 2357 ;
1618 2343 1628 2355 α
1642 2335 1660 2357 Ο
1678 2336 1727 2358 felix
1746 2336 1823 2364 culpa,
1842 2343 1901 2365 quae

1055 2374 1121 2396 talem
1134 2380 1160 2396 ae
1172 2377 1259 2396 tuntum
1273 2375 1354 2396 meruit
1369 2374 1453 2396 nabere
1471 2374 1642 2402 redemptorem
1657 2383 1677 2396 ι».
1694 2375 1807 2397 Sententia
1820 2381 1900 2397 eorum

1054 2416 1102 2440 est,
1120 2413 1182 2441 qnod
1200 2413 1279 2440 culpa,
1299 2419 1339 2440 per
1357 2419 1426 2441 quam
1450 2413 1519 2434 bomo
1546 2417 1643 2436 mortem
1669 2417 1784 2436 aeternam
1803 2420 1902 2436 comme-

1055 2454 1141 2478 ruerat,
1160 2457 1190 2474 esc
1207 2457 1302 2474 samma
1323 2451 1363 2473 Dei
1374 2451 1397 2473 in
1409 2451 1515 2474 homines
1529 2451 1651 2475 dilectione
1663 2453 1683 2474 ei
1696 2452 1788 2474 feliciter
1801 2453 1900 2475 cesserit.

1117 2490 1127 2504 ⁵
1142 2489 1186 2512 Ctr.
1204 2490 1261 2512 infra
1280 2489 1301 2512 tl.
1324 2490 1356 2512 13.
1375 2497 1394 2512 a.
1414 2491 1433 2511 2.
1452 2497 1473 2518 q.
1497 2491 1512 2512 1.
1532 2491 1552 2512 10
1571 2497 1634 2518 corp.
1655 2503 1684 2506 —
1704 2491 1725 2512 in
1742 2491 1851 2513 subnexis
1869 2498 1903 2513 rc-

1054 2530 1148 2557 spiciun-
1164 2529 1219 2551 illud
1237 2530 1250 2551 1.
1268 2529 1319 2551 Cor.
1341 2530 1378 2557 ll,
1396 2529 1425 2551 3:
1443 2529 1522 2551 Omnis
1539 2530 1582 2551 viri
1600 2533 1669 2558 caput
1687 2530 1789 2553 Christus
1808 2534 1848 2553 est.

1117 2568 1126 2582 ⁵
1144 2569 1199 2596 Epli.
1225 2568 1249 2595 5,
1276 2568 1320 2590 32:
1343 2568 1516 2591 Sacramentum
1544 2569 1588 2590 tioc
1608 2575 1718 2596 magnum
1736 2573 1781 2597 est,
1799 2576 1843 2597 ego
1864 2577 1902 2592 au-

1056 2610 1100 2629 tem
1118 2607 1169 2629 dico
1187 2608 1207 2628 in
1225 2606 1314 2629 Christo
1331 2611 1353 2629 et
1371 2607 1391 2628 10
1410 2607 1515 2629 Ecclesia.
1533 2619 1565 2623 —
1583 2607 1624 2629 Pro
1641 2607 1772 2631 secundam
1788 2608 1899 2631 unionem

1055 2645 1149 2674 (quibus
1166 2645 1243 2667 verbis
1261 2646 1282 2667 in
1300 2645 1350 2667 cod.
1369 2646 1385 2667 t.
1403 2653 1415 2667 u
1434 2646 1533 2668 secunda
1552 2652 1620 2668 manu
1633 2646 1737 2668 additum
1754 2650 1788 2669 est
1804 2648 1902 2670 natara—

1055 2686 1121 2709 rum)
1139 2684 1189 2706 cod.
1207 2685 1225 2706 G
1242 2685 1263 2707 et
1282 2684 1399 2707 unionem.
1426 2685 1494 2707 Paulo
1516 2686 1610 2707 interius
1637 2689 1688 2713 post
1708 2685 1730 2708 si
1754 2685 1852 2709 stetisset
1869 2693 1902 2708 so-

1054 2723 1129 2745 cunda
1147 2729 1228 2745 manus
1246 2724 1267 2745 in
1280 2724 1330 2746 t-od.
1345 2724 1363 2746 V
1375 2724 1492 2751 supplevit
1505 2723 1582 2752 homo,
1597 2727 1618 2747 et
1630 2725 1651 2746 in
1665 2724 1709 2746 tino
1722 2725 1788 2747 solut.
1801 2725 1868 2747 codd.
1883 2726 1899 2747 ll

1055 2762 1083 2790 (tt
1103 2769 1114 2784 a
1133 2763 1233 2784 set-unda
1252 2765 1331 2790 manu)
1350 2763 1366 2784 Μ
1379 2763 1450 2791 OQz
1468 2766 1518 2791 post
1535 2763 1569 2787 sic
1586 2763 1766 2787 matrimonium
1779 2764 1836 2786 bene
1849 2764 1901 2787 snb-

1055 2802 1133 2824 iiciunt
1151 2807 1225 2829 minc,
1246 2809 1257 2823 a
1278 2801 1343 2824 nobis
1360 2806 1487 2829 receptum.

1118 2840 1127 2854 ⁷
1144 2839 1199 2868 Cup.
1218 2840 1259 2869 31,
1279 2841 1314 2863 22.

1118 2878 1128 2893 ⁸
1145 2880 1254 2902 Pnrticulu
1272 2881 1305 2908 et,
1325 2886 1394 2908 qttani
1421 2881 1488 2903 codd.
1507 2881 1522 2902 F
1532 2881 1548 2902 ll
1561 2881 1578 2903 tt
1590 2881 1621 2903 bb
1644 2882 1761 2908 omittunt,
1781 2882 1816 2902 liic
1839 2881 1898 2903 idem

1056 2919 1115 2940 valet
1132 2924 1158 2940 ac
1174 2917 1257 2946 etiam,
1278 2919 1340 2947 quod
1358 2919 1425 2941 codd.
1444 2919 1484 2941 EZ
1502 2926 1526 2941 re
1544 2926 1597 2941 vora
1622 2920 1657 2942 liic
1682 2919 1795 2942 exhibent.
1815 2920 1857 2941 l¹ro
1880 2921 1900 2942 et

1055 2957 1108 2979 edd.
1126 2957 1266 2979 substituunt
1282 2957 1351 2986 quod.

1935 891 1938 894 .
1961 868 2034 895 Deme}

1924 894 2036 918 significatio

1917 917 2039 933 matrimonii.

1921 1479 2032 1498 Notandum.

1917 1903 1982 1921 Aliter.
