2166 3366
140 1091 169 1110 Ad
183 1092 257 1115 opposi-

176 1117 221 1133 tum.

260 211 317 239 lioo

341 289 367 315 Ξ).
389 287 472 319 Item,
486 285 522 314 ad
538 284 676 313 Hebraeos
692 291 764 311 nono
778 283 785 296 ¹
799 293 804 310 :
823 281 930 311 Omnia
942 290 1013 318 pene
1027 290 1110 309 inuu-

263 335 374 363 dantur
396 333 425 361 in
447 331 603 368 sanquine,
638 334 662 358 et
693 330 756 358 sine
784 329 942 366 sanyuinis
973 327 1111 366 effusione

262 389 319 409 uon
339 380 373 417 fit
394 378 527 407 remissio
560 381 757 414 peccatorum;
779 379 805 405 et
827 375 949 404 ibidem:
980 374 1111 412 Sanguis

264 427 390 460 Christi,
412 426 464 464 qui
482 434 535 462 per
554 424 700 462 Spiritum
714 427 851 452 sanctum
865 422 1051 459 semetipsum
1067 421 1110 450 ob-

264 474 328 502 tulit
361 471 586 501 immacutatum
616 472 689 504 Deo,
721 469 892 499 emundabit
916 467 1110 497 conscientias

265 524 382 549 nostras
403 519 439 548 ab
461 518 596 556 operibus
625 518 771 551 mortais‚·
804 517 850 546 sed
883 524 969 554 opera
1000 518 1112 543 mortua

264 571 329 596 sunt
350 558 479 604 peccata}
502 573 569 602 ergo
590 572 640 602 per
662 564 819 601 passionem
840 563 942 591 Christi
965 562 995 590 fit
1016 569 1113 590 emun—

263 615 338 643 datio
358 622 374 642 a
396 613 524 650 peccatis.

343 660 368 689 3.
390 660 474 694 ltem,
497 659 523 687 in
542 659 651 686 Canone
667 658 765 686 Missae
779 657 883 686 dicitur
898 659 924 685 et
940 655 1062 684 trahitur
1078 655 1113 683 de

265 706 453 744 Evangeli0²z
476 706 532 734 Hic
553 709 594 733 cst
619 704 698 733 catix
726 704 796 732 novi
822 708 848 731 et
874 702 988 731 aeterni
1021 702 1114 730 Testa—

265 754 370 788 menti,
392 753 444 792 qui
462 762 517 790 pro
540 752 618 781 uobis
640 756 665 780 et
684 760 739 789 pro
761 751 861 779 multis
889 748 1054 788 effundetur
1084 748 1115 776 in

267 801 467 830 remissionem
484 804 683 837 peccatorum.

345 849 372 876 [ι.
394 848 478 882 Item,
510 847 689 875 Sacramenta
720 844 912 878 iustificant³;
944 843 993 872 sed
1021 842 1116 871 omnia

269 896 446 924 Sacramenta
475 893 696 922 iustificationem
722 892 826 921 habent
846 900 862 920 a
884 890 1011 928 passione
1041 889 1117 918 Chri-

270 943 321 972 sti:
344 950 410 979 ergo
432 941 520 969 multo
541 940 641 969 fortius
662 939 764 968 Christi
786 939 877 976 passio
898 941 940 967 est
961 937 1060 966 efficax
1089 936 1116 965 in

269 989 454 1018 iustificando.

349 1036 401 1064 SED
422 1043 549 1064 CON‘l'RA:
574 1036 598 1062 1.
619 1034 658 1063 Ad
682 1034 817 1062 Romanos
837 1036 937 1070 quarto
950 1032 979 1059 ⁴:
1016 1030 1118 1059 Tradi-

272 1088 318 1112 tus
332 1086 372 1111 est
385 1085 505 1119 propter
526 1081 630 1109 delicta
646 1084 758 1114 nostra,
774 1083 799 1108 ct
811 1079 980 1108 resurrexit
997 1081 1118 1115 propter

271 1129 507 1167 iustificationem
529 1132 682 1156 nostram:
704 1135 770 1164 ergo
791 1127 919 1161 videtur,
944 1126 1020 1164 quod
1042 1125 1119 1154 iusti-

271 1176 361 1205 ficatio
383 1175 417 1204 sit
438 1184 454 1203 a
475 1174 695 1208 resurrectione,
717 1182 771 1201 non
793 1181 809 1201 a
830 1173 965 1210 passione.

349 1224 374 1251 2.
397 1223 480 1255 Item,
496 1222 581 1250 Isaiae
596 1220 811 1258 quadragesimo
826 1220 908 1248 tertio
920 1219 930 1232 ⁵
943 1230 949 1247 :
966 1220 1026 1257 Eyo
1041 1228 1118 1253 suin,

270 1270 322 1308 qui
341 1269 416 1297 deleo
438 1268 606 1306 iniquitates
622 1272 690 1296 tuas
701 1272 822 1304 propter
843 1275 906 1295 me:
929 1274 996 1303 ergo
1018 1265 1120 1294 deletio

270 1320 447 1354 peccatorum
470 1318 629 1343 nostrorum
652 1318 693 1343 est
715 1322 731 1342 a
752 1313 810 1343 solo
831 1313 904 1347 Deo,
933 1321 986 1341 non
1009 1321 1076 1349 ergo
1104 1320 1120 1340 a

270 1363 398 1401 passione
418 1362 528 1391 Christi.

351 1409 376 1438 3.
399 1409 481 1443 ltem,
504 1408 663 1437 iustificatio
684 1416 700 1436 a
721 1407 805 1444 culpa
825 1410 867 1436 est
887 1414 938 1444 per
959 1407 1064 1444 gratiae
1083 1406 1122 1435 in-

271 1456 427 1490 fusionem;
450 1455 499 1484 sed
521 1455 598 1484 solus
618 1454 694 1483 Deus
722 1457 775 1488 est7
807 1454 854 1491 qui
881 1456 971 1490 potest
1002 1453 1121 1490 gratiam

272 1503 435 1537 infundere,
457 1503 529 1531 sicut
552 1501 578 1530 in
600 1501 691 1539 primo
714 1501 785 1530 libro
800 1504 827 1529 et
848 1501 875 1529 in
897 1501 1019 1538 quart0⁰
1033 1504 1122 1529 osten-

272 1551 367 1580 ditur:
390 1558 456 1587 ergo
478 1549 555 1578 solus
576 1549 652 1577 Deus
674 1551 763 1585 potest
784 1549 896 1585 culpam
918 1548 1013 1577 delere
1034 1551 1061 1577 et
1076 1548 1122 1577 ho-

273 1596 377 1625 minem
399 1596 568 1625 iustificare:
592 1603 658 1632 ergo
679 1594 779 1632 culpae
800 1594 901 1623 deletio
922 1597 949 1622 et
964 1593 1122 1622 iustificatio

273 1651 327 1672 non
349 1646 391 1672 est
412 1651 428 1671 a
449 1643 585 1680 passione.

352 1691 379 1718 [ι.
402 1690 484 1724 ilem,
506 1689 575 1718 nihil
597 1688 742 1726 corporale
764 1688 855 1717 inssuit
869 1688 1003 1716 iustitiam
1019 1687 1047 1716 in
1062 1695 1123 1716 rem

275 1737 448 1775 spiritualem
462 1737 471 1750 ⁷
484 1748 491 1771 ;
513 1736 560 1765 sed
583 1736 675 1774 passio
690 1735 791 1764 Christi
807 1735 858 1764 fuit
873 1734 1040 1772 corporalis:
1056 1742 1123 1771 ergo

275 1792 328 1813 non
344 1786 434 1821 potest
448 1783 569 1811 animam
582 1782 733 1811 iustificare
749 1782 808 1810 sive
819 1790 835 1810 a
847 1785 960 1818 peccato
976 1781 1122 1810 mundare.

355 1832 380 1859 5.
403 1831 485 1864 ltem,
507 1837 619 1867 necesse
644 1832 701 1862 est,
734 1828 887 1857 iustificans
919 1835 979 1856 esse
1011 1827 1124 1856 coniun-

276 1881 352 1908 ctum
368 1877 531 1910 iustificato;
547 1876 595 1905 sed
610 1876 702 1913 passio
718 1875 819 1904 Christi
834 1878 876 1903 est
890 1878 972 1903 extra
987 1874 1122 1903 animam:

276 1933 342 1962 ergo
363 1932 418 1952 non
440 1926 530 1960 potest
552 1922 703 1951 iustificare
724 1922 855 1950 animam.

357 1972 382 2000 6.
404 1971 487 2004 item,
509 1970 531 1999 si
553 1970 644 2006 passio
665 1969 767 1997 Christi
789 1972 830 1997 est
852 1976 935 1997 causa
957 1968 1125 1997 iustificatio-

276 2019 320 2047 nis
341 2018 465 2049 animae,
486 2020 535 2045 aut
556 2024 622 2053 ergo
644 2024 694 2053 per
715 2015 830 2044 modum
859 2023 959 2044 causae
987 2015 1125 2043 materia-

278 2065 330 2098 lis,
352 2068 401 2093 aut
422 2072 472 2101 per
505 2063 618 2092 modum
641 2062 798 2100 formalis,
820 2065 868 2090 aut
889 2061 1054 2100 efficientis,
1076 2065 1125 2090 aut

277 2111 385 2149 finatis.
407 2111 465 2139 Non
480 2110 662 2143 materialis,
678 2110 730 2138 hoc
745 2112 865 2143 constat,
881 2109 947 2146 quia
965 2109 1056 2146 passio
1071 2117 1124 2137 non

278 2162 320 2188 est
342 2158 458 2187 materia
478 2157 700 2194 iustificationis;
722 2164 775 2184 non
796 2154 952 2193 formalis,
974 2155 1125 2192 quiaillud

279 2208 320 2234 est
341 2205 448 2242 gratia;
470 2212 524 2232 non
545 2203 710 2242 efficientis,
724 2202 873 2240 quiaillud
893 2205 935 2231 est
957 2202 1049 2234 Deus;
1072 2210 1125 2230 non

278 2252 395 2289 sinatis,
417 2252 483 2289 quia
505 2251 575 2279 illud
597 2253 638 2279 est
659 2250 747 2287 gloria
771 2252 902 2278 aeterna:
925 2256 992 2286 ergo
1013 2251 1064 2277 etc.
1093 2248 1127 2277 Si

280 2299 432 2332 iudicas,
464 2298 537 2335 quod
568 2297 670 2334 passio
702 2296 805 2325 dicitur
834 2295 1000 2330 iustificare,
1029 2295 1056 2324 id
1085 2298 1127 2324 est

936 203 1189 232 SENTENTIARUM
1209 203 1270 231 LlB.
1291 203 1331 231 111.

1169 280 1304 309 Clu-istus
1332 281 1465 317 paticus,
1498 280 1595 308 eadem
1628 279 1734 307 ratione
1756 282 1782 307 et
1809 278 1962 307 ambulatio
1989 282 2016 308 et

1168 327 1337 364 praedicatio
1359 327 1500 355 diceretur
1522 334 1572 355 nos
1588 325 1738 354 iustificare
1753 328 1781 354 et
1796 328 1907 361 peccata
1922 328 2016 354 nostra

1168 374 1278 408 delere,
1300 373 1365 410 quia
1387 373 1514 402 Christus
1535 372 1683 401 ambulans
1714 375 1741 400 et
1774 372 1938 409 praedicans
1966 379 2016 400 nos

1168 419 1329 448 justificavit
1353 423 1380 448 et
1412 423 1524 456 peccata
1546 421 1640 447 nostra
1670 418 1793 452 delevit3
1824 418 1899 454 quod
1924 421 2017 446 tamen

1171 474 1223 494 non
1245 466 1416 504 conceditur.

1250 513 1295 541 Est
1317 513 1399 549 igitur
1427 513 1568 549 quaestio,
1590 512 1711 549 qualiter
1732 511 1833 540 Christi
1857 511 1947 548 passio
1975 513 2035 543 est,
2056 517 2145 558 anestio

1171 567 1261 588 causa
1284 563 1393 588 nostrae
1426 559 1636 588 iustificationis.
1660 559 1689 587 Et
1710 559 1738 587 si
1759 562 1790 586 tu
1812 558 1911 591 dieas,
1941 557 2016 595 quod
2030 541 2148 605 ᾗῗὲᾊςῗῗιῗεῗῑῗ

1172 615 1222 643 per
1244 606 1358 635 modum
1380 606 1499 639 meriti,·
1522 610 1586 635 tunc
1607 609 1649 635 est
1669 605 1811 643 quaestio,
1833 605 1953 642 qualiter
1977 589 2150 651 rc-dssmigsnnirsrqe}

1171 653 1316 682 surrectio
1339 657 1427 691 potest
1455 661 1516 682 esse
1544 661 1629 682 causa
1660 657 1771 682 nostrae
1800 639 2102 687 iustificationis‚⁰¹⁰'¹²'

1173 709 1237 729 cum
1259 700 1387 729 Christus
1408 708 1461 728 non
1484 701 1619 729 meruerit
1642 700 1813 737 resurgendo
1826 700 1845 727 Β.
1866 699 1896 727 Et
1910 699 1932 727 si
1948 703 2023 727 utra-

1173 755 1228 785 que
1249 751 1291 776 est
1305 755 1404 782 causa,
1420 747 1524 776 scilicet
1540 750 1594 775 tam
1607 747 1709 783 passio
1724 755 1808 783 quam
1825 745 2002 774 resurrectio
2011 756 2020 779 ‚-

1174 795 1335 832 quaerstur,
1357 794 1401 823 cui
1424 802 1473 831 per
1495 794 1574 831 prius
1596 794 1741 822 conveniat
1762 797 1789 822 et
1810 792 2001 831 principalius.

1490 880 1703 901 cothusm.

1179 951 1350 987 [ustificatio
1371 954 1475 979 nostra
1496 950 1671 978 attribuitur
1693 949 1812 987 passioni
1841 948 1952 978 Christi
1968 958 2022 986 per

1254 998 1374 1026 modain
1399 997 1499 1026 meriti
1519 997 1752 1030 intervenientis,
1774 996 1898 1033 exempli
1922 1004 2024 1033 prouo-

1257 1045 1352 1073 cantis
1374 1049 1399 1073 ct
1424 1044 1600 1081 exemplaris
1625 1043 1800 1081 dirigentis,-
1826 1042 2024 1072 resurrectioni

1255 1098 1354 1121 autem
1369 1092 1511 1120 tribuitur
1523 1100 1577 1128 per
1592 1091 1711 1119 modain
1727 1090 1846 1118 termini
1856 1089 2022 1128 quietantiS,

1256 1139 1379 1176 exempli
1395 1138 1585 1176 provocantis
1606 1141 1631 1166 et
1652 1137 1829 1174 exemplaris
1850 1136 2012 1174 ciiriycutis.

1258 1218 1436 1246 Ruspoxnuo:
1463 1216 1501 1245 Ad
1525 1216 1731 1253 praedictorum
1754 1215 1963 1252 intelligentiam
1986 1217 2026 1243 est

1177 1264 1347 1298 notandum,
1369 1263 1443 1301 quod
1465 1266 1561 1292 nostra
1591 1262 1748 1291 justificatio
1779 1262 1942 1290 attribuitur
1970 1265 2026 1290 tam
2039 1268 2136 1287 Conclusio
2146 1269 2160 1287 i.

1177 1311 1312 1349 passioni
1322 1319 1405 1348 quam
1422 1310 1645 1343 resurrectioni,
1662 1310 1733 1339 sicut
1748 1309 1868 1338 habetur
1884 1309 1909 1337 in
1926 1308 2025 1337 textu⁰

1178 1363 1205 1387 et
1227 1359 1322 1387 Glossa
1344 1358 1369 1386 in
1393 1357 1524 1394 pluribus
1543 1356 1617 1385 locis.
1634 1356 1710 1385 Unde
1725 1356 1761 1385 ad
1776 1357 1912 1384 Romanos
1926 1358 2026 1393 quarto

1179 1406 1282 1435 dicitur
1304 1412 1389 1442 super
1410 1404 1499 1433 illud:
1522 1404 1647 1432 Mortuus
1669 1407 1709 1431 est
1727 1407 1848 1440 propter
1867 1406 1970 1431 nostra
1985 1402 2028 1431 cle-

1179 1452 1248 1481 licta
1269 1455 1339 1484 etQ:
1367 1451 1533 1487 «Utraque,
1555 1449 1659 1478 scilicet
1692 1457 1767 1477 mors
1799 1452 1826 1478 et
1858 1448 2027 1477 resurrectio

1179 1499 1297 1532 Christi⁷
1320 1498 1421 1527 delicta
1434 1500 1530 1526 nostra
1546 1496 1646 1525 tollunt
1661 1499 1688 1525 et
1702 1499 1822 1533 utraque
1838 1495 1988 1525 iustificant
1999 1507 2026 1524 ».

1259 1546 1383 1574 Attamen
1416 1544 1524 1579 neutri,
1554 1543 1579 1572 id
1607 1547 1648 1572 est
1668 1551 1719 1572 nec
1739 1542 1951 1571 resurrectioni
1978 1550 2027 1571 nec

1177 1592 1328 1630 passioni,
1351 1591 1465 1620 attribui
1485 1594 1575 1628 potest
1586 1590 1709 1627 proprie
1730 1589 1878 1619 causalitas
1900 1588 2029 1618 iustifica-
2041 1595 2137 1615 Conclusio
2146 1596 2160 1615 ε.

1181 1639 1262 1669 tionis
1283 1640 1341 1668 sive
1360 1638 1461 1668 deletio
1476 1638 1590 1675 culpae,
1605 1637 1671 1675 quia
1688 1645 1741 1665 non
1758 1637 1900 1666 invenitur
1914 1636 1949 1665 ibi
1967 1644 2029 1673 pro-

1181 1687 1241 1724 prie
1272 1686 1385 1723 aliquod
1418 1693 1505 1722 genus
1537 1692 1653 1719 causae,
1675 1685 1747 1713 sicut
1778 1684 1805 1712 in
1832 1683 1997 1721 opponendo
2011 1683 2029 1697 ¹⁰

1181 1737 1323 1762 ostensum
1355 1736 1405 1761 est.
1438 1732 1542 1760 Habent
1573 1734 1665 1760 tamen
1697 1730 1879 1759 nihilominus
1904 1730 2027 1767 aliquam
2041 1737 2161 1756 Conclusioa.

1181 1780 1371 1810 causalitatem
1395 1779 1421 1808 in
1444 1780 1511 1813 hoc,
1533 1778 1608 1816 quod
1633 1778 1737 1806 habent
1767 1777 1890 1815 aliquam
1919 1785 2028 1806 causae

1178 1826 1396 1864 proprietatem.
1420 1825 1586 1854 Attribuitur
1601 1825 1674 1854 enim
1690 1825 1734 1854 his
1755 1824 1913 1853 iustificatio
1934 1827 2029 1852 nostra
2041 1831 2157 1858 Quadi-apia

1182 1882 1231 1911 per
1254 1873 1369 1902 modum
1392 1872 1492 1900 meriti
1512 1870 1743 1904 intervenientis,
1759 1871 1833 1908 quod
1850 1870 1964 1908 quidem
1985 1855 2147 1898 lia-⁰⁸⁰⁵³¹¹⁸'⁷⁵'

1181 1921 1228 1949 bet
1248 1919 1437 1957 dispositionis
1458 1919 1592 1947 rationem
1615 1921 1642 1947 et
1656 1918 1753 1947 reduci
1771 1918 1853 1946 habet
1867 1917 1900 1946 ad
1917 1924 2030 1946 causam

1182 1967 1387 1999 materialem;
1408 1974 1458 2003 per
1487 1965 1603 1994 modum
1635 1964 1763 2002 eoeempli·
1785 1964 1976 2002 provocantis
2004 1966 2031 1992 et

1182 2014 1343 2047 excitantis,
1358 2013 1433 2050 quod
1449 2013 1562 2050 quidem
1585 2012 1669 2040 habet
1684 2011 1780 2040 reduci
1796 2011 1830 2040 ad
1847 2019 1960 2040 causam
1976 2019 2032 2039 mo-

1182 2065 1292 2090 ventem
1313 2064 1340 2089 et
1361 2059 1547 2098 efficicntcm;
1562 2067 1611 2096 per
1627 2058 1743 2087 modum
1758 2057 1934 2095 exemplaris
1949 2066 2032 2094 requ-

1184 2108 1289 2142 lautis,
1311 2108 1386 2145 quod
1409 2107 1521 2145 quidem
1544 2107 1629 2135 habet
1650 2106 1747 2135 reduci
1768 2106 1804 2135 ad
1831 2113 1943 2134 causam
1972 2104 2032 2142 for-

1183 2156 1310 2189 malium
1331 2163 1381 2192 per
1404 2155 1517 2184 modum
1541 2154 1660 2183 termini
1680 2153 1853 2192 quietantis,
1876 2152 1952 2190 quod
1974 2152 2032 2189 qui-

1184 2202 1247 2231 dem
1271 2201 1354 2230 habet
1369 2200 1465 2230 reduci
1480 2200 1516 2229 ad
1531 2208 1644 2229 causam
1655 2199 1783 2236 finalem.
1800 2199 1830 2227 Et
1845 2198 1882 2227 ita
1902 2198 1945 2227 his
1966 2198 2032 2227 duo-

1184 2249 1237 2277 bus
1250 2249 1265 2263 ¹¹
1281 2248 1445 2276 attribuitur
1466 2247 1623 2276 iustificatio
1645 2246 1800 2275 secundum
1832 2246 2031 2283 proprietatem

1184 2295 1334 2324 cuiuslibet
1355 2294 1464 2331 generis
1486 2302 1596 2323 causae.

344 2457 350 2470 ¹
370 2457 433 2479 Vers.
452 2457 488 2478 22.
507 2467 536 2471 —
554 2456 606 2484 ch.
624 2455 754 2482 Scripturac
772 2454 835 2476 locus
852 2454 908 2476 ibid.
927 2460 948 2476 v.
969 2453 1005 2476 114.

344 2496 354 2510 2
369 2496 443 2518 Matth.
462 2495 503 2523 26,
522 2495 564 2522 283
583 2494 650 2515 Μαι-ο.
673 2493 710 2521 lsi,
729 2492 769 2520 24;
789 2493 842 2515 Luc.
861 2493 902 2520 22,
922 2493 958 2514 20.

343 2534 352 2549 ³
370 2534 428 2556 Vide
445 2534 481 2555 lV.
498 2534 559 2555 Sent.
577 2533 599 2555 d.
622 2533 639 2555 l.
657 2539 679 2560 p.
698 2533 712 2554 I.
735 2539 756 2561 q.
781 2531 802 2554 4.
821 2538 868 2560 seq.
887 2544 917 2547 ——
933 2531 966 2553 De
982 2530 1072 2554 minori
1088 2531 1127 2553 cfr.

280 2575 337 2596 intra
355 2574 377 2596 d.
396 2574 432 2595 20.
450 2579 472 2601 q.
491 2572 511 2594 4.
530 2573 551 2594 in
570 2572 613 2594 fine
632 2578 708 2600 corp.;
727 2574 781 2593 tom.
800 2571 822 2593 11.
842 2577 864 2599 p.
883 2570 934 2598 433,
950 2574 1001 2593 nota
1023 2571 1040 2598 l,
1058 2574 1080 2593 et
1092 2571 1127 2593 lV.

282 2613 341 2635 Sunt.
360 2613 382 2635 d.
400 2613 422 2634 ll.
441 2613 470 2634 lit.
489 2612 605 2640 Magistri,
623 2618 642 2633 c.
665 2612 682 2633 1.

343 2651 353 2666 4
371 2653 434 2674 Veis
454 2652 490 2673 25.

344 2691 354 2706 5
373 2692 436 2713 Vers.
454 2691 490 2712 25.

345 2730 354 2744 ⁶
372 2730 431 2752 Libr.
452 2730 464 2751 l.
483 2729 506 2751 d.
528 2729 560 2751 11.
578 2736 598 2751 a.
617 2730 637 2751 2.
656 2735 677 2757 q.
697 2729 721 2755 2;
741 2728 776 2750 lV.
795 2728 816 2750 d.
839 2729 856 2750 1.
875 2734 897 2756 p.
916 2728 929 2750 l.
948 2734 970 2757 q.
988 2728 1013 2755 4,
1031 2727 1086 2750 ibid.
1105 2728 1127 2750 d.

288 2770 319 2791 17.
338 2776 360 2797 p.
379 2769 393 2791 l.
411 2775 430 2791 a.
453 2769 470 2790 l.
490 2775 511 2797 q.
534 2769 550 2790 1.
568 2768 654 2790 videsis
672 2768 700 2790 de
717 2767 811 2790 maiori.

345 2808 354 2822 ⁷
372 2809 468 2836 Semper
485 2808 558 2835 enim,
578 2811 601 2829 ut
618 2808 715 2835 Ariston,
734 2807 765 2828 111.
780 2806 807 2828 [lo
825 2807 918 2835 Anima,
937 2809 987 2828 text.
1004 2807 1037 2828 19.
1055 2806 1083 2835 (c.
1097 2806 1128 2835 5.)

284 2849 324 2876 ait,
343 2847 498 2870 honorabilius
514 2850 548 2869 est
573 2853 644 2874 agens
669 2847 774 2874 patiente.
799 2858 831 2862 —
847 2846 897 2868 Mox
923 2852 966 2874 pro
982 2846 1056 2875 potest
1073 2845 1127 2868 edd.

283 2886 365 2914 potuit.

346 2925 356 2939 ὃ
372 2925 415 2947 Ct'r.
434 2931 503 2953 supra
521 2926 551 2947 lit.
570 2925 680 2952 Magistri,
701 2924 723 2946 d.
742 2925 820 2946 xvut.
838 2930 857 2946 c.
880 2925 896 2946 1.
914 2930 986 2953 seqq„
1005 2924 1045 2946 ubi
1063 2925 1129 2946 meri-

284 2967 332 2986 tum
350 2963 479 2985 attribuitur
504 2963 631 2985 actionibus
656 2967 678 2986 et
703 2963 848 2991 passionibus
873 2969 916 2991 pro
943 2965 1046 2990 tempore
1068 2963 1129 2985 vitae

286 3001 393 3023 mortuns.

1246 2453 1256 2467 ⁰
1274 2454 1325 2475 Scit.
1343 2453 1470 2480 Evangelii,
1488 2458 1515 2474 ex
1532 2458 1579 2480 quo
1604 2457 1674 2479 supra
1691 2451 1713 2473 in
1740 2457 1805 2479 argg.
1823 2450 1945 2478 complura
1973 2451 2031 2472 testi-

1186 2493 1261 2514 monia
1279 2492 1343 2514 allata
1361 2494 1420 2514 sunt.
1437 2503 1467 2507 —
1484 2491 1563 2512 Glossa
1586 2496 1656 2518 super
1674 2490 1739 2512 Rom.
1759 2489 1784 2517 4,
1809 2489 1850 2517 25,
1870 2495 1930 2517 quae
1947 2489 1983 2511 hic
2000 2488 2029 2510 al-

1186 2532 1283 2559 legatur,
1302 2530 1398 2553 habetur
1415 2529 1477 2558 apud
1495 2529 1551 2551 l'etr.
1565 2529 1687 2551 Lombard.
1700 2530 1722 2551 in
1736 2529 1796 2551 hunc
1808 2528 1850 2550 loc.
1863 2527 1907 2550 Cfr.
1926 2528 2029 2556 August.¹

1186 2570 1199 2592 l.
1216 2571 1238 2592 in
1259 2570 1401 2592 Pentateuch.
1420 2575 1441 2597 ([-
1464 2569 1512 2590 169.
1532 2572 1552 2591 et
1571 2568 1644 2590 Serm.
1663 2568 1715 2590 236.
1733 2567 1797 2596 (alias
1815 2567 1851 2588 88Δ
1874 2566 1902 2588 dc
1920 2566 2031 2595 Diversis)

1186 2615 1207 2631 n.
1226 2610 1246 2631 1.
1265 2610 1310 2631 Alia
1328 2609 1407 2631 Glossa
1425 2609 1478 2630 huic
1495 2608 1574 2630 similis
1589 2607 1686 2630 habetur
1698 2607 1760 2635 apud
1773 2606 1873 2629 eundem
1892 2606 1947 2628 Petr.
1966 2606 2030 2627 Lom-

1186 2649 1251 2671 bard.
1269 2649 1290 2670 in
1309 2648 1363 2670 illud
1376 2648 1430 2669 Phil.
1449 2648 1469 2674 3,
1492 2647 1530 2669 10:
1548 2646 1586 2669 Ad
1596 2645 1784 2676 coynoseendum
1796 2644 1865 2667 illum
1882 2645 1905 2667 et
1920 2643 2030 2667 virtutem

1185 2687 1367 2711 resurrectionis
1392 2686 1441 2709 cius
1467 2689 1517 2713 etc.,
1544 2692 1603 2714 quae
1628 2685 1706 2707 Glossa
1725 2688 1758 2707 est
1775 2684 1903 2706 secundum
1921 2684 2029 2711 August.⁷

1186 2728 1258 2749 Sei-m.
1280 2728 1328 2749 169.
1347 2727 1411 2753 (alias
1432 2726 1464 2748 15.
1482 2726 1511 2748 de
1537 2725 1618 2748 Verbis
1643 2725 1753 2752 Apostoli)
1775 2730 1795 2746 c.
1820 2724 1851 2745 10.
1871 2729 1892 2745 n.
1915 2723 1947 2744 l2.
1965 2728 2028 2751 seqq.

1186 2770 1208 2789 et
1224 2767 1256 2788 sic
1273 2769 1350 2788 sonat:
1368 2766 1398 2787 Ex
1415 2766 1473 2787 illius
1490 2766 1551 2787 enim
1564 2765 1729 2787 resurrectione
1741 2762 1902 2788 iustificamur,
1921 2764 2032 2790 tanquam-

1186 2806 1245 2827 enim
1263 2811 1275 2827 a
1294 2808 1356 2833 petra
1374 2804 1574 2826 circumcidamur.
1593 2803 1723 2825 Resurrexit
1739 2802 1799 2824 enim
1813 2800 1916 2824 Christus
1933 2802 2027 2828 propter

1186 2844 1367 2866 iustiticationcui
1386 2846 1497 2870 nostram,
1516 2843 1529 2865 i.
1546 2849 1565 2864 e.
1585 2845 1607 2864 ut
1625 2842 1696 2864 iustos
1712 2847 1753 2862 nos
1774 2840 1845 2862 fac-iat.
1864 2839 1889 2860 Et
1905 2844 2029 2866 agnoscam

1186 2883 1260 2905 socios
1277 2883 1389 2910 passionis
1405 2883 1454 2904 eius
1471 2883 1484 2904 i.
1502 2888 1521 2903 e.
1540 2882 1650 2908 fructum,
1667 2880 1706 2908 qui
1731 2879 1793 2901 venit
1809 2884 1835 2900 ex
1853 2878 1960 2900 societate
1977 2883 2030 2905 pas·

1186 2923 1276 2944 sionum
1294 2922 1344 2943 cius
1360 2924 1402 2943 etc.

1250 2960 1268 2974 ¹⁰
1286 2960 1307 2981 ln
1326 2960 1405 2982 ultimo
1423 2966 1472 2987 arg.

1249 2999 1265 3013 ¹¹
1285 2999 1327 3021 Pro
1344 2998 1436 3021 duobus
1453 2997 1519 3020 codd.
1538 2997 1584 3018 ΑΚ
1601 2995 1684 3019 modis.
