2166 3366
13 631 109 652 Conclusio
119 631 137 650 2.

77 958 139 977 Ratio.

0 1564 137 1584 1(Ζοιηὶι-ιιιτιῑιιιπ

0 1849 104 1869 ‚conclusio
115 1850 132 1868 3.

0 2139 1 2142 =
19 2130 88 2157 Solutio
101 2136 134 2154 op-

19 2156 127 2178 positorum.

30 2223 99 2243 Solutio
116 2224 132 2242 l.

746 219 827 246 Dts'r.
851 218 939 247 XXlV.
961 219 1033 247 ΛΒΤ.
1056 218 1083 246 ΙΙ.
1106 218 1241 254 QUiEsT.
1265 218 1303 246 ΙΙΙ.

154 299 208 327 buo
239 298 306 327 illud
337 306 392 335 quo
414 298 483 326 fides
515 297 717 331 saluberrima,
748 304 820 334 qnae
841 297 875 324 ad
900 304 994 325 veram

152 345 351 374 beatitudinem
374 345 467 377 ducit,
488 344 627 380 gignitur,
660 343 799 377 nutritur,
821 343 996 376 defenditur,

152 392 316 425 roboratum
337 399 393 428 qua
414 391 529 419 scientia
551 399 604 418 non
627 390 730 427 pollent
753 390 866 427 plurimi
891 390 996 424 lideles,

152 439 214 468 licet
237 438 355 467 babeant
379 438 500 466 tidem».
524 437 553 465 Et
587 437 742 465 llicliardus
770 438 804 466 de
836 441 931 466 sancto
953 438 995 466 Vi-

151 485 242 514 ctore¹
265 485 343 519 dicit,
365 484 439 521 quod
467 484 525 512 «ad
549 492 581 513 ea
602 492 674 521 quae
690 484 754 512 lidoi
776 488 854 518 sunt,
871 493 923 512 non
941 488 998 513 tan—

152 536 210 561 tum
233 535 349 569 possunt
371 531 467 560 baberi
500 531 620 559 rationes
642 531 817 567 probabiles,
838 531 886 560 sed
913 531 995 560 etiam

151 578 339 613 necessariae,
373 578 435 606 licet
466 586 513 606 eas
542 577 683 606 interdum
713 578 853 614 contingat
885 586 935 606 nos
962 578 997 606 la-

152 630 209 655 tere
220 637 248 653 ».
264 625 340 654 Unde
355 625 457 662 aliquis
471 624 604 656 credens,
620 625 708 653 Deum
724 633 784 653 esse
799 633 901 658 unum,
923 633 997 653 crea-

151 675 238 701 torem
262 672 404 703 omnium,
426 671 447 699 si
470 679 506 699 ex
523 671 678 699 rationibus
694 671 857 700 necessariis
873 671 996 708 tnezpiat

151 719 243 756 ipsum
265 718 338 746 idem
370 726 467 751 nosse,
498 726 552 746 non
574 721 687 754 propter
710 718 761 746 noc
784 718 885 746 desinit
912 718 995 747 sidem

153 766 272 799 liabere;
289 765 331 794 vel
347 765 369 793 si
385 765 467 793 etiam
483 764 570 801 prins
585 768 693 799 nosset,
708 765 778 793 tides
793 765 994 801 superveniens

150 812 233 841 talem
256 811 439 848 cognitionem
462 819 516 839 non
548 811 718 848 expelleret,
750 811 822 840 sicut
843 819 892 847 per
914 819 996 848 expe-

150 859 278 888 rientiam
302 862 383 895 patet.

231 906 307 934 ilatio
328 909 431 937 autem,
453 913 541 942 quare
564 905 625 934 talis
656 905 770 934 scientia
798 905 882 934 simul
906 908 995 942 potest

151 961 211 982 esse
233 953 267 981 de
295 953 393 981 eodem
422 960 486 981 cum
521 952 578 989 ipsa
610 952 678 985 lide,
702 953 757 980 ita²
780 952 855 989 quod
877 960 933 980 una
954 960 996 980 co-

150 1000 236 1036 gnitio
257 1000 373 1028 alteram
397 1008 450 1027 non
473 999 612 1036 expellat,
635 1002 691 1030 cst,
713 1000 779 1036 quia
801 999 915 1028 scientia
935 1007 996 1027 ma-

151 1046 326 1074 nuductione
347 1046 603 1079 ratiocinationis,
626 1046 689 1074 licet
709 1046 832 1083 aliquam
854 1045 995 1074 certitudi-

149 1101 212 1122 nem
236 1093 317 1121 saciat
348 1097 374 1121 et
402 1093 570 1121 evidentiam
602 1092 675 1120 circu
701 1092 811 1125 divina,
834 1092 880 1120 illa
903 1095 994 1120 tamen

149 1140 288 1169 certitudo
309 1143 336 1168 et
357 1139 496 1167 evidentia
512 1147 564 1167 non
587 1142 629 1167 est
643 1139 760 1167 omnino
776 1138 878 1171 clara,
900 1147 995 1176 quam-

149 1186 199 1215 diu
220 1193 320 1215 sumus
343 1186 372 1214 in
393 1185 452 1214 oia.
474 1185 608 1221 Quamvis
629 1185 702 1214 enim
724 1185 825 1222 aliquis
847 1185 933 1222 possit
955 1193 996 1213 ra-

150 1232 271 1261 tionibus
293 1233 456 1261 necessariis
479 1232 614 1269 probare,
636 1233 724 1260 Deum
754 1240 830 1266 esse,
857 1235 884 1260 et
905 1232 994 1260 Deum

148 1287 209 1308 esse
230 1287 335 1312 unum;
357 1283 448 1307 tamen
471 1287 587 1307 reinero
619 1278 710 1315 ipsum
739 1278 865 1307 divinum
888 1288 947 1307 esse
968 1280 996 1307 et

149 1325 237 1363 ipsam
260 1326 306 1354 Dei
330 1325 481 1360 unitatem,
502 1329 529 1353 et
550 1325 669 1362 qualiter
691 1325 737 1354 illa
759 1326 851 1354 unitas
873 1334 926 1354 non
948 1334 995 1355 ex·

148 1372 243 1401 cludat
275 1380 459 1409 personarum
492 1372 701 1409 pluralitatem,
735 1381 788 1401 non
811 1377 919 1410 potest,
943 1373 993 1402 nisi

153 1426 228 1456 «per
250 1419 382 1448 iustitiam
406 1419 468 1447 fidei
491 1419 720 1448 eiiiilntletur³».
737 1419 812 1448 Unde
828 1420 994 1448 illuminatio

149 1470 176 1495 et
197 1466 337 1496 certitudo
360 1466 422 1494 talis
443 1466 574 1494 scientiarv
597 1474 651 1494 non
673 1470 714 1494 est
737 1470 823 1500 tanta,
844 1468 919 1503 quod
949 1467 995 1495 lia-

150 1513 207 1542 bita
229 1513 294 1547 illa,
316 1513 471 1550 superfluat
504 1513 670 1541 illuminatio
702 1513 783 1547 fidei,
806 1513 891 1541 immo
914 1513 993 1542 valde

148 1563 189 1589 est
211 1568 274 1589 cum
298 1559 345 1588 illa
367 1560 677 1596 pernecessaria—Et
698 1560 783 1588 huius
805 1560 916 1596 signum
937 1564 993 1593 est,

148 1607 230 1644 quia,
253 1607 315 1636 licet
336 1607 422 1644 aliqui
445 1607 601 1644 philosophi
625 1607 659 1635 de
683 1607 737 1635 Deo
759 1607 890 1635 sciverint
906 1607 994 1636 multa

148 1661 229 1687 vera,
253 1657 357 1688 tamen,
373 1654 438 1690 quia
454 1653 507 1681 lide
529 1657 696 1684 caruerunt,
720 1654 745 1682 in
768 1653 863 1682 multis
885 1661 995 1682 errave-

147 1703 229 1736 runt,
251 1700 295 1729 vel
310 1701 393 1729 etiam
409 1700 577 1729 defecerunt.
590 1700 716 1729 —Unde
738 1700 810 1729 sicut
831 1700 858 1728 in
881 1708 989 1738 praece-

148 1747 299 1777 dentibus⁴
320 1747 425 1776 dictum
448 1750 505 1781 est,
526 1747 601 1784 qnod
631 1746 700 1776 tides
721 1750 812 1784 potest
833 1750 906 1776 stare
928 1755 991 1776 cum

147 1795 257 1824 visione
276 1794 432 1828 eat-teriori,
454 1795 520 1831 quia
542 1794 589 1822 illa
611 1794 694 1822 habet
716 1794 891 1823 coniunctam
909 1795 992 1823 laten-

147 1842 213 1871 tiam
235 1842 309 1871 circa
330 1849 478 1879 personam
500 1841 618 1875 Clu-isti3
650 1842 689 1869 sic
718 1841 928 1877 intelligendum
951 1845 993 1870 est

147 1889 220 1918 circa
242 1889 367 1917 habitum
391 1888 455 1917 fidei
481 1891 507 1917 et
540 1888 622 1916 talem
645 1887 759 1916 modum
782 1887 901 1922 sciendi,
917 1888 992 1925 quod

147 1939 264 1973 possunt
295 1943 324 1965 se
357 1935 441 1965 simul
474 1935 500 1963 in
532 1934 629 1963 eodem
662 1937 689 1963 et
716 1937 843 1971 respectu
864 1934 990 1963 eiusdem

146 1982 275 2020 compati.
298 1999 335 2003 —-
358 1982 432 2011 Unde
454 1981 647 2011 concedendae
678 1984 744 2010 sunt
765 1981 899 2015 rationes,
920 1989 991 2018 qnae

146 2033 211 2058 sunt
232 2030 265 2058 ad
289 2029 369 2058 istam
393 2032 508 2066 partem.

230 2077 251 2104 l.
274 2076 312 2104 Ad
336 2076 403 2104 illud
427 2084 493 2103 vero
515 2074 588 2112 quod
611 2074 701 2111 primo
730 2074 860 2103 obiicitur
883 2074 909 2102 in
932 2081 993 2102 con-

147 2122 282 2157 trarium,
303 2122 378 2159 quod
407 2122 508 2151 caritas
533 2130 587 2149 non
619 2120 788 2158 compatitur
809 2128 904 2149 secum
927 2120 992 2149 dile-

146 2169 280 2203 ctionem,
313 2177 385 2206 quae
417 2168 607 2206 principaliter
639 2168 773 2196 adhaeret
794 2167 839 2195 alii
874 2168 930 2200 rei;
952 2175 992 2196 re-

147 2216 277 2253 sponderi
290 2218 388 2253 potest,
404 2216 479 2253 quod
495 2208 548 2243 non
563 2219 605 2244 est
619 2214 724 2243 simile:
741 2214 871 2251 quoniam
888 2223 992 2242 antara

148 2263 239 2291 Deum
261 2266 375 2300 propter
396 2267 554 2291 creaturam
569 2261 697 2298 finaliter
720 2261 838 2298 pertinet
860 2261 894 2289 ad
918 2269 992 2289 amo-

147 2317 204 2338 rem
229 2310 354 2347 iniquum
387 2313 413 2338 et
446 2309 640 2342 libidinosum,
662 2308 709 2345 qui
733 2307 816 2336 habet
838 2315 992 2344 repugnan-

145 2357 211 2385 tiam
233 2357 268 2385 ad
290 2364 415 2385 amorem
439 2359 562 2389 rectum3
585 2356 633 2384 sed
655 2355 797 2383 assentire
818 2354 901 2383 alicui
924 2362 990 2383 vero

144 2403 261 2440 probato
292 2407 406 2440 propter
438 2403 573 2431 rationem
606 2402 786 2439 probantem,
813 2401 881 2429 dum
904 2401 990 2429 illatio

1842 216 1898 244 5:23

1053 296 1089 325 sit
1111 304 1176 324 vera
1197 300 1224 324 et
1245 296 1419 329 necessat-ia,
1441 303 1491 323 nec
1507 295 1558 324 lioc
1571 295 1580 307 ‘²
1602 294 1668 323 dicit
1688 297 1831 331 peccatum
1849 302 1898 321 nec

1053 343 1119 372 dicit
1141 350 1283 377 errorem,
1304 346 1331 371 et
1353 342 1414 371 ideo
1436 350 1490 370 non
1512 342 1551 370 sic
1574 342 1657 370 babet
1685 341 1897 378 repugnantiam

1053 390 1087 419 ad
1111 390 1211 424 fidem3
1234 393 1381 427 propterea
1402 398 1456 418 non
1478 393 1520 418 est
1541 389 1640 418 simile.
1662 405 1699 409 —-
1731 388 1782 417 Sed
1805 388 1897 417 adbuc

1055 437 1122 465 illud
1147 445 1199 465 non
1222 436 1304 465 solvit
1326 436 1419 473 plene,
1440 436 1521 473 quia,
1550 435 1686 473 quidquid
1720 435 1755 464 sit
1775 435 1810 463 de
1832 435 1900 463 cari-

1055 487 1124 518 tate,
1147 484 1198 512 ista
1218 483 1275 511 duo
1298 492 1350 511 non
1373 483 1504 511 videntur
1525 483 1609 511 simul
1625 490 1655 511 se
1671 490 1750 519 posse
1765 482 1897 519 compati.

1054 531 1129 567 quod
1150 530 1251 567 aliquis
1272 530 1404 559 assentiat
1435 530 1545 558 veritati
1566 530 1688 558 creditae
1711 533 1831 566 propter
1850 538 1896 561 se,

1054 581 1081 606 et
1101 577 1176 614 quod
1198 577 1330 606 assentiat
1351 577 1374 605 ei
1395 580 1514 614 propter
1536 577 1801 614 attint—Propter
1822 578 1896 614 quod

1055 624 1224 656 notandum,
1245 624 1319 660 quod
1344 623 1411 651 liaeo
1434 623 1602 660 praepositio
1614 627 1734 659 propter
1749 623 1899 660 dupliciter

1056 673 1144 707 potest
1163 669 1265 706 accipi:
1289 678 1344 697 uno
1367 670 1464 701 modo,
1488 673 1571 706 prout
1593 673 1668 698 notat
1683 678 1807 698 can-sanz
1828 670 1900 706 (ina-

1054 717 1126 750 lem‚·
1146 716 1200 745 alio
1227 716 1322 750 modo,
1346 720 1429 753 prout
1450 716 1517 744 dicit
1537 716 1680 744 rationein
1713 720 1899 744 mowntem‘.

1054 764 1078 791 Si
1102 767 1185 800 prout
1206 763 1273 791 dicit
1293 771 1417 791 causam
1431 762 1560 799 finalem,
1582 763 1621 791 sic
1637 771 1689 791 non
1707 766 1795 800 potest
1811 771 1897 791 unuin

1053 814 1080 839 et
1102 811 1174 839 idem
1206 810 1288 838 credi
1318 813 1432 847 propter
1460 818 1489 838 se
1511 813 1538 838 et
1571 813 1684 846 propter
1713 810 1806 843 aliud,
1829 810 1899 838 sicut

1053 857 1155 886 amari
1176 866 1229 885 non
1262 860 1351 893 potest
1383 860 1496 893 propter
1518 864 1547 885 se
1575 860 1602 885 et
1631 861 1744 893 propter
1765 857 1851 885 aliud.
1873 857 1898 884 Si

1053 904 1126 933 dicat
1147 904 1291 932 rationein
1312 907 1482 936 monentem,
1506 912 1570 932 cum
1594 903 1689 940 piures
1712 904 1817 940 possint
1839 912 1898 932 esst*

1053 950 1183 979 rationes
1203 954 1345 978 moventes
1365 951 1399 978 ad
1432 950 1641 979 assentiendum
1675 951 1721 979 uni
1745 954 1772 979 et
1792 951 1899 981 eidem.

1053 997 1125 1026 sicut
1146 999 1235 1033 potest
1257 1005 1312 1024 una
1333 996 1474 1025 conclusio
1505 997 1617 1033 probari
1649 1005 1702 1033 per
1728 1005 1851 1025 causam
1874 1001 1899 1024 ct

1050 1052 1103 1080 per
1124 1042 1271 1081 effectum,
1294 1047 1382 1080 potest
1404 1044 1486 1072 etiam
1509 1043 1622 1080 probari
1646 1052 1695 1081 per
1720 1044 1835 1082 aliquid
1856 1054 1900 1072 er-

1053 1090 1196 1118 trinsecus
1217 1094 1244 1118 et
1276 1098 1325 1126 per
1356 1090 1473 1128 aliquid
1495 1090 1690 1121 intritus-ecus:
1721 1088 1835 1120 sic‘non
1858 1095 1899 1119 est

1054 1137 1261 1168 inconveniens,
1293 1137 1367 1173 quod
1399 1138 1500 1174 aliquis
1531 1137 1663 1166 assentiat
1685 1137 1767 1166 alicui
1791 1138 1897 1166 veritati

1053 1187 1166 1221 propter
1187 1192 1217 1212 se
1238 1188 1265 1213 et
1287 1188 1400 1221 propter
1431 1184 1525 1217 aliud,
1547 1185 1666 1213 diversis
1689 1189 1780 1213 tamon
1804 1185 1900 1213 babiti-

1054 1232 1105 1260 bus
1127 1235 1154 1260 et
1175 1231 1452 1260 considerationibus
1475 1248 1513 1252 --
1538 1232 1590 1260 sed
1623 1241 1672 1260 nec
1704 1232 1797 1260 adbuc
1830 1232 1897 1260 illud

1053 1278 1132 1314 plene
1154 1278 1251 1312 solvit,
1273 1277 1338 1314 quia
1360 1277 1462 1306 dicitur
1485 1278 1592 1307 loannis
1614 1282 1715 1315 quarto
1726 1279 1744 1313 7,
1766 1279 1840 1315 quod
1863 1279 1900 1306 di-

1053 1328 1157 1353 xerunt
1178 1325 1343 1353 Samaritani
1366 1325 1526 1354 credentes:
1550 1326 1614 1354 lanz
1636 1335 1694 1353 non
1706 1329 1826 1362 propter
1843 1335 1901 1354 σω·-

1052 1371 1120 1400 bunt
1143 1375 1226 1400 titum
1247 1372 1411 1406 crodinmw
1432 1372 1507 1409 quod
1529 1376 1570 1401 cst
1592 1373 1709 1401 verbum
1726 1372 1848 1409 lidei‚et
1864 1373 1900 1400 ita

1052 1419 1179 1453 videtur,
1201 1418 1276 1455 quod
1297 1426 1429 1447 assensus
1453 1419 1515 1447 fidei
1532 1427 1584 1447 non
1601 1420 1787 1456 compatiatur
1802 1427 1896 1448 secum

1052 1473 1196 1494 assensum
1212 1465 1357 1499 scientiae,
1370 1466 1416 1502 qui
1431 1465 1637 1502 principaliter
1651 1466 1777 1494 innititur
1789 1466 1896 1494 rationi.
1912 1481 1914 1485 ·

1053 1529 1090 1532 ——
1114 1513 1144 1540 Et
1166 1516 1314 1549 propterea
1336 1512 1487 1541 voluerunt
1507 1512 1592 1549 aliqui
1616 1513 1724 1547 dicere,
1749 1513 1823 1550 quod
1849 1513 1898 1541 etsi

1052 1566 1104 1587 non
1128 1558 1241 1587 tollatur
1262 1559 1381 1595 cognitio
1402 1562 1538 1595 quantum
1561 1559 1595 1587 ad
1618 1558 1767 1592 lntbllttrn,
1791 1559 1897 1587 tollitur

1052 1610 1143 1634 tamen
1165 1609 1302 1642 quantum
1325 1606 1358 1633 ad
1382 1610 1496 1639 aetum,
1519 1605 1584 1642 quia
1606 1614 1659 1634 non
1688 1607 1770 1635 babet
1793 1607 1847 1635 iam
1870 1607 1898 1635 il-

1052 1653 1105 1681 lius
1128 1660 1227 1687 usnm,
1257 1661 1306 1681 nec
1339 1656 1454 1681 motum.
1477 1669 1515 1673 —-
1536 1653 1610 1681 lstud
1634 1657 1725 1681 tamon
1750 1662 1802 1681 non
1818 1662 1897 1691 opor-

1052 1703 1089 1728 tet
1111 1699 1216 1734 dicere,
1239 1707 1288 1728 nec
1311 1699 1422 1728 videtur
1454 1707 1514 1728 esse
1546 1700 1729 1734 conveniens,
1755 1701 1829 1738 quod
1851 1701 1898 1729 ali-

1050 1747 1112 1784 quis
1135 1746 1217 1775 habet
1239 1745 1388 1780 stabiliant,
1410 1750 1437 1775 et
1459 1755 1512 1775 non
1545 1747 1631 1784 possit
1663 1747 1767 1776 habere
1788 1756 1876 1776 usum
1890 1771 1898 1781 ,

1051 1794 1174 1822 maxime
1195 1802 1258 1822 cum
1282 1801 1335 1832 non
1358 1793 1458 1822 habeat
1480 1794 1629 1830 potentiam
1653 1794 1764 1831 ligatam
1782 1802 1831 1831 per
1852 1795 1899 1823 ali-

1050 1841 1124 1878 quod
1147 1840 1387 1877 impedimentum.

1131 1888 1160 1915 Et
1182 1890 1330 1924 propterea
1351 1890 1440 1923 potest
1462 1887 1532 1920 dici,
1553 1888 1628 1924 quod
1661 1888 1773 1924 quando
1795 1888 1897 1925 aliquis

1050 1934 1134 1963 simul
1156 1937 1198 1962 est
1218 1933 1312 1961 sciens
1333 1937 1360 1961 et
1382 1933 1517 1967 eredens,
1539 1933 1651 1962 babitus
1683 1934 1747 1962 tidei
1773 1937 1847 1963 tenet
1870 1935 1895 1962 in

1049 1988 1082 2009 eo
1104 1980 1308 2017 principatum3
1329 1983 1356 2008 et
1379 1980 1440 2008 ideo
1457 1980 1518 2008 talis
1532 1980 1540 1992 ⁸
1563 1988 1677 2009 assensn
1696 1980 1758 2009 fidei
1780 1981 1895 2010 assentit

1051 2027 1102 2064 ipsi
1125 2027 1237 2056 Veritati
1262 2030 1376 2064 propter
1396 2033 1441 2061 se,
1464 2027 1500 2055 ita
1521 2027 1594 2064 quod
1625 2031 1747 2064 propter
1769 2028 1835 2056 dicit
1857 2036 1896 2056 ra-

1050 2074 1152 2102 tionem
1175 2074 1364 2110 principaliter
1387 2077 1552 2102 moventem.
1575 2075 1695 2103 Assensu
1710 2075 1791 2103 etiam
1813 2075 1898 2103 scien-

1050 2121 1103 2149 tiae
1124 2120 1238 2149 assentit
1260 2120 1350 2148 eidem
1373 2123 1487 2156 propter
1511 2120 1661 2154 rationem,
1685 2120 1721 2148 ita
1735 2121 1810 2157 quod
1830 2129 1896 2157 pro-

1047 2170 1110 2203 pter
1133 2175 1186 2194 non
1208 2166 1274 2195 dicit
1297 2166 1430 2195 rationem
1457 2167 1647 2204 principaliter
1674 2167 1765 2203 ipsum
1787 2175 1896 2195 moven-

1050 2217 1112 2242 tem.
1125 2213 1258 2249 Quamvis
1272 2216 1365 2241 autem
1382 2222 1435 2241 non
1448 2213 1535 2250 possit
1546 2222 1635 2242 unum
1650 2217 1676 2242 et
1692 2213 1765 2242 idem
1780 2213 1895 2242 credero

1048 2263 1162 2296 propter
1183 2267 1212 2288 se
1233 2262 1260 2288 et
1283 2263 1395 2296 propter
1415 2260 1501 2294 aliud,
1525 2260 1560 2288 ita
1575 2260 1650 2296 quod
1671 2261 1710 2288 sic
1731 2264 1758 2289 et
1779 2261 1818 2289 sic
1840 2268 1897 2289 cre-

1047 2307 1095 2335 dat
1107 2306 1329 2344 principantem
1344 2310 1435 2335 tamen
1448 2310 1569 2343 propter
1580 2316 1609 2335 se
1621 2311 1647 2335 et
1658 2311 1779 2344 propter
1791 2307 1876 2335 alind
1885 2308 1895 2320 ⁹

1047 2354 1116 2382 bene
1140 2357 1254 2390 possunt
1276 2361 1304 2381 se
1326 2353 1444 2389 compati
1466 2353 1501 2381 ad
1518 2353 1648 2386 invicem,
1664 2354 1700 2382 ita
1716 2354 1788 2390 qnod
1806 2362 1893 2382 unum

1046 2401 1080 2429 sit
1103 2400 1283 2437 principale,
1308 2402 1335 2428 et
1354 2400 1430 2428 aliud
1453 2400 1488 2428 sit
1508 2400 1700 2428 subserviens.
1725 2401 1799 2429 Unde
1824 2401 1893 2429 illud

208 2548 215 2562 ¹
234 2548 294 2570 Libr.
313 2548 327 2569 l.
345 2548 373 2569 dc
392 2548 454 2569 'ri-in.
473 2554 491 2569 c.
511 2547 536 2572 4,
555 2547 617 2575 qnod
636 2547 802 2574 testimonium,
821 2548 857 2568 liic
872 2546 990 2568 abbrevia-

145 2590 204 2613 tum,
222 2588 337 2614 integrum
356 2587 453 2609 liabetur
471 2587 485 2608 l.
504 2587 564 2608 Seni.
583 2592 686 2613 prooem.
705 2592 727 2614 q.
746 2587 766 2607 2.
785 2585 888 2607 fundam.
906 2586 926 2606 2.

206 2625 216 2639 ‘2
234 2625 276 2647 Pro
294 2625 326 2647 im
343 2625 396 2647 odd.
415 2626 442 2647 et.

209 2663 218 2678 3
234 2664 366 2685 Secundum
385 2665 488 2691 August,
507 2664 520 2685 l.
539 2663 567 2685 de
590 2663 651 2685 Trin.
670 2670 689 2684 υ.
714 2664 734 2685 2.
758 2669 778 2684 n.
803 2662 828 2690 l,
852 2665 920 2690 prout
942 2663 991 2684 eins

145 2701 215 2724 ieron
234 2708 246 2723 a
273 2702 379 2729 Magistro
406 2702 535 2724 reseruntur
553 2702 566 2723 l.
592 2702 652 2723 Seni.
670 2702 692 2723 d.
719 2702 741 2723 ll.
769 2707 787 2723 c.
819 2703 850 2724 l.:
869 2702 908 2723 cl'r.
934 2701 990 2723 ibid.

144 2740 271 2763 comment.
290 2741 345 2763 dub.
368 2742 384 2762 l.
402 2744 423 2763 et
442 2741 462 2762 2.
480 2753 511 2756 -—
523 2741 564 2762 Pro
582 2739 723 2762 emundrno·
734 2740 787 2762 edd.
810 2741 853 2767 1‚2
872 2746 924 2762 cum
943 2740 990 2767 plu-

143 2779 208 2802 ribus
233 2779 300 2801 codd.
324 2779 466 2802 emendetur.
486 2779 553 2801 Paulo
577 2779 671 2800 inferius
692 2778 759 2800 codd.
783 2778 829 2799 Al(
844 2778 859 2799 Z
886 2779 991 2800 omittunt

144 2823 199 2841 cnm
216 2821 267 2840 ante
284 2817 326 2840 illa
342 2817 526 2847 pernecessaria.

209 2857 218 2870 ⁴
235 2857 326 2885 Quaest.
348 2857 365 2879 1,
378 2869 408 2872 ——
420 2856 483 2879 Circa
503 2857 570 2878 tinem
583 2862 646 2884 corp.
666 2857 714 2878 Vnt.
732 2858 783 2883 post
800 2855 902 2885 compati
913 2855 990 2878 adiun-

146 2896 179 2923 git
196 2895 305 2924 quamvis
321 2901 369 2917 non
386 2895 517 2918 secundnm
535 2894 602 2917 idem.

208 2935 218 2949 ⁵
236 2936 278 2957 l‘ro
294 2941 337 2957 nec
354 2935 397 2958 hoc
421 2934 488 2957 codd.
507 2935 551 2956 Ati
571 2933 614 2957 lioc
636 2939 691 2956 vnon.
710 2934 778 2955 l‘aulo
802 2936 853 2955 ante
871 2940 912 2962 pro
933 2933 989 2956 dnm

146 2974 197 2996 Vnt.
214 2974 271 2996 (luni
283 2974 358 2997 morlo.
377 2974 444 2995 l'anlo
462 2974 556 2995 inferius
574 2979 617 2995 non
637 2973 703 3000 pauci
718 2972 784 2994 codd.
803 2973 908 2994 omittunt
919 2972 992 2995 simut

146 3016 197 3035 ante
215 3019 239 3035 se
254 3019 321 3041 posse
338 3012 446 3041 computi.

1111 2545 1120 2559 ⁶
1139 2545 1182 2567 cfr.
1201 2545 1223 2566 ΙΙ,
1242 2546 1302 2566 Sunt.
1320 2545 1342 2566 d.
1361 2545 1397 2566 38.
1416 2552 1436 2566 a.
1459 2546 1476 2566 l.
1495 2551 1516 2573 q.
1535 2545 1556 2566 3.
1575 2545 1604 2567 ad
1625 2545 1642 2567 l.

1110 2585 1120 2600 ⁷
1136 2586 1200 2607 Vers,
1220 2585 1259 2612 4-2,
1278 2585 1316 2607 ubi
1335 2585 1431 2613 Vulgata
1450 2591 1492 2613 pro
1510 2584 1605 2607 rerlncnz
1629 2586 1698 2607 inum
1719 2585 1809 2607 exbibet
1827 2586 1893 2607 luam

1049 2623 1183 2653 loquelam,
1204 2630 1273 2652 qnam
1287 2624 1405 2645 lectionem
1417 2627 1439 2645 et
1456 2624 1512 2645 infra
1531 2624 1589 2646 circu
1604 2624 1671 2645 linem
1690 2624 1756 2645 solut.
1769 2624 1790 2645 S.
1809 2624 1893 2645 Bonan

1049 2663 1140 2690 recepit.
1159 2674 1188 2677 —
1201 2662 1247 2683 Non
1266 2664 1294 2683 ita
1313 2662 1383 2683 multo
1402 2667 1452 2689 post
1469 2668 1511 2689 pro
1529 2661 1604 2691 aliqui
1620 2661 1696 2684 ‹licei-e
1713 2662 1763 2684 rod.
1782 2663 1802 2684 ti
1820 2662 1895 2691 aliqui

1048 2700 1174 2723 ostendere.
1192 2700 1294 2722 Subinde
1313 2701 1376 2722 multi
1393 2700 1460 2722 codd.
1479 2701 1585 2722 omittunt
1601 2700 1666 2730 qnod
1682 2703 1732 2722 anto
1744 2700 1788 2723 elsi
1803 2704 1824 2723 et
1842 2707 1893 2722 mm

1049 2746 1091 2767 pro
1108 2739 1200 2762 tollitur
1217 2741 1296 2762 lumen,
1312 2741 1423 2767 scriptum
1443 2739 1526 2762 nabent
1544 2739 1635 2762 tollitur
1651 2741 1737 2762 aulem.

1110 2778 1120 2792 ὃ
1137 2779 1165 2800 lta
1186 2778 1253 2800 codd.
1267 2778 1284 2800 H
1295 2778 1299 2799 l
1311 2778 1326 2799 L
1337 2778 1354 2800 T
1373 2782 1430 2806 11tc‚;
1443 2778 1510 2800 codd.
1523 2779 1539 2800 A
1550 2780 1567 2799 G
1578 2779 1596 2800 t<
1608 2779 1623 2800 Z
1633 2778 1664 2800 bb
1683 2785 1724 2800 noc
1742 2785 1785 2800 non
1805 2778 1858 2800 edd.
1876 2779 1893 2806 l,

1049 2818 1062 2838 ‘2
1081 2816 1135 2839 talis
1151 2823 1269 2839 assensus.
1289 2817 1338 2839 Vat.
1357 2823 1409 2839 cnm
1429 2818 1508 2844 paucis
1525 2817 1592 2839 codd.
1610 2816 1653 2839 tuli
1668 2823 1775 2840 assensn.

1111 2856 1120 2871 ¹³
1139 2857 1188 2878 Vnt.
1206 2860 1280 2878 tamen
1296 2857 1394 2885 propter
1410 2862 1434 2878 se
1445 2855 1608 2885 principaliter
1625 2857 1647 2879 et
1655 2857 1754 2885 propter
1771 2856 1838 2879 aliud
1851 2856 1894 2879 nii-

1048 2901 1094 2917 nus
1111 2894 1280 2925 principaliter.
1300 2896 1321 2916 ln
1340 2895 1383 2917 line
1399 2896 1464 2917 solut.
1483 2895 1536 2917 edd.
1562 2895 1649 2917 addunt
1669 2896 1696 2918 El
1711 2902 1754 2924 prr
1770 2895 1814 2918 hoc
1828 2896 1894 2924 patet

1049 2933 1170 2963 responsio
1188 2934 1220 2956 ad
1233 2934 1340 2963 primum
1358 2936 1535 2963 armunenlnm.
1552 2947 1584 2950 —
1602 2935 1660 2957 llaec
1677 2935 1759 2957 solutio
1777 2936 1797 2956 in
1811 2941 1835 2957 re
1848 2941 1892 2957 non

1050 2972 1125 2994 diflert
1142 2979 1153 2994 a
1172 2973 1192 2994 2.
1210 2973 1336 3001 solutione,
1355 2979 1414 3001 quim
1432 2974 1454 2994 in
1473 2974 1516 2995 lioc
1533 2973 1619 3001 delicit,
1638 2974 1701 3002 quod
1722 2974 1837 2996 obiectum
1862 2975 1893 2995 lo-

1051 3017 1104 3033 cum
1122 3012 1253 3039 Scripturae
1270 3012 1319 3039 (cir.
1338 3018 1391 3040 pag.
1410 3012 1465 3040 522,
1484 3016 1535 3034 noto
1555 3013 1584 3041 3.)
1603 3019 1647 3035 non
1666 3013 1745 3035 solvat.

1913 393 1953 410 Non
1964 394 2009 410 sntt‘n
2019 395 2039 409 il.

1912 580 1984 598 Salutio
1998 581 2014 597 2.

1915 1234 1954 1252 Non
1976 1235 2029 1257 plu-nu:

1912 1258 1973 1276 solvit.

1912 1468 1982 1486 <aluino
1996 1469 2013 1486 lx.

1916 1659 2040 1682 lun-robatur.

1910 1896 1981 1922 §nlntio
1994 1901 2028 1913 nu-

1922 1921 1987 1937 rinus.
