2166 3366
148 1177 177 1194 Ad
190 1176 264 1200 opposi-

184 1202 228 1218 tum.

275 201 332 230 364

274 280 375 313 tentis;
397 279 445 307 sed
468 278 596 306 voluntas
627 277 728 306 Christi
761 277 916 306 secundum
944 276 1121 305 Divinitatem

275 326 373 355 eadem
396 328 437 354 est
452 333 516 353 cum
534 324 675 353 voluntate
690 324 839 352 mittentis:
855 331 922 360 ergo
936 331 1049 353 necesse
1063 326 1123 357 est,

275 372 349 409 quod
372 371 499 400 Christus
521 370 653 399 habuerit
669 370 839 398 voluntatem
856 370 1012 398 secundum
1027 369 1125 398 huma-

276 420 393 448 nitatemv
406 421 433 447 et
448 418 604 447 secundum
621 417 817 445 Divinitatem:
832 424 899 453 ergo
914 416 1012 445 habuit
1028 416 1124 453 plures

275 466 441 494 voluntates.

354 514 380 540 ἰ).
403 512 486 546 Item,
508 512 713 545 Damascenus,
742 511 824 539 tertio
853 508 962 538 libr0¹:
990 510 1124 538 «Habere

275 568 339 589 euin
362 559 481 588 dicimus
502 558 529 587 in
552 558 663 587 duabus
694 558 803 587 naturis
835 556 958 594 duplicia
989 564 1022 585 ea
1053 564 1124 593 quae

276 611 341 636 sunt
363 607 485 635 duarum
508 609 674 634 naturarum
698 605 852 639 naturalia,
875 604 946 633 duas
968 603 1125 632 voluntates

275 654 434 688 naturales,
457 657 484 682 et
505 652 628 682 divinam
651 655 678 681 et
700 652 894 680 humanam».

355 701 380 729 3.
404 701 488 735 Item,
511 699 625 729 cuilibet
646 703 764 728 naturae
780 698 960 727 intellectuali
976 698 1126 735 respondet

276 749 424 782 voluntas3
447 747 495 776 sed
519 748 545 775 in
568 747 677 776 Christo
699 747 812 775 fuerunt
833 746 931 783 plures
952 748 1069 773 naturae
1089 745 1126 773 in-

275 795 464 829 tellectuales,
497 795 569 823 sicut
600 794 627 822 in
659 791 916 831 praecedentibus2
938 794 1125 820 monstratum

276 846 335 872 est:
358 850 424 879 ergo
446 841 542 878 plures
565 840 730 869 voluntates.

356 889 382 917 li.
405 888 489 923 ltem,
510 887 638 916 Christus
671 886 806 921 ineruit³‚
839 886 887 915 sed
910 886 1042 914 meritum
1072 893 1125 913 non

277 939 318 965 est
350 936 401 964 nisi
434 934 590 963 secundum
622 933 795 962 voluntatem
828 936 970 967 creatam3
999 932 1127 960 Christus

277 983 359 1011 etiam
382 982 475 1010 onmia
497 981 621 1015 creavit,
643 980 691 1009 sed
714 980 817 1009 creatio
839 988 893 1008 non
915 982 956 1008 est
978 979 1029 1008 nisi
1052 987 1068 1007 a
1083 987 1128 1007 vo-

278 1029 382 1057 luntate
405 1028 544 1056 increata:
567 1035 633 1064 ergo
665 1027 793 1055 Christus
824 1026 923 1054 habuit
955 1025 1125 1054 voluntatem

276 1077 427 1105 increatam
447 1079 475 1103 et.
496 1078 633 1104 creatam:
653 1082 720 1111 ergo
735 1074 834 1102 habuit
848 1073 945 1110 plures
960 1073 1126 1101 voluntates.

355 1123 487 1151 CONTRA:
506 1123 530 1150 1.
546 1122 748 1155 Damascenus,
764 1120 791 1148 in
807 1120 879 1148 libro
898 1120 979 1148 tertio
991 1119 1014 1147 ⁴:
1032 1130 1046 1144 «
1057 1120 1128 1156 Quo-

277 1178 342 1199 rum
363 1169 519 1198 substantia
540 1172 582 1197 est
603 1168 717 1202 eadem,
749 1168 850 1196 borum
880 1170 907 1195 et
929 1167 1059 1195 voluntas
1086 1169 1128 1195 est

277 1217 395 1251 eadem;
418 1219 444 1245 et
466 1224 588 1253 quorum
610 1215 722 1244 diversa
737 1214 882 1247 voluntas,
898 1214 1001 1242 horum
1017 1213 1128 1242 diversa

277 1264 471 1297 substantiau3
493 1263 542 1291 sed
565 1262 659 1291 divina
680 1266 782 1290 natura
804 1264 831 1289 et
850 1261 974 1290 humana
989 1260 1127 1289 uniuntur

268 1312 304 1340 ‘in
326 1311 435 1340 Christo
458 1311 484 1339 in
506 1310 612 1338 unitate
634 1308 806 1346 hypostasis,
829 1316 900 1345 quae
916 1311 957 1337 est
972 1307 1128 1337 substant-ia

278 1359 439 1393 individua,
462 1359 500 1386 ita
521 1357 596 1394 quod
619 1357 645 1385 in
668 1357 778 1385 Christo
800 1364 854 1384 non
876 1359 941 1384 sunt
963 1355 1060 1392 plures
1082 1355 1129 1391 hy-

278 1410 419 1444 postases,
441 1405 489 1434 sed
512 1413 585 1433 una:
609 1412 675 1441 ergo
697 1404 717 1432 si
742 1403 768 1432 in
791 1403 901 1432 Christo
923 1411 977 1431 non
996 1406 1038 1431 est
1052 1409 1130 1439 repe—

279 1453 335 1482 rire
356 1453 453 1490 plures
476 1452 653 1488 hypostases,
675 1458 726 1479 nec
748 1450 844 1487 plures
865 1450 1032 1478 voluntates.

358 1501 384 1528 2.
406 1499 489 1533 ltem,
512 1498 642 1526 voluntas
663 1497 727 1526 facit
754 1497 908 1531 volentem,
937 1504 1004 1533 ergo
1031 1496 1129 1533 plures

279 1547 437 1575 voluntates
458 1545 564 1574 faciunt
584 1545 681 1582 plures
703 1544 846 1578 volentes;
868 1544 914 1573 sed
939 1543 1067 1572 Christus
1088 1545 1129 1571 est

278 1594 379 1623 unicus
400 1592 514 1621 volens:
537 1600 604 1628 ergo
626 1591 739 1620 unicam
762 1594 869 1619 tantum
903 1590 1002 1619 habuit
1034 1590 1129 1618 volun-

278 1644 363 1669 tatem
376 1640 394 1668 ⁵.

358 1687 489 1721 3.1tem,
512 1686 641 1714 voluntas
670 1688 712 1714 est
740 1685 810 1714 illud
838 1685 864 1713 in
889 1685 1016 1719 homine,
1044 1692 1130 1721 penes

279 1734 353 1772 quod
376 1734 480 1763 residet
502 1733 626 1770 regimen
648 1736 676 1761 et
697 1732 852 1761 dominium
882 1732 1008 1760 omnium
1030 1739 1127 1760 eorum

279 1789 351 1818 quae
373 1783 497 1817 aguntur
520 1780 546 1808 in
569 1779 628 1816 ipso
650 1782 677 1807 et
699 1786 749 1815 per
771 1779 863 1815 ipsum
876 1789 883 1812 3
905 1778 957 1806 hoc
978 1781 1072 1806 autem
1102 1778 1128 1805 in

279 1828 389 1857 Christo
411 1836 464 1855 non
488 1830 577 1864 potest
598 1834 659 1855 esse
681 1826 732 1854 nisi
756 1833 844 1854 unum
867 1825 974 1859 solnm,
994 1825 1059 1862 quia
1075 1833 1129 1853 non

280 1877 397 1912 possunt
418 1882 479 1902 esse
501 1873 584 1910 plura
606 1872 777 1901 dominantia
799 1872 825 1900 in
845 1880 901 1900 uno
917 1875 943 1900 et
957 1872 1055 1900 eodem
1071 1871 1131 1900 abs-

280 1930 335 1958 que
357 1921 546 1950 controversia
560 1920 587 1948 ⁰:
610 1928 676 1956 ergo
698 1927 810 1948 necesse
830 1922 886 1953 est,
903 1919 929 1947 in
946 1919 1055 1947 Christo
1069 1926 1129 1947 esse

281 1968 452 1997 voluntatem
476 1976 559 1996 unam
584 1967 680 1995 solam.

360 2015 386 2043 li.
410 2015 492 2049 ltem,
516 2014 541 2042 in
565 2014 674 2042 Christo
702 2017 744 2042 est
773 2016 881 2041 tantum
903 2021 960 2041 una
982 2012 1131 2049 personali-

283 2066 339 2094 tas,
355 2062 420 2099 quia
436 2061 619 2099 personalitas
634 2061 700 2089 dicit
716 2060 917 2089 nobilissimam
935 2060 1130 2094 conditionem,

954 199 1205 229 SENTENTIARUM
1229 199 1288 227 [ΑΒ.
1310 199 1349 226 lll.

1180 284 1252 313 quae
1273 277 1414 313 reperitur
1436 277 1462 305 in
1486 276 1642 305 substantia
1657 276 1785 304 rationali
1796 277 1820 311 ⁷3
1836 276 1884 305 sed
1900 276 2029 305 voluntas

1180 326 1222 351 est
1245 323 1449 352 nobilissimum
1472 326 1499 351 et
1521 330 1685 359 supremum
1720 323 1891 351 substantiae
1914 323 2029 351 rationa-

1181 370 1233 398 lis:
1256 378 1323 406 ergo
1345 371 1416 399 sicut
1438 370 1464 398 in
1486 369 1596 398 Christo
1617 373 1660 398 est
1679 378 1735 398 una
1750 372 1857 398 tantum
1881 370 2030 407 personali-

1182 419 1239 451 tas,
1262 416 1298 444 ita
1320 416 1448 451 videtur,
1470 416 1544 453 quod
1568 416 1602 445 sit
1624 418 1733 444 tantum
1754 424 1811 445 una
1831 416 1973 446 voluntas.

1491 507 1711 539 'concrufflo

1324 604 1359 632 ln
1383 603 1497 632 Clzrz'sto
1516 604 1619 641 plures
1639 595 1708 633 stim
1729 603 1899 632 voluntates.

1264 698 1443 726 RESPONDEO:
1465 698 1637 732 Dicendum,
1668 698 1743 735 quod
1776 706 1840 738 cum
1871 698 1898 726 in
1923 698 2031 727 Christo

1185 745 1239 774 sint
1260 745 1357 782 plures
1379 748 1495 773 naturae
1511 744 1729 778 intellectuales,
1748 745 1876 774 videlicet
1897 745 1991 774 divina
2005 749 2032 774 et
2045 753 2145 774 Conclusio.

1184 792 1323 825 humana,
1346 799 1457 832 necesse
1479 794 1535 825 est,
1551 791 1579 819 in
1594 791 1704 820 Christo
1719 791 1815 828 plures
1829 799 1889 820 esse
1910 792 2033 820 volunta-

1185 842 1233 867 tes.
1249 855 1287 859 -—
1298 839 1374 867 Sicut
1395 838 1468 867 enim
1485 838 1512 866 in
1528 846 1583 866 una
1604 841 1705 866 natura
1727 838 1864 875 corporali
1880 838 1964 867 nobili
1980 839 2032 867 ista
2045 847 2105 866 nano.

1185 884 1241 913 duo
1263 892 1292 913 se
1313 884 1550 919 concomitantur,
1573 884 1702 913 videlicet
1723 884 1774 912 lux
1796 887 1823 913 et
1843 884 1937 919 calor3
1953 885 1992 914 sie
2006 889 2033 914 et

1185 931 1211 959 in
1234 935 1335 959 natura
1356 931 1494 968 spirituali
1523 931 1645 968 perfecta
1667 939 1779 960 necesse
1810 935 1852 960 est
1879 932 1936 961 duo
1957 940 2034 970 repe-

1185 979 1235 1007 riri
1257 979 1301 1007 his
1322 979 1434 1007 duobus
1456 978 1719 1015 correspondentia,
1752 978 1881 1008 videlicet
1905 979 2034 1016 cognitio-

1187 1034 1250 1055 nem
1273 1029 1299 1055 et
1320 1026 1513 1060 affectionem,
1536 1026 1586 1054 sed
1608 1026 1726 1063 cognitio
1747 1030 1789 1054 est
1809 1029 1888 1055 actus
1910 1027 2032 1061 rationis,

1185 1077 1212 1101 et
1234 1072 1361 1102 affectio⁸
1383 1073 1542 1101 voluntatis.
1566 1073 1634 1101 Cum
1657 1081 1724 1110 ergo
1739 1073 1765 1101 in
1781 1073 1891 1102 Christo
1906 1073 1960 1102 sint
1974 1073 2034 1111 plu-

1186 1129 1231 1149 res
1254 1124 1370 1149 naturae
1402 1120 1578 1158 spirituales,
1601 1120 1790 1149 necessarium
1813 1123 1854 1150 est
1875 1121 1902 1149 in
1925 1121 2035 1149 Christo

1188 1175 1291 1204 ponere
1313 1167 1409 1204 plures
1438 1167 1596 1196 intellectus
1627 1170 1654 1196 et
1682 1167 1779 1204 plures
1811 1167 1986 1199 voluntates:
2007 1171 2035 1196 et

1186 1215 1239 1243 hoc
1262 1215 1417 1243 n·1anifestat
1446 1214 1574 1251 Magister
1597 1214 1623 1242 in
1646 1214 1760 1243 littera⁹
1783 1223 1833 1251 per
1854 1214 2034 1244 multimodas

1187 1263 1350 1291 Sanctorum
1372 1262 1560 1291 auctoritates.
1573 1278 1611 1282 -—
1622 1262 1699 1290 Unde
1713 1265 1741 1290 et
1755 1262 1949 1291 concedendae
1970 1265 2035 1291 sunt

1187 1308 1308 1336 rationes
1329 1308 1364 1336 ad
1387 1308 1458 1335 hanc
1480 1311 1586 1344 partem
1611 1307 1748 1336 inductae.
2140 1330 2144 1333 .

1267 1356 1291 1382 l.
1313 1354 1351 1383 Ad
1373 1354 1441 1382 illud
1467 1362 1532 1383 vero
1554 1354 1629 1391 quod
1651 1354 1793 1388 obiicitur,
1816 1355 1890 1392 quod
1912 1363 2034 1392 qnorum
2048 1363 2159 1390 Solutioop-

1187 1401 1343 1430 substantia
1363 1405 1404 1429 est
1425 1401 1539 1434 eadem,
1562 1405 1589 1429 et
1611 1401 1739 1429 voluntas
1754 1405 1795 1429 est
1816 1402 1930 1435 eadem;
1946 1402 2036 1431 dicen—
2050 1388 2154 1410 ⁹⁰⁵¹²⁰mm'

1187 1449 1271 1482 dum,
1303 1448 1377 1485 quod
1410 1447 1577 1476 substantia
1609 1448 1712 1476 dicitur
1740 1448 1950 1485 multipliciter:
1979 1457 2036 1478 uno
2056 1456 2166 1483 Substantia¹

1188 1495 1270 1523 inodo
1291 1495 1394 1523 dicitur
1416 1495 1570 1523 substantia
1592 1495 1665 1523 idem
1688 1495 1761 1532 quod
1784 1495 1908 1524 essentia
1926 1496 1971 1524 vel
1985 1480 2147 1524 na-m⁰¹²¹¹’¹⁰¹‘

1188 1546 1279 1575 tum,-
1298 1542 1352 1571 alio
1375 1542 1457 1570 inodo
1479 1542 1582 1570 dicitur
1603 1542 1759 1571 substantia
1780 1541 1853 1570 idem
1877 1542 1951 1579 quod
1970 1551 2036 1580 sup-

1183 1589 1312 1626 positum
1322 1589 1348 1616 ¹⁰.
1364 1589 1552 1617 Dainascenus
1563 1594 1656 1617 autem
1674 1589 1700 1617 in
1717 1589 1857 1625 praedicta
1871 1589 2035 1619 auctoritate

1187 1636 1286 1673 accipit
1308 1636 1492 1665 substantiam
1522 1644 1572 1672 pro
1598 1635 1722 1664 essentia
1744 1635 1786 1664 vel
1809 1639 1930 1664 natm-a.
1952 1638 2036 1673 Argu-

1187 1686 1312 1711 mentum
1336 1691 1402 1712 vero
1425 1683 1450 1711 in
1473 1682 1645 1711 contrarium
1678 1682 1832 1711 adductum
1855 1682 1980 1719 procedit
2001 1683 2036 1712 de

1187 1730 1519 1767 substantia-supposito
1541 1729 1599 1760 sive
1621 1729 1792 1763 substantia,
1814 1738 1886 1767 quae
1905 1733 1947 1759 est
1968 1730 2037 1759 indi-

1188 1777 1291 1812 vidua,
1313 1780 1340 1805 et
1355 1778 1407 1806 hoc
1428 1780 1503 1814 patet
1525 1785 1574 1814 per
1596 1777 1688 1814 ipsum
1711 1777 1913 1805 Damascenum
1927 1777 1953 1805 ¹¹.
1976 1777 2036 1814 Ipse

1188 1825 1261 1853 enim
1284 1824 1350 1853 dicit
1371 1824 1427 1852 sic:
1456 1824 1645 1858 «Naturales,
1668 1827 1693 1852 et
1708 1832 1762 1852 non
1784 1824 1986 1861 hypostaticas,
2008 1824 2036 1852 id

1188 1874 1230 1899 est
1241 1871 1410 1907 personales,
1425 1871 1517 1899 aimus
1533 1870 1689 1899 voluntates
1704 1882 1730 1904 »3
1746 1874 1773 1899 et
1788 1871 1839 1899 hoc
1854 1870 1954 1908 probat
1968 1871 2036 1908 ipse,

1188 1918 1254 1955 quia
1274 1918 1301 1946 in
1324 1917 1414 1946 tribus
1436 1918 1563 1954 personis
1585 1925 1641 1946 una
1663 1921 1704 1946 est
1725 1917 1871 1952 voluntas,
1892 1926 1946 1946 non
1976 1925 2038 1955 pro-

1189 1969 1251 2002 pter
1272 1966 1407 1994 unitatem
1431 1965 1458 1993 in
1479 1966 1622 2001 personis,
1645 1965 1693 1993 sed
1716 1968 1830 2002 propter
1845 1965 1987 2001 ¹unitatem
2009 1965 2036 1993 in

1188 2015 1297 2040 natura.

1268 2060 1294 2087 Ξ.
1317 2058 1355 2087 Ad
1378 2058 1447 2086 illud
1470 2058 1543 2095 quod
1567 2058 1713 2093 obiicitur,
1736 2058 1810 2095 quod
1830 2057 1959 2086 voluntas
1973 2057 2037 2086 facit

345 2220 352 2233 ¹
372 2220 403 2242 De
422 2220 475 2242 Fide
493 2219 583 2241 orthod,
601 2225 619 2241 c,
640 2219 675 2240 «13.

345 2259 354 2273 2
372 2259 426 2281 Dist.
445 2260 465 2280 2.
484 2265 504 2281 a.
523 2259 543 2280 2.
562 2265 584 2287 (1.
603 2259 632 2285 ἐς
658 2258 680 2280 d.
703 2258 738 2279 tt.
757 2265 776 2279 a.
796 2258 816 2279 3.
835 2264 856 2286 q.
880 2258 896 2279 l.
915 2264 963 2286 seq.
981 2256 1026 2279 Cfr.
1045 2257 1080 2278 bic
1103 2257 1132 2278 lit.
1153 2253 1160 2255 ”

283 2299 394 2326 Magistri,
414 2304 432 2320 c.
451 2299 472 2320 2.
489 2310 520 2314 —
538 2297 604 2325 Quod
623 2298 643 2318 in
662 2296 750 2319 maiori
766 2297 908 2324 enuntiatur,
927 2296 956 2318 ah
974 2297 1078 2324 Ariston„
1096 2296 1132 2317 lV.

283 2338 363 2365 Topic.
381 2343 400 2359 c.
419 2337 440 2364 5,
459 2343 501 2359 nee
518 2343 562 2358 non
582 2337 613 2358 lli.
632 2336 660 2358 (le
679 2337 770 2364 Anima,
789 2338 840 2357 text.
860 2335 895 2357 42.
915 2337 944 2361 (c.
962 2336 992 2363 9.)
1012 2336 1044 2357 sic
1062 2336 1133 2363 expri-

282 2377 366 2398 mitur:
394 2376 415 2397 ln
442 2376 597 2397 ratiocinativa
624 2375 685 2396 enim
711 2375 817 2397 voluntas
842 2374 871 2396 fit.
890 2373 934 2396 Cfr.
953 2374 1008 2396 ibid.
1026 2377 1077 2396 text.
1096 2373 1132 2395 50.

283 2415 311 2442 (c.
334 2415 385 2443 10.).
402 2426 434 2430 —
451 2415 573 2441 Maximus,
593 2414 701 2441 Disputat.
720 2419 773 2435 cum
792 2414 891 2441 Pyrrho,
911 2414 954 2435 hoc
971 2419 1019 2440 arg.
1032 2414 1054 2434 in
1073 2414 1133 2435 bunc

284 2454 379 2476 modum
398 2454 499 2481 profert:
518 2453 637 2482 Siquidem
650 2454 719 2480 igitur
732 2458 811 2475 natura
825 2454 882 2475 inest
895 2452 1075 2480 intelligentibus
1088 2458 1133 2474 mo-

284 2497 319 2515 tus
337 2493 421 2515 liberae
440 2493 557 2520 potestatis
568 2499 572 2520 ;
591 2493 660 2520 igitur
677 2498 745 2514 omne
758 2492 886 2519 intoltigvns
898 2492 966 2514 etiam
979 2491 1083 2513 facultate
1095 2497 1133 2513 vo-

284 2532 375 2553 luntatis
401 2531 531 2559 praeditum
558 2534 614 2553 est...
633 2531 720 2558 Quodsi
737 2536 805 2552 omne
823 2530 950 2557 intelligens
968 2530 1035 2551 ctiam
1053 2531 1133 2550 natura

284 2571 407 2593 voluntatis
424 2571 529 2592 facultate
551 2570 680 2598 praeditum
699 2572 743 2595 est,
761 2569 869 2597 Densque
887 2568 990 2591 Verbum
1009 2574 1063 2590 vere
1081 2574 1133 2590 caro

285 2611 371 2632 ratione
389 2610 500 2632 utentium
514 2615 540 2631 ac
552 2609 725 2636 intelligentium
738 2614 802 2630 inore
815 2609 912 2630 animata
926 2608 998 2629 factus
1010 2610 1054 2635 est;
1067 2607 1134 2635 plane

284 2649 319 2677 fit,
333 2652 368 2677 ut,
383 2652 404 2671 et
416 2655 461 2677 qua
475 2650 544 2670 bomo
562 2650 619 2676 erat⁷
633 2648 693 2669 idem
706 2647 883 2669 substantialiter
896 2647 1018 2668 voluntatis
1030 2647 1134 2668 facultate

285 2689 404 2717 praeditus
421 2691 487 2710 esset.
506 2687 549 2710 Cfr.
568 2688 685 2713 Damasum,
703 2687 734 2708 ΙΙΙ.
753 2686 781 2708 de
799 2686 853 2708 Fide
870 2686 959 2708 orthod.
978 2692 996 2707 c.
1015 2685 1051 2707 ν14,
1063 2688 1085 2707 et
1101 2686 1133 2707 18.

285 2734 326 2749 nee
344 2734 388 2749 non
407 2728 511 2749 eiusdem
529 2733 610 2755 opusc.
629 2727 656 2748 de
669 2726 764 2748 Duabus
776 2726 797 2747 in
811 2724 900 2747 Christo
912 2724 1076 2747 voluntatibus.
1089 2724 1133 2747 Cfr.

284 2768 352 2789 etiam
371 2767 456 2788 Martini
475 2767 497 2794 l,
516 2767 585 2794 Epist.
603 2766 624 2788 3.
642 2768 664 2787 et
682 2765 702 2787 4.

348 2805 356 2819 3
374 2805 418 2828 Cfr.
438 2805 495 2827 Infra
514 2805 536 2827 (1.
560 2805 591 2826 18.
611 2811 651 2832 per
669 2807 746 2826 totam.
758 2816 789 2819 —
801 2803 832 2825 De
845 2802 934 2825 minori
945 2804 984 2825 cfr.
998 2809 1067 2830 supra
1081 2809 1133 2830 pag.

286 2845 342 2872 330,
362 2847 412 2866 nota
432 2845 452 2866 9.

348 2882 357 2897 ⁴¹
374 2883 406 2905 De
423 2883 476 2904 Fide
494 2882 584 2905 orthod.
603 2888 621 2904 c.
644 2881 676 2909 t-t,
696 2881 801 2909 pluribus
817 2881 939 2903 interiectis
956 2882 1008 2908 post
1024 2879 1135 2903 voluntas

285 2923 318 2944 es!
336 2922 423 2944 etiamn.
442 2921 487 2944 Cfr.
507 2922 583 2949 Hasd,
603 2922 671 2949 Epist.
694 2921 741 2942 189.
759 2921 823 2948 (alias
836 2920 882 2947 80.)
902 2926 922 2941 n.
941 2920 962 2941 6.
980 2923 1001 2941 et
1019 2920 1040 2941 8.

350 2960 359 2974 ⁵
376 2961 496 2988 Maximus,
516 2961 626 2987 Disputat.
652 2966 705 2981 cuin
725 2960 825 2986 Pyrrho:
847 2968 857 2978 «π
870 2959 891 2980 Si
910 2960 979 2986 igitur
997 2965 1056 2980 unus
1074 2957 1134 2980 Chri-

285 3002 345 3027 stus,
360 3002 467 3027 tanquam
481 3005 540 3021 unus
553 2999 646 3020 omniuo
659 2999 726 3020 etiam
740 2997 837 3019 volebat.
851 2997 937 3025 Quodsi
954 2999 1062 3025 tanquam
1076 3003 1135 3019 unus

1190 2215 1293 2245 volebat,
1314 2223 1357 2239 una
1376 2222 1471 2244 prorsus
1489 2218 1522 2238 est
1539 2219 1561 2238 et
1577 2217 1626 2238 eius
1644 2217 1761 2243 voluntas,
1780 2221 1824 2237 non
1842 2215 1925 2237 duae...
1936 2215 1984 2237 Non
1997 2221 2039 2243 po-

1191 2258 1233 2278 test
1251 2256 1311 2283 fieri,
1330 2256 1385 2284 quin
1403 2261 1446 2277 una
1473 2260 1526 2277 cum
1549 2255 1706 2277 voluntatibus
1723 2255 1790 2276 etiam
1809 2254 1912 2276 volentes
1928 2253 2039 2276 inducan-

1191 2298 1227 2317 tur
1238 2303 1261 2317 ».
1278 2295 1350 2317 Huius
1367 2294 1501 2316 obiectionis
1528 2294 1704 2316 fundamentum
1721 2298 1755 2315 est
1772 2293 1827 2315 illud
1845 2294 1949 2315 axioma:
1968 2293 2038 2315 Actio-

1191 2340 1231 2356 nes
1247 2336 1300 2356 sunt
1317 2335 1499 2362 suppositorum.

1254 2373 1263 2388 θ
1282 2374 1382 2401 Pyrrhus
1399 2375 1420 2395 in
1439 2377 1564 2396 memorata
1583 2373 1741 2401 Disputatione
1756 2373 1801 2394 ait:
1822 2372 1878 2393 Fieri
1899 2377 1943 2393 non
1957 2373 2038 2399 potest,

1191 2416 1216 2435 ut
1233 2414 1253 2435 in
1272 2419 1316 2435 una
1335 2419 1431 2441 persona
1445 2413 1504 2435 duae
1516 2414 1566 2440 sint,
1580 2413 1621 2434 alia
1638 2412 1674 2434 alii
1687 2412 1834 2439 compositae,
1847 2411 1975 2433 voluntates
1987 2410 2039 2432 abs·
2160 2407 2166 2437 i,

1191 2459 1236 2481 quc
1254 2453 1411 2474 contrarietate
1429 2448 1490 2478 (ἄνευ
1509 2450 1662 2479 ἐνατιώσεως),
2160 2448 2165 2476 ,l

1253 2490 1263 2505 ⁷
1280 2491 1324 2513 Cfr.
1342 2497 1413 2518 supra
1437 2491 1458 2513 d.
1477 2490 1498 2512 ὃ.
1516 2498 1536 2513 a.
1555 2491 1575 2512 2.
1594 2497 1615 2519 q.
1635 2491 1660 2517 2,
1679 2489 1701 2511 d.
1720 2489 1741 2511 6.
1759 2495 1779 2511 a.
1798 2489 1818 2511 2.
1837 2495 1858 2517 q.
1878 2489 1885 2509 Ἰ1
1899 2506 1904 2516 ,
1922 2488 1944 2510 d.
1966 2488 1999 2510 10.
2017 2494 2037 2510 a.
2163 2474 2165 2523 4

1196 2531 1212 2551 t.
1232 2536 1252 2557 τι.
1272 2530 1293 2551 2.
1312 2542 1341 2545 —-
1358 2530 1389 2551 De
1406 2529 1496 2552 ἠιίηονὶ
1512 2529 1552 2552 cfr.
1571 2529 1594 2551 ll.
1612 2530 1672 2551 Sent.
1690 2528 1712 2550 d.
1732 2527 1808 2555 20:1³.
1827 2528 1840 2549 l.
1854 2534 1875 2556 q.
1889 2528 1914 2554 (5,
1928 2527 2038 2549 scholion.

1190 2583 1221 2586 -
1239 2570 1307 2591 Paulo
1324 2570 1431 2597 superius
1448 2575 1490 2596 pro
1515 2575 1564 2591 uua
1587 2567 1748 2597 personalitas
1769 2566 1836 2589 codd.
1855 2566 1897 2588 FT
1915 2572 1965 2588 una
1987 2565 2038 2588 solu
2163 2557 2166 2603 i

1190 2606 1356 2636 personalitas.

1253 2645 1263 2659 ⁸
1281 2645 1336 2668 Edd.
1355 2646 1391 2668 hic
1408 2648 1515 2673 repetunt
1531 2646 1606 2668 (ictus.
2162 2652 2163 2674 i

1254 2684 1263 2699 9
1282 2685 1321 2706 llic
1339 2691 1357 2706 c.
1376 2685 1396 2706 2.
1414 2696 1446 2700 —
1464 2685 1505 2706 Pro
1523 2683 1676 2706 vizultimodas
1694 2683 1744 2705 cod.
1762 2683 1778 2704 Z
1795 2681 1892 2704 multas.
2162 2675 2164 2702 i

1257 2724 1275 2738 ¹⁰
1293 2724 1351 2746 Vide
1368 2724 1470 2751 Ariston,
1489 2723 1518 2745 de
1540 2723 1678 2745 Praeda-ani.
1697 2728 1716 2744 c.
1735 2722 1763 2743 de
1781 2720 1930 2748 Substantia,
1950 2723 1972 2742 et
1994 2721 2039 2742 Vll.

1192 2764 1289 2791 Metapli.
1307 2765 1358 2785 text.
1376 2763 1398 2784 7.
1417 2766 1439 2785 et
1455 2762 1491 2784 53.
1511 2762 1555 2789 (Vl.
1574 2768 1593 2784 c.
1612 2762 1632 2783 3.
1650 2765 1672 2783 et
1691 2760 1744 2783 ilii).

1256 2802 1273 2816 ¹¹
1293 2802 1353 2824 Libr.
1365 2802 1396 2824 tlt.
1410 2802 1438 2824 dc
1457 2802 1509 2823 Fide
1527 2801 1617 2823 orthod.
1631 2807 1649 2822 c.
1667 2800 1699 2822 14.
1714 2799 1830 2826 probatio,
1844 2798 1872 2820 de
1884 2804 1929 2826 qua
1942 2798 1966 2820 sit
1978 2804 2038 2820 men-
2161 2801 2162 2830 t

1193 2843 1234 2869 tio,
1253 2845 1285 2863 est
1303 2841 1405 2863 ibidem:
1430 2841 1452 2862 Si
1476 2841 1535 2862 enim
1558 2838 1694 2868 personales
1716 2844 1766 2860 esse
1783 2837 1976 2864 concesserimus,
1995 2841 2038 2859 tres

1192 2882 1282 2902 sanctae
1309 2880 1424 2901 Trinitatis
1451 2885 1561 2905 personas
1583 2878 1688 2900 diversae
1705 2878 1762 2898 inter
1779 2882 1803 2897 se
1825 2875 1948 2897 voluntatis
1970 2878 2038 2904 atque

1192 2919 1286 2941 actionis
1305 2919 1432 2940 necessario
1450 2918 1554 2939 dicemus
1567 2916 1611 2942 (cd.
1630 2917 1720 2943 Migne).
1732 2926 1764 2930 —
1777 2914 1831 2936 N'oci
1849 2913 1972 2936 individua.
1988 2915 2037 2936 vat.

1192 2957 1268 2979 adiicit
1284 2957 1415 2979 uaturu.1n
1433 2956 1484 2978 cod.
1503 2957 1519 2977 Α
1538 2956 1648 2982 scriptum
1666 2958 1699 2975 est
1715 2952 1763 2975 sire
1779 2958 1839 2981 quae
1856 2953 1890 2974 est
1905 2951 2037 2974 substantia

1191 2995 1321 3018 individua.
