2166 3366
0 701 2 721 t
9 696 58 721 Quid
67 695 126 719 gratia

27 720 126 743 singularis

27 747 123 768 personae.

2 837 62 856 Gratia
73 836 126 854 univ>

13 860 41 879 uis
57 860 126 878 dieitur

0 895 2 900 .
11 883 115 907 tripliciter.

12 1259 58 1279 Item
69 1259 128 1283 gratia

0 1293 1 1298 =
11 1283 86 1307 eapitis.

0 2008 104 2027 >Conclusio
116 2008 132 2026 l.

752 190 835 218 DIST.
857 190 920 218 Xlll.
942 190 1015 218 ART.

450 276 661 297 CONCLUSIO.

140 362 248 390 Gratia
269 362 376 398 eapitis
397 371 416 390 a
435 362 538 399 qratia
556 361 675 389 unionis
695 365 720 389 et
740 361 906 397 siiiyttlaris
918 370 982 398 per-

214 417 302 437 sonae
329 409 491 437 secundnm
517 408 650 436 diversa-s
675 408 910 444 comparationes
940 407 981 436 oet

214 455 325 493 differt,
354 455 398 483 vel
425 459 466 483 est
497 455 613 488 eadem,
641 455 692 482 sed
723 458 754 482 ut
784 454 895 483 habitus
923 463 981 482 ‘non

214 502 355 539 importat
382 501 476 530 aliam
505 500 654 534 habitam,
682 501 734 529 sed
761 501 840 529 alias-
867 509 982 538 compa-

215 553 353 577 rationes.

217 642 392 670 Resroivnno:
416 642 453 670 Ad
476 641 681 678 praedictorum
706 641 913 678 intelligentiam
941 645 983 670 est

140 689 305 722 notandum,
327 689 401 725 quod
416 689 504 725 gratia
525 688 690 726 sinyalaris
707 697 848 725 personae
869 689 982 725 proprie

139 735 262 763 nominat
283 735 422 769 habitum,
449 735 606 769 secundum
634 742 716 771 quem
739 734 831 763 anima
857 738 897 763 est
926 735 982 763 Deo

139 782 236 811 similis
257 785 284 810 et
305 786 426 819 accepta.
449 782 500 810 Sed
524 782 610 818 gratia
634 782 751 809 unioni-s·
773 782 875 810 dicitur
898 781 983 819 tripli—

139 830 219 861 citer,
248 830 319 858 sieut
341 829 515 865 praedictum
545 829 595 857 fuit
624 837 710 865 supra
731 829 746 856 ¹.
780 829 837 857 Uno
862 837 982 865 namque

140 876 222 904 modo
250 876 352 904 dicitur
371 875 475 913 qratia
503 876 620 903 unionis
646 875 734 912 gratia
761 874 875 912 faciens
903 875 984 903 anio-

139 930 221 954 nem:
241 925 267 950 et
289 922 327 950 sie
349 921 473 949 nominat
494 921 624 950 divinam‘
639 922 801 955 essentiam,
824 930 895 958 quae
925 922 983 950 sola

139 972 180 997 est
201 968 277 997 illius
299 968 409 997 unionis
437 976 529 996 rausa.
552 969 609 996 Alio
638 968 721 997 modo
740 968 843 1005 pratia
864 968 983 996 unionis

139 1016 241 1044 dicitur
262 1015 351 1052 gratia
373 1015 527 1052 disponens
542 1016 576 1044 ad
600 1015 730 1044 unionem
747 1015 781 1044 de
803 1024 940 1052 congruog
957 1019 983 1044 et

139 1063 177 1091 sic
193 1063 316 1091 nominat
337 1062 497 1099 qualitatem
513 1066 648 1096 creatam,
664 1062 768 1092 scilieet
787 1062 912 1090 habitum
929 1063 984 1091 ani-

141 1117 209 1138 mae.
225 1109 317 1138 Tertio
333 1109 415 1137 modo
436 1109 539 1138 dicitur
552 1109 655 1147 qratia
670 1109 801 1143 unionis,
824 1110 851 1138 id
868 1114 909 1138 est
924 1111 984 1147 ipsa

141 1156 210 1184 wnio
228 1156 326 1193 gyratis
340 1155 439 1193 factem
460 1156 540 1184 etsie
563 1156 686 1184 nominat
706 1156 793 1193 ipsam
812 1156 983 1185 relationem.

219 1203 377 1232 Secundum
401 1203 452 1231 hoc
473 1203 555 1231 etiam
575 1203 799 1239 intelligendum,
822 1204 896 1240 quod
916 1212 985 1241 yra-

141 1250 183 1278 tia
203 1249 309 1286 eapitis
325 1253 414 1286 potest
430 1249 472 1277 liis
494 1250 584 1278 tribus
607 1250 696 1278 modis
711 1250 807 1287 accipi.
829 1250 886 1279 Uno
903 1251 984 1279 modo

142 1300 231 1334 potest
259 1297 402 1325 nominare
428 1296 611 1333 principium
640 1296 799 1334 effectivam
828 1305 927 1326 sensus
958 1301 985 1326 et

143 1347 234 1372 motus
249 1343 403 1380 spiritualis
425 1343 451 1371 in
468 1343 601 1372 membris
622 1343 737 1375 Christi:
759 1348 786 1372 et
801 1343 839 1372 sic
861 1344 985 1372 nominat

141 1392 232 1428 ipsum
258 1391 343 1419 Deum
366 1394 392 1419 et
414 1398 464 1427 per
489 1391 742 1428 appropriationem
769 1391 903 1428 Spiritum
927 1400 985 1419 san-

141 1442 225 1467 ctum.
248 1437 306 1466 Alio
329 1437 410 1465 modo
431 1438 554 1466 nominat
569 1438 674 1474 ipsum,
697 1438 771 1475 quod
787 1438 914 1475 disponit
935 1446 985 1475 per

143 1484 256 1513 modum
279 1484 369 1512 meriti
392 1487 418 1512 et
439 1484 660 1521 praeparationis
681 1484 715 1512 ad
736 1484 907 1513 influentiam
932 1492 986 1513 mo-

142 1535 187 1560 tus
208 1534 235 1559 et
257 1538 355 1559 sensus
377 1534 505 1567 respectu
520 1531 669 1560 cuiuslibet
690 1531 824 1564 membri3
839 1534 866 1559 et
888 1531 925 1560 sic
941 1540 986 1560 no-

143 1578 229 1606 minat
251 1577 377 1606 habitum
405 1577 513 1606 animae
542 1577 657 1611 Christi,
679 1585 729 1614 per
754 1585 838 1614 quem
859 1578 986 1606 Christus

143 1625 221 1653 nobis
244 1624 354 1653 meruit.
374 1624 466 1652 Tertio
482 1624 563 1652 modo
583 1624 686 1662 qratia
701 1624 807 1661 eapitis
827 1628 917 1661 potest
932 1625 985 1653 dici

144 1673 203 1709 ipsa
226 1671 363 1709 yrataita
375 1670 591 1708 praesidentia,
614 1679 698 1708 quam
715 1671 789 1700 Deus
811 1672 896 1708 gratis
911 1672 986 1705 fecit,

143 1719 210 1747 dum
242 1718 363 1746 Verbum
391 1725 472 1746 suum
500 1717 580 1746 nobis
605 1718 779 1754 praeposuit,
805 1718 876 1746 sicut
904 1721 988 1754 caput

144 1765 286 1794 membris.
315 1764 452 1793 Omnibus
485 1764 528 1792 his
560 1764 650 1793 modis
678 1764 705 1792 in
734 1765 853 1793 diversis
880 1765 989 1793 Sancto-

146 1820 208 1841 rum
224 1811 438 1840 auctoritatibus
459 1815 485 1840 et
500 1811 603 1840 Glossis
624 1811 766 1840 invenitur
787 1811 876 1848 gratia
890 1812 988 1849 capitis

145 1858 231 1895 accipi
248 1858 266 1886 ².

224 1905 249 1933 Si
266 1905 350 1941 igitur
363 1905 466 1942 qratia
482 1904 587 1942 eapitis
599 1908 625 1933 et
640 1904 758 1933 unionis
772 1904 896 1933 nominat
907 1904 990 1942 prin—

147 1953 255 1990 cipium
271 1951 431 1990 effectivam
451 1952 525 1980 illius
540 1952 741 1980 coniunctionis
755 1955 782 1981 et
804 1955 915 1981 nostrae
931 1960 990 1981 san-

147 1999 319 2028 ctificationis
341 1999 514 2036 spiritualis;
536 1998 574 2027 sic
601 1999 672 2027 idem
696 1999 840 2027 nominant
864 2002 891 2027 et.
915 1999 988 2027 idem

147 2049 212 2075 sunt
226 2050 361 2083 quantum
377 2045 412 2074 ad
428 2045 580 2082 principale
596 2045 797 2082 significatum,
812 2046 916 2074 scilicet
930 2046 989 2083 ipse

148 2094 233 2126 Deus,
257 2092 299 2122 vel
319 2092 438 2129 Spiritus
459 2097 586 2126 sanctus;
608 2096 635 2121 et
655 2096 696 2121 est
722 2092 877 2121 differentia
899 2093 989 2121 solum

148 2143 283 2177 quantum
306 2140 340 2168 ad
366 2143 561 2173 connotatum,
583 2139 647 2176 quia
674 2139 763 2176 gratia
783 2139 902 2168 unionis
930 2148 992 2168 con-

149 2190 224 2216 notat
238 2187 366 2216 effectum
383 2187 456 2216 circa
468 2186 622 2217 Christum.
638 2187 726 2224 gratia
741 2187 847 2223 eapitis
861 2187 990 2216 effectum

148 2233 221 2262 circa
237 2233 362 2262 membra
374 2233 488 2267 Cliristi3
504 2238 531 2262 et
546 2234 679 2262 differunt
693 2242 709 2262 a
724 2233 813 2270 gratia
827 2234 993 2271 sinyutaris

147 2289 303 2318 personae,
325 2280 396 2309 sicut
416 2281 569 2309 increatum
588 2288 605 2308 a
619 2285 725 2314 creato,
744 2281 816 2309 sicut
837 2281 931 2309 divina
953 2289 994 2310 es-

149 2327 237 2356 sentia
258 2327 293 2355 ab
313 2327 410 2356 habitu
433 2328 552 2364 gratiae,
574 2335 657 2364 quem
681 2328 810 2356 infundit.
825 2344 863 2348 —
877 2328 902 2356 Si
928 2336 992 2356 vero

131 2398 140 2406 2
150 2375 259 2404 dicatur
271 2374 374 2412 qratia
390 2374 508 2403 um'onz's
523 2378 550 2403 et
571 2374 676 2411 eapitis
692 2375 752 2412 ipsa
772 2375 843 2404 unio
855 2375 993 2412 yratttz'ta

11 2427 108 2447 Conclusio
118 2428 135 2445 2,

150 2425 177 2450 et
194 2421 414 2458 praesidentia,-
429 2421 467 2449 sic
489 2424 554 2449 sunt
569 2421 696 2450 diversae
719 2421 866 2450 relationes
881 2425 907 2449 et
923 2430 994 2450 com-

151 2467 323 2504 parationes,
352 2475 423 2504 quae
451 2471 542 2496 tamen
573 2475 626 2495 non
656 2471 720 2496 sunt
749 2468 880 2497 fundatae
908 2476 993 2505 super

150 2514 227 2542 aliud
248 2517 275 2542 et
295 2513 387 2548 aliud,
410 2514 457 2542 sed
480 2522 565 2550 super
588 2514 669 2542 idem.
693 2514 777 2542 Homo
798 2514 871 2543 enim
894 2514 940 2542 ille
961 2522 993 2542 eo

153 2561 212 2598 ipso
226 2564 268 2589 est
287 2564 371 2598 caput
385 2560 503 2589 aliorum
527 2561 687 2596 hominum,
702 2570 758 2599 quo
779 2565 820 2590 est
840 2561 930 2590 Verbo
946 2561 992 2589 Dei

1037 190 1064 218 ll.
1088 190 1224 226 QUAEST.
1246 190 1274 218 ll.
1824 191 1880 219 287

1037 268 1141 296 unitus.
1165 268 1195 296 Et
1217 268 1267 296 hoe
1290 268 1372 297 modo
1393 268 1486 296 differt
1507 268 1595 305 gratia
1616 268 1735 297 unionis
1756 273 1782 297 et
1805 269 1882 306 eapi-

1038 314 1074 342 tis
1103 323 1118 342 a
1146 315 1234 351 gratia
1262 314 1427 352 siuytclaris
1455 324 1618 351 personae,
1641 315 1712 344 sicut
1735 315 1822 349 illud,
1845 316 1879 344 ad

1037 361 1111 398 quod
1139 362 1286 389 ordinatur
1314 361 1473 398 dispositio,
1503 362 1595 391 differt
1623 362 1740 400 abipsa
1768 363 1883 400 disposi-

1039 408 1111 436 tione
1124 407 1143 435 ³.
1166 408 1258 436 Gratia
1280 408 1352 436 enim
1375 409 1541 445 sinyularis
1561 418 1702 446 personae
1724 418 1775 439 sua
1797 411 1883 447 perfe-

1039 454 1127 482 ctione
1150 454 1242 483 reddit
1265 455 1339 483 illam
1362 459 1490 484 naturam
1514 456 1654 490 idoneam,
1677 461 1707 485 ut
1729 457 1784 485 Deo
1806 457 1882 486 uuia-

1040 504 1098 534 tur,
1121 509 1152 529 ac
1174 509 1223 538 per
1253 501 1304 530 lioc
1329 503 1427 530 ceteris
1453 503 1558 531 Sanctis
1588 503 1781 538 praeficiatur,
1810 504 1882 533 sicut

1039 551 1122 584 caput
1138 548 1278 576 membris.
1291 565 1330 568 —
1344 549 1368 576 Si
1394 557 1458 577 vero
1470 550 1573 586 pratia
1594 550 1713 578 unionis
1728 555 1752 579 et
1774 552 1880 588 eapitis

1039 594 1148 622 dicatur
1176 594 1288 622 habitus
1316 595 1470 631 disponens
1495 596 1530 624 ad
1554 596 1682 625 unionem
1706 601 1732 626 et
1759 598 1879 626 aliorum
1894 604 1993 624 conclusio
2004 606 2022 623 3-

1039 641 1268 669 sensificationem
1286 641 1305 675 ⁴,
1335 642 1406 670 sicut
1432 643 1521 678 gratia
1548 643 1714 680 sz‘nyutarz's
1738 653 1881 681 personae

1039 688 1141 716 dicitur
1156 688 1269 716 habitus
1284 688 1386 716 faciens
1400 689 1508 717 animae
1530 693 1556 717 et
1572 690 1617 718 Dei
1641 691 1881 725 assimilationem3

1040 734 1091 762 hoc
1114 734 1196 762 modo
1219 734 1269 762 ista
1290 735 1391 771 triplex
1414 736 1501 771 gratia
1517 744 1569 764 nou
1593 740 1633 765 est
1656 737 1757 774 triplex
1775 739 1879 767 ratione

1039 780 1209 808 diversitatis
1231 779 1399 815 ltabz'mzon,
1422 782 1468 810 sed
1494 783 1598 811 ratione
1620 783 1747 812 diversae
1769 794 1882 821 eompa-

1040 827 1165 855 ratiouis
1187 827 1311 855 eiusdem
1335 828 1454 856 habitus.
1478 829 1543 857 Nam
1567 830 1612 858 ille
1639 830 1751 859 habitus
1780 832 1882 860 dicitur
1897 838 2008 861 Explicatur-

1037 873 1140 910 qratia
1161 874 1326 911 siuyularis
1337 883 1494 911 personae,
1511 876 1537 904 in
1559 881 1693 913 quantun]
1712 878 1832 915 disponit
1846 879 1880 907 ad

1040 920 1087 948 Dei
1112 920 1338 949 assimilationem
1359 924 1386 949 et
1411 922 1436 950 in
1457 927 1591 959 quantum
1609 924 1671 952 facit
1693 924 1812 953 animam
1829 925 1883 953 dei-

1040 967 1169 1001 formem,
1185 971 1212 995 et
1233 976 1282 1004 per
1299 968 1349 996 lioc
1365 969 1455 1005 ipsum
1472 974 1672 1007 consequenter
1684 972 1693 986 5
1708 972 1828 1008 disponit
1847 973 1881 1001 ad

1041 1014 1170 1041 unionem
1195 1014 1385 1050 personalem,
1407 1018 1434 1043 et
1454 1016 1556 1045 dicitur
1577 1017 1665 1053 gratia
1694 1019 1830 1052 unionis,·
1857 1023 1882 1048 et

1040 1064 1243 1097 consequenter
1265 1069 1314 1098 per
1336 1061 1387 1090 hoc
1410 1062 1500 1099 ipsum
1524 1063 1645 1101 disponit
1665 1065 1700 1093 ad
1728 1065 1882 1094 redundan-

1042 1107 1107 1135 tiam
1123 1107 1180 1136 sive
1196 1107 1366 1137 influentiam
1388 1114 1479 1138 motus
1497 1115 1523 1138 et
1539 1118 1637 1140 sensus
1652 1112 1677 1140 in
1694 1115 1785 1141 cetera
1801 1121 1884 1142 meu]-

1042 1154 1091 1182 lira
1113 1154 1230 1188 Christi,
1252 1158 1279 1183 et
1300 1155 1337 1184 sic
1360 1156 1463 1185 dicitur
1481 1157 1584 1194 ‘qratia
1606 1159 1720 1195 eapitis.
1735 1177 1774 1180 —
1794 1161 1823 1188 Et
1845 1161 1883 1189 sic

1043 1203 1128 1235 patet,
1149 1201 1223 1237 quod
1240 1201 1329 1237 gratia
1350 1203 1459 1239 capitis,
1475 1203 1502 1231 in
1524 1208 1659 1241 quantum
1676 1205 1806 1240 liabitas,
1829 1215 1882 1235 non

1041 1246 1134 1275 differt
1155 1256 1171 1275 a
1192 1248 1280 1284 gratia
1302 1248 1452 1285 singularis
1473 1258 1623 1287 personae,
1646 1252 1688 1280 vel
1715 1253 1824 1281 unionis
1846 1261 1884 1282 se-

1040 1295 1164 1323 cundnm
1189 1295 1334 1324 habituum
1351 1297 1553 1332 diversitatem,
1570 1299 1617 1327 sed
1637 1300 1790 1328 secundum
1814 1309 1885 1329 com-

1041 1341 1216 1378 parationum
1243 1342 1473 1379 multiplicitatem
1488 1344 1506 1372 ⁶.
1529 1361 1567 1365 -κ
1589 1345 1664 1374 Unde
1693 1347 1884 1375 concedendae

1042 1392 1107 1417 sunt
1128 1389 1249 1417 rationes
1270 1389 1305 1417 ad
1328 1390 1399 1418 hanc
1422 1395 1537 1427 partem.

1123 1437 1147 1463 l.
1169 1436 1206 1464 Ad
1229 1436 1296 1464 illud
1321 1445 1387 1473 ergo
1408 1438 1481 1474 quod
1507 1439 1595 1475 primo
1616 1439 1745 1468 obiicitur
1774 1440 1799 1468 in
1825 1445 2014 1472 con-Summo»-

1045 1482 1180 1517 trarium⁷
1201 1483 1274 1520 quod
1298 1484 1323 1511 in
1353 1484 1461 1513 Christo
1484 1485 1595 1522 ponitur
1620 1487 1708 1523 gratia
1730 1488 1884 1516 secundum
1898 1471 2006 1492 ‘mmmm'

1043 1529 1178 1565 triplicem
1201 1529 1401 1564 differentimn3
1430 1531 1593 1566 dicendum,
1615 1533 1689 1570 quod
1718 1534 1765 1562 illa
1786 1534 1885 1563 divisio
1900 1538 2012 1557 Notandum-

1043 1583 1097 1603 nou
1119 1579 1160 1604 est
1182 1576 1246 1604 data
1269 1585 1352 1613 penes
1374 1577 1557 1607 differentiam
1574 1579 1678 1616 gratiae
1699 1584 1833 1617 quantum
1849 1581 1885 1609 ad

1044 1622 1235 1650 diversitatem
1261 1622 1428 1657 liabitaam,
1455 1625 1503 1653 sed
1528 1629 1662 1662 quantum
1686 1627 1720 1655 ad
1743 1627 1886 1656 diversita-

1046 1672 1099 1697 tem
1122 1670 1378 1706 comparationum
1406 1675 1489 1708 atque
1518 1676 1712 1709 respectuum‚
1741 1675 1798 1703 sive
1827 1674 1886 1712 effe-

1043 1719 1143 1744 ctuum
1165 1721 1366 1754 consequenter
1388 1726 1417 1746 se
1439 1718 1613 1754 habentium,
1635 1721 1751 1757 quinon
1773 1722 1886 1750 diversi-

1045 1762 1128 1792 ficant
1149 1764 1332 1793 essentialiter
1354 1765 1474 1794 habitus.

1124 1811 1150 1838 Ξ.
1173 1811 1210 1839 Ad
1236 1811 1306 1840 illud
1331 1812 1405 1849 quod
1427 1812 1568 1847 obiicitur,
1590 1814 1665 1851 quod
1680 1815 1768 1851 gratia
1789 1816 1886 1853 capitis

1045 1857 1283 1892 communicatum
1309 1858 1474 1894 dicendum,
1503 1860 1578 1896 quod
1599 1861 1688 1897 gratia
1709 1862 1806 1899 capitis
1833 1871 1887 1891 non

1045 1903 1084 1932 sic
1106 1905 1328 1933 communicatur
1349 1905 1426 1939 aliis,
1448 1910 1478 1934 ut
1496 1907 1536 1936 eis
1554 1907 1589 1936 sit
1603 1908 1692 1944 gralia
1713 1909 1823 1946 capitis,
1839 1910 1887 1938 sed
1902 1916 2013 1935 Notandum-

1046 1951 1098 1985 sic,
1114 1955 1145 1979 ut
1159 1951 1309 1981 efficaciam
1332 1952 1433 1982 habeat
1454 1954 1527 1983 circa
1548 1954 1632 1989 alios3
1654 1958 1680 1983 et
1701 1955 1753 1984 hoc
1774 1956 1888 1993 quidem

1046 1998 1152 2035 absque
1168 1998 1253 2027 dubio
1268 2001 1398 2036 competit
1420 2001 1524 2037 gratiae
1544 2002 1693 2039 singularis
1715 2011 1848 2040 personae
1863 2007 1890 2032 et

1048 2045 1169 2079 unionis,
1192 2046 1257 2083 quia
1279 2046 1384 2075 ratione
1399 2047 1459 2076 eius
1475 2048 1553 2077 nobis
1575 2049 1677 2078 meruit
1698 2053 1724 2078 et
1746 2058 1796 2087 pro
1811 2051 1890 2080 nobis

1048 2092 1186 2121 satisfecit.
1209 2093 1341 2129 Quamvis
1354 2097 1448 2122 autem
1471 2095 1559 2131 gratia
1577 2095 1690 2130 Christi,
1712 2105 1890 2134 quocumque

1049 2139 1132 2167 modo
1159 2139 1245 2173 dicta,
1271 2139 1420 2169 efficaciam
1451 2141 1551 2170 haheat
1579 2142 1604 2170 in
1628 2151 1689 2177 nos,
1717 2147 1806 2172 tamen
1836 2152 1890 2172 non

1049 2194 1226 2223 quocumque
1248 2186 1359 2215 nomine
1380 2187 1464 2216 datur
1489 2188 1603 2225 intelligi
1625 2189 1685 2218 eius
1713 2190 1834 2219 efficacia
1864 2191 1888 2219 in

1050 2241 1112 2267 nos,
1134 2233 1181 2262 sed
1198 2233 1287 2262 solum
1304 2242 1354 2271 per
1377 2234 1428 2263 lioc
1443 2243 1557 2270 nomen,
1578 2236 1652 2272 quod
1668 2240 1709 2265 est
1728 2236 1831 2273 qratia
1846 2245 1891 2265 ea-

1046 2279 1126 2317 picis.
1148 2280 1191 2308 Sic
1212 2280 1286 2309 enim
1308 2281 1467 2309 nominatur
1495 2286 1609 2319 propter
1632 2283 1762 2312 virtutem
1789 2287 1816 2312 et
1836 2283 1892 2312 effi-

1049 2327 1153 2356 caciam
1175 2326 1318 2355 influendi.

1128 2373 1154 2402 3.
1177 2374 1214 2402 Ad
1230 2374 1299 2402 illud
1319 2374 1392 2411 quod
1408 2374 1546 2408 obiicitur,
1564 2375 1639 2412 quod
1662 2380 1818 2405 remaneret
1832 2386 1892 2414 gra-

1050 2420 1087 2449 tia
1113 2420 1262 2456 singularis
1287 2429 1436 2457 personae,
1462 2422 1484 2449 si
1510 2421 1696 2458 deponeretur
1725 2426 1824 2451 natura
1852 2432 1892 2453 as-

1050 2470 1155 2501 sumta,
1180 2467 1227 2495 sed
1249 2475 1302 2495 non
1327 2468 1416 2503 gratia
1437 2468 1546 2505 capitis;
1568 2468 1730 2504 dicendum,
1755 2470 1828 2507 quod
1849 2478 1892 2499 ve-

1052 2521 1113 2541 rum
1137 2517 1195 2547 est3
1225 2514 1271 2542 sed
1301 2522 1337 2542 ex
1360 2514 1411 2543 lioo
1439 2523 1493 2542 non
1518 2515 1660 2552 sequitur,
1686 2516 1760 2552 quod
1787 2517 1891 2554 qratia
1904 2521 2017 2540 Notandum-

1051 2560 1157 2597 eapitis
1178 2560 1213 2588 ab
1228 2560 1274 2588 illa
1290 2560 1399 2589 differat
1420 2569 1469 2597 per
1484 2562 1631 2590 essentiam
1638 2573 1644 2596 3
1661 2563 1708 2591 sed
1724 2571 1821 2591 verum
1838 2567 1892 2598 est,

219 2780 224 2794 ¹
243 2780 297 2803 Dist.
315 2781 335 2803 2.
353 2787 373 2803 a.
391 2781 412 2804 3.
431 2788 452 2810 q.
472 2782 492 2804 2.
510 2782 538 2804 ad
557 2783 577 2804 6.
596 2794 626 2797 —
644 2782 711 2803 Paulo
732 2782 839 2809 superius
859 2787 901 2809 pro
917 2787 996 2804 secun-

155 2819 211 2842 dum
229 2826 296 2849 quem
315 2820 365 2842 cod.
384 2821 399 2842 1⁴·
415 2827 457 2850 per
474 2827 549 2850 quem.

217 2859 226 2873 ²
245 2860 393 2882 Auctor-italos
411 2866 452 2887 pro
470 2861 544 2888 primo
561 2863 583 2882 ot
600 2859 702 2881 secundo
720 2859 789 2881 modo
806 2859 932 2887 accipit—ndi
949 2866 998 2888 gra-

157 2898 210 2919 liam
227 2899 307 2926 capitis
331 2898 402 2921 habes
419 2899 440 2920 iu
459 2905 521 2926 corp.
540 2902 626 2927 qimest.
645 2897 763 2925 prm-cett,
782 2904 823 2925 pro
841 2899 905 2920 turtio
929 2898 997 2920 modo

157 2937 193 2958 llic
210 2937 231 2958 in
249 2937 351 2959 tundam.
370 2938 390 2959 3.
409 2950 438 2953 —
457 2938 524 2959 l‘atdo
541 2938 648 2965 superius
665 2943 706 2965 pro
722 2937 796 2966 polest
812 2936 858 2960 dici
873 2937 923 2959 rod.
941 2937 956 2959 F
967 2936 998 2960 di-

157 2975 226 2998 ettmz

1117 2781 1127 2796 ³
1142 2781 1198 2804 Edd.
1216 2788 1268 2804 cum
1286 2782 1336 2804 cod.
1355 2788 1380 2803 rc
1397 2781 1538 2811 disponente.

1116 2820 1124 2834 ⁴
1142 2821 1197 2842 Edd.
1215 2827 1267 2842 cuni
1287 2821 1365 2848 paucis
1382 2821 1450 2844 codd.
1467 2821 1682 2851 sanctificationem.

1116 2859 1125 2874 ⁵
1142 2860 1214 2882 Codd.
1233 2860 1248 2881 l.
1259 2860 1276 2882 Μ
1288 2859 1305 2882 0
1316 2860 1397 2882 XZoa
1408 2860 1439 2882 bb
1456 2860 1619 2883 convenienter
1635 2861 1685 2890 (cfr.
1703 2868 1771 2890 supra
1790 2862 1812 2885 d.
1831 2863 1851 2885 2.
1874 2870 1894 2885 n.

1054 2899 1075 2921 3.
1093 2905 1115 2927 q.
1134 2899 1172 2927 2.).
1192 2899 1259 2921 Paulo
1277 2900 1370 2922 inferius
1388 2906 1430 2927 pro
1453 2900 1473 2922 et
1495 2901 1663 2929 consequenter
1684 2901 1751 2923 codd.
1769 2901 1785 2923 t.
1797 2901 1852 2924 Xan
1864 2901 1895 2924 bb

1054 2939 1135 2960 iterum
1153 2937 1259 2960 exhibent
1277 2939 1297 2960 et
1314 2937 1483 2961 convenienter.

1117 2976 1126 2991 θ
1144 2977 1199 2999 lida,
1212 2983 1265 2999 cum
1278 2983 1323 2999 uno
1335 2977 1452 3006 alteroque
1461 2977 1511 3000 cod.
1522 2978 1722 3008 comparationem
1734 2979 1895 3009 multiplicem.
