2166 3366
11 1891 41 1910 Ad
53 1892 126 1915 opposi-

775 164 855 192 DlST.
879 165 919 192 tx.
942 165 1013 193 ART.
1036 166 1053 193 Ι.
1076 166 1210 202 ΟΗΑΕΞΤ.
1233 167 1274 196 IV.

909 301 1070 336 QUAESTtO
1092 302 1133 330 iv.

596 386 700 414 Utrum
722 385 818 413 cultus
840 385 946 414 latriae
967 387 1052 414 cruci
1073 386 1184 416 Clzrztstz·
1203 389 1379 419 exhibendus
1399 392 1445 419 sit.

226 485 330 521 Quarto
349 484 509 521 quaeritur,
525 487 620 513 utrum
637 483 729 513 cultus
745 483 852 512 latriae
866 483 900 512 sit
915 483 993 512 exhi-

147 531 256 560 bendus
278 531 353 560 cruci
375 531 485 559 Christi.
508 531 539 559 Et
561 530 634 567 quod
657 530 711 564 sic,
733 530 853 558 videtur.

228 579 252 606 1.
273 578 315 606 Sic
330 577 482 606 adoramus
496 585 622 612 crucem,
638 577 709 605 sicut
724 585 838 605 oramus
844 588 851 611 3
866 577 914 605 sed
930 585 991 605 cru-

27 632 206 653 nnum-emacem
229 632 381 653 exoramus
404 623 451 652 illa
472 623 650 658 exoratione,
672 631 743 660 quae
765 623 889 652 facienda
910 626 952 652 est
965 623 989 652 ei

146 671 212 706 soli,
227 671 274 708 qui
291 670 451 699 adorandus
466 674 508 699 cst
523 670 600 699 cultu
618 670 744 698 latriae:
760 677 826 707 ergo
847 670 990 698 adoranda

145 721 187 747 est
206 717 367 746 adoratione
390 716 505 745 latriae.
526 717 623 745 Maior
645 716 789 745 manifesta
810 719 870 751 est;
892 716 989 744 minor

146 764 282 801 probatur
303 771 353 801 per
374 763 443 792 illud
466 763 541 800 quod
563 766 655 792 cantat
677 763 797 792 Ecclesia
810 763 836 791 ¹:

395 848 413 870 O
430 854 485 870 crux
502 854 558 876 ave,
576 854 629 876 spes
647 849 725 875 unica,

395 888 442 910 Hoc
459 888 572 915 passionis
590 891 705 915 tempore,

394 929 459 955 Auge
477 927 519 954 piis
536 927 656 954 iustitiam,

394 965 493 993 Reisque
511 965 571 987 dona
588 965 687 986 veniam.

143 1043 195 1072 Sed
216 1051 324 1080 auyere
346 1042 489 1070 iustitiam
505 1045 532 1070 et
547 1042 620 1070 dare
636 1041 749 1070 veniam
764 1045 806 1070 est
820 1041 906 1070 solius
921 1042 984 1070 Dei:

141 1097 207 1126 ergo
228 1093 280 1118 etc.

220 1137 246 1164 Ξ.
269 1136 347 1170 ltem‚
370 1136 408 1164 sic
430 1136 596 1168 adoramus⁷
625 1135 697 1164 sicut
728 1134 914 1172 alloquimur3
936 1135 985 1164 sed

140 1183 311 1220 alloquimur
332 1190 444 1211 crucem
467 1182 545 1219 quasi
561 1181 779 1218 intelligentem3
801 1182 853 1210 hoc
874 1190 928 1210 non
943 1185 985 1210 est

140 1230 245 1258 ratione
267 1230 326 1264 sui,
348 1237 411 1258 cum
443 1229 478 1258 sit
506 1229 611 1266 lignum
634 1237 752 1266 purum:
775 1236 841 1266 ergo
863 1229 915 1258 hoc
943 1231 984 1257 est

140 1276 246 1305 ratione
277 1276 408 1305 Crucifixi
432 1276 459 1304 in
480 1283 519 1304 ea.
542 1275 595 1304 Sed
627 1275 799 1304 Crucifixum
832 1276 983 1304 adoramus

139 1323 299 1352 adoratione
323 1323 468 1351 lact-taff:
491 1330 557 1359 ergo
578 1326 604 1351 et
627 1323 713 1359 ipsam
736 1330 857 1351 crucem.

218 1369 244 1398 3.
273 1369 352 1403 item,
377 1370 416 1398 sic
437 1369 589 1398 adoramus
610 1376 738 1403 crucem,
760 1369 831 1397 sicut
850 1369 982 1405 reliquias

139 1416 259 1450 Christi;
292 1416 340 1444 sed
372 1416 507 1453 reliquiae
537 1416 634 1444 eodem
667 1416 772 1444 honore
803 1416 981 1444 honorandae

139 1466 219 1497 sunt,
241 1471 297 1500 quo
319 1463 473 1491 honoratur
501 1463 548 1491 ille
569 1463 650 1491 cuius
681 1466 746 1490 sunt
777 1462 929 1499 reliquiae:
959 1462 980 1490 si

138 1517 204 1546 ergo
225 1509 352 1538 Christus
373 1512 414 1537 est
435 1509 597 1537 adorandus
617 1508 778 1536 adoratione
800 1508 922 1542 latriae,
945 1508 982 1536 vi-

139 1556 222 1585 detur
244 1556 385 1590 similiter,
407 1556 481 1593 quod
504 1564 576 1584 crux
598 1555 699 1584 Christi
721 1555 820 1584 debeat
841 1555 960 1583 adorari.

216 1603 242 1631 ίι.
266 1603 344 1637 item,
375 1602 515 1631 efficacius
547 1602 624 1630 ducit
652 1610 702 1631 nos
733 1602 793 1638 ipsa
821 1610 887 1630 vera
909 1610 980 1630 crux

137 1649 237 1678 Christi
260 1649 286 1676 in
308 1649 466 1682 Christum,
487 1656 571 1685 quam
598 1648 691 1685 aliqua
711 1649 772 1676 eius
793 1648 903 1685 imago;
932 1648 980 1676 sed

138 1695 228 1733 imago
249 1695 366 1729 Christi,
388 1704 420 1724 eo
442 1695 515 1732 quod
539 1695 616 1723 ducit
630 1695 657 1723 in
674 1695 831 1729 Christum,
847 1695 981 1723 adoratur

137 1743 233 1771 eadem
255 1742 416 1771 adoratione
437 1750 501 1771 cum
524 1742 599 1778 ipso,
622 1742 749 1770 videlicet
768 1741 859 1770 latria
872 1741 898 1769 ⁸.-
914 1749 981 1778 ergo

136 1790 233 1818 eadem
256 1789 360 1818 ratione
382 1792 407 1818 et
429 1789 600 1817 nobilissima
622 1789 682 1817 eius
703 1797 784 1817 crux.

215 1837 267 1865 SED
285 1844 412 1865 eom-na:
437 1837 461 1864 1.
476 1836 552 1864 Crux
574 1835 674 1864 Christi
696 1839 738 1864 est
752 1844 823 1872 pura
838 1839 979 1870 creatura,

138 1892 192 1913 non
213 1884 292 1912 unita
312 1883 421 1912 Verbo:
453 1891 520 1919 ergo
542 1883 562 1911 si
586 1882 677 1910 latria
698 1890 752 1910 non
782 1882 900 1911 debetur
927 1882 978 1911 nisi

137 1931 186 1960 soli
209 1931 266 1959 Deo
287 1938 337 1967 per
358 1937 402 1964 se,
424 1933 451 1958 et
481 1933 597 1958 naturae
627 1933 768 1958 assumtae
794 1929 899 1958 ratione
920 1937 980 1966 per-

137 1985 239 2012 sonae3
261 1977 388 2011 videtur,
410 1976 485 2013 quod
506 1976 642 2005 exhibere
663 1975 769 2004 cultum
799 1975 906 2004 latriae
927 1976 978 2013 ipsi

135 2025 210 2054 cruci
233 2024 268 2053 sit
289 2023 475 2052 idololatrare.

214 2072 240 2099 Ξ).
257 2071 338 2104 ltem,
360 2070 445 2098 Mater
467 2069 567 2098 Christi
590 2070 654 2106 plus
676 2069 785 2097 Christo
800 2070 979 2106 approximat

135 2126 219 2155 quam
242 2125 313 2146 crux
335 2117 411 2151 eius,
432 2120 459 2145 et
482 2116 579 2145 melior
600 2120 627 2145 et
641 2116 759 2144 nobilior
774 2119 815 2145 est
830 2120 977 2151 creatura;

135 2164 183 2193 sed
205 2164 289 2200 Virgo
310 2164 395 2192 Mater
426 2171 480 2191 non
513 2166 553 2191 est
583 2163 726 2191 adoranda
755 2162 889 2191 latria':
911 2170 978 2199 ergo

134 2218 184 2239 nec
205 2210 265 2247 ipsa
285 2218 352 2239 vera
373 2218 453 2238 crux.

213 2257 238 2285 3.
261 2257 343 2291 Item,
376 2257 397 2285 si
426 2264 497 2285 crux
519 2256 619 2284 Christi
641 2255 784 2284 adoranda
805 2260 846 2285 est
867 2256 976 2291 latria,

135 2305 201 2341 quia
223 2304 275 2332 suit
297 2303 416 2332 lectulus
437 2303 515 2332 eius:
539 2302 623 2340 igitur
644 2311 707 2331 cum
730 2303 837 2331 caelum
860 2304 896 2332 sit
916 2304 977 2333 eius

134 2351 227 2385 sedes,
249 2354 275 2379 et
297 2355 371 2379 terra
391 2349 547 2378 scabellum
569 2349 672 2386 pedum
695 2349 771 2383 eius,
790 2353 820 2377 ut
835 2349 901 2378 dicit
916 2350 977 2378 Pro-

135 2397 256 2434 pheta⁵,
277 2405 343 2434 ergo
372 2400 437 2425 sunt
464 2396 608 2425 adoranda
639 2395 738 2424 latria.
771 2396 822 2425 Sed
855 2397 907 2425 hoc
934 2401 975 2426 est

1048 485 1184 513 nefarium
1207 490 1234 514 et
1255 487 1389 524 impium:
1413 497 1479 525 ergo
1500 490 1626 526 videtur,
1648 493 1722 529 quod
1738 493 1813 522 cruci
1829 494 1889 524 eius

1048 531 1140 559 cultus
1162 532 1268 561 latriae
1289 542 1341 562 non
1364 535 1398 563 sit
1419 536 1604 566 exhibendus.

1125 578 1151 606 [ι.
1174 578 1256 613 Item,
1278 588 1350 608 crux
1372 581 1472 610 Christi
1494 583 1562 611 nihil
1578 585 1695 619 meruit,
1711 586 1779 614 nihil
1794 587 1888 616 deme-

1047 624 1119 658 ruit,
1141 628 1168 653 et
1189 633 1242 653 non
1259 627 1346 663 magis
1362 628 1443 656 sentit
1465 628 1576 658 laudem
1599 639 1683 667 quam
1706 632 1887 669 vituperium,

1046 677 1111 698 cum
1135 671 1169 699 sit
1190 679 1236 700 res
1259 672 1442 702 insensibilis:
1465 683 1531 711 ergo
1553 677 1575 704 si
1597 676 1689 705 honor
1710 678 1790 707 debet
1812 680 1889 708 exhi-

1046 716 1104 744 heri
1134 717 1310 747 solummodo
1339 719 1378 747 rei
1407 720 1505 757 dignae
1537 722 1657 755 laude⁸,
1679 727 1706 752 et
1726 727 1888 755 reverentia

1045 763 1099 798 rei,
1121 764 1203 792 etiam
1220 773 1291 801 quae
1306 765 1438 794 discernit
1460 767 1531 796 inter
1552 768 1686 797 honorem
1702 774 1728 798 et
1749 775 1889 801 contume-

1047 809 1130 844 liam,
1153 811 1280 846 videtur,
1312 813 1386 849 quod
1418 813 1441 841 ei
1473 814 1551 842 nulla
1572 817 1728 844 reverentia
1749 817 1784 846 sit
1811 819 1888 847 exhi-

1045 856 1142 885 benda.

1123 904 1205 939 ltem,
1227 906 1388 942 quaeritur,
1410 907 1529 943 qualiter
1548 908 1582 936 sit
1596 908 1738 938 adoranda
1759 914 1785 939 et
1806 919 1885 940 vene·
1896 913 1971 955 3¹32ss-
1986 915 2014 932 ¹⁴¹¹·

1044 950 1140 978 randa.
1965 951 1969 955 ’

1358 1054 1568 1076 CONCLUSIO.

1044 1137 1190 1172 Quaelibet
1212 1146 1288 1166 crux
1312 1139 1427 1167 ratione
1457 1140 1603 1178 Crucz'sz'aez'
1630 1142 1721 1171 latria
1752 1147 1792 1172 est
1819 1145 1886 1173 ado-

1120 1184 1242 1217 randa‚·
1262 1185 1312 1213 sed
1339 1185 1398 1223 ipsi
1423 1195 1491 1215 vero
1521 1187 1598 1225 liquo
1627 1189 1742 1223 crttcz's,
1772 1190 1802 1218 iu
1830 1199 1886 1228 quo

1121 1229 1256 1259 Clm‘stus
1274 1233 1424 1269 pependit,
1446 1237 1480 1261 ut
1494 1234 1685 1263 instrumento
1707 1240 1824 1265 nostrae
1840 1246 1886 1266 sct-

1119 1276 1188 1305 lulz's
1210 1278 1295 1306 etium
1320 1277 1411 1307 Ιιοηον
1429 1281 1624 1309 venerationis
1638 1281 1814 1311 exhibendus
1835 1287 1883 1312 est.

1117 1370 1296 1399 RESPONnsso:
1319 1371 1472 1401 Dicendum
1501 1373 1535 1402 ad
1569 1375 1775 1411 praedictorum
1809 1376 1885 1405 intel-

1039 1416 1178 1453 ligentiam
1194 1417 1219 1448 ⁷,
1245 1418 1319 1455 quod
1342 1419 1385 1447 hic
1407 1422 1448 1448 est
1469 1420 1618 1457 multiplex
1641 1421 1740 1451 modus
1762 1422 1881 1451 dicendi.

1039 1479 1077 1483 —
1098 1463 1215 1499 Quidam
1238 1464 1311 1492 enim
1334 1465 1426 1494 dicere
1448 1466 1613 1502 voluerunt,
1635 1468 1709 1504 quod
1732 1469 1782 1506 ipsi
1805 1470 1880 1498 cruci
1894 1474 1962 1497 Opinio
1976 1474 1992 1492 ¹-

1038 1509 1157 1538 dehetur
1179 1510 1283 1546 honor,
1305 1512 1352 1549 qui
1374 1512 1476 1541 dicitur
1499 1512 1683 1551 lzyperclulz'ct.
1704 1515 1734 1544 Et
1750 1516 1818 1544 ratio
1833 1517 1883 1545 hu-

1039 1556 1082 1585 ius
1103 1560 1159 1591 est,
1183 1557 1248 1594 quia
1270 1558 1329 1595 ipsa
1350 1567 1422 1587 crux
1437 1560 1488 1588 fuit
1505 1561 1721 1590 instrumentum
1744 1563 1827 1592 totius
1843 1571 1883 1592 re-

1038 1603 1206 1640 demptionis
1227 1604 1384 1638 humanae;
1408 1606 1433 1634 in
1457 1607 1516 1643 ipsa
1538 1607 1610 1636 enim
1633 1608 1709 1637 salus
1730 1613 1756 1637 et
1775 1610 1883 1639 redem-

1038 1649 1094 1686 ptio
1116 1651 1200 1679 totius
1222 1651 1336 1680 humani
1359 1653 1468 1689 generis
1490 1656 1531 1682 est
1552 1654 1640 1688 faeta;
1662 1659 1689 1683 et
1704 1655 1764 1684 ideo
1786 1665 1881 1686 omnes

1038 1697 1165 1725 homines
1186 1697 1288 1726 debent
1309 1698 1332 1727 ei
1355 1706 1415 1727 esse
1437 1699 1553 1728 subiecti
1576 1701 1745 1730 subiectione
1768 1703 1879 1731 notabili

1037 1746 1064 1771 et
1084 1743 1204 1780 speciali.
1229 1745 1258 1772 Et
1280 1749 1427 1782 propterea
1449 1745 1557 1781 dicunt,
1577 1747 1679 1776 debere
1693 1748 1803 1777 adorari
1819 1758 1880 1778 eam

1036 1790 1227 1819 excellentiori
1259 1791 1435 1826 adoratione,
1464 1801 1548 1829 quam
1575 1794 1609 1822 sit
1631 1794 1722 1828 dulia,
1744 1803 1815 1832 quae
1837 1797 1881 1825 de-

1036 1837 1118 1866 betur
1139 1837 1264 1866 rationali
1288 1842 1440 1867 creaturae.
1463 1840 1533 1875 Quia
1555 1843 1645 1869 tamen
1668 1849 1739 1869 crux
1761 1842 1813 1871 ista
1831 1851 1881 1873 nec

1036 1888 1078 1913 est
1099 1885 1173 1913 Deus
1198 1893 1248 1913 nec
1280 1885 1330 1921 ipsi
1353 1885 1489 1914 divinitati
1521 1886 1627 1924 aliquid
1658 1888 1788 1922 unitum;
1819 1890 1880 1918 ideo

1037 1939 1089 1959 non
1113 1935 1154 1960 est
1175 1931 1199 1960 ei
1221 1931 1314 1960 cultus
1337 1931 1432 1961 latriae
1464 1933 1650 1962 exhibendus.
1682 1935 1796 1971 Propter
1829 1936 1879 1965 hoc

1035 1980 1110 2006 tenet
1132 1978 1255 2007 medium
1278 1978 1349 2007 inter
1371 1978 1492 2007 latriam
1508 1983 1536 2008 et
1550 1980 1666 2009 duliam
1680 1981 1805 2010 adoratio
1819 1990 1880 2011 cru-

1035 2025 1086 2059 cis,
1109 2028 1139 2053 ut
1160 2025 1269 2053 dicatur
1290 2024 1493 2063 hyperdulz'ass.

1114 2072 1166 2100 Sed
1188 2072 1318 2109 quoniam
1341 2073 1477 2101 adoratio
1506 2073 1577 2102 sicut
1608 2074 1744 2103 allocutio
1766 2076 1878 2105 videtur

1035 2126 1095 2147 esse
1116 2118 1292 2147 solummodo
1324 2119 1395 2147 inter
1417 2127 1461 2148 res
1484 2120 1597 2149 rationis
1618 2129 1732 2157 capaces
1753 2139 1791 2142 —
1812 2123 1879 2150 aslo-

1033 2165 1112 2193 rulz'o
1133 2165 1205 2193 enim
1228 2165 1365 2202 quaedam
1387 2166 1475 2194 oratio
1496 2170 1537 2195 est
1558 2167 1592 2195 ad
1608 2167 1713 2204 aliquid
1735 2168 1876 2203 ordinata3

1034 2212 1109 2240 unde
1131 2212 1248 2240 adorare
1270 2215 1311 2240 est
1338 2212 1372 2240 ad
1402 2212 1508 2249 aliquid
1529 2221 1610 2241 orare
1631 2230 1669 2233 ——
1689 2222 1760 2242 crux
1782 2219 1875 2243 autem

1033 2258 1133 2287 Christi
1157 2258 1269 2286 omuino
1290 2262 1365 2287 caret
1381 2259 1497 2287 ratione:
1514 2259 1575 2287 ideo
1590 2259 1635 2287 alii
1651 2259 1798 2294 ditx'ertint,
1815 2269 1875 2289 eam
1889 2269 1956 2293 Opinio
1970 2271 1988 2289 ⁴2.

1034 2312 1086 2332 non
1109 2312 1170 2333 esse
1191 2304 1378 2338 adorandam,
1402 2305 1451 2333 nisi
1473 2305 1500 2332 in
1522 2309 1658 2342 quantum
1681 2306 1706 2333 in
1729 2314 1760 2334 ea
1781 2306 1876 2335 adora-

1033 2354 1079 2379 tur
1100 2351 1242 2385 Christus,
1264 2358 1313 2379 nec
1334 2351 1427 2387 aliqua
1458 2355 1499 2379 est
1529 2351 1551 2379 ei
1586 2351 1698 2380 honoris
1720 2353 1875 2382 reverentia

1033 2397 1193 2426 exhibenda
1217 2397 1268 2425 nisi
1302 2397 1407 2425 ratione
1429 2396 1577 2431 Crucissxi,
1599 2397 1670 2426 sicut
1691 2406 1741 2426 nec
1762 2398 1873 2436 imagini

195 2553 202 2568 ¹
224 2555 245 2576 ln
263 2553 376 2575 dominica
396 2553 507 2575 Passionis
532 2553 559 2575 ad
587 2553 654 2581 Vesp.
679 2565 708 2568 —
727 2554 757 2575 De
776 2554 861 2581 hymno
884 2553 972 2576 Vexilln

133 2592 214 2622 Reqis,
234 2593 299 2615 cuius
317 2596 368 2614 sunt
386 2593 493 2620 strophae
510 2592 601 2620 altatae,
627 2593 713 2620 quiquo
739 2592 845 2615 tribuitur
864 2593 974 2615 Venantio

135 2631 268 2658 Fortunato,
286 2631 326 2653 cfr.
345 2631 456 2657 Maru-ur,
471 2631 502 2652 ΙΙΙ.
515 2630 543 2652 de
556 2631 624 2659 antiq.
643 2631 726 2653 lic-cles.
744 2630 831 2653 ritibus.
851 2638 904 2659 pag.
922 2631 974 2653 237.

135 2682 158 2685 —
177 2670 199 2691 ln
222 2668 310 2691 ἠιιιῐονὶ
332 2675 374 2697 pro
391 2675 490 2691 oramus
508 2669 574 2691 rodd.
593 2669 624 2691 lL
642 2676 667 2691 aa
686 2676 711 2691 cc
728 2672 749 2691 et
766 2669 818 2691 edd.
836 2675 973 2692 exoramus.

196 2708 205 2722 ²
222 2708 266 2730 (Zfr.
284 2714 353 2735 supra
371 2715 393 2736 q.
415 2708 432 2730 1.
451 2720 480 2723 -
499 2708 520 2729 tn
539 2709 600 2729 initio
625 2714 673 2736 arg.
692 2714 734 2736 pro
751 2707 812 2730 sicut
828 2707 975 2737 alloquimur

134 2747 187 2769 edd.
205 2753 326 2774 perperam
344 2746 377 2769 sic
394 2746 547 2776 alloquimur.

196 2785 205 2799 ³
224 2784 281 2806 Vide
298 2791 366 2812 supra
385 2791 406 2813 q.
426 2785 514 2806 2.—ln
532 2784 619 2807 maim-i
635 2788 685 2812 post
699 2790 753 2807 cera
766 2790 829 2807 crum
846 2784 898 2806 edd.
911 2785 974 2806 omit-

135 2827 183 2846 tunt
200 2823 287 2847 eluisti
303 2823 326 2845 in
344 2822 479 2851 Christum,·
497 2824 564 2845 codd.
583 2824 599 2845 tt
612 2824 656 2852 Qll
669 2823 685 2845 U
703 2823 738 2850 (aa
756 2830 767 2844 a
781 2823 880 2845 secunda
895 2826 972 2851 manu)

134 2864 238 2885 omittunt
255 2862 371 2884 dumtaxat
388 2862 412 2885 iu
430 2862 562 2890 Cltrislum,
591 2863 652 2885 multi
679 2863 714 2884 alii
741 2862 807 2883 codd.
826 2861 913 2884 Clu-isti
929 2865 973 2883 tan·

135 2905 195 2929 turm
215 2906 313 2923 nostram
340 2902 457 2923 lectionem
484 2902 590 2924 exhibent
615 2902 682 2923 codd.
701 2902 718 2923 Μ
730 2901 762 2928 0,
780 2901 818 2929 qui
836 2901 904 2922 etiarn
923 2907 973 2928 pro-

134 2942 192 2962 xime
210 2942 260 2962 ante
278 2944 328 2967 post
345 2939 396 2968 ipsu
411 2946 468 2967 ,rora
487 2940 629 2967 subiungant
645 2941 666 2962 el
684 2939 757 2961 beuta.

1094 2553 1103 2568 ⁴
1120 2553 1163 2575 Csr.
1183 2560 1204 2582 q.
1223 2553 1328 2581 praeced.
1347 2565 1376 2568 —
1394 2553 1495 2575 Subinde
1513 2553 1565 2576 edd.
1581 2554 1688 2576 omittunt
1705 2560 1769 2577 reru.

1093 2592 1103 2607 ⁵
1121 2593 1199 2614 l’salm.
1219 2593 1255 2619 98,
1273 2591 1298 2615 5:
1319 2591 1365 2613 lsai.
1384 2592 1424 2619 66,
1447 2592 1464 2613 1.
1482 2592 1526 2614 (Ἰν.
1544 2593 1590 2614 Act.
1609 2592 1634 2619 7,
1653 2592 1689 2614 49.

1093 2630 1102 2644 ⁶
1120 2630 1164 2652 (It'r.
1182 2631 1278 2657 Aris-tot„
1297 2631 1310 2652 1.
1329 2630 1418 2651 llhetor.
1437 2636 1456 2651 c.
1478 2630 1510 2651 ¹5.
1529 2630 1557 2657 (c.
1576 2630 1607 2658 5.)
1625 2634 1647 2652 et
1664 2631 1677 2652 l.
1696 2631 1765 2653 Ethic.
1784 2637 1804 2654 c..
1826 2632 1857 2654 ¹2.

1093 2668 1103 2682 ⁷
1119 2668 1190 2691 Codd.
1210 2669 1250 2690 FN
1269 2669 1375 2696 supplent
1392 2670 1424 2691 est
1441 2668 1579 2691 notandum.

1093 2706 1103 2720 ⁸
1121 2706 1175 2728 lidd.
1194 2707 1251 2728 hanc
1270 2707 1378 2733 proposit.
1392 2713 1444 2728 cum
1458 2707 1602 2735 praecedenti
1616 2707 1759 2729 coniunctam
1778 2708 1810 2730 sic
1822 2708 1874 2730 red·-

1031 2745 1100 2767 dunt:
1119 2745 1174 2772 Quia
1193 2751 1247 2767 cum
1265 2751 1318 2766 crux
1337 2744 1424 2767 Christi
1440 2752 1480 2767 ιιι-ε
1497 2745 1527 2768 sit
1544 2746 1628 2768 Deus...
1641 2745 1718 2768 latriae
1729 2746 1873 2770 exhibendus

1031 2785 1052 2806 el
1070 2787 1163 2811 propter
1180 2784 1223 2805 hoc
1240 2782 1302 2812 quod
1320 2786 1399 2805 tvm—t...
1418 2783 1519 2806 adoratio
1537 2785 1611 2806 crucis
1628 2783 1716 2807 tlt'cilttr
1728 2785 1871 2812 hyper-dulia.

1030 2834 1062 2838 —-
1079 2823 1146 2843 Paulo
1165 2822 1257 2844 interius
1275 2828 1316 2849 pro
1334 2821 1456 2850 ordinata,
1477 2830 1546 2851 quam
1560 2823 1678 2846 let-tionem
1692 2825 1872 2847 restauravimus

1031 2861 1075 2882 tide
1094 2860 1160 2882 codd.
1180 2861 1248 2882 titzt)
1266 2861 1291 2886 (N
1310 2868 1321 2882 a
1340 2861 1438 2883 smzumtn
1458 2862 1545 2890 inanit),
1563 2862 1598 2883 atti
1611 2862 1678 2884 codd.
1697 2868 1738 2883 nec
1756 2868 1800 2884 non
1817 2863 1870 2885 edd.

1031 2906 1152 2927 perper-'ini
1170 2899 1313 2921 ordinatum.
1333 2900 1380 2921 Mox
1399 2906 1440 2927 pro
1457 2900 1488 2922 ud
1506 2899 1596 2930 aliquid
1609 2907 1680 2924 orare
1697 2901 1749 2923 edd.
1768 2908 1820 2924 cuni
1834 2902 1871 2924 ali-

1031 2941 1087 2966 quot
1103 2938 1170 2960 codd.
1187 2938 1219 2960 m!
1235 2937 1303 2960 uliud
1319 2944 1396 2961 orare.
