2166 3366
133 356 200 380 Opinio
213 357 224 375 2

102 544 200 564 Conclusio
212 544 228 562 1.

101 919 199 938 Conclusio
211 919 229 937 2.

100 1154 229 1173 Corollarium.

113 1436 184 1462 Solutio
197 1440 229 1459 op-

113 1461 223 1483 posunt-um.

119 2131 173 2158 Quid*
181 2130 230 2149 iura-

102 2157 159 2173 ment.
169 2159 232 2173 incau-

103 2180 147 2197 tum.

115 2367 144 2385 Ad
157 2366 231 2390 opposi-

150 2392 195 2409 tum.

245 179 301 207 878

244 257 305 286 eius
332 256 443 284 videtur
475 263 535 283 esse
567 255 594 282 in
626 253 799 282 contrarium
820 269 860 273 —-
882 253 994 281 videtur
1015 253 1090 281 enim

244 304 342 332 beatus
362 302 532 339 Augustinus
555 301 678 329 iudicare
701 300 754 329 tale
776 300 967 328 iuramentum
989 300 1091 336 obliga-

243 350 346 379 torium
368 365 406 369 —
427 349 488 377 ideo
510 351 552 376 est
573 348 645 376 alius
667 347 766 376 modus
795 347 921 380 dicendi,
943 351 974 376 ut
995 347 1091 376 distin-

243 400 346 433 guatur
373 395 480 432 duplex
512 395 621 428 forum,
654 394 782 423 videlicet
812 393 1042 422 ecclesiasticum
1064 398 1091 422 et

242 443 386 475 (livinum,
409 442 446 470 ita
461 442 535 479 quod
551 441 684 478 obligatio
707 441 855 470 iuramenti
879 441 1003 470 coactie
1028 449 1091 470 con-

243 490 329 518 trario
350 497 379 517 se
402 489 485 517 habet
506 488 666 525 obligationi
683 488 831 517 iuramenti
847 488 941 517 dolo-st
961 491 1090 525 respectu

243 536 328 565 huius
360 535 480 572 duplicis
510 535 561 563 fori
576 535 593 563 ¹.
615 535 683 563 Nam
715 535 743 563 in
772 535 831 564 foro
854 535 999 564 Ecclesiae
1020 536 1092 563 iura-

242 586 368 612 mentum
398 586 525 611 coactum
551 590 605 611 non
631 585 672 611 est
697 582 912 619 obligatorium:
940 586 998 610 tum
1026 583 1092 619 quia

244 630 363 659 Ecclesia
386 630 553 667 praesumit,
574 629 640 666 quia
661 629 711 658 iste
726 629 772 666 qui
791 632 884 658 coacte
905 629 1022 664 iuravit,
1037 638 1091 657 non

242 677 346 706 iuravit
367 676 510 705 voluntate
532 676 667 713 implendi
699 676 906 711 iuramentum,
928 676 977 705 sed
999 676 1092 713 potius

242 724 378 752 evadendi
402 723 577 760 periculum3
599 726 658 751 tum
674 723 770 757 etiam,
785 724 851 760 quia
866 723 911 751 ille
933 723 981 760 qui
997 723 1092 752 iurare

243 770 391 807 compulit,
413 778 477 799 cum
500 770 638 799 malitiose
660 774 687 799 et
708 770 803 799 dolose
825 770 1011 807 processerit,
1034 770 1093 798 nul-

244 817 302 846 lum
326 817 369 845 ius
390 817 538 854 acquisivit
557 825 607 845 nec
628 818 662 845 de
679 817 783 845 malitia
798 817 978 846 commodum
997 825 1094 854 repor-

245 867 303 892 tare
324 863 435 897 debuit;
457 864 533 892 unde
565 863 676 892 nullum
707 863 793 892 habet
814 863 857 892 ius
879 864 1032 901 repetendi.
1054 881 1094 883 —

244 911 271 939 ln
294 911 355 939 foro
385 915 479 939 autem
508 911 560 939 Dei
590 911 779 939 iuramentum
809 914 936 940 coactum
962 911 1093 948 obligato-

244 959 318 987 rium
340 962 397 992 est,
419 959 500 995 quia,
529 966 594 987 cum
626 958 701 986 Deus
722 958 839 995 aspiciat
860 951 1033 987 voluntatem
1057 958 1093 986 in-

243 1006 390 1041 teriorem,
412 1009 439 1035 et
461 1005 590 1034 voluntas
612 1013 666 1033 non
688 1005 774 1042 possit
795 1005 854 1042 cogi
870 1005 1012 1033 coactione
1032 1004 1093 1042 suf-

241 1053 369 1090 ficiente,
398 1052 445 1081 sed
478 1052 670 1086 inrlucentffl,
702 1055 729 1080 et
761 1052 799 1080 ita
830 1052 959 1080 voluntas
990 1056 1093 1080 coacta

243 1100 373 1128 voluntas
395 1100 444 1134 sit,
468 1099 573 1128 iudicat
594 1099 683 1135 Deus,
707 1099 789 1127 talem
807 1099 948 1127 bominem
964 1099 1092 1136 obligari.

245 1148 275 1176 Et
300 1148 362 1176 ideo
394 1147 420 1175 in
452 1146 512 1175 foro
543 1146 729 1175 conscientiae
760 1146 916 1174 secundum
949 1146 1093 1183 theologos

243 1193 447 1223 consulendum
469 1197 510 1222 est
532 1193 555 1221 ei
585 1193 632 1230 qui
665 1194 704 1221 sic
733 1192 848 1226 iuravit,
872 1192 923 1220 nisi
945 1192 1094 1221 relaxatio-

243 1248 307 1269 nem
330 1240 464 1274 inveniat,
487 1240 676 1268 iuramentum
699 1239 832 1276 implere;
847 1242 874 1267 et
896 1239 949 1268 hoc
971 1239 1048 1274 dico,
1070 1240 1092 1268 si

244 1287 432 1315 iuramentum
456 1286 525 1315 illud
548 1286 600 1314 fuit
622 1289 752 1322 respectu
774 1285 813 1314 rei
837 1285 936 1314 licitae.
958 1303 998 1306 -—
1017 1286 1093 1315 Unde

243 1334 364 1362 rationes
379 1333 492 1362 concedi
508 1336 638 1370 possunt,
653 1341 725 1370 quae
740 1336 806 1362 sunt
819 1332 855 1361 ad
877 1336 985 1369 partem
1002 1333 1093 1361 istam.

324 1382 347 1409 1.
370 1380 409 1409 Ad
431 1380 501 1409 illud
524 1388 591 1409 vero
611 1380 687 1417 quod
710 1379 841 1408 obiicitur
869 1379 895 1408 in
918 1380 1092 1408 contrarium

242 1428 277 1457 de
298 1428 467 1465 obligatione
489 1427 561 1460 voti;
582 1422 748 1462 dicendum,
769 1427 844 1464 quod
860 1435 915 1455 non
931 1430 973 1456 est
988 1427 1093 1462 simile3

242 1475 308 1512 quia
339 1477 435 1503 votum
464 1474 578 1511 respicit
607 1474 804 1511 obligationem
837 1474 873 1502 ad
906 1474 1012 1508 Deum,
1044 1474 1092 1511 qui

242 1522 303 1550 vult
323 1521 460 1551 sacrificia
482 1530 536 1550 non
558 1525 668 1555 coacta,
700 1521 748 1550 sed
772 1521 931 1550 voluntaria
941 1521 959 1548 ³.
980 1521 1007 1549 Si
1029 1521 1093 1558 quis

242 1573 335 1598 tamen
358 1569 499 1598 coactione
520 1568 669 1597 inducente
691 1572 823 1605 cogatur,
845 1571 876 1596 ut
898 1572 994 1597 votum
1016 1567 1094 1597 cinit-

242 1618 294 1650 tat,
315 1615 446 1644 videlicet
468 1619 499 1644 ut
520 1615 546 1643 in
578 1615 705 1652 periculo
727 1615 826 1644 mortis
846 1614 973 1644 existens
1000 1622 1016 1643 a
1044 1614 1095 1643 Do-

243 1663 319 1691 mino
342 1663 489 1697 liberetur,
505 1670 559 1691 non
575 1662 688 1691 videtur
708 1662 865 1690 absurdum
892 1662 1001 1697 dicere,
1027 1669 1091 1690 eum

242 1717 303 1739 esse
318 1709 482 1746 obligatum.

322 1757 349 1785 2.
370 1756 409 1785 Ad
431 1756 501 1785 illud
523 1756 599 1793 quod
621 1755 753 1784 obiicitur
775 1755 810 1784 de
832 1758 962 1793 praetore
981 1758 1009 1784 et
1024 1755 1093 1793 lege,

920 175 1172 204 SENTENTIARUM
1193 175 1253 203 LlB.
1275 176 1315 204 Ill.

1147 253 1222 289 quod
1244 261 1298 282 non
1315 256 1426 290 reputat
1442 257 1534 282 ratum
1551 254 1740 283 iuramentum
1756 254 1859 284 factum
1876 264 1925 292 per
1941 263 1994 284 me-

1148 303 1206 327 tum
1216 310 1223 333 ;
1245 299 1410 333 dicendum,
1433 301 1509 337 quod
1531 300 1577 329 lex
1593 300 1716 337 loquitur
1731 302 1757 329 in
1773 302 1833 330 foro
1848 302 1995 336 iudiciali,

1147 346 1213 383 quia
1235 355 1288 374 non
1314 347 1472 375 intromittit
1493 355 1522 376 se
1554 347 1588 376 de
1613 348 1673 376 foro
1695 349 1896 377 conscientiae.
1919 350 1995 379 Unde

1147 393 1304 422 secundum
1327 393 1397 422 illud
1419 394 1511 422 sorum
1534 403 1632 423 verum
1648 398 1698 429 est,
1713 395 1789 431 quod
1805 396 1995 425 iuramentum

1148 443 1273 468 coactum
1297 448 1351 468 non
1373 440 1485 477 obligat.
1509 441 1549 469 Ex
1570 442 1623 470 hoc
1645 445 1737 470 tamen
1754 451 1808 470 non
1830 447 1920 479 potest
1935 451 1997 472 con-

1148 485 1237 519 cludi,
1259 486 1334 523 quod
1356 495 1409 515 non
1432 487 1535 524 obliget
1555 491 1692 524 quantum
1715 488 1749 517 ad
1773 489 1870 517 Deum.

1228 532 1253 561 3.
1276 533 1313 561 Ad
1337 533 1407 562 illud
1430 534 1503 571 quod
1536 535 1682 569 obilcitur‚
1713 536 1788 572 quod
1821 540 1925 571 metus,
1948 537 1995 574 qui

1149 583 1240 616 potest
1260 580 1360 608 cadere
1382 580 1408 608 in
1430 584 1601 609 constantem
1624 582 1730 616 virum,
1752 586 1869 611 excusat
1890 592 1906 611 a
1927 587 1997 618 tot03

1149 626 1315 661 (licendum,
1338 627 1412 664 quod
1436 627 1499 656 licet
1520 632 1648 664 respectu
1670 633 1785 658 actuum
1807 630 1996 659 bumanorum
2011 634 2125 653 Notandum-

1150 673 1236 710 possit
1257 673 1357 702 cadere
1380 676 1471 702 metus
1492 673 1633 703 sufficiens
1655 674 1681 702 in
1700 675 1790 703 virum
1807 679 1997 710 constantem3

1150 723 1242 749 tamen
1264 724 1402 758 quantum
1424 721 1459 749 ad
1481 728 1513 749 ea
1534 729 1606 758 quae
1628 721 1749 750 iustitiae
1770 726 1850 757 sunt,
1876 731 1930 751 non
1952 731 1998 760 po-

1150 771 1203 796 test
1223 768 1324 797 cadere
1357 771 1447 796 metus
1478 768 1620 797 sufficiens
1651 769 1679 797 in
1702 769 1793 797 virum
1815 773 1996 799 constantem.

1150 816 1292 852 Quantum
1314 815 1389 843 enim
1410 815 1444 843 ad
1478 815 1525 843 illa
1556 815 1622 844 dicit
1654 816 1823 844 Dominus⁴z
1847 815 1940 845 Nolite
1962 816 1997 845 tz'-

1149 871 1227 890 mere
1248 871 1294 890 cos
1316 862 1368 900 qui
1397 871 1506 899 corpu-s
1537 862 1681 891 occidam.
1715 863 1777 891 ldeo
1809 863 1884 900 apud
1907 864 1997 892 Deum

1151 909 1213 938 talis
1236 913 1326 938 metus
1348 918 1401 938 non
1423 913 1573 946 reputatur
1594 918 1679 939 causa
1701 910 1842 940 sufficiens
1856 911 1891 939 ad
1914 919 1998 940 excu-

1127 963 1136 972 ⁶
1150 957 1269 985 sandum
1294 957 1435 985 hominem
1457 965 1472 985 a
1494 960 1572 985 reatu
1590 958 1705 994 peccati,
1721 958 1764 986 vel
1779 958 1814 986 ab
1829 958 1998 995 obligatione

1150 1005 1309 1033 iuramenti.

1228 1050 1255 1078 lt.
1276 1050 1315 1079 Ad
1338 1050 1406 1078 illud
1429 1050 1504 1086 quod
1536 1050 1666 1079 obiicitur
1698 1051 1733 1080 de
1754 1051 1921 1088 obligatione
1943 1048 1998 1080 ina-

1151 1097 1290 1132 trimonii,
1312 1097 1476 1131 dicendum,
1499 1098 1573 1135 quod
1596 1106 1650 1126 non
1673 1102 1714 1127 est
1736 1098 1838 1127 simile:
1862 1099 1927 1136 quia
1942 1108 1998 1128 ma-
2011 1101 2125 1121 Notandum.

1151 1145 1313 1173 trimonium
1346 1145 1398 1173 hoc
1430 1144 1513 1173 babet
1543 1153 1579 1173 ex
1613 1146 1719 1174 ratione
1741 1145 1950 1183 significationis
1971 1150 1999 1175 et

1151 1192 1343 1226 institutionis,
1366 1195 1396 1220 ut
1417 1192 1600 1221 contrabatur
1622 1200 1656 1221 ex
1691 1201 1766 1221 mera
1789 1197 1815 1221 et
1841 1193 1928 1222 libera
1954 1202 1998 1222 vo-

1150 1238 1266 1267 luntate.
1299 1238 1440 1275 Significat
1469 1239 1543 1267 enim
1577 1239 1800 1268 coniunctionem
1833 1240 1934 1269 Christi
1971 1244 1998 1270 et

1151 1285 1288 1314 Ecclesiae
1310 1285 1358 1314 Dei
1381 1289 1408 1314 et
1428 1285 1547 1320 animae,
1570 1286 1595 1314 in
1612 1294 1668 1323 qua
1683 1286 1760 1315 nulla
1775 1287 1924 1316 intervenit
1939 1296 1999 1316 coa-

1150 1333 1216 1366 ctio,
1239 1332 1286 1361 sed
1310 1340 1388 1360 mera
1409 1332 1586 1369 benignitatis
1601 1332 1712 1361 dilectio
1722 1333 1740 1361 ⁵.
1762 1333 1820 1362 Nou
1842 1335 1880 1363 sic
1901 1338 1996 1363 autem

1149 1383 1191 1408 est
1211 1387 1247 1408 ex
1270 1382 1349 1416 parte
1370 1379 1617 1408 mmmmm—Et
1637 1379 1665 1408 δι’
1688 1383 1719 1408 tu
1741 1389 1870 1418 quaeras
1891 1382 1926 1410 de
1947 1382 1995 1411 illo
2008 1382 2128 1424 Qgiaffgfflivssig

1150 1427 1198 1464 qui
1220 1429 1333 1455 coactus
1354 1425 1457 1455 iuravit
1479 1427 1644 1455 contrahere
1660 1427 1885 1462 matrimonium,
1900 1432 1997 1457 utrum
2023 1430 2059 1448 ¹¹¹¹-

1151 1476 1294 1505 teneatur;
1326 1472 1493 1507 dicendum,
1525 1473 1601 1510 quod
1633 1476 1760 1508 tenetur,
1781 1474 1833 1503 nisi
1855 1482 1890 1503 ex
1914 1483 1999 1504 causa

1150 1521 1366 1558 superveniente
1398 1520 1570 1549 absolvatur.
1601 1520 1628 1549 Si
1651 1524 1743 1549 tamen
1765 1522 1911 1550 contrahat
1932 1530 1997 1551 cum

1150 1567 1217 1601 alia,
1240 1567 1266 1596 in
1288 1567 1479 1596 contrahendo
1500 1570 1596 1604 peccat
1617 1567 1772 1596 mortaliter
1795 1575 1844 1596 nec
1875 1568 1997 1605 amplius

1150 1614 1306 1651 obligatur,
1327 1614 1377 1643 sed
1399 1622 1449 1651 pro
1470 1613 1554 1651 culpa
1575 1613 1690 1650 periurii
1713 1617 1755 1643 est
1776 1614 1799 1643 ei
1829 1615 1999 1652 poenitentia

1151 1661 1333 1698 imponenda:
1356 1664 1383 1690 et
1404 1661 1438 1690 de
1465 1661 1518 1690 hoc
1549 1661 1672 1698 amplius
1704 1661 1825 1690 babetur
1847 1663 1874 1690 in
1896 1665 1998 1700 quarto

1150 1708 1177 1737 in
1200 1711 1319 1737 tractatu
1342 1708 1376 1737 de
1399 1708 1576 1736 matrimonio
1588 1708 1607 1736 ⁶.

1007 1866 1170 1904 QUAESTIO
1192 1866 1231 1894 lll.

721 1966 827 1995 Utrum
848 1966 1051 1994 iuramentum
1073 1965 1227 1994 incautum
1248 1965 1287 1993 sic
1307 1965 1526 2003 obliyatorz'um.

322 2080 414 2109 Tertio
435 2078 597 2117 quaeritur,
620 2081 716 2106 utrum
733 2078 922 2106 iuramentum
946 2077 1089 2106 incautum

242 2128 278 2157 sit
299 2126 505 2164 obligatorium.
522 2126 711 2154 luramentum
727 2127 821 2153 autem
844 2124 998 2153 incautum
1020 2124 1091 2158 dico,

242 2174 317 2212 quod
340 2173 430 2210 vergit
445 2173 471 2201 in
486 2172 596 2201 exitum
613 2171 734 2206 malum,
757 2171 801 2200 vel
824 2171 850 2199 in
872 2171 981 2200 exitum
998 2171 1092 2199 minus

243 2222 347 2250 bonum
360 2221 378 2248 ⁷.
401 2220 431 2248 Et
452 2219 527 2257 quod
549 2219 739 2248 iuramentum
754 2218 915 2252 incautum,
936 2218 1011 2255 quod
1034 2225 1093 2246 ver-

243 2268 282 2305 git
303 2267 329 2295 in
352 2266 461 2295 exitum
484 2265 606 2300 malum,
628 2265 663 2293 sit
684 2264 897 2301 obligatorium,
920 2264 1071 2301 probatur:

326 2315 349 2342 1.
372 2313 462 2341 Primo
490 2320 541 2349 per
567 2312 731 2349 exemplum
761 2311 855 2345 losue,
883 2311 918 2340 de
945 2319 1001 2348 quo
1026 2311 1093 2339 dicit

244 2361 407 2389 Ambrosius
434 2360 460 2388 in
491 2359 563 2388 libro
591 2359 625 2388 de
654 2358 799 2387 Officiisss:
834 2369 846 2383 «
866 2358 944 2387 losue
976 2365 1091 2395 pacem,

244 2415 328 2444 quam
351 2407 482 2441 dederat,
508 2406 693 2435 revocandam
722 2413 775 2433 non
804 2405 927 2439 censuit,
955 2404 1021 2441 quia
1049 2404 1093 2432 tir-

244 2458 319 2482 mata
340 2456 400 2482 erat
419 2452 584 2482 sacramenti
600 2452 750 2489 religione,
764 2459 799 2480 ne
814 2451 881 2480 dum
898 2451 1017 2480 alienam
1033 2459 1093 2488 per—

245 2501 338 2529 fidiam
369 2500 568 2537 redargueret,
590 2507 671 2528 suam
693 2499 777 2527 fidem
800 2498 921 2527 solveret
934 2509 961 2526 »z
985 2498 1093 2527 teneba-

308 2634 314 2648 ¹
332 2634 376 2657 Csr.
396 2637 483 2663 quaest.
502 2634 608 2662 praeced.

306 2673 315 2688 ²
334 2674 365 2696 De
382 2680 428 2702 quo
447 2673 500 2696 vide
518 2674 540 2695 ll.
558 2674 619 2695 Sent.
637 2673 660 2695 d.
678 2674 714 2695 -25,
733 2679 755 2701 p.
774 2673 795 2695 ll.
814 2679 836 2701 q.
856 2673 876 2695 4.
894 2685 924 2688 —
941 2672 1005 2695 Circa
1024 2673 1093 2695 finem

244 2719 307 2741 corp.
325 2719 369 2742 pro
385 2712 433 2741 fuit
448 2713 516 2735 codd.
535 2714 551 2734 G
562 2714 581 2735 K
599 2712 680 2741 ficerz't.

306 2751 315 2765 ³
333 2751 377 2774 Ctr.
396 2752 432 2773 lv.
450 2752 511 2773 Sent.
530 2751 551 2773 d.
570 2751 606 2773 38.
625 2758 645 2773 a.
667 2751 684 2772 l.
703 2757 724 2780 q.
748 2751 765 2773 l.
783 2751 812 2773 ad
831 2750 857 2778 4,
876 2750 915 2773 ubi
933 2751 1013 2778 triplex
1032 2750 1093 2773 <titre-

245 2791 315 2812 rentia
333 2791 380 2813 voti
397 2793 419 2813 et
435 2791 556 2813 iuramenti
574 2791 674 2813 affertur.

307 2828 315 2842 ⁴
335 2830 409 2851 maini.
432 2831 468 2857 io,
489 2830 525 2852 28.

308 2867 317 2881 ⁵
337 2868 393 2890 Vide
411 2869 467 2896 Eph.
486 2870 511 2896 5,
528 2870 564 2891 2-5.
578 2876 642 2898 seqq.
661 2882 690 2884 —
708 2869 777 2891 Paulo
794 2870 903 2896 superius
921 2874 963 2896 pro
982 2868 1025 2891 Dez'
1040 2868 1092 2890 cod.

247 2905 264 2927 U
282 2907 303 2927 el
320 2906 367 2928 Dei.

309 2944 318 2957 ⁶
336 2944 389 2965 Dist.
408 2945 444 2966 20.
462 2951 503 2972 per
521 2949 597 2968 totam.
616 2958 646 2961 —
665 2946 722 2968 Vide
740 2946 842 2968 scholion
860 2945 889 2967 ad
913 2945 1090 2973 praecedentem

248 2985 334 3009 quaest.

1148 2080 1196 2105 tur
1210 2084 1277 2113 ergo
1291 2076 1370 2105 Iosue
1386 2076 1574 2105 iuramentum
1584 2099 1591 2111 ,
1606 2076 1682 2114 quod
1697 2076 1812 2111 fecerat,
1827 2077 1997 2113 observare3

1149 2123 1197 2152 sed
1221 2123 1290 2152 illud
1312 2124 1501 2152 iuramentum
1522 2123 1575 2152 fuit
1602 2123 1746 2152 incautum
1767 2127 1794 2153 et
1815 2125 1948 2161 vergebat
1971 2126 1997 2154 in

1149 2170 1257 2199 exitum
1282 2170 1403 2205 malum,
1431 2170 1497 2207 quia
1525 2173 1621 2199 contra
1642 2170 1690 2198 Dei
1714 2173 1911 2207 praeceptum,
1941 2179 1997 2208 quo

1150 2220 1330 2254 praeceperat
1358 2217 1508 2251 Dominus,
1529 2225 1563 2245 ne
1584 2225 1648 2245 cum
1670 2217 1800 2253 gentibus
1822 2217 1876 2246 illis
1897 2217 1997 2246 foedus

1150 2264 1273 2292 iniret⁰:
1306 2272 1372 2300 ergo
1404 2264 1531 2298 videtur,
1561 2264 1636 2301 quod
1664 2264 1718 2293 tale
1744 2265 1933 2293 iuramentum
1963 2265 1998 2293 sit

1150 2310 1357 2347 obligatorium.

1229 2358 1255 2385 2.
1277 2358 1359 2392 Item,
1382 2357 1552 2394 AugustInus
1564 2358 1581 2372 ¹⁰
1602 2358 1682 2392 dicit,
1704 2357 1779 2395 quod
1801 2357 1936 2386 meretrix
1959 2357 1998 2386 iu-

1151 2412 1230 2439 rans,
1252 2412 1282 2433 se
1303 2409 1479 2433 servaturam
1502 2404 1585 2433 fidem
1607 2412 1659 2433 suo
1681 2404 1825 2439 leccatori,
1846 2404 1925 2441 peior
1946 2407 1997 2439 est,

1150 2451 1171 2479 si
1194 2459 1247 2479 non
1270 2454 1363 2480 servat
1384 2451 1484 2485 fidem,
1506 2458 1589 2488 quam
1613 2450 1633 2479 si
1656 2450 1838 2485 observaret3
1861 2451 1910 2480 sed
1925 2451 1998 2480 iura-

1151 2502 1274 2526 mentum
1299 2498 1367 2526 illud
1390 2498 1474 2526 babet
1496 2497 1601 2526 matum
1622 2498 1747 2531 exitum,
1769 2501 1796 2526 et
1818 2501 1908 2526 tamen
1931 2497 1998 2526 obli-

1213 2633 1223 2647 ⁷
1242 2632 1299 2655 Vide
1315 2632 1371 2654 inira
1389 2633 1410 2653 in
1429 2631 1532 2654 fundam.
1555 2632 1571 2653 l.
1590 2631 1660 2654 verbu
1680 2631 1760 2653 [ledae.
1954 2650 1960 2651 7

1213 2671 1223 2686 ³
1239 2671 1300 2693 Libr.
1319 2672 1349 2693 ΙΙΙ.
1367 2678 1385 2693 c.
1409 2672 1441 2692 l0.
1459 2677 1480 2693 n.
1499 2671 1541 2693 69:
1559 2671 1624 2693 Iesus
1636 2672 1711 2693 tamen
1725 2676 1806 2698 pacem
1818 2673 1860 2692 etc.
1873 2669 1918 2693 Ctr.
1932 2671 1996 2693 losue

1150 2712 1173 2738 9,
1197 2711 1232 2732 15.
1250 2716 1315 2739 seqq.

1211 2750 1221 2764 ⁹
1238 2749 1282 2772 Csr.
1299 2756 1370 2777 supra
1388 2756 1441 2777 pag.
1459 2750 1515 2774 665.
1536 2752 1587 2771 nota
1606 2750 1627 2771 6.

1213 2788 1231 2803 ¹⁰
1248 2789 1279 2811 Dc
1297 2789 1359 2811 Bono
1382 2789 1509 2817 coniugali,
1531 2794 1550 2810 c.
1575 2788 1595 2810 4.
1613 2794 1634 2810 n.
1649 2787 1673 2815 4,
1693 2788 1859 2810 sententialiter.
1879 2788 1996 2815 Allegatur

1149 2829 1216 2850 etiam
1234 2835 1246 2850 a
1264 2828 1383 2855 Gratiano,
1402 2827 1425 2850 C.
1448 2827 1536 2851 Mulier·
1554 2827 1587 2855 si,
1608 2834 1626 2849 c.
1650 2828 1686 2849 22.
1710 2834 1731 2855 q.
1749 2826 1770 2848 4.
1787 2839 1817 2842 -
1837 2827 1931 2848 Intortus
1953 2833 1995 2854 pro

1149 2866 1260 2889 leccatori
1277 2867 1326 2888 Vat.
1345 2868 1381 2888 liic
1393 2870 1414 2888 et
1431 2867 1452 2888 in
1465 2867 1577 2888 solutione
1596 2865 1701 2889 locatori.
1715 2865 1846 2887 lmrncdiate
1859 2867 1910 2892 post
1927 2865 1993 2887 codd.

1149 2906 1165 2927 B
1176 2905 1192 2926 D
1203 2905 1218 2926 F
1227 2906 1244 2927 (5
1256 2906 1270 2926 L
1281 2905 1298 2927 O
1309 2905 1326 2927 T
1339 2905 1356 2927 V
1366 2912 1404 2930 aa.
1417 2905 1496 2927 verbis
1507 2905 1566 2927 male
1579 2905 1730 2932 transpositis¹
1742 2903 1809 2932 peior
1821 2904 1864 2930 est,
1884 2902 1906 2925 sz'
1915 2904 1995 2926 serrat

1147 2944 1228 2975 fidem,
1248 2950 1321 2974 quam
1338 2944 1360 2967 st
1375 2950 1422 2967 non
1440 2943 1582 2967 obser-curel.
