2166 3366
166 664 265 682 Distinctio

162 687 237 711 duplex.

149 1830 179 1848 Ad
192 1831 265 1854 opposi-

185 1856 230 1872 tum.

278 207 335 237 438

279 285 382 314 iunctio
403 283 650 321 supa-naaman&
673 282 790 319 Quando
811 290 878 319 ergo
900 281 1020 316 dicitur,
1045 280 1121 318 quod

279 333 326 361 illa
348 332 375 360 in
398 335 486 360 morte
508 331 689 365 dividuntur,
711 337 783 366 quae
805 329 831 357 in
853 329 996 357 nativitate
1011 328 1122 357 coniun-

279 383 322 408 cta
343 382 419 412 sunt,
440 378 493 406 hoc
515 377 678 414 intelligitur
701 376 735 405 de
757 375 858 404 unione
882 375 1026 403 naturali.
1055 374 1122 403 Unio

278 428 371 454 autem
392 424 549 453 Divinitatis
574 423 608 451 ad
638 423 759 451 animam
789 429 841 450 non
871 425 930 450 erat
954 420 1121 454 naturalis,

279 471 327 500 sed
348 469 589 507 supernaturalis
597 480 607 503 ,·
628 472 655 497 et
676 469 738 497 ideo
759 468 794 497 de
816 469 868 497 ista
886 468 988 497 unione
1003 467 1122 496 verbum

278 517 348 545 illud
369 525 423 545 non
446 516 529 544 habet
551 515 673 552 intelligi.

357 564 382 592 [ι.
405 564 443 592 Ad
466 563 535 591 illud
568 562 643 599 quod
675 562 821 596 obiicitur,
852 562 926 599 quod
954 564 1060 590 remota
1081 564 1122 589 est

279 610 424 639 delectatio
446 609 472 637 in
494 612 583 637 morte
614 609 650 637 ab
670 608 775 642 anima;
798 608 963 641 dicendum,
993 607 1068 644 quod
1090 607 1122 635 si-

279 660 326 686 cut
347 656 398 685 lux
419 659 509 694 potest
539 656 688 693 dupliciter
716 655 861 684 offuscari:
890 655 933 683 vel
956 654 986 683 in
1007 663 1055 687 se,
1078 654 1122 683 vel

279 703 309 731 z'n
330 712 387 731 sua
408 702 620 735 irradiatione,-
642 702 680 731 sic
702 705 728 730 et
750 702 897 730 delectatio
918 704 1009 738 potest
1033 700 1123 737 dupli-

280 750 348 778 citer
369 749 507 778 removeri
528 749 563 777 ab
591 748 683 776 anima
714 748 853 776 rationali:
887 750 935 775 aut
966 747 1032 784 quia
1063 747 1123 783 ipsa

950 204 1201 232 SENTENTIARUM
1222 203 1282 231 LIB.
1304 203 1343 231 111.

1179 281 1278 309 desinit
1301 281 1330 309 z'n
1351 289 1381 308 se
1402 280 1550 314 delectari,
1572 283 1621 308 aut
1639 280 1705 316 quia
1733 279 1834 308 desinit
1854 279 2022 307 redundare

1179 327 1206 355 in
1228 331 1334 364 partem
1357 327 1524 355 inferiorem.
1558 327 1626 355 Cum
1649 334 1714 363 ergo
1743 326 1860 360 dicitur,
1882 325 1957 363 quod
1979 325 2023 354 de-

1179 374 1287 402 lectatio
1320 374 1433 403 Deitatis
1464 376 1571 402 remota
1601 373 1653 401 fuit
1685 373 1712 401 in
1745 375 1833 401 morte
1864 372 1899 400 ab
1930 371 2023 400 anima
2036 377 2165 397 Notandum*

1179 420 1295 454 Christi,
1317 420 1369 449 hoc
1391 428 1445 448 ηοη
1467 419 1630 456 intelligitur
1651 427 1683 447 ea
1705 419 1825 453 ratione,
1847 418 1921 455 quod
1945 425 2023 447 mens

1179 467 1239 495 eius
1261 467 1400 496 desineret
1420 467 1475 495 frui
1497 466 1660 500 Divinitate.
1676 466 1722 494 sed
1746 466 1820 502 quod
1836 465 2022 502 dispensative

1180 513 1322 542 subtracta
1344 513 1395 541 fuit
1416 512 1601 541 redundantia
1623 512 1651 540 in
1672 514 1780 549 partem
1814 511 1972 540 sensibilem
1996 514 2022 540 et

1180 559 1307 596 exposita
1320 559 1372 587 fuit
1392 559 1512 596 passioni
1532 559 1737 587 acerbissimae.
1753 558 1867 595 Propter
1882 558 1956 595 quod
1972 558 2024 587 cla-

1181 609 1237 634 mat
1259 606 1286 634 in
1308 606 1450 643 passione;
1473 606 1550 634 Deus
1572 613 1666 639 meus,
1681 605 1758 633 Deus
1779 605 1878 633 meus!
1900 608 1933 633 ut
1952 604 2044 642 qaid-

1180 653 1360 691 (lerelz‘quz'sti
1379 661 1423 680 me
1436 652 1464 680 ¹?
1486 652 1561 689 quod
1582 660 1636 680 ηοη
1659 651 1838 688 intelligitur,
1860 652 1925 688 quia
1946 651 2024 680 dere-

1180 700 1292 737 liquerit
1314 699 1446 728 solvendo
1468 699 1611 727 vinculum
1637 699 1763 733 unionis,
1786 699 1835 728 sed
1857 699 2023 736 exponendo

1180 747 1215 775 ad
1237 746 1405 783 supplicium
1427 746 1572 783 passionis.

1019 862 1280 898 SOHOLION.

341 979 356 1000 l.
374 978 405 1000 De
423 979 465 1000 hac
482 981 504 1000 et
520 984 568 1006 seq.
587 976 627 1005 (2.)
646 977 779 1005 quaestione
796 976 855 998 nulla
873 977 930 998 inter
948 976 1071 998 catholicos
1088 978 1123 998 est

280 1018 442 1040 controversia.
454 1017 489 1039 Ad
501 1023 549 1039 rem
567 1020 589 1039 et
606 1016 634 1039 ad
647 1019 747 1039 mentem
765 1016 786 1038 S.
806 1016 979 1038 Bonaventurae
992 1015 1046 1037 dicit
1064 1016 1120 1037 Petr.

280 1063 291 1079 a
310 1057 362 1079 Tar.
380 1057 426 1085 (hic
445 1063 467 1085 q.
485 1056 501 1078 l.
514 1062 533 1078 a.
547 1055 590 1085 2.):
604 1056 734 1077 «Divinitas
750 1056 868 1077 coniuncta
881 1055 923 1077 suit
938 1055 968 1076 illi
981 1055 1069 1076 animae
1088 1055 1123 1076 tri-

279 1097 331 1124 plici
348 1096 453 1119 vinculo:
470 1103 511 1124 per
529 1096 625 1123 gratiam
643 1094 822 1121 inhabitationis,
836 1100 877 1122 per
889 1094 987 1122 gloriam
999 1094 1121 1121 fruitionis,

279 1141 320 1163 per
338 1136 435 1163 gratiam
452 1135 542 1157 unionis
560 1133 697 1161 personalis;
715 1135 737 1155 et
754 1133 827 1160 prima
849 1133 891 1154 suit
908 1132 1026 1160 dispositio
1044 1138 1122 1154 secun-

279 1174 329 1202 dae,
346 1177 368 1196 et
385 1178 481 1202 utraque
498 1174 582 1195 tertiae.
601 1172 665 1195 Unde
682 1178 735 1195 cum
753 1173 826 1199 prima
845 1177 889 1193 non
902 1172 969 1193 suerit
980 1171 1121 1199 separabilis,

280 1214 332 1241 quia
350 1213 424 1235 solum
442 1215 561 1240 peccatum
579 1214 670 1239 separat
686 1217 750 1239 eain,
773 1216 815 1233 nec
832 1210 932 1233 secunda
950 1210 992 1233 fuit
1008 1210 1122 1238 separabi-

279 1253 305 1274 lis
331 1258 371 1274 nec
396 1253 479 1274 tertia»
500 1254 541 1273 etc.
567 1263 598 1267 -
614 1251 669 1278 Arg.
700 1251 716 1272 l.
742 1250 771 1272 ad
794 1250 926 1277 oppositum
953 1249 1035 1271 eodem
1053 1249 1123 1271 modo

279 1291 374 1312 solvitur
391 1291 458 1312 etiam
476 1297 487 1312 a
506 1290 527 1311 S.
546 1290 634 1311 Thonia
653 1288 685 1317 (S.
705 1289 735 1310 111.
762 1295 783 1317 q.
802 1288 838 1310 50.
852 1294 871 1310 a.
885 1288 905 1309 3.
924 1288 953 1310 ad
975 1288 1002 1316 l.)
1020 1288 1122 1316 aliisquo.

279 1330 365 1352 Tamen
384 1329 448 1351 multi
475 1330 610 1356 interpretes
636 1334 653 1350 s.
680 1328 811 1356 Scripturne
836 1333 889 1349 curn
907 1327 929 1349 S.
948 1327 1007 1349 Ioan.
1026 1326 1121 1354 Chryso-

279 1371 352 1390 stomo
369 1368 463 1395 volunt,
481 1367 543 1396 quod
561 1366 643 1389 afnima
661 1368 704 1389 hoc
727 1367 789 1394 loco,
808 1367 868 1388 iuxta
886 1372 954 1388 usum
973 1365 1081 1394 loquendi
1100 1366 1121 1387 in

279 1409 300 1429 in
319 1408 389 1430 sacris
407 1406 469 1429 libris
494 1412 538 1428 non
565 1412 656 1433 rarum,
674 1405 786 1433 significet
803 1404 876 1427 vitam
893 1403 1059 1433 corporulem;
1077 1410 1122 1432 qua

1180 976 1362 1003 interpretatione
1380 976 1495 997 evanescit
1513 978 1557 997 tota
1581 975 1707 997 difficultas.
1731 975 1791 997 Haec
1811 975 1894 997 solutio
1916 974 2025 1003 aliquate-

1180 1021 1223 1037 nus
1240 1015 1367 1036 insinuatur
1384 1015 1451 1036 etiam
1470 1013 1499 1036 ab
1517 1015 1609 1036 auctore
1627 1016 1716 1041 nostro,
1735 1014 1771 1035 hic
1789 1013 1843 1035 dub.
1862 1014 1883 1035 2.

1243 1054 1273 1075 De
1300 1055 1341 1075 hac
1367 1053 1407 1081 (l.)
1433 1054 1583 1081 quaestione:
1606 1053 1666 1074 Alex.
1693 1052 1747 1080 Hah,
1774 1052 1803 1074 de
1831 1053 1872 1075 bac
1897 1055 1918 1074 et
1935 1058 1983 1081 seq.
2001 1059 2023 1081 q.

1180 1093 1201 1114 S.
1220 1099 1241 1120 p.
1259 1093 1290 1114 111.
1309 1099 1330 1121 q.
1354 1093 1385 1114 19.
1405 1098 1434 1114 m.
1457 1093 1474 1114 1.
1493 1104 1523 1107 —
1540 1092 1598 1114 Scot.
1617 1092 1675 1114 hanc
1700 1094 1722 1113 et
1746 1097 1794 1120 seq.
1812 1097 1834 1120 q.
1859 1092 1930 1119 tangit
1948 1092 1984 1113 hic
2002 1097 2023 1120 q.

1180 1133 1257 1160 unica,
1275 1135 1297 1154 et
1315 1132 1336 1154 d.
1359 1132 1391 1153 16.
1410 1138 1431 1160 q.
1459 1132 1480 1153 2.
1506 1137 1554 1159 arg.
1582 1132 1602 1152 2.
1621 1143 1650 1146 —-
1668 1131 1689 1152 S.
1714 1131 1804 1158 Thom,
1831 1131 1866 1152 hic
1885 1137 1906 1159 q.
1929 1131 1946 1152 Ι.
1964 1137 1984 1152 a.
2003 1131 2023 1152 1.

1180 1172 1322 1199 quaestiune.
1341 1172 1367 1199 2;
1386 1171 1407 1192 S.
1425 1173 1466 1192 art.
1485 1171 1520 1192 cit.
1537 1182 1568 1186 —
1585 1170 1608 1191 B.
1627 1169 1719 1197 Albert.7
1737 1169 1766 1191 de
1784 1170 1826 1191 hac
1842 1172 1864 1192 et
1881 1175 1928 1198 seq.
1946 1176 1968 1198 q.
1986 1170 2022 1191 hic

1180 1216 1199 1232 a.
1222 1211 1238 1231 1.
1249 1222 1278 1225 —
1289 1210 1344 1232 Petr.
1362 1216 1373 1231 a
1393 1210 1453 1237 Tar..
1471 1210 1513 1231 loc.
1531 1210 1566 1231 eit.
1580 1208 1723 1231 —Richard
1738 1215 1749 1230 a
1763 1208 1827 1236 Med„
1841 1209 1878 1231 hic
1895 1215 1915 1231 a.
1935 1209 1954 1230 11.
1968 1215 1989 1237 q.
2003 1209 2023 1231 l.

1180 1261 1209 1263 —
1219 1248 1327 1276 Durand„
1341 1248 1369 1270 de
1382 1249 1423 1270 hac
1435 1251 1457 1270 et
1473 1254 1521 1276 seq.
1540 1254 1561 1276 q.
1575 1249 1610 1269 hic
1622 1254 1643 1276 q.
1662 1249 1677 1269 Ι.
1690 1260 1722 1264 -
1734 1247 1826 1275 Dionys.
1839 1247 1922 1275 Carth„
1935 1247 1963 1270 de
1981 1248 2023 1270 hac

1180 1291 1201 1309 et
1218 1293 1265 1315 seq.
1284 1294 1305 1315 q.
1324 1287 1359 1308 hic
1377 1293 1398 1315 q.
1422 1287 1438 1308 1.
1455 1299 1485 1302 -
1503 1286 1555 1314 Biel,
1573 1286 1601 1308 de
1620 1287 1661 1308 hac
1679 1289 1699 1308 et
1717 1292 1781 1315 seqq.
1799 1292 1837 1314 qq.
1856 1287 1892 1308 hic
1910 1293 1932 1314 q.
1952 1286 2025 1308 unica.

1243 1326 1266 1347 11.
1285 1325 1316 1346 De
1334 1332 1380 1353 seq.
1400 1325 1441 1353 (2.)
1459 1326 1591 1353 quaestione
1609 1327 1699 1352 praeter
1724 1326 1817 1347 citatos:
1835 1325 1856 1346 S.
1876 1325 1969 1353 Thom.‚
1990 1325 2026 1347 hic

1181 1371 1202 1393 q.
1225 1365 1242 1386 1.
1260 1371 1280 1386 a.
1302 1365 1319 1386 1.
1346 1365 1487 1392 quaestiunc.
1507 1364 1530 1391 =l;
1549 1364 1570 1385 S.
1596 1364 1638 1386 loc.
1665 1364 1700 1386 cit.
1726 1370 1745 1386 a.
1765 1365 1785 1386 2.
1803 1376 1834 1380 -
1857 1364 1914 1386 Petr.
1932 1371 1943 1386 a
1962 1364 2022 1392 Tar.¹

1180 1404 1216 1425 hic
1234 1410 1255 1431 q.
1278 1404 1294 1425 1.
1314 1416 1343 1419 -
1361 1403 1467 1425 Richard.
1486 1409 1496 1424 a
1516 1402 1582 1430 Med.y
1601 1403 1637 1425 hic
1655 1409 1674 1425 a.
1696 1403 1713 1425 1,
1731 1410 1753 1431 q.
1773 1404 1794 1424 2.

1047 1494 1209 1530 QtiAEsrlo
1231 1494 1259 1522 11.

678 1583 783 1611 Utrum
804 1582 835 1610 in
856 1586 948 1610 morte
971 1580 1082 1610 Christi
1103 1581 1250 1609 Divinitas
1271 1581 1310 1608 sit
1331 1584 1472 1617 separata
1494 1589 1513 1608 a
1535 1589 1633 1608 earne.

356 1683 482 1712 Secundo
503 1682 661 1719 quaeritur,
686 1684 782 1709 utrum
806 1681 833 1709 1η
853 1680 964 1709 niorte²
988 1680 1123 1708 Divinitas

279 1731 312 1759 sit
334 1733 462 1767 separata
482 1738 498 1758 a
519 1737 609 1759 carne.
634 1729 664 1757 Et
685 1729 760 1766 quod
783 1728 830 1761 sic,
852 1728 972 1756 videtur.

360 1779 383 1806 1.
406 1777 500 1805 Soluto
515 1776 619 1810 medio,
635 1776 784 1804 solvuntur
798 1778 941 1807 extrema;
958 1774 1007 1803 sed
1034 1774 1122 1802 «Ver-

278 1825 345 1853 bum
367 1824 464 1853 unitur
485 1823 561 1852 carni
593 1822 733 1850 mediante
759 1821 938 1855 intellectu»,
961 1821 1032 1849 sicut
1054 1820 1120 1849 dicit

278 1872 483 1904 Damascenus,
504 1872 531 1898 et
552 1869 678 1897 habitum
707 1871 748 1897 est
779 1875 866 1904 supra
887 1866 1063 1895 distinctione
1083 1873 1122 1894 se-

278 1917 407 1946 cunda²:
429 1916 451 1945 si
483 1924 549 1952 ergo
582 1915 608 1943 in
640 1918 729 1942 morte
760 1916 888 1950 separata
919 1912 971 1941 fuit
992 1912 1084 1940 anima
1105 1920 1121 1940 a

278 1972 376 1998 carne,
398 1965 496 1997 restat,
518 1962 591 1999 quod
607 1961 742 1989 Divinitas
757 1963 884 1997 separata
898 1959 951 1988 fuit
964 1959 1000 1987 ab
1013 1959 1121 1987 eadem.

357 2011 383 2038 Ξ.
398 2009 481 2043 Item,
497 2009 639 2037 destructo
654 2007 756 2044 priori,
772 2006 928 2035 destruitur
944 2006 1084 2042 posterius
1097 2004 1120 2040 *g

279 2057 326 2086 sed
345 2057 412 2086 unio
434 2056 525 2085 carnis
556 2055 591 2084 ad
624 2054 745 2083 animani
777 2053 853 2090 prior
875 2056 916 2081 est
938 2052 1120 2085 naturaliter,

278 2112 361 2141 quani
384 2103 419 2132 sit
439 2103 506 2131 unio
537 2102 629 2131 carnis
649 2101 684 2129 ad
715 2100 907 2134 Divinitateni‚
934 2100 999 2136 quia
1030 2099 1122 2136 prima

276 2154 318 2180 est
339 2149 505 2182 manualis,
528 2148 650 2177 secunda
679 2147 829 2185 yrctzztitct,
852 2150 879 2175 et
908 2150 1023 2174 natura
1044 2145 1121 2182 prior

276 2200 318 2226 est
338 2204 422 2234 quam
451 2195 568 2233 qratia:
591 2202 657 2231 ergo
690 2194 780 2222 soluta
812 2194 915 2221 unione
947 2193 1056 2221 animae
1084 2192 1119 2220 ad

276 2251 402 2278 carnem,
423 2250 535 2271 necesse
557 2245 614 2275 est,
636 2241 705 2270 solvi
734 2241 869 2268 unitatem
891 2239 984 2268 carnis
1005 2239 1040 2268 ad
1062 2239 1121 2267 Dei-

276 2293 370 2319 tatem.
976 2296 979 2297 ⁷

356 2336 380 2365 3.
403 2336 485 2369 Item,
506 2334 641 2363 Divinitas
663 2342 717 2362 non
739 2336 780 2362 est
808 2332 922 2361 unibilis
944 2335 1061 2360 naturae
1083 2332 1120 2360 in-

276 2383 399 2412 sensibili
421 2386 447 2411 et
468 2381 622 2410 irrationali
635 2381 661 2415 ⁵3
685 2381 733 2410 sed
749 2388 814 2409 caro
833 2383 895 2417 post
916 2379 1120 2416 separationem

276 2430 384 2458 animae
405 2429 476 2457 facta
497 2431 539 2457 est
554 2427 734 2456 insensibilis:
751 2434 817 2463 ergo
839 2434 893 2454 non
909 2426 1020 2454 videtur
1035 2425 1121 2453 fuisse

276 2477 375 2505 idonea
396 2478 478 2510 tunc,
500 2478 532 2503 ut
552 2475 682 2503 uniretur
703 2473 858 2502 Divinitati:
884 2472 997 2501 videtur
1020 2472 1120 2509 igitur,

1180 1680 1255 1716 quod
1278 1680 1304 1707 in
1328 1682 1416 1707 morte
1438 1679 1504 1707 unio
1525 1679 1572 1707 illa
1593 1679 1677 1707 fuerit
1691 1679 1798 1713 soluta,
1814 1687 1886 1716 quae
1908 1682 1967 1708 erat
1982 1679 2024 1707 Di-

1180 1726 1302 1754 vinitatis
1324 1726 1357 1754 ad
1381 1733 1492 1754 carnem
1515 1728 1677 1754 assumtam.

1258 1773 1284 1800 4.
1316 1772 1396 1806 Item,
1427 1772 1517 1800 omnis
1548 1772 1615 1800 unio
1646 1772 1812 1801 terminatur
1845 1772 1880 1800 ad
1911 1772 2025 1809 aliquod

1180 1827 1283 1847 unum:
1307 1819 1327 1847 si
1350 1826 1416 1855 ergo
1438 1826 1502 1847 caro
1523 1818 1601 1846 unita
1616 1822 1675 1847 erat
1693 1818 1808 1853 Deitati‚
1824 1822 1872 1847 aut
1891 1826 1957 1855 ergo
1972 1819 2024 1847 ista

1179 1865 1245 1893 unio
1266 1865 1383 1894 faciebat
1411 1873 1499 1893 unum
1522 1865 1549 1892 in
1577 1868 1710 1898 natura,
1732 1868 1781 1893 aut
1803 1873 1891 1894 unum
1915 1866 1942 1893 in
1960 1874 2025 1902 per-

1179 1920 1260 1940 sona.
1287 1912 1314 1939 In
1346 1915 1460 1940 natura
1491 1920 1558 1945 non,
1587 1912 1640 1940 hoc
1668 1912 1810 1946 constat⁶;
1839 1911 1867 1940 in
1896 1920 2024 1948 persona

1180 1966 1249 1991 non.
1271 1962 1302 1987 ut
1324 1959 1451 1992 videtur,
1473 1958 1538 1995 quia
1559 1966 1613 1986 non
1635 1961 1676 1987 est
1702 1958 1810 1993 dicere,
1842 1959 1917 1996 quod
1938 1959 2022 1988 Filius

1180 2009 1252 2034 esset
1273 2013 1391 2042 persona
1422 2005 1527 2033 earnis:
1551 2012 1617 2041 ergo
1648 2013 1702 2033 non
1734 2005 1859 2040 videtur,
1881 2006 1956 2043 quod
1977 2006 2024 2034 ali-

1180 2060 1236 2088 quo
1257 2059 1357 2088 genere
1379 2051 1489 2080 unionis
1510 2052 1536 2079 in
1559 2054 1649 2080 morte
1675 2051 1809 2081 Divinitas
1841 2052 1919 2080 unita
1940 2053 2024 2081 fuerit

1181 2098 1265 2127 carni.
1880 2094 1881 2097 ’

1259 2146 1310 2173 SED
1331 2153 1454 2174 comita:
1480 2146 1504 2173 1.
1533 2146 1585 2174 Leo
1617 2145 1719 2182 Papa⁷:
1746 2146 1857 2174 «Tanta
1888 2149 1930 2175 est
1953 2147 2158 2175 uniorunaameuta.

1180 2192 1228 2221 Dei
1250 2196 1276 2221 et
1298 2192 1433 2226 hominis,
1454 2195 1486 2220 ut
1506 2200 1557 2221 nec
1579 2192 1715 2229 supplicio
1744 2196 1837 2230 posset
1857 2193 1950 2222 dirimi
1972 2200 2022 2221 nec

1180 2242 1269 2267 morte
1290 2239 1410 2275 disiungi
1422 2250 1450 2271 >›;
1472 2239 1520 2267 sed
1542 2239 1577 2267 de
1599 2239 1755 2276 integritate
1783 2240 1922 2268 humanae
1944 2243 2022 2268 natu-

1180 2293 1227 2314 rae
1249 2288 1290 2314 est
1311 2293 1364 2313 non
1388 2288 1495 2313 tantum
1516 2286 1621 2320 anima,
1643 2293 1741 2314 verum
1757 2285 1840 2314 etiam
1861 2294 1940 2314 caro:
1957 2293 2023 2323 ergo

1180 2332 1207 2360 in
1229 2335 1318 2360 morte
1339 2340 1393 2360 non
1414 2332 1466 2360 fuit
1481 2335 1609 2369 separata
1623 2340 1688 2360 caro
1709 2340 1725 2360 a
1739 2332 1839 2361 Verbo.
1861 2332 1914 2361 Hoc
1929 2332 2022 2369 ipsum

1180 2378 1246 2406 dicit
1266 2378 1436 2415 Augustinus
1457 2381 1552 2406 contra
1574 2378 1754 2413 Felicianum,
1777 2379 1857 2407 cuius
1872 2379 2023 2408 auctoritas

1180 2425 1299 2453 habetur
1321 2425 1348 2453 in
1370 2425 1462 2453 littera
1473 2424 1491 2452 ⁸.

1258 2473 1283 2499 2.
1305 2471 1388 2505 item.
1409 2471 1523 2499 ratione
1544 2471 1663 2499 videtur.
1680 2471 1807 2500 Christus
1828 2472 1856 2500 in
1876 2472 1969 2501 triduo
1986 2472 2024 2501 di-

340 2632 347 2646 1
367 2632 441 2654 Matth.
461 2632 501 2659 27,
521 2631 557 2653 46.
576 2644 604 2647 —
622 2631 653 2653 De
671 2632 824 2659 expositione,
843 2636 901 2658 quae
919 2631 954 2652 his
972 2629 1050 2651 verbis
1068 2636 1079 2651 a
1098 2630 1120 2651 S.

277 2672 361 2694 Bonnv.
380 2672 517 2698 annectitur,
536 2670 588 2692 vide.
606 2671 642 2691 hic
660 2670 689 2692 lit.
708 2670 818 2697 Magistri,
837 2675 856 2691 c.
879 2670 897 2690 1.
914 2681 944 2684 —
957 2669 999 2690 Pro
1011 2667 1120 2691 solvendo

277 2710 397 2733 vinculum
417 2710 508 2737 plurimi
526 2709 593 2731 codd.
611 2708 760 2731 soltmzmodo
779 2707 907 2731 vinculum.
925 2707 994 2729 Paulo
1015 2708 1121 2734 superius

278 2755 320 2776 pro
336 2750 429 2778 partem
446 2747 578 2771 sensibilem
596 2748 646 2770 cod.
664 2748 681 2769 A
698 2748 789 2776 partem
807 2745 947 2769 sensualem.

341 2787 349 2801 ἵ
367 2787 423 2809 Edd.
442 2787 529 2809 addunt
546 2786 639 2809 Christi.

340 2825 349 2840 3
368 2827 413 2848 Art.
432 2826 452 2848 3.
471 2833 492 2854 q.
515 2826 531 2847 1.
550 2825 607 2847 Vide
625 2826 661 2847 hic
678 2825 708 2846 lit.
727 2825 838 2852 Magistri⁷
856 2830 875 2846 c.
898 2824 914 2845 1.
933 2836 962 2839 —
981 2824 1003 2845 ln
1016 2823 1060 2845 fine
1072 2829 1120 2851 arg.

279 2872 320 2893 pro
338 2864 366 2888 ab
384 2865 464 2888 eadem
481 2865 548 2887 codd.
566 2864 624 2887 Dbb
643 2871 656 2887 (ι
674 2870 752 2887 carne.

341 2903 350 2917 ⁴
368 2903 411 2926 Ct'r.
430 2904 530 2931 Aristot,
550 2904 593 2925 Vll.
612 2904 707 2931 Metnph.
725 2905 776 2925 text.
794 2902 830 2924 54.
843 2905 866 2930 et
877 2902 914 2924 XI.
927 2908 946 2925 c.
961 2903 980 2924 l.
993 2902 1040 2930 (Vl.
1053 2908 1071 2924 c.
1089 2901 1121 2923 15.

280 2945 300 2964 et
319 2942 346 2963 X.
364 2948 383 2964 c.
405 2942 446 2969 1.),
464 2948 505 2964 nec
522 2948 566 2964 non
586 2942 709 2970 porphyr„
732 2942 760 2964 de
785 2941 915 2964 Praedicab.
934 2948 952 2963 c.
971 2941 998 2964 de
1016 2940 1122 2963 Commu-

280 2979 392 3002 nz'tata'bus
409 2981 431 3002 et
447 2979 583 3009 differentiis
607 2980 700 3009 {seueris
726 2982 748 3003 pt
771 2980 865 3009 speciei,
885 2986 910 3002 ex
929 2986 975 3009 quo
995 2986 1044 3007 cap.
1068 2985 1122 3001 non-

1178 2629 1238 2651 nulla
1258 2629 1443 2656 transcripsimus
1460 2631 1513 2650 tom.
1532 2629 1555 2650 ll.
1574 2634 1626 2656 pag.
1645 2628 1686 2656 95,
1705 2631 1756 2650 nota
1774 2629 1794 2650 2.
1812 2629 1835 2650 ln
1853 2628 1897 2651 fine
1914 2635 1962 2656 arg.
1980 2635 2022 2657 pro

1177 2668 1238 2691 solvi
1255 2668 1367 2691 imitatem
1384 2668 1505 2689 mallemus
1521 2667 1582 2690 solvi
1598 2667 1722 2694 11712'onem‚·
1740 2668 1781 2690 sed
1799 2668 1854 2690 nihil
1873 2669 2021 2696 mutavimus,

1177 2707 1346 2735 refragantibus
1363 2710 1385 2729 et
1402 2706 1468 2729 codd.
1486 2709 1508 2729 et
1524 2706 1576 2729 edd.

1242 2746 1251 2760 ⁵
1268 2746 1325 2767 Vide
1343 2752 1411 2773 supra
1431 2746 1452 2767 d.
1471 2746 1491 2767 2.
1509 2752 1528 2767 a.
1551 2746 1567 2767 l.
1586 2752 1608 2774 q.
1631 2746 1646 2767 1.
1666 2758 1695 2761 -
1712 2746 1733 2767 1η
1753 2745 1796 2767 fine
1808 2752 1855 2773 arg.
1869 2751 1911 2773 pro
1929 2751 2021 2768 assum-

1179 2786 1227 2807 tam
1245 2785 1294 2807 Vat.
1313 2784 1435 2807 assumtio.

1242 2823 1252 2837 ⁶
1268 2823 1312 2846 Csr.
1330 2830 1398 2851 supra
1417 2823 1438 2846 d.
1457 2824 1477 2845 6.
1496 2830 1515 2845 a.
1535 2824 1554 2845 2.
1574 2830 1595 2851 q.
1618 2824 1634 2844 1.

1241 2862 1250 2877 7
1268 2863 1339 2884 Serm.
1358 2863 1394 2884 68.
1414 2862 1477 2889 (alias
1495 2863 1541 2890 66.)
1559 2863 1607 2884 sive
1626 2861 1661 2883 17.
1679 2861 1708 2883 de
1726 2861 1841 2888 Passtone,
1860 2866 1878 2882 c.
1896 2860 1912 2881 l.
1927 2859 1971 2882 Csr.
1984 2867 2022 2883 su-

1179 2909 1219 2931 pra
1237 2908 1290 2930 pag.
1313 2902 1364 2928 162,
1383 2904 1433 2923 nota
1453 2902 1473 2923 2.
1492 2913 1522 2917 —
1540 2901 1581 2923 Pro
1598 2900 1702 2929 disiunqt'
1717 2900 1781 2921 multi
1801 2899 1866 2921 codd.
1885 2902 1905 2921 et
1924 2899 1975 2921 edd.
1988 2899 2022 2922 di-

1179 2939 1275 2969 stinqui.

1242 2978 1251 2993 ⁸
1268 2979 1308 3001 Hic
1326 2984 1344 3001 c.
1364 2979 1383 3000 l.
1402 2979 1423 3000 in
1442 2978 1493 3000 fine.
