2166 3366
17 383 99 402 Dubium
114 384 131 402 3.

6 2719 36 2738 Ad
49 2720 123 2743 opposi-

764 173 846 201 DlST.
870 173 932 202 Vlll.
954 173 1026 201 ART.
1048 173 1066 201 Ι.
1088 173 1223 209 QUAEST.
1246 173 1262 201 1.

147 253 252 284 tempus
271 252 297 276 et
316 253 455 281 naturam;
475 253 501 276 et
520 257 614 282 unam,
634 256 703 284 quae
724 249 749 276 iu
770 249 870 276 ultimis
889 253 988 284 tempo-

146 293 232 325 ribus,
251 296 361 328 propter
381 300 428 319 nos
441 296 467 319 et
485 292 631 319 secundnm
646 300 694 318 nos
710 295 736 318 et
755 300 836 327 super
849 300 908 318 uos:
925 301 988 327 pro-

145 339 204 370 pter
216 343 276 368 nos,
296 336 358 369 quia
373 339 483 369 propter
496 338 611 362 nostram
625 334 750 365 salutem;
766 334 913 361 secandum
928 342 987 367 nos,

145 378 209 412 quia
222 382 300 405 natus
311 381 350 405 est
361 378 440 405 homo
455 385 487 405 ex
502 378 613 404 muliere
623 381 649 404 et
663 380 782 411 tempore
796 377 986 411 conceptionis,

1832 175 1885 202 185

1044 250 1147 277 scilicet
1161 257 1255 276 novem
1269 250 1411 281 mensium:
1425 258 1506 284 super
1520 257 1575 281 nos,
1589 250 1652 284 quia
1667 257 1718 277 non
1732 258 1764 277 ex
1779 251 1887 282 semine,

1045 292 1090 319 sed
1115 300 1148 319 ex
1170 293 1270 327 Spiritu
1291 296 1383 319 sancto
1403 296 1428 319 et
1447 296 1539 320 sancta
1562 293 1670 326 Virgine
1693 301 1774 328 supra
1800 293 1884 327 legem

1045 336 1228 369 conceptionis
1244 347 1269 362 ι».
1287 350 1323 355 -
1346 336 1385 362 Ex
1408 336 1449 362 his
1477 336 1614 362 manifeste
1638 340 1767 370 apparet,
1790 336 1885 363 Christi

1045 377 1111 404 duas
1131 385 1189 404 esse
1209 378 1373 410 nativitates,
1392 378 1561 413 eundemque
1580 379 1621 405 bis
1640 382 1732 406 natum
1751 379 1815 406 fore.

433 489 868 538 COMMENTARIUS
903 490 965 537 IN
998 490 1436 539 DISTINCTIONEM
1468 492 1590 540 VIII.

143 607 189 640 De
202 606 406 639 incarnatione
419 605 521 651 quoad
535 605 837 639 communicationem
851 605 1029 638 idiomatum
1043 610 1071 638 et
1084 605 1302 650 proprietatum
1316 606 1539 650 respicientium
1552 613 1694 641 naturam
1708 608 1883 642 humanam.

739 699 810 727 Post
827 699 983 736 praedicta
1006 699 1120 737 inquiri
1140 699 1218 727 (lebet
1238 703 1289 728 etc.

872 785 994 814 DIVISIO
1017 785 1154 814 TEXTUS.

220 886 310 923 Supra
330 886 386 922 egit
399 885 528 922 Magister
543 885 577 913 de
599 884 786 913 incarnatione
802 884 885 913 Verbi
900 892 985 921 quan-

142 935 200 961 tum
223 932 258 961 ad
288 932 416 961 unionem
443 935 607 959 naturarum
629 934 656 959 et
683 934 819 967 quantum
845 931 880 959 ad
909 931 985 959 unio-

142 979 184 1008 nis
206 979 329 1007 modum.
351 979 380 1007 ln
401 979 453 1007 hac
475 986 541 1007 vero
561 981 640 1015 parte
662 978 778 1006 intendit
799 985 881 1014 agere
899 986 985 1014 quan-

141 1030 200 1055 tum
221 1026 256 1054 ad
282 1026 558 1055 communicationem
587 1025 806 1053 idiomatum'et
834 1025 985 1062 proprieta—

141 1076 210 1101 tum.
240 1073 269 1101 Et
300 1073 434 1101 dividitur
463 1072 530 1100 haec
557 1079 623 1109 pars
651 1072 677 1100 in
699 1072 790 1100 duas'
821 1075 927 1108 partes,
956 1071 983 1099 in

140 1127 260 1157 quarum
286 1119 376 1156 prima
400 1118 455 1155 agit
480 1119 514 1147 de
545 1118 793 1147 communicatione
820 1119 981 1147 idiomatum

140 1166 346 1203 respicientium
369 1169 506 1194 naturam.
535 1165 563 1193 ln
592 1165 715 1194 secunda
743 1165 777 1194 de
799 1165 984 1194 communica-

139 1212 212 1241 tione
238 1213 439 1249 proprietatum
461 1215 488 1241 et
509 1212 672 1241 idiomatum
692 1212 900 1249 respicientium
923 1220 984 1248 per-

139 1267 248 1293 sonam,
270 1259 340 1288 infra
355 1259 529 1288 distinctione
545 1259 664 1287 decima:
680 1258 755 1287 Solet
775 1259 863 1287 eciam
885 1268 904 1287 a
924 1259 984 1297 qai-

140 1306 264 1335 busdam
288 1306 400 1344 quaeri.
422 1306 488 1334 Pars
512 1306 603 1343 prima
624 1305 759 1334 dividitur
784 1306 810 1334 in
834 1306 904 1335 duas
924 1314 983 1343 par-

139 1355 196 1387 tes,
217 1353 244 1381 in
269 1361 389 1389 quarum
409 1352 500 1389 prima
521 1352 654 1389 inquirit,
675 1356 770 1380 utrum
801 1352 910 1381 divinae
939 1361 984 1381 na-

139 1403 219 1428 turae
239 1402 376 1436 competat
398 1400 472 1427 nasci
495 1399 529 1428 de
551 1399 675 1436 Virgine,
701 1399 775 1436 quod
798 1399 913 1436 quidem
942 1403 984 1428 est

139 1446 295 1483 proprietas
322 1445 470 1474 humanae
495 1449 620 1474 naturae.
648 1446 775 1475 Secundo
803 1454 870 1474 vero
897 1446 984 1483 inqui-

139 1492 189 1527 rit,
215 1496 311 1521 utrum
340 1500 404 1521 caro
426 1492 527 1521 Christi
556 1492 655 1521 debeat
682 1492 793 1521 adorari
823 1492 983 1522 adoratione

139 1539 248 1574 latriae,
270 1540 342 1577 quod
373 1539 486 1577 quidem
508 1543 549 1568 est
577 1540 732 1576 proprietas
760 1540 878 1568 divinae
906 1544 983 1568 natu-

1042 892 1101 918 rae,
1124 884 1195 912 infra
1216 884 1391 913 distinctione
1412 893 1498 913 nona:
1526 885 1685 914 Praeterea
1714 886 1887 925 investigari

1042 934 1150 967 oportet
1171 934 1221 959 etc.

1119 977 1210 1006 Prima
1225 986 1303 1015 pars,
1318 986 1389 1015 quae
1404 978 1525 1007 continet
1540 982 1713 1015 praesentem
1724 980 1885 1019 'distinctio-

1041 1032 1117 1058 nem,
1139 1024 1274 1053 dividitur
1296 1024 1322 1052 in
1351 1028 1445 1062 partes
1471 1025 1541 1054 duas
1554 1025 1573 1060 2,
1596 1025 1622 1054 in
1651 1035 1770 1063 quarum
1794 1028 1884 1064 prima

1040 1075 1183 1108 comparat
1205 1071 1375 1100 nativitatem
1397 1072 1498 1101 Christi
1521 1072 1555 1101 de
1578 1073 1689 1110 Virgine
1704 1074 1738 1101 ad
1760 1073 1883 1103 divinam

1040 1121 1178 1146 naturam.
1195 1118 1222 1146 ln
1238 1118 1360 1147 secunda
1376 1126 1441 1147 vero
1456 1119 1628 1148 nativitatem
1652 1120 1833 1157 temporalem
1848 1121 1882 1150 ad

1039 1168 1181 1193 aeternam
1197 1169 1352 1202 comparat,
1375 1166 1427 1194 ihi:
1452 1166 1564 1202 Quaeri
1577 1167 1665 1195 etiam
1684 1167 1767 1200 solet,
1783 1172 1884 1196 utrum

1042 1210 1176 1240 Christus
1196 1211 1294 1240 debeat
1315 1212 1375 1240 clici
1399 1212 1441 1241 bis
1462 1217 1550 1241 natus
1576 1217 1626 1242 etc.
1650 1213 1739 1242 Prima
1761 1223 1826 1251 pars
1847 1215 1885 1243 di-

1040 1259 1145 1287 viditur
1168 1259 1193 1287 in
1222 1262 1315 1295 partes
1343 1259 1429 1294 duas,
1452 1259 1478 1288 in
1507 1268 1626 1296 quarum
1651 1260 1741 1297 prima
1769 1262 1885 1298 inquirit

1039 1306 1229 1343 quaestionem
1251 1310 1278 1335 et
1293 1306 1466 1335 determinat.
1487 1306 1514 1335 ln
1536 1307 1659 1336 secunda
1682 1316 1747 1336 vero
1768 1308 1883 1337 adducit

1040 1353 1218 1382 auctoritates
1239 1356 1334 1382 contra
1356 1353 1613 1383 determinationem
1636 1362 1732 1389 suam,
1756 1354 1807 1383 ihi:
1843 1355 1884 1383 Vi-

1040 1400 1124 1428 decar
1139 1403 1236 1428 autem
1255 1408 1338 1436 posse
1350 1400 1476 1437 probari
1496 1404 1547 1429 etc.
1563 1401 1689 1429 Secunda
1707 1405 1800 1430 autem
1816 1410 1882 1439 pars

1040 1447 1167 1476 similiter
1182 1447 1252 1476 duas
1267 1447 1357 1476 habet.
1374 1447 1401 1475 In
1423 1447 1513 1484 prima
1529 1451 1620 1476 movet
1635 1448 1840 1484 quaestionem3
1856 1449 1881 1477 in

1040 1494 1162 1523 secunda
1177 1494 1355 1528 determinat,
1371 1493 1419 1522 ibi:
1433 1494 1481 1522 Ad
1491 1494 1568 1532 quod
1582 1494 1642 1522 diez·
1648 1498 1739 1531 potest
1754 1498 1804 1524 etc.
1817 1496 1883 1524 suh-

1040 1540 1189 1569 divisiones
1210 1544 1303 1569 autem
1326 1540 1447 1577 partium
1463 1540 1624 1569 manifestae
1646 1544 1710 1570 sunt
1732 1541 1758 1569 in
1781 1541 1880 1570 littera.

784 1650 969 1678 TRACTATtO
991 1650 1233 1686 QUAESTIONUM.

215 1760 253 1789 Ad
275 1760 483 1797 intelligentiam
498 1763 591 1788 autem
615 1760 699 1789 huius
715 1761 801 1797 partis
824 1760 920 1789 incidit
934 1760 979 1789 hic

137 1807 262 1844 quaestio
283 1806 356 1835 circa
377 1806 442 1834 duo.

214 1853 305 1881 Primo
325 1853 471 1890 quaeritur
486 1853 520 1882 de
538 1853 680 1882 nativitate
697 1853 842 1890 temporali
866 1854 892 1882 in
908 1861 980 1882 com-

136 1900 278 1938 paratione
299 1900 334 1929 ad
356 1900 478 1929 divinam
500 1904 638 1928 naturam.

214 1947 340 1976 Secundo
355 1947 499 1985 quaeritur
514 1947 549 1976 de
564 1947 660 1976 eadem
677 1947 704 1975 in
723 1948 930 1985 comparatione
944 1948 978 1976 ad

137 1993 307 2023 nativitatem
329 1996 480 2023 aeternam.

215 2040 293 2069 Circa
314 2040 436 2077 primum
458 2044 634 2078 quaeruntur
655 2041 716 2069 tria.

1116 1760 1206 1788 Primo
1221 1760 1375 1797 quaeritur,
1398 1764 1494 1789 utrum
1512 1761 1721 1790 concedendum
1746 1762 1795 1796 sit,
1817 1763 1884 1791 divi-

1036 1815 1100 1835 nam
1121 1810 1251 1835 naturam
1272 1815 1333 1836 esse
1355 1807 1389 1836 de
1412 1807 1523 1844 Virgine
1543 1811 1646 1836 natam.

1114 1854 1240 1883 Secundo
1259 1854 1413 1891 quaeritur,
1429 1857 1525 1882 utrum
1551 1855 1625 1884 nasci
1641 1855 1675 1884 de
1695 1855 1806 1892 Virgine
1822 1864 1883 1892 pro-

1036 1901 1096 1938 prie
1117 1901 1228 1930 dicatur
1249 1901 1283 1929 de
1306 1904 1406 1930 natura
1426 1905 1560 1930 assumta.

1115 1948 1207 1976 Tertio
1223 1956 1288 1976 vero
1302 1948 1461 1985 quaeritur,
1476 1952 1571 1977 utrum
1588 1957 1649 1978 esse
1664 1949 1804 1978 hominem
1820 1958 1880 1978 con-

1037 1995 1178 2023 venienter
1200 1995 1378 2031 praedicetur
1399 1995 1432 2023 de
1455 1995 1550 2023 divina
1572 1999 1680 2024 natura.

864 2139 1097 2173 ARTICULUS
1124 2140 1145 2173 l.

471 2234 511 2262 De
531 2233 683 2262 nativitate
705 2233 859 2271 temporali
877 2234 907 2262 in
929 2234 1147 2271 comparatione
1167 2235 1208 2263 ad
1229 2234 1361 2263 divinam
1383 2239 1534 2263 natat-am.

905 2317 1068 2369 omasus>
1089 2333 1106 2361 t.

460 2418 564 2447 Utrum
585 2417 654 2447 haee
674 2419 712 2447 sit
733 2419 913 2448 concedenda
922 2430 931 2448 .·
953 2419 1055 2448 divina
1076 2423 1189 2448 namra
1210 2423 1250 2447 cst
1271 2420 1305 2447 de
1333 2419 1448 2457 Virqz'ne
1469 2423 1550 2448 nata.

213 2517 291 2545 Circa
306 2517 427 2553 primum
443 2517 482 2545 sic
494 2517 653 2554 proceditur
668 2522 694 2545 et
709 2517 862 2554 quaeritur,
878 2521 974 2546 utrum

134 2563 202 2592 haec
223 2563 258 2591 sit
283 2563 472 2592 concedenda:
502 2563 596 2592 divina
615 2567 716 2592 natura
737 2567 778 2592 est
807 2564 841 2593 de
863 2564 975 2601 Virgine

134 2613 206 2639 nata.
229 2611 259 2639 Et
280 2610 353 2648 quod
377 2610 427 2643 sic,
450 2610 575 2639 videtur:

216 2658 238 2686 1.
261 2657 351 2685 Primo
376 2657 539 2685 auctoritate
562 2657 668 2691 Hilarii,
690 2657 716 2685 in
740 2657 809 2685 libro
832 2657 866 2686 de
888 2657 973 2685 Trini-

136 2706 190 2731 tate
205 2706 304 2740 quarto
316 2703 341 2731 ³:
368 2714 380 2728 «
396 2703 468 2731 Nihil
490 2703 541 2731 nisi
558 2707 652 2732 natum
676 2704 759 2732 hahet
781 2704 864 2732 Filius
879 2714 909 2737 r›;
924 2704 972 2732 sed

198 2835 204 2850 ¹
223 2836 283 2858 illuni
301 2836 367 2858 codd.
386 2843 507 2864 perperam
526 2838 579 2859 tres.

196 2874 205 2889 ²
222 2875 313 2897 Plurimi
331 2875 397 2898 codd.
416 2876 471 2897 salso
489 2877 543 2899 tres.

195 2913 205 2928 ³
222 2914 288 2936 Num.
310 2915 342 2936 l0.
360 2927 391 2931 —
411 2914 490 2937 Minor
515 2915 650 2943 snbsumla,
678 2917 699 2938 in
726 2922 770 2944 qua
789 2922 831 2943 pro
849 2915 896 2938 Sed
911 2916 974 2945 qnod

134 2952 186 2974 edd.
211 2953 317 2975 exhibent
333 2952 380 2976 Sed
395 2953 518 2983 quidquid,
541 2955 700 2976 sententialiter
717 2955 823 2976 convenit
841 2960 893 2975 cum
913 2955 972 2976 (lictu

262 3004 287 3027 S.
305 3005 393 3027 Bonan).
410 3017 442 3021 —
458 3005 526 3027 Tom.
545 3005 575 3027 ΙΙΙ.

1031 2518 1114 2546 habet
1128 2518 1250 2546 divinam
1267 2521 1410 2546 naturam:
1434 2526 1500 2554 ergo
1514 2520 1555 2546 est
1579 2520 1650 2545 nata.
1666 2517 1718 2546 Sed
1740 2518 1814 2554 quod
1831 2526 1875 2546 na-

1030 2567 1087 2593 tum
1110 2568 1151 2593 est
1172 2565 1347 2593 aeternaliter
1370 2564 1395 2592 in
1415 2564 1524 2592 Christo
1546 2573 1581 2592 ex
1607 2564 1704 2598 Patre,
1720 2568 1816 2592 natum
1833 2568 1874 2593 est

1031 2611 1218 2648 temporaliter
1240 2611 1274 2639 (le
1304 2611 1401 2639 Matre:
1425 2611 1446 2638 si
1470 2611 1554 2647 igitur
1582 2611 1676 2639 divina
1705 2615 1804 2639 natura
1831 2615 1874 2640 est

1029 2658 1206 2691 huinsnwdi,
1230 2660 1304 2694 patet
1325 2661 1376 2685 etc.

1106 2706 1132 2732 2.
1154 2704 1239 2737 iterii,
1264 2704 1426 2740 expressius
1453 2704 1647 2738 Damasrenus,
1675 2705 1755 2733 tortio
1781 2705 1872 2739 libro,

1031 2838 1150 2865 Fulgentii,
1176 2837 1204 2858 (lc
1231 2837 1282 2858 Fnh·
1301 2837 1328 2858 :nl
1348 2837 1453 2864 ven-nm,
1472 2844 1490 2858 r.
1510 2837 1529 2858 2.
1549 2843 1569 2859 n.
1592 2836 1630 2859 t-t:
1649 2837 1683 2858 llla
1701 2839 1762 2860 onim
1781 2841 1873 2865 natura,

1030 2882 1088 2903 quac
1114 2881 1205 2902 Svtntwt·
1231 2876 1304 2900 genita
1331 2878 1406 2896 mam-t
1431 2881 1456 2897 rx
1484 2876 1557 2902 l'atrc,
1585 2880 1688 2898 {laturam
1707 2880 1805 2898 nostram
1825 2878 1872 2898 sinc

1032 2917 1124 2941 pum-ato
1142 2914 1252 2941 susos—pit,
1271 2917 1295 2935 ut
1312 2917 1442 2937 nasei-retur
1465 2921 1490 2936 vx
1515 2915 1615 2942 Virgine.
1633 2915 1677 2937 (lsr.
1695 2922 1764 2943 supra
1784 2916 1813 2938 lit.
1832 2916 1873 2937 Ma-

1030 2954 1107 2980 gistri,
1127 2953 1149 2975 (l.
1169 2953 1194 2975 V.
1213 2960 1231 2975 (¹.
1253 2953 1270 2975 l.

1719 3005 1746 3027 24
