2166 3366
136 1675 242 1694 Secundum

142 1699 166 1717 du
181 1699 242 1717 liciter

123 1722 170 1741 intel
180 1722 241 1745 igitur.

114 1814 213 1834 Conclusio
227 1815 243 1833 1.

115 2000 214 2019 Conclusio
225 2000 235 2018 2
240 2014 244 2018 .

260 192 316 220 2⁴26

335 270 361 297 2.
385 269 466 302 item,
489 275 561 304 quae
583 269 648 295 sunt
670 266 812 303 disparata
833 273 887 293 non
909 264 1108 301 praedicantur

257 316 292 345 de
314 316 411 344 eodem
433 317 460 343 et
481 313 636 342 secundum
660 313 733 341 idem
748 312 777 345 ¹3
799 312 849 340 sed
870 320 930 340 esse
950 311 1067 340 animal
1080 314 1107 339 et

257 371 316 391 6336
336 362 429 390 Deum
451 363 517 389 sunt
545 360 705 397 praedicata
726 359 885 396 disparata:
909 359 932 387 si
954 366 1021 395 ergo
1049 366 1108 386 6336

257 407 373 437 animal
387 407 515 436 convenit
530 406 581 443 ipsi
598 406 723 440 Christo,
738 405 895 434 secundum
916 405 991 442 quod
1007 405 1107 437 homo,

255 463 322 491 ergo
343 463 403 482 esse
424 454 519 482 Deum
540 461 595 481 non
617 453 745 482 convenit
766 453 857 481 eidem
880 451 1035 481 secundum
1058 451 1108 479 hu-

254 501 426 529 manitatem.

334 547 360 575 3.
382 547 465 581 item,
489 547 633 581 Christus,
656 547 811 575 secundum
834 546 908 583 quod
925 546 1015 579 Deus,
1031 547 1107 573 caret

254 594 406 631 principio:
430 594 451 622 si
474 601 541 630 ergo
562 596 603 622 est
624 593 715 627 Βθυε,
737 593 891 622 secundum
915 592 989 629 quod
1005 592 1105 626 homo;

254 640 397 677 sequitur,
420 640 495 677 quod
516 640 609 674 Deus,
629 640 785 668 secundum
807 639 883 676 quod
898 639 997 672 homo,
1012 641 1106 667 careat

255 687 399 724 principio.
422 687 475 715 Sed
498 687 653 716 secundum
675 687 749 724 quod
773 687 873 720 bomo,
895 686 978 714 habet
1006 685 1106 722 princi-

254 735 351 771 pium:
373 742 441 771 ergo
462 734 618 763 secundum
634 734 709 771 quod
725 734 810 762 habet
824 732 1009 770 principium,
1029 735 1106 761 caret

255 782 406 819 principio:
423 790 489 818 ergo
503 781 661 819 oppositum
678 784 720 810 est
734 781 805 809 ratio
820 781 863 809 sui
879 780 1014 817 oppositi3
1029 780 1103 817 quod

254 832 296 858 est
316 829 472 858 absurdum
485 829 502 857 ².

333 876 360 904 li.
382 875 465 909 ltem,
488 875 508 904 si
532 875 646 912 aliquod
667 875 860 912 praedicatum
876 874 1004 902 convenit
1019 873 1102 902 alicui

255 922 380 951 subiecto
401 922 556 950 secundum
573 921 695 959 aliquid,
718 921 765 949 illo
787 923 908 955 remoto,
930 928 985 949 non
1007 928 1104 949 conve-

254 968 295 996 nit
316 968 359 997 ei:
392 976 458 1005 ergo
480 968 502 997 si
525 968 653 996 Christus
674 971 716 997 est
737 968 827 1002 Deus,
850 967 1005 996 secundum
1028 966 1103 1004 quod

254 1016 354 1049 1101110,
377 1016 399 1044 si
421 1015 549 1044 Christus
570 1023 626 1043 non
647 1018 720 1043 esset
742 1015 841 1049 homo,
856 1022 910 1042 non
932 1016 1005 1043 esset
1020 1014 1102 1042 Deus.

255 1062 308 1091 Sed
336 1071 390 1091 non
411 1063 464 1091 fuit
485 1063 568 1090 homo
590 1062 641 1091 nisi
663 1070 699 1090 ex
722 1065 865 1099 tempore:
888 1069 954 1098 ergo
975 1061 1103 1089 Christus

254 1112 296 1138 est
317 1110 392 1138 Deus
414 1109 503 1138 solum
527 1117 563 1137 ex
585 1112 711 1146 tempore
721 1109 739 1136 ³.
755 1109 806 1137 Sed
823 1111 944 1142 constat,
960 1108 1034 1145 quod
1050 1107 1102 1136 hoc

255 1160 296 1185 θεῖ
317 1156 437 1185 falsum:
459 1164 526 1193 ergo
547 1156 647 1184 falsum
671 1159 727 1189 est,
746 1155 820 1192 quod
843 1155 987 1189 Christus,
1008 1162 1104 1183 secun-

255 1203 322 1231 dum
345 1203 419 1239 quod
442 1203 541 1237 homo,
563 1205 605 1231 est
625 1202 708 1230 Deus.

568 1302 780 1323 CONCLUSIO.

257 1389 407 1418 Christum
429 1398 488 1417 0336
511 1390 620 1422 Deum,
641 1389 801 1417 secundum
824 1388 901 1426 quod
922 1387 1022 1421 homo,
1044 1396 1102 1416 non

333 1435 411 1464 debet
432 1435 566 1469 admitti,
587 1435 649 1463 nisi
668 1435 829 1471 improprie
848 1434 1034 1471 accipiatur,
1049 1433 1103 1462 sci-

334 1483 397 1511 licet
417 1483 578 1511 secundum
604 1481 808 1510 indivisionem
830 1481 1080 1509 concomitantiae.

335 1577 513 1605 Responneo:
549 1575 720 1610 Dicendum,
756 1575 828 1612 quod
862 1575 1101 1612 quemadmodum

256 1624 384 1660 Magister
406 1623 473 1652 dicit
492 1623 518 1651 in
534 1622 660 1657 littera⁴,
676 1623 744 1651 baec
760 1622 843 1651 dictio
856 1622 1018 1650 secundum
1034 1622 1102 1651 mul-

256 1671 377 1708 tiplicem
408 1670 473 1699 facit
502 1669 720 1706 intelligentiam.
743 1669 832 1698 Potest
853 1669 925 1697 enim
950 1669 1102 1706 importare

256 1716 456 1746 habitudinem
477 1725 602 1750 causac,
626 1716 669 1745 vel
696 1716 900 1744 indivisionem
928 1715 994 1753 sive}
1014 1716 1102 1743 unita-

256 1768 311 1793 tem
334 1763 584 1792 concomitantiac.
607 1763 633 1791 Si
656 1763 729 1791 dicat
750 1761 950 1790 habitudinem
972 1771 1100 1796 causac,

256 1811 295 1840 sic
316 1811 423 1847 absque
444 1811 531 1839 dubio
553 1810 622 1839 falsa
643 1813 685 1838 est
706 1809 824 1844 locutio,
838 1818 890 1846 pro
905 1817 937 1838 eo
952 1810 1027 1846 quod
1042 1817 1103 1838 con-

255 1858 323 1886 ditio
344 1857 470 1894 apposita
491 1850 568 1885 nullo
590 1856 672 1884 modo
694 1859 735 1884 est
756 1864 850 1884 causa
869 1856 1037 1892 praedicati,
1052 1864 1102 1885 nec

255 1904 351 1938 ratio,
368 1904 522 1932 secundum
545 1911 628 1940 quam
651 1910 701 1931 nec
716 1910 765 1940 per
780 1911 865 1939 quam
887 1903 941 1931 tale
962 1903 1103 1939 praedica-

258 1953 315 1979 tum
339 1950 403 1978 insit
424 1950 464 1978 illi
487 1950 620 1978 subiecto.
642 1966 681 1970 ——
701 1949 727 1977 Si
749 1952 842 1978 autem
866 1949 940 1977 dicat
955 1948 1103 1977 indivisio-

257 2005 321 2025 nem
343 1996 602 2030 concomitantiam
632 1996 670 2024 sic
699 1998 789 2032 potest
818 1996 921 2024 habere
946 1995 1101 2024 veritatem.

257 2044 428 2079 Tuncenim
451 2044 559 2077 dicere,
577 2043 656 2080 'quod
678 2043 805 2071 Christus
833 2043 868 2071 sit
896 2043 985 2077 Deus,
1008 2050 1103 2071 secun-

256 2090 324 2119 dum
347 2090 421 2127 quod
444 2090 544 2123 homo,
566 2097 620 2117 non
642 2092 684 2118 est
704 2089 781 2117 aliud
804 2084 887 2126 quam
904 2089 1011 2124 dicere,
1027 2089 1102 2126 quod

256 2146 315 2165 esse
336 2137 429 2165 Deum
450 2136 582 2173 competit
600 2144 735 2173 personae
749 2136 850 2164 Christi
866 2137 996 2165 existenti
1012 2136 1037 2164 in
1054 2136 1104 2164 hu-

258 2192 340 2212 mana
361 2187 478 2217 natura,
499 2183 537 2211 ita
564 2183 638 2220 quod
661 2183 791 2211 divinitas
813 2186 840 2211 et
861 2183 1021 2211 humanitas
1043 2191 1104 2211 con—

257 2231 426 2259 comitantur
441 2238 470 2258 se
487 2229 710 2267 inseparabiliter
724 2230 798 2258 circa
812 2230 929 2258 eandem
945 2237 1101 2266 personam.

334 2277 386 2305 Iste
407 2280 500 2305 autem
524 2277 624 2305 modus
645 2276 796 2313 accipiendi
813 2276 884 2305 hanc
900 2276 1047 2305 dictionem
1063 2284 1102 2304 36-

937 186 1189 216 SENTENTIARUM
1211 187 1270 215 ΗΒ.
1293 187 1332 215 111.

1164 265 1294 293 cundum
1316 273 1370 293 non
1392 268 1434 293 θεῖ
1454 264 1493 292 ita
1514 265 1671 293 communis
1692 265 1738 293 et⁵
1762 265 1910 302 proprius,
1939 265 2011 294 sicut
2024 271 2138 293 Conclusio³
2161 271 2163 308 1

1164 312 1343 348 praecedens,
1357 312 1419 340 licet
1433 311 1591 340 inveniatur
1603 311 1780 348 quandoque.
1788 328 1827 331 —
1836 312 1867 340 Et
1878 311 1916 340 sic
1928 315 2011 348 patet,
2163 309 2164 312 ’

1165 358 1240 395 quod
1256 366 1348 387 sermo
1369 358 1546 395 praedictus,
1572 358 1676 387 scilicet
1690 358 1833 392 Christus,
1855 358 2010 386 secundum

1165 405 1239 442 quod
1272 405 1368 439 homo,
1400 408 1441 433 est
1461 405 1551 439 Deus,
1574 405 1730 434 secundum
1752 405 1891 434 diversam
1914 405 2013 434 intelli·
2163 388 2164 460 1

1165 452 1285 489 gentiam
1299 452 1384 481 huius
1395 452 1608 489 praepositionis
1618 452 1780 480 secundum
1791 452 1913 489 quodam
1928 452 2011 481 modo
2163 461 2164 488 1

1165 502 1255 536 potest
1277 499 1410 532 concedi,
1433 499 1555 536 quodam
1578 499 1660 527 modo
1681 499 1794 536 necari.
1810 498 1924 536 Neqari
1937 499 2011 528 enim
2163 489 2164 506 ³

1165 545 1260 580 debet.
1283 546 1437 574 secundum
1457 546 1531 583 quod
1553 546 1620 575 dicit
1640 554 1764 574 causam
1786 546 1845 575 sive
1865 546 2011 575 rationem

1164 590 1342 629 formalcm;
1363 595 1389 621 et
1411 593 1565 621 secundum
1596 593 1675 621 istam
1699 592 1771 621 viam
1794 593 1950 630 procedunt
1971 601 2012 622 ra-

1165 639 1252 667 tiones
1273 639 1309 667 ad
1331 639 1481 668 secundam
1505 643 1632 676 partem;
1653 642 1680 668 et
1701 640 1767 676 quia
1788 647 1886 668 verum
1903 640 2012 669 conclu-

1165 685 1235 714 dunt
1256 686 1411 714 secundum
1434 686 1510 714 illam
1533 687 1622 721 viam,
1645 686 1707 715 ideo
1729 686 1922 715 concedendae
1937 689 2010 715 sunt.

1246 733 1269 760 1.
1291 733 1329 761 Ad
1351 732 1421 761 illud
1437 732 1511 769 quod
1528 732 1619 770 primo
1634 733 1764 761 obiicitur
1780 733 1806 761 111
1822 733 2010 768 contrarium,
2023 742 2095 769 Soiqtio
2107 748 2137 767 01,-

1164 780 1238 816 quod
1261 780 1394 808 assumsit
1421 788 1522 808 nomen
1550 780 1614 814 Dei,
1636 780 1791 809 secundum
1814 780 1888 817 quod
1911 768 2133 814 liom03p⁰⁵¹²⁰‘⁰m'

1164 827 1327 863 responderi
1350 830 1454 864 potest,
1475 827 1549 864 quod
1572 827 1733 855 secundum
1762 827 1828 856 dicit
1853 827 1890 856 ibi
1914 836 2011 856 conco-

1163 874 1333 902 mitantiam
1354 882 1404 911 per
1420 874 1613 902 indivisionem
1630 874 1759 908 unionis;
1775 874 1840 911 quia
1854 874 1928 902 enim
1943 874 2010 902 unio

1163 920 1211 948 illa
1232 921 1295 949 fecit
1315 921 1456 949 bominem
1490 921 1595 955 Deum,
1627 921 1689 949 ideo
1720 921 1823 950 dicitur
1843 921 2010 950 assumsisse

1163 975 1263 995 nomen
1287 975 1468 1003 supremum,
1490 967 1646 996 secundum
1662 968 1737 1004 quod
1753 967 1845 995 11οΠ10.
1866 984 1905 988 —-
1926 967 2010 996 Aliter
2022 977 2065 995 Alia
2075 977 2144 997 solutio.

1163 1017 1254 1050 potest
1275 1014 1344 1049 dici,
1367 1014 1441 1051 quod
1464 1022 1527 1043 cum
1557 1015 1619 1043 dico
1640 1023 1792 1043 assumere
1811 1023 1914 1043 nomen
1938 1014 2008 1048 Dei,

1163 1060 1220 1089 duo
1245 1061 1321 1094 dico,
1354 1061 1459 1089 scilicet
1489 1062 1609 1090 nominis
1638 1061 1726 1098 ipsius
1755 1061 1953 1089 celsitudinem
1982 1063 2009 1090 et

1163 1107 1251 1144 ipsius
1266 1108 1386 1136 nominis
1401 1108 1632 1146 acquisitionem.
1648 1108 1717 1137 Cum
1732 1116 1799 1145 ergo
1814 1108 1880 1137 dicit
1892 1108 1901 1121 ⁰
1911 1131 1918 1142 ‚
1933 1108 2008 1145 quod

1161 1155 1294 1183 assumsit
1316 1162 1417 1183 nomen
1439 1155 1502 1189 Dei,
1525 1155 1680 1184 secundum
1703 1155 1777 1192 quod
1794 1155 1892 1188 1101110,
1907 1154 1955 1182 illa
1969 1162 2010 1183 re-

1162 1201 1314 1238 duplicatio
1335 1210 1389 1230 non
1405 1202 1471 1230 dicit
1491 1202 1625 1230 rationem
1646 1202 1791 1235 nominis,
1814 1202 1863 1230 sed
1884 1201 2010 1239 acquisi-

1163 1248 1258 1275 tionis.
1280 1248 1347 1276 Nam
1363 1248 1491 1277 Christus
1507 1249 1662 1277 secundum
1678 1249 1800 1277 divinam
1817 1252 1947 1277 naturam
1964 1249 2010 1277 ha-

1162 1294 1208 1322 bet
1228 1303 1349 1328 nomen,
1372 1295 1450 1332 qnod
1470 1298 1613 1332 estsuper
1629 1304 1711 1323 omne
1731 1303 1850 1328 nomen,
1866 1302 1917 1332 per
1931 1302 2009 1331 gene-

1162 1341 1313 1375 rationem,
1335 1349 1390 1369 11011
1411 1349 1461 1377 per
1476 1341 1686 1378 acquisitionem
1709 1342 1767 1370 sive
1791 1341 2008 1374 assumtionem3

1161 1391 1188 1415 et
1209 1387 1271 1415 ideo
1292 1395 1327 1416 ex
1351 1388 1402 1416 hoc
1423 1396 1478 1416 11011
1500 1388 1563 1416 licet
1584 1388 1699 1417 inferre:
1715 1396 1782 1425 ergo
1796 1392 1838 1417 est
1858 1389 1948 1423 Deus,
1970 1396 2010 1417 se-

1161 1434 1284 1462 cundum
1308 1435 1384 1471 quod
1406 1434 1504 1469 1101110,
1525 1435 1686 1471 accipiendo
1704 1436 1864 1464 secundum
1879 1436 1956 1473 quod
1970 1443 2009 1464 se-

1161 1481 1284 1510 cundum
1312 1482 1428 1510 eandem
1450 1483 1657 1518 acceptionem;
1679 1482 1765 1511 immo
1786 1486 1828 1511 est
1849 1483 1985 1512 accidens
1999 1484 2008 1497 ⁷

1127 1549 1128 1552 ¹
1161 1528 1188 1556 in
1212 1528 1258 1557 illo
1281 1536 1422 1565 processu.

1240 1576 1266 1602 2.
1288 1575 1325 1603 Ad
1349 1575 1418 1603 illud
1440 1575 1515 1611 quod
1534 1575 1679 1609 obiicitur,
1694 1576 1769 1612 quod
1785 1576 2010 1612 praedestinatus

1161 1621 1213 1649 fuit
1231 1629 1292 1650 esse
1307 1621 1383 1650 filius
1404 1622 1468 1656 Dei,
1491 1622 1645 1651 secundum
1666 1622 1740 1659 quod
1763 1622 1847 1650 homo
1858 1633 1866 1657 3
1887 1622 1943 1650 iam
1964 1631 2010 1660 pa-

1162 1671 1200 1697 tet
1221 1669 1365 1705 responsio
1380 1676 1431 1705 per
1446 1668 1533 1703 idem,
1555 1669 1630 1706 quod
1645 1677 1720 1697 nunc
1742 1669 1847 1697 dictum
1869 1672 1927 1703 θεῖ,
1943 1669 2009 1706 quia

1162 1716 1230 1744 haec
1252 1715 1335 1744 dictio
1366 1714 1527 1754 secundum
1549 1716 1641 1753 potius
1663 1716 1729 1744 dicit
1750 1716 2008 1745 concomitantiam
2152 1739 2153 1744 ,

1162 1762 1317 1790 secundum
1339 1762 1549 1799 expressionem
1572 1762 1737 1791 conditionis
1762 1766 1894 1798 naturae,
1922 1771 2007 1800 quam

1162 1808 1236 1836 dicat
1257 1807 1457 1837 habitudinem
1480 1816 1649 1837 0011306.-
1664 1808 1713 1837 Vel
1734 1812 1825 1846 potest
1846 1809 1914 1843 (1101,
1930 1810 2005 1847 quod
2019 1817 2154 1837 Aliasolutio.¹

1162 1855 1208 1883 1110
1229 1863 1321 1884 sermo
1337 1856 1403 1884 dicit
1418 1856 1552 1884 rationem
1574 1856 1797 1889 antecessionis,
1819 1864 1891 1893 quae
1906 1856 2008 1894 impor-

1162 1905 1238 1930 tatur
1258 1901 1284 1929 in
1308 1901 1443 1930 vocabulo
1464 1902 1739 1938 praedestinationis,
1761 1910 1848 1940 quae,
1877 1903 2006 1940 inquam,
2157 1922 2160 1942 ὲ

1162 1956 1216 1976 non
1232 1951 1274 1976 est
1289 1952 1418 1985 respectu
1433 1948 1533 1976 Christi
1551 1948 1705 1977 secundum
1722 1948 1845 1977 divinam
1861 1953 2007 1983 naturam,
2157 1943 2166 1975 't‘

1162 1995 1211 2024 sed
1233 1995 1323 2023 solum
1346 1995 1502 2025 secundum
1524 1995 1676 2023 humanam
1690 1995 1709 2024 ⁸.
1730 1996 1788 2024 Non
1803 1997 1842 2025 sic
1857 2001 1950 2025 autem
1967 2000 2008 2025 est
2157 1962 2166 2060 *b

1163 2043 1197 2071 de
1219 2050 1251 2070 eo
1272 2042 1347 2079 quod
1369 2045 1411 2070 est
1431 2050 1490 2070 6336
1510 2042 1621 2075 mum,-
1641 2045 1669 2070 et
1690 2042 1752 2071 ideo
1771 2043 1922 2071 consimilis
1937 2043 2009 2072 (1010-
2158 2061 2160 2090 Ι

1163 2092 1224 2118 οῖ11ε
1245 2092 1287 2117 θεῖ
1308 2089 1334 2116 111
1356 2089 1408 2117 hac
1430 2089 1551 2123 ratione,
1574 2089 1645 2117 sicut
1666 2089 1693 2117 in
1715 2090 1907 2126 praecedente.
2164 2119 2166 2122 ,

1192 2162 1195 2165 .
1242 2136 1267 2164 3.
1290 2136 1327 2164 Ad
1350 2136 1418 2164 illud
1448 2136 1523 2173 quod
1551 2136 1681 2164 obiicitur
1709 2136 1744 2165 de
1771 2137 1860 2173 gratia
1881 2137 2007 2172 unionis,
2164 2130 2166 2183 J

1163 2182 1417 2225 dicendum2q110d
1435 2182 1569 2211 Christus
1584 2183 1721 2219 significat
1735 2191 1881 2220 personam
1898 2184 1924 2212 in
1941 2185 2008 2213 dua-

1163 2230 1216 2258 bus
1239 2222 1364 2263 naturis;
1386 2232 1412 2257 et
1435 2229 1482 2257 illa
1504 2238 1622 2266 persona
1645 2230 1718 2259 Deus
1739 2234 1780 2259 est
1794 2238 1844 2267 per
1860 2234 2006 2266 naturam,

1163 2284 1216 2304 non
1239 2284 1289 2312 per
1310 2276 1428 2312 gratiam
1450 2276 1580 2310 unionis;
1602 2276 1704 2304 dicitur
1732 2279 1853 2305 attamen
1867 2276 1876 2290 ⁹
1900 2277 2006 2316 simul,
2159 2274 2162 2315 ξ

319 2433 326 2448 ¹
346 2434 430 2461 Boetb.y
443 2434 456 2455 l.
470 2433 498 2455 dc
510 2433 648 2461 syllogismo
666 2434 790 2461 hypothct.y
803 2434 844 2455 ait:
866 2441 876 2453 «
889 2433 1007 2461 Disparata
1025 2436 1100 2456 autem

257 2479 282 2495 ea
299 2478 369 2500 voco,
388 2479 447 2500 quae
459 2475 546 2503 tantum
564 2478 575 2494 a
588 2478 612 2494 se
630 2472 720 2494 diversa
738 2474 800 2499 sunt,
815 2472 874 2493 nulla
893 2472 1049 2494 contrarietate
1062 2478 1102 2499 pu-

257 2512 360 2539 gnantia.
375 2511 444 2532 veluti
457 2513 526 2538 terra,
540 2511 622 2538 vestis,
641 2511 700 2538 ignis
713 2519 722 2530 ν
738 2513 780 2532 etc.
800 2505 855 2532 Petr.
871 2510 970 2538 Hispan,
988 2510 1101 2539 Summwul.

257 2552 283 2572 tr.
302 2549 330 2571 de
347 2549 412 2571 Locis
430 2550 496 2576 topic.
515 2555 533 2571 c.
552 2548 578 2571 de
596 2548 662 2571 Locis
679 2547 833 2581 extriiisecis,
853 2549 885 2571 sic
903 2548 980 2579 docet:
998 2549 1030 2571 De
1048 2555 1102 2577 quo-

257 2594 356 2616 cumque
374 2588 456 2610 dicitur
473 2593 544 2609 unum
563 2588 731 2615 disparatorum
749 2587 900 2616 abstractive,
921 2588 950 2610 ab
966 2588 1002 2610 illo
1019 2587 1102 2612 eodem

257 2630 389 2649 removetur
401 2627 523 2655 reliquum.
537 2627 622 2649 Dicitur
639 2629 744 2649 notanter
761 2626 913 2654 abstractive,
933 2628 998 2655 quia,
1016 2628 1034 2649 si
1052 2633 1103 2657 con-

258 2667 342 2689 cretive
359 2668 500 2693 sumeretur,
522 2668 580 2688 vtunc
606 2672 649 2687 nou
676 2668 820 2695 sequeretur,
843 2667 895 2694 quia
917 2663 961 2688 non
988 2667 1102 2694 sequitur:

259 2707 301 2727 boc
323 2708 357 2727 est
377 2705 467 2733 album,
491 2711 547 2732 ergo
572 2710 616 2727 non
640 2707 674 2727 est
695 2707 819 2733 quantum
841 2704 882 2726 sed
903 2704 962 2733 hene
983 2705 1101 2733 sequitur:

259 2744 301 2765 hoc
319 2745 353 2764 est
369 2742 463 2769 albedo,
482 2748 538 2770 ergo
556 2748 599 2763 non
618 2744 652 2764 est
668 2743 788 2770 quantitas.

320 2780 331 2795 ²
346 2781 444 2808 Aristot.,
463 2780 486 2802 ll.
504 2780 533 2802 de
550 2781 653 2803 Generat.
676 2784 698 2803 et
715 2783 815 2808 corrupt.
830 2773 889 2803 text.
907 2780 943 2803 56.
964 2780 997 2808 (C.
1020 2781 1102 2811 10.)οῑ

258 2819 294 2843 Ν,
313 2819 402 2841 Meteor.
421 2822 472 2841 text.
486 2818 522 2840 41.
541 2819 572 2846 (c.
586 2818 629 2847 7.):
647 2818 817 2841 Contrariorum
830 2814 966 2848 [ἐναντῖων]
979 2820 1038 2841 enim
1051 2825 1102 2841 con-

259 2858 340 2879 trariae
355 2863 444 2879 causae.

321 2895 330 2909 3
348 2894 403 2917 Cod.
421 2896 440 2917 G
456 2901 512 2925 erqo
531 2895 638 2919 Christus
655 2901 703 2918 non
718 2895 764 2924 fuit
783 2895 843 2918 Deus
860 2890 911 2918 nisi
922 2897 1079 2925 eoerteinpore.

322 2931 331 2946 ⁴
348 2933 388 2955 Hic
405 2939 423 2955 c.
446 2934 463 2955 l.
481 2933 548 2961 Quod
569 2933 598 2955 ad
622 2933 737 2961 duplicem
755 2934 923 2961 intelligentiam
946 2934 1050 2956 dictionis
1067 2939 1102 2962 sc-

259 2970 363 2994 cundum
381 2972 468 2999 attinet,
487 2971 515 2993 de
537 2978 583 3000 quo
604 2972 626 2993 in
644 2978 708 3000 seqq.
726 2972 854 3000 disseritur,
872 2973 950 3000 Logici
973 2964 1043 3000 vulgo
1061 2973 1101 2995 do-

1159 2435 1221 2461 cent,
1240 2433 1362 2460 particulas
1385 2432 1562 2460 reduplicativas
1579 2432 1709 2455 secundum
1726 2432 1802 2462 quod,
1826 2432 1851 2456 iu
1873 2434 2003 2463 quantum,
2160 2378 2163 2477 1

1159 2472 1276 2501 quatenus
1292 2475 1334 2493 etc.
1352 2472 1411 2493 sumi
1429 2477 1497 2507 posse
1519 2471 1559 2493 vel'
1572 2462 1740 2500 reduplicative
1757 2463 1835 2500 (quod
1853 2472 1888 2500 fit,
1911 2472 2005 2501 quando
2156 2461 2163 2508 1

1159 2511 1270 2543 terminus
1287 2510 1442 2537 reduplicatus
1458 2512 1492 2532 est
1509 2509 1632 2537 praedicati
1650 2511 1743 2538 propria
1756 2516 1823 2533 causa
1837 2511 1949 2539 formalis,
1968 2514 2006 2534 aut
2156 2510 2157 2513 ’

1159 2549 1286 2577 efficiens),
1304 2549 1339 2571 vel
1358 2548 1511 2578 spccisicative
1528 2548 1605 2578 (quod
1624 2549 1699 2571 locum
1717 2549 1796 2577 11011οῖ,
1820 2549 1912 2577 quando
1931 2551 2004 2572 termi-
2160 2487 2164 2612 .

1160 2594 1203 2610 nus
1220 2588 1375 2615 reduplicatus
1393 2593 1437 2609 non
1455 2591 1488 2610 est
1511 2588 1604 2615 propria
1621 2588 1677 2609 ratio
1694 2587 1833 2615 praedicati,
1851 2590 1950 2610 attamen
1968 2589 2006 2611 ali·
2156 2585 2157 2617 1

1159 2632 1206 2654 (1110
1228 2626 1298 2648 modo
1320 2632 1370 2647 eam
1394 2626 1499 2654 includit⁷
1519 2626 1626 2656 4011111,εἰῖ
1647 2625 1761 2654 quaedam
1785 2626 1834 2647 eius
1854 2626 1943 2653 species
1966 2628 2006 2648 aut
2160 2617 2163 2655 ζ

1159 2666 1280 2693 proprium
1297 2665 1449 2695 subiectum).
1819 2664 1829 2678 ⁵
1846 2663 1901 2686 Cod.
1920 2665 1937 2686 U
1954 2671 2004 2688 nec.

1221 2703 1230 2717 ⁶
1248 2703 1319 2725 Codd.
1338 2704 1353 2725 Α
1365 2703 1380 2724 F
1390 2704 1407 2725 G
1414 2703 1434 2731 Ν
1445 2703 1462 2725 U
1472 2703 1504 2725 bb
1519 2702 1612 2726 dicitur.
1626 2703 1674 2725 Mox
1687 2708 1730 2731 pro
1740 2702 1895 2731 reduplicatio
1908 2703 1958 2725 cod.
1972 2703 2004 2726 hb

1159 2741 1294 2771 implicatio.
1313 2740 1415 2764 Subinde
1432 2742 1493 2764 idem
1511 2742 1561 2764 cod.
1580 2741 1611 2765 bh
1628 2742 1679 2764 voci
1697 2741 1799 2764 nominis
1816 2742 1922 2770 praefigit
1939 2741 2005 2765 celsi·
2160 2742 2164 2763 ⁵

1159 2780 1259 2808 tudinis,
1273 2784 1295 2803 et
1306 2787 1349 2808 pro
1360 2779 1521 2810 acquisitionis
1533 2780 1600 2802 codd.
1613 2780 1627 2802 S
1637 2780 1687 2802 Uaa
1700 2780 1806 2802 exhibent
1817 2780 2002 2810 acquisitionem.

1221 2819 1231 2833 ⁷
1248 2819 1279 2841 De
1298 2820 1340 2841 hac
1356 2819 1442 2841 fallacia
1460 2819 1514 2841 vide
1530 2825 1599 2847 supra
1618 2825 1671 2846 pag.
1693 2818 1741 2846 179,
1760 2822 1811 2841 nota
1833 2820 1850 2842 l.

1221 2857 1230 2871 ⁸
1247 2857 1290 2880 Ctr.
1309 2864 1378 2885 supra
1396 2858 1418 2880 d.
1436 2857 1457 2879 7.
1476 2864 1495 2879 a.
1514 2858 1534 2879 2.
1552 2864 1574 2886 q.
1593 2858 1613 2879 3.

1220 2896 1230 2910 ⁹
1246 2896 1318 2918 Codd.
1341 2897 1571 2925 AGNUZRtamem
1596 2896 1647 2918 cod.
1668 2896 1684 2917 E
1707 2897 1793 2919 autem.
1815 2897 1883 2919 Paulo
1906 2898 2001 2920 inferius
2162 2902 2164 2942 1

1158 2937 1252 2962 poste-75
1269 2934 1312 2957 hoc
1324 2935 1376 2957 edd.
1394 2935 1517 2957 subiiciunt
1528 2935 1613 2957 tamen.
1631 2934 1653 2956 ln
1666 2934 1710 2956 fine
1722 2935 1788 2957 solut.
1801 2941 1843 2963 pro
1860 2935 1943 2959 unitus
1957 2943 2001 2959 non
2162 2943 2163 2959 1

1159 2974 1226 3000 pauci
1245 2973 1312 2995 codd.
1330 2973 1471 2995 substituunt
1486 2974 1600 2995 mutatus.
2162 2962 2164 2991 Ῑ

2162 3050 2163 3064 l
