2166 3366
27 1833 83 1852 Ratio
101 1833 133 1852 du-

53 1857 102 1881 plex.

861 225 943 253 nts't‘.
967 225 1055 254 xxiv.
1078 224 1185 253 DUBL-t.
1844 226 1898 253 529

148 305 174 332 in
197 304 285 332 Deum
307 307 370 333 actu
394 312 447 332 non
481 304 590 337 tendat,
623 307 714 332 tamen
749 303 841 332 reddit
872 304 993 340 quodam

148 351 230 380 modo
253 351 373 380 habilem
396 352 430 380 ad
456 352 644 385 tendendum,
667 351 730 380 licet
750 351 933 388 semiplene'.

227 400 252 427 7.
276 399 313 427 Ad
337 399 405 427 illud
434 399 509 436 quod
531 398 676 432 obiicitur,
699 398 772 435 quod
796 398 915 434 cognitio
938 398 995 434 plii-

148 446 328 482 losopnorum
345 449 405 474 erat
420 445 561 482 perceptio
575 453 639 473 cum
657 445 812 478 tendentia;
827 445 995 478 dicendum,

147 493 220 530 quod
245 501 297 521 non
320 495 380 521 erat
403 492 449 520 illa
471 492 626 526 tendentia,
642 500 714 529 quac
729 496 770 520 est
784 500 819 520 ex
835 492 909 528 fide,·
928 500 996 520 nuu-

147 548 231 577 quam
253 540 326 568 enim
350 547 399 576 per
432 539 507 567 illam
541 539 725 575 cognitionem
752 543 879 577 poterant
901 547 996 576 perve-

147 588 206 616 nire
227 587 261 615 ad
285 587 423 619 salutenl;
447 587 523 617 ideo,
546 590 577 614 ut
599 587 693 615 verius
716 587 881 623 loquamur,
904 587 996 623 potius

146 633 296 667 iacebam,
317 641 401 670 quam
425 633 570 661 tenderent
583 632 601 660 ².

1131 304 1157 331 8.
1180 303 1217 331 Ad
1241 303 1309 331 illud
1332 303 1406 340 quod
1428 303 1572 337 obiicitur,
1598 304 1671 340 quod
1703 304 1787 332 unius
1819 303 1900 331 unica

1052 354 1094 379 est
1115 350 1257 384 deliniti0;
1279 350 1446 383 dicendum,
1468 350 1542 387 qnod
1567 358 1664 379 verum
1687 354 1728 379 est
1744 350 1899 379 secundum

1053 398 1163 426 unicam
1186 398 1422 434 comparationem
1445 401 1471 426 ct
1497 397 1768 432 considerationem;
1790 398 1838 426 sed
1861 405 1901 426 se-

1052 444 1176 473 cundun·
1198 444 1271 481 quod
1299 444 1404 481 aliquid
1439 444 1630 481 multipliciter
1662 445 1744 473 babet
1776 445 1899 473 conside-

1054 491 1125 525 rari,
1147 491 1338 528 multipliciter
1361 491 1443 520 babet
1474 492 1619 520 notificari.
1652 492 1715 520 ldeo
1745 492 1900 520 {licliardus

1053 542 1080 567 et
1102 538 1224 567 Isidorus
1245 538 1433 566 diversimode
1455 538 1683 573 notificaverunt,
1699 539 1765 576 quia
1786 539 1901 567 diversi-

1054 585 1135 613 mode
1156 585 1424 617 consideraverunt:
1445 585 1594 614 diversitas
1615 590 1708 614 autem
1731 594 1829 615 eorum
1849 586 1901 615 suit
1914 591 1943 609 Ad
1956 594 2029 615 quaest-

1054 636 1190 670 quantum
1212 632 1245 660 ad
1270 632 1338 666 tria,
1359 632 1431 661 sicut
1451 636 1593 661 ostensum
1616 637 1657 662 est
1679 634 1796 670 supra&
1913 620 2023 633 mnnfflm'

730 732 827 761 DUBlA
849 732 943 760 CtRCA
967 732 1131 760 t.t‘r'rEnA1ti
1154 731 1315 759 MAGtSTnt.

516 832 583 860 Dru.
606 832 623 860 l.

226 926 253 954 ln
275 930 354 963 parte
376 926 427 954 ista
456 929 522 954 sunt
543 926 730 954 dubitationes
759 925 833 954 circa
856 925 992 958 litteram,

146 976 173 1002 et
188 973 279 1011 primo
293 972 440 1010 quaeritur
455 973 489 1001 de
513 973 564 1001 boc
579 973 653 1010 quod
677 973 754 1001 dicim
773 973 850 1001 Haec
871 976 911 1000 est
926 972 993 1000 lans

146 1020 228 1057 fidei,
249 1019 278 1048 si
297 1020 374 1057 qnod
399 1019 530 1048 ereditur
558 1028 616 1048 uon
642 1020 765 1048 videtur.
792 1019 843 1047 Sed
867 1022 991 1047 eontra:

146 1075 242 1096 carere
273 1067 377 1095 lumine
400 1066 491 1103 potius
519 1070 560 1095 est
585 1067 619 1095 ad
649 1066 820 1104 vituperium
843 1074 926 1103 quam
957 1065 991 1093 ad

147 1114 273 1148 laudem,
303 1114 458 1143 secundum
483 1114 551 1142 illud
576 1114 710 1143 Psalmi⁴z
741 1114 844 1145 Homo,
873 1122 939 1141 cum
962 1113 993 1141 in

147 1160 254 1190 honore
274 1165 361 1194 essct,
383 1169 440 1189 non
468 1161 622 1195 intelleaen,
649 1165 842 1198 compat-ains·
863 1164 903 1189 est
924 1164 991 1188 ete:

146 1216 213 1245 ergo
234 1208 359 1239 videtur,
387 1208 462 1245 quod
493 1208 612 1245 privatio
642 1208 755 1237 visionis
776 1208 869 1245 potius
894 1207 993 1236 reddat

147 1255 230 1284 sidem
248 1254 461 1292 vituperabilem
477 1263 561 1291 quam
585 1255 845 1283 commendabilem.
860 1271 898 1275 —
914 1255 993 1287 ltem,

147 1303 168 1332 si
191 1302 217 1331 in
241 1303 292 1331 boc
314 1302 439 1331 consistit
462 1303 522 1330 laus
544 1302 622 1336 fidei,
646 1303 712 1340 quia
730 1302 818 1331 credit
841 1301 916 1339 quod
940 1309 992 1329 non

146 1349 234 1383 videt;
256 1357 320 1378 cum
344 1349 369 1377 in
393 1349 481 1386 gloria
497 1349 563 1378 nihil
587 1349 736 1381 credatur,
757 1349 809 1377 nisi
833 1348 902 1377 illud
918 1348 993 1385 quod

145 1397 273 1431 videtur,
297 1397 421 1431 videtur,
443 1397 518 1434 quod
541 1396 708 1425 laudabilior
730 1397 765 1424 sit
787 1395 856 1424 tides
879 1396 904 1424 in
935 1395 993 1424 via.

146 1452 230 1482 quam
253 1444 341 1481 gloria
364 1444 389 1472 in
413 1444 503 1481 patria
514 1445 531 1474 ⁵.
553 1444 627 1481 quod
650 1444 806 1472 absurdum
829 1447 871 1473 cst
892 1443 993 1472 dicere.

145 1508 184 1512 ——
199 1491 282 1525 Item,
303 1491 324 1519 si
348 1491 374 1519 in
397 1491 449 1519 boc.
470 1491 595 1519 consistit
617 1491 678 1520 laus
703 1491 784 1525 fidei,
810 1491 876 1528 quia
904 1491 994 1519 credit

146 1538 221 1576 quod
243 1547 298 1566 non
321 1538 412 1571 videt;
434 1538 482 1566 sed
504 1538 611 1569 omnis,
632 1537 678 1575 qni
703 1537 786 1566 stulte
808 1541 834 1565 et
850 1537 918 1566 salso
938 1545 994 1566 cre-

146 1585 201 1620 dit,
224 1585 313 1613 credit
333 1585 407 1622 quod
432 1593 485 1613 non
510 1585 598 1613 videt:
621 1592 688 1621 ergo
709 1585 756 1621 qui
784 1585 867 1613 stulte
889 1584 992 1619 credit,

147 1632 307 1661 laudandus
329 1636 378 1661 est.

226 1679 403 1707 ResmNnm:
433 1678 601 1709 Dicendum.
630 1678 704 1715 quod
732 1678 851 1715 privatio
881 1678 994 1707 visionis

147 1726 211 1755 facit
239 1726 273 1754 ad
297 1726 408 1754 laudeni
438 1725 631 1759 credulitatis,
659 1725 872 1762 praesupposita
902 1728 992 1754 tamen

146 1773 313 1802 rectitudine
337 1773 362 1801 in
393 1773 452 1810 ipsa
480 1772 661 1806 credulitate-3
689 1775 717 1800 et
743 1772 794 1800 boc
822 1780 857 1800 ex
887 1772 991 1809 duplici

146 1828 246 1849 causa:
270 1820 376 1857 primo,
399 1823 513 1857 propter
535 1818 767 1847 lemnz'lz'ati'onem
788 1822 815 1847 et
836 1819 994 1856 captivatio-

147 1875 209 1896 nem
234 1867 405 1900 intellectus,
427 1874 498 1904 quae
514 1866 665 1895 admodum
689 1869 731 1894 est
746 1866 899 1899 laudanda,
922 1866 993 1894 sicut

146 1914 286 1951 superbia
309 1914 465 1942 intellectus
489 1913 641 1942 admodum
664 1918 707 1942 est
734 1913 932 1950 vituperanda;
954 1921 993 1941 se-

147 1963 255 1993 cundo.
277 1962 343 1999 qnia
366 1961 427 1990 talis
448 1961 600 1989 credulitas
622 1965 663 1989 est
691 1969 707 1989 a
730 1968 807 1989 mera
830 1960 991 1994 colimento,

147 2018 201 2038 non
223 2009 258 2037 ab
280 2009 373 2046 aliqua
396 2008 566 2036 necessitate.
588 2007 687 2036 Nullus
708 2007 781 2036 enim
803 2007 912 2043 cogitur
936 2015 993 2036 cre-

148 2057 214 2086 dere
236 2056 310 2094 quod
341 2064 394 2083 nou
417 2055 508 2089 videt;
536 2058 563 2083 et
590 2054 656 2091 quia
679 2053 740 2082 laus
768 2058 794 2082 et
820 2055 990 2091 vituperium

147 2103 302 2132 consistunt
323 2102 397 2130 circa
424 2109 509 2138 opera
537 2100 709 2129 voluntaria:
739 2101 803 2128 binc
830 2104 887 2131 est.
916 2101 991 2138 quod

148 2150 337 2188 Augustinus⁶
359 2149 437 2177 dicit.
459 2149 534 2186 qnod
558 2148 618 2176 laus
638 2148 700 2176 fidei
723 2151 764 2176 est
785 2148 901 2176 credere
916 2149 990 2185 quod

147 2205 200 2226 uon
217 2197 311 2226 vides:
333 2204 386 2225 non
403 2199 517 2233 propter
531 2195 726 2232 privationem
742 2195 855 2223 visionis
871 2198 992 2229 tantmn,

147 2244 195 2273 sed
216 2247 331 2281 propter
343 2243 515 2280 positionem
538 2242 703 2270 humilitatis
724 2245 750 2270 et
771 2241 920 2270 libertatis:
943 2242 992 2271 liu-

147 2291 271 2320 militatis
292 2299 327 2320 ex
351 2294 429 2327 parte
452 2289 624 2323 intellectus,
646 2292 673 2317 et
696 2289 831 2317 libertatis
852 2296 887 2317 ex
914 2293 991 2326 parte

146 2338 313 2366 voluntatis.
329 2354 367 2358 -—
383 2337 413 2365 Et
441 2345 490 2373 per
517 2336 567 2364 boc
591 2339 665 2372 patet
693 2335 836 2372 responsio
857 2336 890 2364 ad
922 2336 990 2365 illud

146 2385 220 2422 quod
246 2384 375 2413 obiicitur
400 2384 500 2421 primo.

225 2431 263 2459 Ad
290 2431 359 2459 illud
384 2430 458 2467 quod
485 2430 615 2458 obiicitur
637 2428 760 2457 secundo
781 2428 816 2456 de
837 2428 938 2464 gloria,
960 2429 993 2457 si-

147 2478 249 2506 militer
271 2480 346 2514 patet
373 2476 532 2514 responsio:
562 2476 649 2512 quia⁷
679 2475 849 2511 Augustinus
878 2483 930 2502 non
958 2475 993 2503 lo-

1049 831 1146 868 quitur
1180 831 1214 859 de
1247 831 1329 859 laude
1358 840 1560 870 quacumqiw,
1589 832 1636 860 sed
1666 833 1700 861 de
1732 833 1813 861 laude
1846 842 1900 861 me-

1050 878 1119 910 riti,-
1139 881 1166 906 et
1190 878 1257 906 baec
1281 878 1340 906 laus
1360 882 1401 906 est
1424 879 1450 907 in
1467 882 1540 907 statu
1558 880 1630 913 viae,
1653 888 1706 907 non
1730 880 1850 916 patriae.
1872 884 1899 909 et

1050 924 1123 953 circa
1148 927 1227 953 actus
1250 924 1324 959 viae,
1351 933 1404 953 non
1426 925 1500 953 circa
1528 928 1607 953 actus
1629 926 1743 962 patriae.
1765 943 1802 947 —
1823 926 1900 954 simi—

1051 971 1112 999 liter
1133 975 1207 1008 patet
1229 972 1375 1000 ultimum:
1405 972 1471 1009 quia
1494 972 1545 1000 noc
1567 980 1620 1000 non
1650 972 1754 1001 dicitur
1775 973 1809 1001 de
1831 982 1900 1011 qna-

1050 1026 1172 1055 cninqne
1186 1018 1367 1048 credulitate.
1383 1018 1429 1046 sed
1447 1018 1481 1046 de
1497 1018 1662 1047 credulitate
1677 1024 1756 1047 rec-tn
1778 1023 1805 1047 et
1821 1028 1899 1053 vera,

1051 1072 1104 1092 non
1128 1064 1213 1092 stulta
1234 1068 1261 1092 et
1282 1065 1380 1093 falsa&

1417 1159 1483 1187 nvn.
1507 1159 1535 1186 ΙΙ.

1131 1253 1196 1281 ltem
1219 1254 1365 1291 quaeritur
1386 1254 1421 1282 de
1451 1254 1501 1281 lioc
1523 1254 1597 1291 quod
1621 1254 1702 1283 dicit:
1726 1256 1800 1283 Cum
1827 1255 1899 1292 (ides

1050 1300 1089 1328 sic
1110 1309 1144 1328 eat
1164 1301 1272 1329 andita
1292 1309 1351 1329 non
1371 1301 1455 1329 modo
1477 1301 1631 1335 anteriori,
1653 1302 1704 1330 secl
1721 1302 1809 1330 etlam
1832 1302 1899 1330 inte—

1052 1348 1136 1376 riori.
1159 1348 1275 1377 Videtur
1296 1348 1370 1377 enim
1395 1349 1445 1377 boc
1472 1349 1698 1377 inconvenienter
1719 1349 1789 1383 dici,
1817 1350 1899 1387 quia,

1052 1404 1115 1424 cum
1139 1403 1237 1424 sensus
1260 1396 1340 1424 visus
1362 1396 1499 1433 plurimas
1515 1405 1609 1425 rerum
1632 1397 1803 1425 differentias
1820 1397 1899 1426 nobis

1051 1442 1179 1471 ostendat
1200 1446 1227 1471 et
1249 1443 1367 1471 nobilior
1389 1443 1456 1477 sit⁹‚
1480 1443 1599 1478 videtur,
1621 1444 1695 1481 quod
1720 1445 1807 1481 magis
1830 1444 1900 1473 sides

1052 1489 1152 1518 debeat
1166 1497 1227 1518 esse
1248 1497 1284 1518 ex
1301 1489 1365 1518 vt'sn
1387 1498 1471 1526 quam
1488 1498 1523 1518 ex
1546 1490 1661 1518 nnditn.
1679 1507 1716 1511 -
1732 1491 1814 1525 lietu,
1831 1491 1900 1520 fides

1052 1537 1244 1574 Apostolorum
1261 1537 1312 1565 suit
1326 1545 1363 1565 ex
1386 1537 1451 1564 ot'sn
1470 1537 1519 1571 ita,
1541 1537 1613 1566 sicut
1627 1545 1663 1565 ex
1686 1538 1810 1566 andlan:
1832 1546 1900 1575 ergo

1052 1584 1073 1612 si
1103 1584 1193 1612 omnis
1221 1583 1290 1612 sides
1319 1584 1549 1621 subsequentium
1579 1585 1706 1613 derivata
1736 1586 1786 1614 l'uit
1807 1594 1823 1613 a
1845 1585 1900 1614 fide

1052 1631 1259 1668 Apostolorum,
1288 1631 1411 1665 videtur,
1440 1632 1514 1668 quod
1546 1632 1633 1668 magis
1661 1632 1761 1661 debeat
1782 1633 1834 1661 dici
1861 1641 1898 1661 ex

1052 1679 1113 1707 visu
1135 1686 1219 1715 quam
1241 1687 1276 1706 ex
1299 1679 1406 1707 auditu.
1422 1696 1460 1699 —
1481 1680 1563 1710 ltem.
1585 1688 1649 1708 cum
1672 1680 1741 1708 tides
1763 1681 1798 1708 sit
1824 1680 1900 1709 babi-

1052 1729 1096 1753 tus
1118 1724 1254 1763 insit-sus,
1281 1726 1402 1758 videtur,
1430 1726 1504 1763 quod
1528 1726 1606 1754 nullo
1635 1727 1717 1755 modo
1740 1728 1840 1756 babeat
1861 1735 1898 1756 ex

1051 1772 1158 1801 ‹zurlt'tn
1179 1780 1247 1801 esse.

1130 1819 1305 1847 nsssvonnso:
1330 1819 1498 1850 Dicendum.
1518 1821 1608 1857 quod,
1631 1820 1702 1849 sicut
1724 1821 1791 1849 dicit
1813 1821 1900 1850 l'bilo-
1914 1822 2042 1864 'Rbpssffisssssl

1051 1867 1156 1903 sophus
1168 1866 1194 1900 ¹⁰,
1210 1866 1359 1903 dupliciter
1375 1866 1507 1903 contingit
1529 1867 1634 1905 aliquid
1650 1868 1810 1902 addiscere,
1826 1869 1900 1898 vide-
1924 1870 1951 1888 di-

1052 1913 1113 1942 licet
1134 1921 1184 1950 per
1206 1913 1397 1942 inventionem
1419 1917 1446 1942 et
1469 1922 1517 1950 per
1539 1915 1716 1943 doctrinam.
1747 1916 1777 1944 Et
1799 1924 1899 1945 sensus

1050 1960 1161 1996 quidem
1180 1960 1260 1989 visus
1276 1961 1398 1989 maxime
1420 1961 1543 1989 deservit
1560 1961 1596 1989 illi
1621 1962 1703 1990 modo
1718 1962 1898 1996 addiscendi,

1050 2007 1096 2044 qui
1119 2010 1161 2035 est
1181 2015 1230 2043 per
1259 2007 1468 2038 inventionem:
1497 2016 1595 2036 sensus
1618 2016 1684 2036 vero
1709 2009 1832 2037 nuditus
1858 2009 1896 2037 illi

1051 2054 1146 2088 modo,
1174 2054 1221 2091 qui
1244 2058 1286 2082 est
1314 2062 1363 2091 per
1386 2055 1562 2083 (loeti-inam.
1592 2056 1728 2092 Quoniam
1759 2056 1843 2092 igitur
1865 2064 1898 2084 ea

1049 2109 1120 2138 quae
1143 2101 1197 2129 lide
1226 2102 1370 2135 novimus,
1400 2110 1453 2130 non
1475 2103 1669 2138 cognoscimus
1692 2111 1740 2139 per
1763 2103 1899 2131 inuentio-

1049 2157 1130 2180 ncm,
1153 2148 1200 2176 sed
1219 2148 1306 2184 inagis
1328 2157 1378 2185 per
1393 2148 1575 2181 doctrinam,
1600 2157 1649 2185 per
1665 2149 1836 2183 doctrinam,
1860 2150 1897 2178 in-
1910 2152 2041 2193 cfflfflegtggj

1050 2203 1146 2232 quam,
1163 2203 1217 2223 non
1234 2195 1323 2223 solum
1336 2195 1556 2231 praedicatoris
1572 2196 1710 2232 loquentis
1727 2204 1776 2233 per
1797 2205 1895 2225 aurem
1910 2200 1967 2217 diffis-

1049 2242 1199 2278 corporis,
1222 2242 1270 2269 sed
1293 2242 1376 2270 etiam
1403 2242 1534 2278 Spiritus
1562 2243 1660 2271 suncti
1682 2243 1819 2279 loquentis
1849 2252 1898 2280 per

1049 2296 1146 2317 aurem
1163 2289 1279 2322 corclc's,·
1295 2289 1358 2317 binc
1373 2293 1427 2322 est,
1444 2290 1517 2326 quod
1536 2290 1560 2317 in
1578 2290 1669 2318 littera
1684 2290 1800 2323 dicitur,
1822 2290 1897 2327 quod

1050 2335 1120 2364 fides
1135 2344 1188 2363 non
1212 2339 1318 2363 tantum
1335 2341 1376 2364 est
1390 2344 1425 2364 ex
1448 2336 1555 2364 (nolim
1570 2337 1725 2370 exteriori,
1749 2337 1796 2365 sed
1813 2338 1895 2365 etiam

1050 2381 1193 2410 interiori.
1221 2382 1250 2409 Et
1275 2382 1404 2418 quamvis
1430 2383 1548 2419 Apostoli
1576 2382 1664 2411 multa
1686 2383 1834 2412 didicerint
1858 2383 1898 2411 υί-

1050 2428 1141 2456 dendo
1163 2428 1319 2462 Christum,
1342 2428 1430 2456 multo
1452 2432 1543 2457 tamen
1567 2429 1649 2465 plura
1670 2429 1829 2458 didicerunt
1845 2439 1896 2458 au-

1050 2475 1153 2503 diendo
1175 2476 1265 2512 ipsum
1293 2475 1340 2512 qui
1355 2476 1369 2490 '¹
1394 2475 1555 2512 loqueretur
1577 2476 1720 2509 arcarius,
1746 2478 1838 2514 etqui
1863 2477 1897 2505 lo-

210 2599 216 2613 ¹
235 2599 280 2621 Cl'r.
298 2605 367 2626 supra
386 2599 408 2620 d.
426 2599 463 2620 23.
481 2605 500 2620 a.
519 2599 539 2620 2.
558 2605 580 2627 q.
602 2598 619 2620 l.

209 2637 217 2648 ‘²
235 2638 279 2660 Cir.
298 2638 362 2659 Rom.
385 2638 401 2664 l⁷
420 2638 457 2659 21.
475 2643 539 2665 seqq.
552 2649 581 2652 —
599 2636 654 2658 Edd.
673 2635 803 2659 tendebant.

207 2676 217 2691 ³
235 2677 275 2698 llic
293 2678 313 2698 in
331 2682 394 2704 corp.
419 2678 506 2704 quaest.
526 2687 557 2691 -—-
575 2676 596 2696 ln
614 2675 676 2696 initio
694 2675 760 2697 solut.
780 2681 822 2702 pro
839 2674 902 2704 quod
919 2674 991 2697 unius

146 2717 199 2739 cdd.
217 2722 270 2738 cum
288 2716 374 2744 aliquot
391 2715 458 2737 codd.
478 2714 541 2744 quod
557 2713 629 2737 unius
651 2713 692 2736 rei.
711 2726 741 2729 —-
758 2714 815 2736 Vide
837 2714 937 2736 scholion
961 2714 990 2736 ad

147 2756 322 2784 praecedentem
341 2758 428 2784 quaest.

210 2794 219 2809 ⁴
236 2795 317 2817 Psalm.
337 2793 378 2821 48,
400 2794 433 2815 13.

208 2834 218 2848 5
235 2834 289 2856 Cod.
308 2840 333 2854 aa
352 2839 424 2862 quum
442 2832 467 2854 in
483 2831 560 2861 ρῶν-ἐπ
578 2833 600 2854 et
616 2831 639 2854 in
656 2831 744 2860 putria.

208 2873 218 2887 ⁶
236 2873 257 2894 lu
276 2873 335 2894 ioan.
354 2873 439 2900 tiu-mg.
458 2875 484 2894 tr.
503 2871 540 2893 79.
559 2878 579 2893 n.
602 2872 621 2898 l,
642 2871 702 2893 unde
719 2874 740 2893 et
754 2874 826 2893 textus
844 2871 912 2893 buius
926 2871 989 2893 dubii

147 2915 237 2934 sumtus
253 2915 293 2933 est.
312 2924 341 2927 -
359 2911 390 2932 no
408 2911 492 2938 duplici
511 2916 591 2937 causa,
609 2916 635 2931 ox
654 2915 698 2938 qua
712 2910 810 2937 privatio
828 2910 922 2931 visionis
940 2910 991 2931 iacit

147 2950 176 2972 ad
194 2950 285 2973 laudem
303 2950 454 2977 credulitatis,
472 2950 512 2972 cfr.
537 2956 606 2976 supra
634 2949 654 2970 d.
682 2949 718 2970 23.
737 2956 757 2970 a.
779 2949 796 2970 1.
815 2956 836 2977 q.
859 2950 877 2971 1.
895 2955 942 2978 seq.
960 2961 992 2966 —

147 2990 215 3011 Paulo
233 2990 326 3011 inferius
353 2996 394 3017 pro
418 2988 556 3018 positionem
583 2988 650 3010 codd.
669 2989 685 3009 A
697 2988 714 3010 K
734 2988 760 3013 <N
779 2994 789 3009 a
815 2989 887 3016 prima
912 2990 991 3016 manu)

147 3029 164 3051 U
175 3029 220 3051 ΧΥ
238 3035 263 3050 aa
281 3027 404 3051 rationem.

275 3078 299 3101 S.
317 3078 406 3101 Banav.
425 3091 455 3094 —
472 3079 538 3100 Tom.
557 3078 588 3100 ΙΙΙ,

1113 2597 1123 2612 ⁷
1139 2597 1211 2620 Codd.
1231 2599 1247 2619 Α
1260 2598 1277 2619 li
1296 2603 1360 2619 uum.

1112 2636 1121 2651 ⁸
1138 2636 1182 2659 Csr.
1200 2637 1228 2659 de
1246 2638 1289 2658 boc
1307 2636 1378 2658 dubio
1396 2637 1419 2658 B.
1439 2636 1529 2664 Albcrt.‚
1548 2638 1584 2659 liic
1602 2644 1621 2659 a.
1640 2638 1664 2665 2;
1677 2638 1699 2659 S.
1713 2638 1804 2665 Tbom„
1823 2639 1859 2660 liic
1872 2645 1893 2666 q.

1052 2677 1069 2698 1.
1087 2682 1107 2698 a.
1126 2676 1147 2698 3.
1164 2677 1305 2705 quaestione.
1325 2677 1351 2702 ‘22
1370 2676 1426 2698 cetr.
1444 2683 1455 2698 a
1475 2677 1535 2704 Tar„
1555 2678 1590 2699 bic
1607 2684 1629 2705 q.
1652 2678 1669 2698 l.
1688 2678 1707 2699 a}
1726 2678 1746 2699 6.

1110 2715 1120 2729 9
1136 2714 1180 2737 Cir.
1198 2716 1295 2742 Ariston,
1314 2715 1336 2737 ll.
1355 2715 1383 2737 de
1396 2716 1488 2741 Anima,
1503 2718 1553 2737 tcxt.
1570 2716 1618 2749 ¹⁶⁵2i
1631 2716 1673 2744 (lli.
1686 2722 1704 2738 c.
1724 2716 1762 2743 3.),
1781 2717 1809 2738 de
1822 2717 1894 2739 Sensu

1048 2757 1069 2776 ct
1086 2761 1145 2776 sons.
1164 2761 1182 2776 c.
1205 2755 1222 2782 l,
1245 2755 1258 2776 1.
1278 2755 1373 2782 Aletapli.
1391 2761 1410 2777 c.
1433 2755 1449 2776 l.
1467 2767 1498 2771 —
1515 2755 1583 2777 Paulo
1609 2756 1702 2777 inferius
1724 2762 1766 2783 pro
1789 2755 1895 2778 clarii-ata

1047 2793 1093 2822 fni!
1109 2793 1177 2815 codd.
1195 2795 1211 2815 A
1223 2794 1240 2815 1<
1259 2794 1367 2816 clericatu
1384 2793 1420 2816 sn.

1112 2833 1130 2846 ¹⁰
1148 2832 1206 2854 Libr.
1225 2833 1256 2854 ΙΙΙ.
1276 2833 1303 2854 de
1321 2833 1414 2857 Anima,
1433 2836 1484 2854 text.
1511 2833 1532 2854 8.
1556 2833 1584 2860 (c.
1603 2832 1641 2861 4.).
1664 2833 1708 2855 Csr.
1728 2837 1782 2856 tom.
1801 2834 1822 2856 ll.
1842 2841 1896 2862 pag.

1049 2872 1105 2897 ⁶206,
1124 2874 1174 2893 nota
1193 2872 1213 2893 2.
1232 2871 1299 2899 Quod
1317 2878 1398 2893 sensus
1415 2872 1479 2894 visus
1497 2873 1594 2894 maxime.
1613 2872 1713 2895 deservit
1730 2873 1758 2894 ad
1777 2873 1896 2895 addiscen-

1049 2910 1104 2932 dum
1122 2917 1163 2938 pcr
1180 2911 1346 2938 invvntionom,
1365 2911 1463 2932 insinuat
1480 2912 1577 2938 Ariston,
1596 2911 1624 2933 (lo
1642 2912 1713 2933 sensu
1727 2915 1748 2933 et
1766 2918 1824 2934 sens.
1841 2918 1859 2934 (².
1877 2913 1894 2939 l,

1048 2952 1069 2971 et
1088 2949 1100 2971 Ι.
1120 2949 1215 2976 Metaon.
1234 2955 1252 2971 c.
1274 2949 1290 2971 1.
1309 2962 1339 2964 -
1352 2949 1393 2971 Pro
1411 2949 1483 2971 verbo
1500 2949 1620 2973 addin-ern
1637 2950 1689 2972 edd.
1709 2951 1744 2972 bic
1762 2955 1783 2973 et
1801 2951 1895 2973 inici-ius

1049 2987 1215 3010 substituerunt
1234 2987 1330 3009 verbum
1348 2987 1416 3011 scire.

1112 3026 1128 3040 ¹¹
1149 3027 1188 3049 ilic
1205 3030 1226 3049 ct
1244 3028 1347 3055 proxime
1365 3030 1415 3055 post
1434 3034 1475 3055 pro
1488 3028 1529 3057 qni
1539 3028 1606 3050 codd.
1625 3029 1668 3050 AN
1686 3028 1792 3051 exhibent
1810 3028 1873 3058 quid.

1740 3080 1769 3102 67
