2166 3366
132 1684 267 1703 Fundamenta.

275 200 332 229 430

338 278 361 300 In
379 278 421 299 hac
439 283 463 299 re
480 278 627 298 controversa
646 275 705 298 bene
723 275 862 297 conveniunt
880 274 950 296 verba
969 274 990 295 S.
1007 274 1122 295 Bonaven-

275 320 339 339 turae
357 322 409 339 enm
429 316 530 338 doctrina
548 315 570 337 S.
597 315 712 342 Thomae,
738 317 760 336 et
785 314 851 335 etiam
875 313 1009 335 sententiam
1027 313 1076 334 eius
1093 311 1122 334 ab

275 355 356 378 eadem
375 361 419 377 non
437 354 580 382 discrepare,
599 353 664 375 nobis
691 358 828 381 persuasum
853 355 899 379 est,
926 351 1039 380 quidquid
1063 351 1124 373 dicat

276 394 349 416 Barth.
368 393 397 416 de
415 393 528 415 Barberiis
546 392 642 419 (Cursus
659 392 758 419 theolog.
777 398 798 419 p.
817 391 848 413 ΙΙΙ.
861 390 920 419 disp.
940 390 976 412 10.
989 397 1011 419 q.
1028 389 1121 419 7.),(1111

275 434 296 455 S.
315 433 400 455 Bonav.
426 432 454 454 ad
480 432 611 459 opinionem
637 432 787 454 Scotistarum
813 431 903 452 trahere
921 430 1006 452 nititur.
1025 429 1080 451 Nam
1098 429 1120 451 S.

276 473 357 495 Doctor
375 478 419 494 non
437 474 524 494 tantum
542 471 628 499 pluries
644 471 752 492 meritum
771 469 852 492 Christi
869 469 924 491 dicit
941 475 991 491 esse
1009 468 1121 490 infinitum

275 511 324 539 (cfr.
338 511 374 533 hic
386 511 415 534 ad
428 511 449 538 6,
462 517 483 539 q.
497 510 517 531 6.
531 509 559 532 ad
573 509 612 538 4.),
630 509 671 531 sed
683 510 750 531 etiam
764 509 822 530 hanc
833 508 966 530 infinitatem
985 513 1077 535 semper
1089 513 1122 529 re-

274 551 330 579 petit
341 550 370 573 ab
382 550 466 572 infinita
486 550 595 577 dignitate
613 554 725 577 personae
742 547 813 570 Verbi
827 547 876 573 (cfr.
894 553 963 575 supra
977 547 998 569 d.
1016 547 1048 568 13.
1062 553 1081 568 a.
1101 547 1121 568 1.

274 596 296 619 q.
315 590 328 611 2
339 608 343 618 ,
357 589 491 617 praesertim
504 588 533 611 ad
546 588 589 616 3.);
601 587 642 609 sed
655 587 741 615 posito,
755 586 818 615 quod
830 585 932 615 dignitas
945 592 1057 614 personae
1070 591 1122 613 ope-

274 629 344 651 rantis
356 630 477 651 concurrat
489 627 519 650 ad
531 627 634 649 dandum
646 626 748 648 valorem
761 626 837 653 operi,
851 627 872 647 et
885 624 949 653 quod
960 623 1038 647 maior
1050 624 1122 652 digni·

275 671 308 690 tas
320 668 358 690 det
370 668 481 689 maiorem
491 667 606 694 valorem,
617 672 671 688 sane
681 664 773 695 infinita
783 665 881 693 dignitas
892 665 960 686 etiam
972 664 1075 686 valorem
1085 670 1122 686 au-

275 713 330 735 gere
342 706 410 729 debet
427 707 449 728 in
467 705 588 728 infinitum.
600 705 653 727 Loci
665 708 754 732 autem,
767 710 826 733 quos
839 706 905 732 urget
917 704 1032 731 praefatus
1044 706 1123 725 auctor

274 747 296 768 in
309 746 459 772 contrarium,
473 745 598 773 loquuntur
611 746 697 766 tantum
711 743 739 765 de
751 744 822 771 gratia
836 746 910 765 creata
922 742 1003 765 Christi
1015 742 1040 765 in
1051 748 1086 770 se,
1101 744 1123 764 et

275 784 303 807 de
316 784 404 807 actibus
416 784 537 806 meritoriis
549 783 630 806 Christi
643 782 771 805 secundum
784 787 865 804 eorum
874 780 1007 811 physicam,
1022 781 1057 803 vel
1075 786 1122 810 spe-

275 823 366 854 cificam
383 824 505 846 entitatem.
518 822 618 845 Eandem
636 822 770 845 sententiam
784 824 843 843 tenet
854 821 915 843 Alex.
929 821 983 848 Hal.,
996 826 1049 843 eum
1062 820 1122 842 cuili-

274 862 313 885 bet
324 863 413 890 actioni,
426 863 493 884 etiam
507 862 545 883 11111
560 863 637 889 guttae
653 861 771 888 sanguinis
784 859 872 887 Christi,
885 859 915 881 ob
928 859 1061 887 dignitatem
1073 864 1122 886 per-

275 908 344 924 sonae
355 901 434 924 tribuit
450 901 608 924 sufficientiam
621 900 651 922 ad
663 906 756 922 omnem
772 900 946 921 satisfactionem
966 898 997 927 (S.
1010 904 1032 926 p.
1050 898 1080 920 ΙΙΙ.
1099 904 1121 926 q.

279 941 311 963 18.
325 947 355 963 m.
368 941 389 963 3.
402 947 422 963 a.
441 941 461 962 2.
475 940 504 962 ad
516 940 537 967 3,
550 940 589 962 eir.
601 946 622 968 q.
638 939 672 961 l7.
686 945 715 961 m.
730 938 768 967 3.).
786 938 857 961 Etiam
870 939 892 959 in
905 938 981 960 schola
998 937 1058 959 Scoti
1070 938 1123 959 sunt

275 980 388 1008 nonnulli,
406 982 431 1002 ut
447 980 552 1001 Hauzeur
569 982 591 1001 et
606 978 705 1006 Vulpes,
724 978 763 1006 qui
780 978 847 999 scoto
865 976 988 1004 diversam,
1006 982 1032 998 ac
1050 976 1122 1003 ipsius

274 1019 345 1041 verba
355 1022 443 1047 sonant,
456 1020 556 1040 mentem
568 1017 705 1045 attribuunt,
718 1016 823 1039 adductis
836 1016 884 1038 aliis
896 1016 968 1043 ipsius
980 1015 1121 1037 testimoniis.

274 1058 409 1080 Praesertim
423 1058 527 1079 Hanzcur
538 1056 641 1085 (Collatio
655 1057 722 1079 totins
735 1056 863 1083 theologiae
875 1058 916 1077 etc.
930 1057 943 1077 t.
958 1055 980 1077 ll.
994 1061 1015 1083 q.
1033 1055 1065 1076 12.
1079 1054 1121 1076 col.

275 1097 319 1119 378
332 1096 413 1126 seqq),
427 1099 519 1119 secutus
531 1096 557 1118 01.
571 1098 673 1118 nostrum
689 1096 752 1123 Vega
768 1095 822 1122 (Vll.
840 1094 869 1117 de
886 1094 997 1117 iustificat.
1011 1100 1030 1116 c.
1042 1093 1121 1120 7-10.)‚

277 1137 334 1159 inter
346 1136 401 1158 alios
418 1136 480 1158 locos
497 1136 583 1163 profert
595 1136 639 1157 hoc
650 1135 790 1162 principium
802 1134 862 1156 Scoti
875 1133 916 1161 (iil.
935 1133 995 1155 Sent.
1009 1132 1030 1155 d.
1048 1132 1080 1154 l3.
1093 1131 1122 1153 ad

277 1176 297 1197 2.
310 1178 397 1204 quaest.
416 1181 436 1197 n.
456 1174 499 1203 9.):
522 1182 531 1194 =‹
546 1174 568 1196 ln
586 1173 771 1196 commendando
794 1172 909 1195 Christum
932 1172 991 1193 malo
1013 1171 1123 1193 excedere

277 1221 347 1244 quam
365 1214 463 1237 deficere
480 1220 491 1235 a
510 1213 577 1235 laude
589 1212 632 1235 sihi
645 1212 733 1240 debita,
752 1212 770 1233 si
782 1214 876 1240 propter
888 1212 1040 1239 ignorantiam
1057 1216 1123 1238 opor-

952 195 1203 224 SENTENTIARUM
1225 194 1284 223 LIB.
1307 194 1346 222 111.

1181 275 1225 295 teat
1242 273 1263 294 in
1281 273 1377 295 alterum
1402 272 1533 294 incidere».
1552 271 1656 293 Tandem
1679 272 1784 293 liauzenr
1809 271 1934 300 concludit,
1953 272 2024 300 respi-

1181 311 1288 334 ciendum
1307 313 1383 340 potius
1394 319 1403 332 11
1415 311 1445 333 ad
1462 311 1522 332 iilam
1540 311 1589 332 eius
1606 311 1765 338 intentionem,
1784 316 1854 339 quam
1872 317 1965 338 serpere
1982 317 2023 338 per

1181 351 1230 372 eius
1247 357 1339 372 sensum
1358 350 1507 372 litteralem».
1525 349 1586 371 Idem
1604 351 1683 371 auctor
1709 349 1759 376 (loc.
1777 350 1813 372 cit.
1832 349 1873 372 col.
1893 349 1946 378 376)
1966 349 2024 371 bene

1180 389 1300 417 observat,
1319 390 1381 418 qnod
1400 389 1476 417 passio
1488 388 1581 416 Christi,
1595 394 1639 417 qua
1652 394 1677 410 se
1694 388 1782 416 ipsum,
1800 389 1885 411 scilicet
1903 389 2023 416 proprium

1180 435 1265 457 corpus
1282 431 1303 451 et
1325 429 1475 456 sanguinem,
1501 428 1601 449 animam
1627 430 1649 449 et
1674 428 1745 449 vitam
1763 434 1875 455 personae
1892 427 1984 450 divinae
2001 429 2023 449 in

1180 468 1316 490 sacrificium
1336 468 1381 489 Deo
1399 467 1489 494 obtulit,
1508 466 1588 488 infiniti
1609 466 1694 488 valoris
1719 467 1746 488 sit
1767 465 1877 495 «duplici
1893 466 1974 489 titulo:
1992 465 2025 495 of-

1179 506 1275 536 ferentis
1292 510 1314 529 et
1330 506 1403 529 oblati
1419 505 1519 535 z'nfiuili‚·
1536 505 1637 535 qualibet
1654 506 1697 527 alia
1715 507 1802 528 actione
1815 506 1864 528 solo
1877 506 1939 528 titulo
1956 512 2025 535 oyen-

1180 546 1208 569 tis
1225 546 1317 576 infiniti.
1335 546 1379 568 Nec
1397 545 1507 567 anei-ebat
1524 546 1580 567 haec
1597 549 1621 568 ut
1638 545 1699 567 finita
1713 548 1734 567 et
1746 546 1855 573 seorsim,
1873 545 1914 567 sed
1931 546 2026 568 coniun-

1180 586 1233 608 ctim
1251 592 1304 607 eum
1323 591 1420 613 persona
1438 585 1544 607 infinita»
1565 587 1606 607 etc.

1244 625 1278 647 lV.
1297 625 1372 646 Tertia
1398 624 1564 651 controversia,
1583 630 1643 652 quae
1668 627 1702 646 est
1724 623 1752 646 de
1777 624 1924 652 quaestione,
1948 627 2024 646 ulrum

1179 664 1282 687 Christus
1298 663 1426 686 secundum
1439 663 1514 685 totam
1526 662 1631 691 riyorem
1648 661 1750 685 institam
1763 662 1946 685 commutatione
1963 663 2024 685 satis·

1180 703 1267 729 fecerit,
1286 702 1348 730 quod
1366 701 1508 729 Nominales,
1527 701 1636 723 Scotistae
1649 702 1732 730 aliique
1745 703 1839 729 negant,
1857 700 2025 723 affirmantibus

1181 742 1305 763 Thomistis
1322 747 1375 763 cum
1393 747 1437 762 non
1456 741 1551 768 paucis,
1570 741 1591 762 in
1609 746 1634 762 se
1651 741 1745 762 minoris
1771 742 1805 762 est
1822 741 1932 762 momenti
1954 746 2024 769 quam

1180 780 1355 808 praecedentes,
1374 786 1428 802 cum
1445 782 1590 807 supponatur
1607 779 1636 801 ab
1653 779 1774 806 omnibus,
1793 780 1904 801 rationem
1921 778 2025 802 iustitiae

1180 819 1360 843 commutativae
1385 819 1414 841 ad
1440 818 1513 840 Deum
1540 824 1584 840 non
1610 819 1720 846 applicari
1746 819 1787 840 nisi
1804 818 1933 840 seeundum
1951 818 2027 840 analo-

1180 860 1248 887 giam.
1267 858 1331 880 Unde
1349 859 1370 879 in
1389 859 1431 879 hac
1443 858 1598 880 controversia
1611 857 1689 880 incidit
1705 857 1848 886 aliquatenus
1865 858 1892 880 lis
1909 858 1967 879 circa
1990 863 2028 880 no-

1180 904 1240 919 men.
1259 897 1331 919 Facile
1349 901 1423 919 tamen
1442 896 1586 924 conceditur,
1604 896 1667 925 quod
1686 897 1741 918 haec
1758 896 1879 918 satisfactio
1902 896 1965 924 large
1983 896 2027 918 diei

1180 937 1251 964 possit
1263 935 1386 965 riqorosa,
1406 936 1456 958 licet
1473 936 1493 957 ei
1511 941 1555 957 non
1574 936 1711 958 conveniant
1727 936 1749 957 in
1767 936 1843 958 stricto
1860 941 1929 957 sensu
1947 941 2028 957 omnes

1180 976 1335 1003 conditiones,
1353 981 1413 1004 quae
1430 975 1488 996 inter
1506 975 1610 996 homines
1627 974 1648 996 in
1666 973 1755 996 actibus
1772 974 1869 996 iustitiae
1886 974 2028 997 commutati-

1180 1022 1223 1037 vae
1240 1016 1388 1044 requiruntur
1405 1014 1433 1036 ad
1452 1014 1518 1036 talem
1536 1014 1645 1041 rigorem.

1245 1054 1269 1075 V.
1289 1054 1379 1076 Praeter
1396 1054 1458 1075 lucos
1475 1054 1565 1076 citatos:
1585 1054 1645 1075 Alex.
1664 1053 1718 1081 llal.,
1737 1053 1758 1074 S.
1777 1059 1799 1081 p.
1819 1053 1850 1075 ill.
1869 1059 1891 1081 q.
1908 1053 1941 1075 l8.
1960 1059 1991 1075 m.
2005 1052 2026 1075 4.

1180 1100 1199 1115 a.
1222 1094 1239 1115 1.
1256 1093 1270 1121 {3
1292 1093 1308 1114 1.
1327 1093 1347 1114 2.
1365 1105 1397 1109 —
1413 1093 1435 1114 S.
1462 1092 1553 1120 Thom.,
1579 1093 1615 1114 hic
1640 1099 1660 1114 a.
1680 1091 1704 1120 4;
1723 1093 1745 1114 S.
1768 1092 1799 1114 111.
1826 1099 1847 1121 q.
1868 1091 1904 1114 46.
1922 1098 1942 1114 a.
1964 1093 1981 1114 1.
1999 1092 2027 1120 3,

1180 1138 1202 1160 (1.
1221 1131 1257 1154 50.
1276 1138 1295 1153 a.
1318 1132 1334 1153 1.
1352 1143 1384 1147 ——
1401 1132 1424 1154 B.
1442 1131 1534 1159 Athen„
1553 1132 1589 1153 hic
1605 1137 1625 1153 a.
1643 1132 1664 1153 9.
1683 1143 1711 1146 —-
1731 1131 1787 1153 Petr.
1806 1137 1817 1152 a
1831 1131 1891 1159 Tan,
1910 1131 1946 1153 hic
1958 1137 1977 1153 a.
1991 1130 2027 1152 46.

1180 1183 1211 1187 -
1228 1170 1333 1193 Richard.
1352 1177 1363 1192 a
1383 1170 1447 1197 Med,
1474 1171 1509 1192 hic
1534 1177 1555 1199 q.
1582 1170 1602 1192 3.
1621 1183 1651 1186 —-
1673 1170 1765 1198 Dionys.
1792 1169 1881 1198 Carth.,
1901 1170 1930 1192 de
1948 1171 1990 1192 hac
2007 1173 2028 1192 et

1181 1216 1228 1239 seq.
1247 1217 1269 1239 q.
1288 1211 1324 1232 hic
1342 1216 1363 1238 q.
1386 1210 1403 1232 l.

1041 1301 1204 1338 QUAESTIO
1227 1301 1269 1330 Vl.

664 1391 767 1419 Utrum
789 1390 848 1418 (ιίίο
871 1389 955 1417 modo
974 1389 1104 1426 potnerit
1126 1389 1203 1416 Deus
1222 1396 1315 1425 9011113
1337 1386 1502 1416 humanum
1523 1387 1650 1415 salvare.

354 1493 438 1522 Sexto
463 1496 490 1520 et
515 1491 614 1519 ultimo
642 1490 804 1527 quaeritur,
833 1492 930 1517 utrum
959 1488 1013 1517 alio
1041 1488 1124 1516 modo

276 1540 397 1577 potuerit
417 1539 492 1568 Deus
514 1546 600 1575 genus
624 1538 780 1566 hmnanum
796 1536 913 1565 salvare.
930 1536 961 1564 Et
976 1535 1052 1573 quod
1068 1535 1123 1569 sic,

276 1587 387 1616 videtur
396 1590 406 1614 :'

356 1635 380 1662 l.
402 1634 494 1662 Primo
515 1640 565 1670 per
586 1632 655 1660 illud
679 1631 753 1668 qnod
776 1630 842 1659 dicit
857 1630 910 1659 Leo
925 1630 998 1667 Papa
1012 1630 1039 1658 in
1054 1638 1123 1666 quo-

274 1682 339 1710 dam
360 1688 488 1710 sermone
510 1681 537 1708 in
559 1679 645 1708 ramis
667 1678 862 1716 palmarum¹t
890 1677 1122 1714 «Omnipotentia

274 1729 331 1758 Filii
344 1729 408 1763 Dei,
424 1735 495 1765 quae
510 1730 624 1764 propter
642 1726 760 1755 eandem
776 1724 924 1754 essentiam
940 1728 982 1753 est
996 1724 1122 1761 aequalis

275 1776 362 1810 Patri,
383 1775 519 1812 potuisset
540 1774 660 1802 liberare
681 1780 770 1809 genus
791 1772 948 1800 humanum
964 1771 1022 1800 solo
1038 1771 1122 1807 impe-

274 1823 316 1851 rio
336 1821 488 1851 voluntatis
514 1828 596 1854 suae,
625 1820 677 1848 nisi
706 1819 807 1848 divinis
835 1818 969 1855 operibus
996 1817 1121 1846 maxime

274 1870 463 1906 congruisset,
485 1871 516 1896 ut
536 1867 676 1904 nequitiae
693 1865 799 1894 hostilis
814 1864 969 1893 adversitas
984 1872 1016 1893 eo
1036 1872 1119 1901 quein

274 1917 377 1945 vicerat
386 1938 392 1950 ,
415 1915 574 1943 vinceretur
586 1925 612 1941 1).

352 1963 378 1990 Ξ,
400 1962 482 1995 item,
504 1961 556 1989 hoc
578 1960 670 1997 ipsum
694 1959 760 1988 dicit
782 1958 952 1995 AugustInus
974 1958 1008 1986 de
1034 1958 1121 1986 Trini-

273 2014 343 2043 tate,
365 2013 392 2038 et
413 2009 533 2037 habetur
555 2008 580 2036 in
604 2007 730 2035 littera²z
758 2006 922 2039 «Dicimus,
949 2005 1035 2033 alium
1065 2013 1121 2033 mo-

274 2057 341 2085 dum
365 2055 523 2092 possibilem
545 2054 602 2083 Deo
626 2053 726 2087 fuisse,
755 2053 836 2081 cuius
863 2052 991 2089 potestati
1020 2055 1120 2080 cuncta

273 2103 432 2134 subiacent;
454 2101 503 2130 sed
525 2104 636 2129 nostrae
658 2100 785 2129 miseriae
801 2099 941 2127 sanandae
958 2098 1119 2127 convenien-

274 2150 371 2178 tiorem
393 2149 479 2177 alium
502 2157 556 2177 non
578 2148 703 2176 fuisse».

352 2196 377 2225 3.
400 2196 482 2230 item,
505 2196 557 2224 hoc
573 2195 665 2232 ipsum
680 2193 837 2222 ostenditur
852 2193 1015 2230 expressius
1029 2195 1121 2221 aucto-

272 2244 352 2272 ritate
374 2242 515 2280 Gregorii,
536 2242 670 2279 vigesimo
692 2241 719 2269 in
742 2239 927 2268 litoralibus&
957 2250 970 2265 (t
988 2239 1040 2275 Qui
1071 2246 1120 2267 nos

271 2290 334 2319 fecit
355 2290 477 2319 existere
499 2297 535 2318 ex
567 2288 653 2317 nihilo
682 2295 814 2316 revocare
836 2287 919 2315 etiam
943 2287 1002 2315 sine
1031 2289 1120 2314 morte

272 2340 299 2366 et
320 2337 447 2374 passione
469 2343 519 2364 sua
541 2336 668 2372 potuit».

1261 1488 1286 1515 [1.
1309 1487 1391 1521 item,
1414 1487 1465 1515 hoc
1481 1486 1573 1523 ipsum
1589 1486 1746 1515 ostenditur
1762 1494 1810 1523 per
1832 1487 2027 1515 deductionem

1181 1535 1216 1563 ad
1232 1534 1441 1563 inconveniens:
1458 1534 1539 1570 quia,
1555 1533 1577 1562 si
1593 1541 1646 1561 non
1663 1533 1798 1570 potuisset
1812 1542 1863 1562 nos
1876 1534 1931 1562 alio
1946 1533 2029 1562 modo
2054 1528 2057 1531 ’

1181 1581 1317 1612 liberare.
1339 1588 1405 1617 ergo
1426 1584 1492 1609 tunc
1513 1580 1610 1608 fuisset
1632 1579 1728 1608 divina
1749 1580 1872 1616 potentia
1894 1580 2026 1615 limitata,

1180 1632 1206 1657 et
1229 1636 1347 1665 persona
1369 1627 1472 1656 Christi
1494 1628 1615 1664 passioni
1642 1627 1783 1661 subiecta;
1812 1627 1887 1664 quod
1915 1627 2027 1656 omnino

1179 1679 1221 1704 est
1241 1675 1413 1704 absurdum:
1437 1683 1504 1712 ergo
1526 1678 1552 1703 et
1574 1675 1660 1710 illud,
1682 1682 1719 1703 ex
1740 1683 1796 1711 quo
1818 1675 1946 1711 sequitur
1958 1674 1977 1702 ⁴¹.

1258 1723 1385 1751 CONTRA:
1412 1724 1435 1750 1.
1458 1722 1548 1759 Super
1564 1722 1633 1751 illud
1656 1722 1691 1750 ad
1714 1721 1851 1750 Hebraeos
1866 1722 1988 1750 secundo
2000 1721 2022 1749 ⁵:
2038 1728 2067 1747 Ad
2079 1727 2157 1752 opposi-

1181 1770 1301 1798 Decebat
1315 1773 1465 1798 auctorem
1479 1769 1585 1797 salutis
1600 1777 1701 1797 eorum
1714 1777 1768 1805 per
1781 1768 1947 1805 passionem
1963 1777 2026 1797 eon-

1177 1816 1345 1849 summan,-
1368 1816 1464 1845 Glossa
1480 1826 1507 1843 «:
1524 1816 1578 1844 Nisi
1602 1815 1730 1844 Christus
1751 1817 1925 1849 moreretur,
1941 1815 2025 1843 homo

1179 1872 1231 1892 non
1255 1864 1457 1897 redimeretur,
1479 1867 1506 1892 et
1527 1871 1581 1891 non
1602 1863 1767 1900 redemptus
1789 1862 1909 1899 perstet,
1930 1865 1957 1890 et
1972 1862 2027 1891 fru-

1177 1914 1234 1940 stra
1255 1914 1347 1939 essent
1368 1911 1460 1939 omnia
1483 1910 1596 1939 sacten:
1621 1910 1643 1939 si
1664 1918 1731 1947 ergo
1754 1910 1805 1938 hoc
1831 1913 1873 1938 est
1902 1909 2026 1947 impossi-

1177 1958 1250 1993 bile,
1274 1961 1374 1992 restat,
1396 1957 1471 1995 quod
1491 1957 1626 1994 primam
1647 1960 1689 1985 est
1710 1957 1898 1994 impossibile,
1920 1957 2024 1986 scilicet

1176 2005 1318 2033 Christum
1340 2012 1395 2032 non
1417 2004 1488 2032 mori
1511 2012 1561 2040 pro
1583 2003 1672 2032 salute
1701 2003 1811 2040 generis
1841 2004 1964 2032 humani.
1996 2003 2027 2031 Et

1177 2051 1198 2080 si
1221 2052 1289 2086 hoc,
1311 2050 1483 2088 impossibile
1497 2051 1562 2084 fuit,
1578 2050 1632 2079 alio
1655 2050 1737 2079 modo
1760 2058 1848 2087 genus
1870 2050 2025 2079 humanum

1178 2098 1291 2127 liberari
1314 2106 1398 2135 quam
1422 2106 1472 2134 per
1494 2100 1613 2126 mortem
1635 2097 1746 2126 Christi.

1257 2146 1283 2173 Ξ.
1306 2144 1550 2178 1tem.Anselmus
1573 2144 1599 2172 in
1622 2144 1694 2172 libro
1717 2143 1778 2172 Cur
1804 2144 1880 2172 Deus
1902 2142 2026 2171 lzomo⁶:

1183 2191 1261 2219 «Non
1284 2191 1374 2228 potuit
1390 2191 1509 2219 transire
1524 2191 1655 2225 calicem,
1670 2191 1723 2219 nisi
1738 2190 1864 2225 biberet,
1887 2198 1941 2218 non
1962 2190 2027 2227 quia

1177 2246 1231 2266 non
1254 2241 1347 2275 posset
1369 2238 1457 2266 vitare
1479 2241 1614 2272 mortem,
1636 2237 1657 2266 si
1682 2237 1780 2272 vellet,
1802 2237 1867 2271 sed,
1890 2237 1961 2266 sicut
1989 2237 2027 2265 di-

1177 2288 1252 2313 ctum
1274 2289 1331 2317 est,
1355 2285 1524 2321 impossibile
1546 2284 1598 2313 fnit
1618 2284 1699 2313 aliter
1714 2284 1824 2313 salvare
1842 2284 1978 2312 mundum
1992 2294 2025 2312 »ε

1176 2332 1249 2360 redit
1270 2340 1337 2368 ergo
1362 2331 1437 2360 idem
1459 2331 1534 2368 quod
1557 2331 1644 2367 prius.

337 2495 343 2509 ¹
362 2496 434 2517 Serm.
453 2495 489 2517 63.
508 2494 586 2518 (serm.
610 2494 641 2515 12.
660 2494 695 2515 vel
718 2493 750 2515 14.
768 2494 789 2514 in
808 2493 914 2515 Passione
932 2492 1035 2521 Domini)
1054 2498 1072 2514 c.
1099 2493 1119 2514 l:

272 2535 464 2562 Omnipotentia...
482 2534 593 2561 potuisset
613 2534 740 2555 humanum
762 2538 836 2560 genus
855 2538 870 2554 (ι
890 2531 1013 2555 dominatu
1035 2530 1123 2554 diaboli

272 2574 320 2597 solo
333 2574 430 2602 imperio
442 2579 497 2595 suae
514 2572 637 2594 voluntatis
649 2577 744 2599 eruere,
759 2572 824 2593 nisi...
838 2570 965 2593 adversitas
978 2570 1005 2593 de
1017 2576 1044 2592 eo
1060 2569 1123 2599 qnod

274 2614 369 2640 vicerat,
388 2613 525 2634 vinceretur.

335 2652 344 2666 ²
361 2652 401 2673 Hie
413 2657 432 2673 e.
450 2652 466 2672 l.
480 2663 509 2666 -
522 2650 590 2672 Panlo
608 2650 701 2672 inferius
714 2655 756 2677 pro
773 2648 814 2672 sed
825 2650 919 2671 nostrae
937 2648 989 2671 edd.
1007 2649 1024 2677 l,
1043 2650 1055 2670 2
1068 2655 1121 2671 cum

273 2697 317 2713 non
335 2691 414 2718 paucis
432 2689 498 2712 codd.
517 2690 537 2712 et
555 2690 655 2711 nostrae.

334 2729 343 2744 3
360 2729 414 2758 Cap.
434 2730 470 2751 36.
489 2735 510 2751 n.
528 2729 564 2751 69.
579 2729 600 2750 ln
619 2731 678 2750 textu
691 2728 772 2755 origin.
792 2728 823 2750 sic
841 2728 934 2755 legitur:
947 2727 991 2755 Qui
1009 2733 1072 2749 nos...
1086 2733 1121 2749 re-

273 2775 356 2791 vocare
373 2768 478 2790 videlieet
495 2768 562 2790 etiam
581 2768 629 2789 sine
647 2773 686 2789 sna
705 2769 778 2788 morte
796 2767 869 2794 potuit
887 2772 899 2788 a
917 2766 1032 2793 passione.

335 2807 343 2821 ⁴¹
362 2808 432 2829 Etiam
452 2806 566 2834 Boram-d„
581 2806 655 2828 Tract.
675 2805 702 2827 tle
715 2804 810 2827 errorib.
825 2804 956 2832 Abaelardi,
974 2810 993 2826 0.
1012 2805 1032 2826 S.
1045 2811 1066 2826 11.
1084 2804 1120 2832 19,

273 2846 302 2868 de
321 2848 363 2868 11οο
381 2846 547 2868 inconvenienti
565 2846 609 2868 ait:
632 2845 701 2867 Porro
724 2845 780 2866 ratio
798 2845 866 2866 huius
888 2844 938 2866 facti
957 2844 998 2866 fuit
1019 2843 1121 2871 dignatio

273 2886 380 2907 incientis.
395 2885 450 2913 Quis
468 2888 546 2913 negat,
560 2884 716 2912 Omnipotcnti
730 2884 759 2905 ad
777 2889 871 2905 manum
883 2883 953 2905 tuisse
966 2883 1021 2905 alios
1033 2886 1054 2905 et
1066 2882 1122 2904 alios

274 2924 356 2946 modos
369 2927 458 2946 nostrae
471 2924 647 2951 redemptionis,
665 2923 841 2949 iustificationis,
855 2922 1011 2944 lIberationis?
1024 2933 1054 2937 -—
1066 2922 1121 2943 Ante

274 2961 379 2991 passioni
395 2961 499 2985 subiecta
516 2962 566 2984 cod.
585 2968 611 2984 aa
630 2962 680 2989 (La
699 2961 799 2983 secunda
819 2961 902 2989 manu)
924 2961 1028 2983 interficit
1044 2965 1122 2983 neces-

272 3000 353 3028 sat-lo,
373 3000 423 3022 eod.
442 3001 461 3022 K
479 3001 499 3022 et
517 3001 545 3028 (i.
564 3007 583 3022 e.
601 3000 691 3027 etiam).

1242 2491 1251 2506 ⁵
1269 2492 1333 2513 Vers.
1350 2491 1382 2512 10.
1397 2503 1426 2505 -
1438 2490 1515 2512 Glossa
1534 2492 1568 2511 est
1579 2488 1710 2512 ordinaria.
1724 2488 1791 2516 Apud
1804 2488 1911 2510 Strabum
1928 2494 1970 2510 nee
1982 2494 2026 2510 non

1180 2531 1242 2559 apud
1265 2530 1321 2552 Ρυῐικ
1345 2529 1476 2557 Lombard„
1505 2530 1526 2551 in
1551 2529 1612 2551 hunc
1632 2529 1674 2550 loc.
1699 2528 1785 2550 Tamen
1808 2527 1837 2549 ibi
1865 2531 1916 2555 post
1937 2526 2027 2557 periret

1179 2571 1266 2592 omisso
1285 2570 1319 2598 et,
1339 2570 1434 2597 eiusque
1456 2569 1505 2591 loco
1527 2569 1601 2596 posito
1619 2570 1716 2595 puncto,
1735 2568 1767 2589 sic
1790 2568 1904 2595 pergitur:
1923 2565 1993 2594 Quod
2008 2566 2029 2588 sz‘

1179 2610 1249 2637 esset,
1262 2608 1356 2637 frustra
1368 2608 1432 2637 facta
1444 2608 1519 2630 essent
1531 2607 1611 2630 omnia
1623 2610 1664 2629 ete.
1683 2606 1727 2629 Csr.
1740 2607 1895 2629 testimonium
1913 2612 1983 2633 supra
1996 2605 2026 2627 111.

1180 2649 1290 2676 Magistri,
1312 2648 1333 2670 d.
1360 2647 1436 2669 xvnl.
1455 2653 1472 2669 c.
1492 2647 1512 2668 5.
1534 2646 1578 2669 sub
1596 2646 1709 2668 Ambrosii
1731 2646 1821 2667 nomine
1844 2645 1974 2672 allegatum.
1997 2656 2028 2660 —-

1180 2687 1248 2709 Paulo
1266 2687 1359 2709 inferius
1381 2687 1438 2708 inter
1460 2686 1490 2708 Ec
1506 2685 1527 2708 si
1547 2685 1591 2708 hoc
1613 2688 1635 2707 et
1650 2683 1791 2714 impossibile
1812 2683 1857 2713 fail
1874 2683 1927 2706 edd.
1946 2684 2027 2705 interii-

1180 2726 1242 2747 ciunt
1259 2726 1292 2748 est
1309 2723 1460 2754 impossibile.

1242 2763 1251 2777 ὃ
1268 2763 1328 2785 Lihr.
1348 2763 1360 2785 1,
1380 2769 1399 2785 c.
1421 2763 1461 2784 1οῑ
1480 2762 1527 2784 Non
1545 2765 1621 2784 autem
1635 2760 1741 2791 potuisse
1753 2761 1846 2783 calicem
1860 2761 1967 2786 transire,
1981 2760 2021 2781 nisi

1179 2803 1270 2825 biberet
1286 2803 1363 2830 illum,
1381 2801 1457 2825 dizit.-
1477 2808 1520 2824 non
1539 2802 1615 2830 qnia...
1642 2801 1683 2823 sed
1709 2799 1836 2830 quoniam,
1864 2800 1921 2821 sicut
1938 2798 2023 2821 dictum

1180 2846 1225 2870 est,
1245 2842 1357 2864 mundum
1376 2844 1424 2863 erat
1440 2840 1581 2868 impossibile
1599 2840 1662 2862 aliter
1678 2838 1775 2862 salvari.
1789 2850 1819 2854 —-
1831 2838 1872 2859 l’ro
1884 2837 2025 2865 Nonpotzcz't

1181 2881 1229 2903 Vat.
1248 2880 1302 2904 Non
1319 2880 1406 2908 voluit,
1426 2882 1448 2902 et
1465 2879 1516 2902 dein
1534 2885 1577 2907 pro
1594 2885 1641 2901 non
1657 2878 1735 2908 posset
1746 2877 1796 2899 cod.
1810 2876 1827 2898 D
1839 2882 1887 2899 non
1898 2876 2022 2905 potuisset,

1180 2920 1231 2942 cod.
1249 2920 1266 2942 U
1284 2925 1332 2942 non
1347 2919 1429 2948 poluit.
1447 2919 1523 2940 Lectio
1540 2917 1643 2940 transire
1660 2915 1757 2939 calicem
1774 2915 1858 2943 (111111111-
1878 2915 1914 2942 26,
1933 2914 1975 2937 42:
1989 2915 2024 2937 hic

1180 2959 1236 2981 calix
1254 2959 1358 2987 transire)
1377 2960 1411 2980 est
1428 2959 1449 2979 in
1468 2957 1535 2979 codd.
1553 2959 1574 2978 ct
1592 2961 1618 2977 ex
1636 2955 1707 2977 citatis
1725 2953 1803 2976 verbis
1820 2954 1919 2976 Δ*1115011111
1933 2954 2024 2976 fluxisse

1181 2998 1278 3020 videtur.
