2166 3366
134 476 247 495 Notandum.

140 1241 169 1260 Ad
184 1241 257 1264 opposi-

175 1266 220 1282 tum.

262 206 318 234 440
940 200 1191 229 SENTENTIARUM
1213 200 1273 228 [ΑΒ.
1296 200 1334 228 ΙΙΙ.

339 283 365 311 [ι.
387 282 425 311 Ad
447 281 517 310 illud
539 280 614 318 quod
635 279 777 313 obiicitur,
800 279 875 316 quod
889 278 956 307 unio
977 278 1106 307 termina-

262 334 309 359 tur
330 330 364 358 ad
386 328 499 366 aliquod
522 335 625 361 unum;
648 326 814 360 dicendum,
836 326 911 362 quod
932 333 1032 354 verum
1055 327 1104 353 est.

261 376 334 405 Talis
355 375 429 404 enim
460 374 527 403 unio
559 374 725 402 terminatur
756 373 792 401 ad
813 380 902 401 unum
924 372 951 400 in
974 379 1105 408 persona;

262 430 326 451 nam
348 429 412 450 caro
434 421 530 449 unitur
552 419 662 448 divinae
693 422 809 447 naturae
840 419 868 446 in
897 418 1002 447 unitate
1023 418 1105 455 hypo-

263 469 343 498 stasis
364 471 390 497 et
411 475 545 504 personae
567 466 625 495 Filii
646 466 704 494 Dei.
726 466 779 494 Sed
800 465 1009 499 attendendum,
1031 465 1106 502 quod

263 516 344 544 aliter
365 515 467 544 dicitur
498 514 546 542 illa
576 513 733 550 hypostasis
755 513 856 541 carnis
877 512 925 541 et¹
950 512 1107 549 hypostasis

265 561 399 590 bominis.
422 560 578 597 Hypostasis
592 560 666 589 enim
682 558 807 588 hominis
829 559 931 588 dieitur
946 567 1000 587 non
1016 559 1107 587 solum

264 610 292 637 in
314 608 441 646 obliquo,
456 608 504 636 sed
520 608 603 636 etiam
626 607 652 635 in
675 609 765 640 1‘ecto;
787 609 828 635 est
842 606 914 634 enim
938 605 1108 643 hypostasis,

265 663 337 692 quae
357 659 399 684 est
420 653 511 682 homo.
534 654 585 682 Sed
608 653 764 690 hypostasis
784 652 887 681 earnis
901 652 1065 689 intelligitur
1081 652 1107 679 in

266 702 389 740 obliquo,
411 709 464 730 non
486 701 551 738 quia
572 703 642 728 esset
663 708 743 731 caro.
765 699 814 728 sed
829 699 895 737 quia
910 698 1032 727 babebat
1052 706 1110 727 car-

265 757 345 783 nem;
366 749 441 778 unde
462 748 509 777 illa
530 749 637 785 poterat
658 747 710 776 diei
733 755 805 775 caro
833 746 923 774 Verbi.
946 746 977 774 Et
995 746 1047 774 boe
1069 748 1110 774 est

1162 278 1236 314 quod
1258 278 1324 306 dicit
1339 278 1527 306 Damaseenus
1539 276 1564 304 2:
1583 276 1634 304 «Si
1650 279 1778 305 mortuus
1800 279 1841 304 est
1861 279 1893 304 ut
1907 276 2005 310 homo,

1163 328 1190 353 et
1211 328 1304 354 sancta
1326 325 1372 353 illa
1393 325 1486 352 anima
1508 324 1543 352 ab
1558 324 1618 352 eius
1639 330 1756 360 corpore
1778 323 1867 352 divisa
1889 326 1943 357 est;
1964 322 2008 350 Di-

1165 371 1264 400 vinitas
1293 375 1383 400 lamen
1417 370 1609 407 inseparabilis
1641 370 1675 398 ab
1696 372 1816 407 utroque
1838 369 2006 406 permansit,

1165 426 1254 455 neque
1275 414 1313 446 ita
1333 426 1389 446 una
1410 417 1567 454 hypostasis
1588 417 1615 445 in
1637 417 1707 445 duas
1722 416 1812 445 divisa
1826 420 1883 449 est;
1905 416 2007 445 etenim

1165 473 1266 501 corpus
1287 467 1314 493 et
1335 464 1427 492 anima
1449 472 1465 491 a
1486 463 1621 500 principio
1642 463 1669 491 in
1693 463 1774 491 Verbi
1799 463 1940 499 hypostasi
1963 462 2009 490 ha—

1165 512 1288 540 buerunt
1308 510 1518 544 sustinentiam,
1540 513 1567 538 et
1588 510 1616 538 in
1639 512 1727 538 morte
1748 518 1763 538 a
1785 517 1814 538 se
1836 509 1955 538 invicem
1971 509 2009 537 di-

1165 558 1225 587 visa
1247 560 1426 590 manserunt,
1448 556 1591 593 singulum
1613 559 1706 585 autem
1735 564 1833 584 eorum
1856 564 1940 584 unam
1962 556 2010 592 hy-

1166 604 1297 641 postasim
1320 603 1401 632 Verbi
1424 603 1539 632 habens.
1561 603 1655 639 Neque
1683 603 1755 631 enim
1789 610 1891 639 eorpus
1918 610 2008 639 neque
2030 616 2035 619 -

1165 651 1258 680 anima
1278 650 1419 687 propriam
1441 650 1539 678 habuit
1559 649 1729 686 hypostasim
1751 652 1862 686 praeter
1883 650 2011 686 hyposta-

1167 698 1218 727 sim
1241 697 1361 725 Verbi».
1386 697 1416 725 Et
1437 696 1475 725 sie
1497 699 1572 733 patet
1594 696 1663 726 illud
1675 696 1693 723 ³.

1028 867 1190 905 QUAESTIO
1210 867 1250 895 Ill.

606 969 710 997 Utrum
738 968 861 996 Verbum
882 967 998 995 unitum
1019 965 1113 1004 suerit
1132 966 1221 994 carni
1240 969 1265 993 et
1286 965 1404 993 animae
1426 964 1538 1001 duplici
1558 964 1672 993 unione.

347 1093 440 1122 Tertio
461 1092 618 1130 quaeritur,
640 1094 737 1120 utrum
760 1090 884 1120 Verbum
899 1090 1009 1118 unitum
1027 1089 1110 1117 fuerit

269 1140 345 1170 carni
367 1143 394 1168 et
415 1139 523 1168 animae
538 1138 642 1175 duplici
659 1138 768 1166 unione.
785 1137 815 1165 Et
830 1136 905 1173 quod
920 1136 968 1170 sie,
991 1136 1111 1164 videtur.

350 1189 373 1215 1.
396 1187 463 1215 Unio
484 1188 650 1214 numeratur
671 1192 721 1221 per
743 1186 871 1212 extrema
885 1182 1041 1216 unibilia⁴3
1064 1182 1112 1210 sed

270 1242 334 1263 caro
355 1236 382 1262 et
402 1233 495 1261 anima
516 1234 581 1260 sunt
602 1231 714 1259 diversa
746 1229 874 1264 unibilia,
901 1229 953 1257 hoe
976 1229 1050 1257 enim
1071 1232 1113 1257 est

269 1280 422 1317 corporale,
438 1282 464 1308 et
479 1278 549 1307 illud
565 1277 724 1315 spirituale:
741 1285 808 1313 ergo
823 1276 844 1305 si
860 1276 997 1304 uniuntur
1013 1275 1113 1310 Verbo,

269 1326 399 1364 pluribus
421 1325 571 1354 unionibus
593 1324 739 1352 uniuntur.

349 1374 374 1401 Ξ).
398 1373 476 1406 item,
498 1371 518 1400 si
541 1370 654 1407 aliquod
676 1378 765 1398 unum
787 1369 883 1398 unitur
914 1369 1057 1406 aliquibus
1078 1368 1115 1396 al-

270 1423 409 1449 terutrum
432 1419 540 1452 divisis,
563 1418 659 1446 unitur
681 1417 720 1446 eis
742 1417 861 1445 diversis
876 1416 1043 1450 unionibus;
1065 1415 1114 1444 sed

270 1466 427 1504 hypostasis
448 1466 530 1495 Verbi
553 1465 631 1493 unita
645 1464 697 1493 fuit
719 1464 744 1492 in
760 1466 850 1492 morte
865 1463 941 1492 carni
964 1466 991 1491 et
1006 1463 1115 1491 animae

270 1514 437 1543 alterutrum
461 1512 570 1541 divisis:
593 1519 660 1548 ergo
680 1511 830 1539 uniebatur
851 1510 891 1539 eis
912 1509 1063 1538 unionibus
1078 1508 1117 1537 di-

270 1561 367 1590 versis.
390 1560 443 1589 Sed
464 1559 562 1588 eodem
583 1558 667 1587 modo
696 1558 774 1586 unita
799 1557 852 1585 fuit
882 1557 1017 1585 Divinitas
1039 1556 1115 1585 carni

271 1611 298 1637 et
318 1607 427 1636 animae
449 1606 475 1635 in
497 1605 685 1635 incarnatione
707 1607 733 1633 et
754 1604 782 1632 in
804 1606 893 1632 morte
915 1606 942 1632 et
963 1606 1025 1640 post
1046 1610 1118 1631 mor—

271 1658 342 1689 tem,
364 1654 430 1691 quia
451 1653 498 1682 illa
519 1653 586 1681 unio
607 1660 662 1680 non
694 1651 746 1680 fuit
779 1651 898 1679 variata:
922 1658 988 1686 ergo
1011 1649 1032 1678 si
1055 1651 1117 1687 post

270 1704 388 1730 mortem
410 1700 560 1729 uniebatur
582 1698 701 1727 diversis
715 1697 881 1731 unionibus,
897 1696 1056 1725 necessario
1077 1704 1116 1725 se-

270 1748 422 1785 quebatur,
444 1747 519 1784 quod
539 1749 566 1775 et
588 1746 614 1774 in
637 1745 696 1782 ipsa
718 1744 915 1773 incarnatione.

351 1793 375 1822 3.
398 1793 481 1827 Item,
504 1792 675 1828 ubicumque
696 1793 737 1819 est
758 1790 827 1818 ordo
848 1789 951 1826 prioris
973 1789 1007 1817 ad
1030 1792 1117 1825 poste-

271 1840 347 1874 rius,
368 1840 405 1868 ibi
428 1842 470 1868 est
490 1838 648 1867 numeratio
669 1840 696 1866 et
718 1837 873 1870 distinctim
896 1835 943 1864 sed
966 1843 1017 1872 per
1037 1835 1117 1872 prius

272 1887 369 1915 unitur
390 1886 483 1914 anima
504 1885 555 1922 ipsi
578 1884 669 1913 Verbo
690 1892 773 1921 quam
797 1891 873 1920 caro,
890 1891 954 1911 caro
970 1883 1043 1911 enim
1059 1882 1118 1910 uni-

272 1938 319 1962 tur
342 1933 480 1962 mediante
501 1931 632 1960 anima⁵e
655 1939 721 1968 ergo
753 1930 775 1959 si
808 1931 833 1958 in
856 1930 1019 1959 huiusmodi
1040 1929 1118 1958 unio-

273 1980 355 2009 nibus
377 1982 419 2008 est
440 1979 517 2013 ordo⁷
540 1979 575 2007 ibi
592 1981 633 2007 est
648 1978 799 2006 distinctio:
816 1985 882 2014 ergo
897 1977 1027 2014 pluribus
1042 1977 1118 2005 unio-

273 2027 356 2055 nibus
378 2026 524 2054 uniuntur.

352 2074 378 2101 li.
402 2073 482 2106 Item,
497 2072 589 2100 anima
603 2071 701 2100 unitur
716 2071 857 2099 Divinitati
873 2074 900 2099 et
915 2070 1012 2099 unitur
1028 2070 1118 2104 carni3

273 2128 322 2149 nec
344 2120 442 2148 unitur
474 2119 576 2147 unione
603 2118 698 2152 unica,
720 2118 769 2146 sed
801 2117 941 2154 dupliciss:
969 2125 1036 2154 ergo
1058 2117 1118 2154 pari

274 2167 380 2195 ratione
402 2166 526 2200 videtur,
548 2165 622 2202 quod
645 2164 802 2202 hypostasis
823 2164 920 2198 Verbi,
942 2172 1006 2192 cum
1021 2164 1119 2192 unitur

274 2213 351 2242 carni
372 2216 399 2242 et
420 2213 541 2246 animae,
563 2211 667 2248 duplici
684 2211 786 2239 unione
801 2210 905 2239 unitur.
929 2210 963 2239 Sz‘
979 2214 1010 2238 tu
1025 2210 1118 2244 dicas,

274 2260 348 2297 quod
370 2268 424 2288 non
446 2262 488 2288 est
508 2258 613 2292 simile,
634 2258 699 2295 quia
720 2266 757 2286 ex
779 2258 885 2286 Deitate
907 2260 934 2286 et
957 2265 1043 2286 carne
1064 2265 1118 2285 non

274 2307 304 2335 fit
325 2315 429 2341 unum,
452 2306 523 2335 sieut
545 2305 575 2333 fit
596 2313 630 2334 ex
655 2312 738 2333 carne
759 2308 786 2333 et
807 2304 914 2337 anima;
936 2307 1002 2333 tunc
1024 2303 1121 2332 obiici-

1169 1092 1234 1117 tur:
1256 1091 1314 1116 esto
1336 1087 1410 1124 quod
1432 1095 1468 1115 ex
1491 1094 1573 1115 carne
1599 1089 1625 1115 et
1646 1086 1738 1114 anima
1760 1094 1814 1114 non
1836 1086 1884 1114 fiat
1906 1094 2014 1121 unum,

1170 1135 1241 1164 sicut
1261 1135 1313 1163 suit
1334 1135 1361 1162 in
1384 1137 1485 1168 morte;
1507 1134 1619 1163 videtur
1641 1137 1720 1169 tune,
1736 1133 1811 1171 quod
1828 1133 1874 1161 illa
1889 1133 1945 1161 iam
1958 1140 2013 1161 non

1171 1182 1205 1211 sit
1226 1190 1281 1210 una
1304 1181 1382 1216 unio,
1405 1182 1454 1210 sed
1476 1181 1556 1210 duae.

1249 1230 1301 1257 SED
1332 1237 1454 1257 CONTRA:

1171 1276 1219 1304 sed
1248 1284 1312 1304 caro
1343 1279 1370 1304 et
1401 1276 1493 1304 anima
1514 1276 1651 1304 uniuntur
1685 1275 1735 1312 ipsi
1766 1275 1857 1303 Verbo
1880 1274 1907 1302 in
1929 1282 2013 1302 unam

1172 1323 1351 1360 personam⁷z
1376 1330 1442 1359 ergo
1464 1322 1584 1357 videtur,
1606 1322 1680 1359 quod
1712 1322 1846 1350 uniantur
1868 1321 1891 1350 ei
1914 1320 2015 1349 unione

1172 1369 1263 1398 unica.

1252 1417 1278 1444 Ξ).
1301 1416 1380 1450 ltem,
1402 1416 1468 1444 unio
1483 1416 1554 1444 facta
1575 1419 1616 1444 est
1637 1423 1687 1452 per
1702 1415 1900 1444 assumtionem
1913 1415 1934 1449 ³,
1950 1422 2016 1452 ergo

1173 1463 1221 1491 ubi
1242 1466 1284 1491 est
1305 1471 1361 1491 una
1382 1462 1529 1497 assumtio,
1544 1462 1582 1490 ibi
1597 1465 1639 1491 est
1659 1470 1715 1490 una
1736 1462 1814 1496 unio;
1830 1461 1878 1490 sed
1894 1461 2015 1490 Verbum

1174 1510 1307 1539 assumsit
1338 1513 1421 1538 totam
1454 1513 1583 1538 naturam
1615 1509 1769 1537 humanam
1799 1508 1882 1537 unica
1913 1515 2018 1537 assum-

1174 1557 1261 1585 tione:
1286 1565 1352 1593 ergo
1383 1556 1474 1585 univit
1502 1556 1552 1585 sibi
1585 1564 1695 1585 earnem
1730 1558 1756 1584 et
1786 1555 1907 1584 animam
1936 1554 2019 1584 unica

1174 1604 1285 1632 unione.

1253 1650 1278 1678 3.
1301 1650 1381 1684 Item,
1403 1649 1474 1678 sicut
1496 1652 1570 1678 totus
1592 1649 1675 1677 homo
1690 1648 1867 1686 componitur
1886 1655 1921 1677 ex
1937 1656 2019 1677 earne

1175 1700 1201 1726 et
1223 1697 1328 1731 anima,
1351 1697 1388 1725 ita
1420 1699 1508 1725 totum
1538 1704 1640 1733 corpus
1662 1696 1858 1732 componitur⁹
1879 1703 1915 1724 ex
1936 1695 2020 1733 parti-

1174 1744 1227 1772 bus
1248 1743 1400 1780 organicis:
1423 1751 1489 1780 ergo
1510 1743 1532 1771 si
1555 1745 1647 1771 essent
1672 1742 1800 1771 diversae
1826 1741 1943 1770 uniones
1964 1749 2020 1770 car-

1174 1790 1216 1818 nis
1247 1793 1274 1818 et
1305 1790 1414 1818 animae
1445 1790 1481 1818 ad
1513 1793 1641 1818 naturam
1670 1789 1809 1823 divinam,
1832 1789 1893 1826 pari
1914 1789 2020 1818 ratione

1174 1839 1266 1865 essent
1287 1836 1415 1864 diversae
1436 1836 1553 1864 uniones
1576 1843 1675 1864 manus
1697 1839 1723 1864 et
1744 1835 1824 1872 pedis
1839 1835 1874 1864 ad
1889 1835 2020 1870 eandem,

1177 1886 1204 1911 et
1224 1883 1344 1911 aliorum
1376 1882 1578 1911 membrorum.
1611 1882 1714 1918 Quodsi
1746 1882 1799 1911 hoc
1830 1885 1872 1911 est
1893 1882 2019 1911 inconve-

1174 1930 1266 1964 niens,
1288 1932 1385 1964 restat,
1408 1929 1482 1966 quod
1509 1929 1600 1958 earnis
1631 1932 1658 1958 et
1683 1929 1792 1958 animae
1815 1937 1871 1958 una
1892 1932 1934 1958 est
1954 1929 2020 1957 unio

1175 1977 1212 2005 ad
1234 1977 1379 2005 Deitatem.

1255 2024 1281 2051 h..
1303 2023 1382 2057 ltem,
1405 2031 1470 2051 eum
1492 2031 1556 2052 caro
1577 2025 1604 2051 et
1625 2022 1717 2051 anima
1749 2022 1886 2051 uniuntur
1917 2022 2020 2051 unione

1176 2069 1328 2103 natm-att,
1351 2078 1407 2098 una
1429 2069 1530 2098 unione
1552 2069 1707 2098 uniuntur:
1730 2077 1797 2106 ergo
1818 2069 1878 2106 pari
1900 2069 2021 2104 ratione,

1176 2117 1288 2154 quando
1310 2117 1446 2145 uniuntur
1459 2116 1477 2130 ¹⁰
1498 2117 1600 2145 unione
1618 2116 1784 2153 personali,
1807 2124 1871 2145 cuin
1894 2116 1931 2144 ita
1951 2116 2022 2145 bene

1177 2164 1212 2193 sit
1232 2172 1322 2192 unum
1355 2163 1422 2192 illud
1453 2163 1528 2200 quod
1560 2166 1602 2192 est
1633 2171 1721 2192 unum
1744 2163 1771 2191 in
1794 2171 1929 2200 persona,
1951 2163 2023 2192 sicut

1176 2211 1246 2239 illud
1268 2210 1343 2247 quod
1365 2213 1406 2239 est
1427 2218 1514 2239 unum
1538 2210 1564 2238 in
1585 2213 1701 2244 natura;
1723 2210 1772 2239 sed
1793 2218 1858 2238 caro
1882 2213 1909 2238 et
1929 2210 2022 2238 anima

1175 2257 1314 2285 uniuntur
1342 2257 1433 2286 Verbo
1463 2257 1566 2286 unione
1597 2256 1749 2294 personali:
1782 2264 1849 2293 ergo
1882 2256 2019 2285 uniuntur

1178 2304 1280 2333 unione
1302 2303 1396 2338 unica,
1418 2300 1472 2332 non
1495 2303 1597 2332 unione
1619 2303 1775 2340 multiplici.

340 2522 347 2536 ¹
365 2522 438 2545 Codd.
456 2522 473 2543 R
484 2522 500 2543 Z
517 2522 538 2544 et
555 2521 630 2544 aliter.

339 2561 349 2575 ‘2
365 2561 425 2583 Libr.
444 2561 475 2583 lli.
494 2561 522 2583 de
539 2561 593 2583 Fide
611 2560 700 2583 orthod.
713 2567 733 2583 c.
747 2560 775 2582 27
786 2567 791 2582 :
803 2561 825 2582 Si
839 2563 966 2583 mortuus...
979 2563 1001 2582 et
1013 2561 1034 2582 in
1048 2562 1121 2582 morte

277 2606 289 2621 a
307 2606 331 2622 se
348 2600 446 2621 invicem
465 2599 549 2626 dix-isa,
567 2598 689 2628 simulam
707 2604 790 2621 eorum
807 2598 909 2626 mansit,
928 2604 998 2620 unam
1016 2599 1122 2626 hyposta-

278 2639 321 2661 sim
338 2638 408 2660 Verbi
426 2638 520 2660 habens.
539 2637 617 2665 Quum
643 2637 671 2660 ob
696 2644 745 2660 rem
772 2644 820 2660 una
842 2636 912 2660 Verbi
927 2637 1076 2667 hypostasis,
1101 2638 1123 2659 et

281 2677 350 2701 Verbi
366 2679 387 2701 el
403 2677 497 2700 annuae
514 2678 536 2700 et
551 2676 657 2706 corporis
674 2678 726 2699 erat
743 2676 883 2706 hypostasis.
900 2676 979 2705 Neque
996 2677 1057 2699 enim
1075 2682 1123 2699 cor-

278 2723 322 2744 pus
339 2719 380 2739 etc.
398 2729 429 2732 —
446 2717 468 2738 ln
486 2717 614 2738 testimonio
632 2716 698 2737 allato
715 2722 757 2743 pro
774 2715 940 2738 sustinentium
965 2715 1015 2737 cod.
1037 2716 1053 2736 Α
1071 2714 1123 2737 sub-

279 2754 407 2777 sistentiam
422 2753 542 2783 (ὕπαρξιν).
556 2755 624 2777 Paulo
637 2755 730 2777 inferius
742 2760 784 2782 pro
802 2753 900 2781 habens,
915 2754 977 2782 quod
993 2754 1038 2776 fide
1055 2753 1122 2776 codd.

279 2793 325 2821 ΑΩ
342 2794 495 2821 restituimus,
513 2794 549 2815 alii
567 2793 634 2815 codd.
647 2794 729 2821 partim
742 2792 838 2821 habent,
853 2793 936 2820 partim
954 2791 1038 2821 habe&
1055 2793 1123 2814 etiam

280 2831 332 2853 edd.
350 2832 457 2854 exhibent
474 2831 549 2855 habet.
565 2833 664 2854 Demum
682 2839 724 2860 pro
742 2831 825 2855 halmit
841 2832 908 2854 codd.
925 2832 997 2854 GHL
1008 2838 1033 2854 aa
1043 2838 1069 2854 cc
1085 2831 1125 2853 Ita-

280 2868 395 2898 buermzt,
415 2871 481 2893 codd.
499 2872 515 2892 Α
526 2871 571 2900 QU
589 2870 680 2894 hubent.

345 2908 355 2923 ³
373 2909 429 2931 Vide
447 2910 548 2931 scholion
567 2910 596 2931 ad
613 2910 788 2937 praecedentem
807 2912 894 2938 quaest.

344 2945 352 2960 ⁴
369 2947 424 2968 Nam
443 2948 496 2969 unio
514 2950 547 2969 est
563 2947 660 2976 relatio,
688 2955 747 2976 quae
772 2950 902 2976 respectum
919 2948 987 2971 habet
1005 2948 1034 2971 ad
1051 2949 1125 2970 termi-

282 2990 344 3006 num.
362 2983 406 3006 Cfr.
424 2991 493 3012 supra
511 2991 564 3013 pag.
583 2986 637 3014 193,
657 2990 709 3008 nota
727 2986 747 3008 li-.

1241 2519 1251 2534 ⁵
1267 2519 1312 2542 Csr.
1330 2526 1400 2547 supra
1417 2519 1439 2541 d.
1458 2520 1478 2541 2.
1497 2525 1516 2541 a.
1535 2519 1555 2540 3.
1574 2525 1596 2547 q.
1616 2519 1635 2540 l.
1652 2530 1684 2534 --
1700 2518 1732 2540 De
1749 2517 1837 2541 maiori
1862 2518 1901 2540 cfr.
1919 2518 2024 2547 Aristot.⁷

1180 2558 1208 2580 de
1225 2559 1364 2580 Praedicam.
1377 2564 1396 2580 c.
1409 2557 1436 2580 de
1448 2557 1535 2585 Priori,
1550 2560 1572 2580 et
1584 2558 1598 2579 l.
1612 2558 1671 2580 Seni.
1685 2557 1706 2579 d.
1720 2558 1755 2579 20.
1774 2564 1793 2579 a.
1813 2558 1834 2579 2.
1852 2564 1874 2586 q.
1896 2558 1913 2579 1.
1924 2569 1956 2573 —-
1967 2556 2024 2580 Cod.

1180 2598 1199 2619 V
1217 2600 1268 2625 post
1285 2597 1366 2619 anima
1383 2597 1475 2625 supplet
1486 2596 1537 2625 ipsi,
1552 2600 1574 2619 et
1585 2599 1637 2624 post
1649 2596 1706 2619 ordo
1724 2596 1791 2619 codd.
1809 2596 1826 2618 A
1837 2597 1854 2618 Κ
1869 2597 1943 2619 restat
1953 2595 2022 2626 quod.

1242 2636 1252 2650 ⁶
1270 2636 1327 2658 Vide
1344 2642 1414 2663 supra
1433 2636 1462 2658 lit.
1480 2636 1595 2664 Magistri,
1614 2635 1635 2658 d.
1655 2635 1681 2657 V.
1700 2641 1718 2657 c.
1737 2635 1758 2657 3.

1242 2674 1252 2689 ⁷
1269 2675 1296 2697 Ut
1314 2674 1410 2697 babetur
1427 2681 1497 2702 supra
1515 2674 1537 2696 d.
1556 2675 1577 2696 ὃ.
1595 2680 1614 2696 a.
1633 2675 1653 2696 2.
1674 2680 1694 2702 q.
1716 2674 1734 2695 l.

1243 2713 1253 2728 ⁸
1269 2713 1313 2736 Csr.
1331 2720 1400 2741 supra
1419 2713 1440 2735 d.
1459 2713 1479 2735 5.
1498 2719 1517 2735 a.
1540 2714 1556 2735 1.
1575 2720 1596 2742 q.
1616 2714 1635 2735 l.
1654 2714 1675 2735 in
1694 2719 1757 2740 corp.

1244 2753 1253 2767 ⁹
1270 2752 1324 2775 Cod.
1343 2754 1360 2774 A
1378 2752 1409 2775 ito
1428 2758 1514 2781 corpus
1532 2752 1633 2775 hominis
1650 2751 1805 2781 componitur.

1244 2790 1263 2805 ¹⁰
1280 2790 1335 2813 Cod.
1354 2791 1372 2812 li
1391 2791 1482 2818 supplet
1502 2790 1583 2813 Verbo.
1601 2790 1669 2812 Panlo
1686 2791 1780 2812 inferius
1798 2795 1839 2817 pro
1856 2795 1932 2811 unum
1948 2788 1973 2811 in
1984 2795 2023 2811 na-

1183 2833 1237 2854 tura
1256 2832 1348 2859 plurimi
1366 2831 1432 2853 codd.
1450 2837 1527 2853 imum
1543 2831 1640 2853 nutura.
1659 2843 1689 2846 —
1705 2830 1768 2852 Duae
1785 2830 1827 2851 hae
1845 2829 1951 2856 uniones,
1974 2829 2025 2851 licet

1183 2871 1226 2892 sint
1235 2870 1293 2892 bene
1303 2870 1488 2898 distinguendae,
1501 2876 1546 2891 non
1559 2871 1611 2892 sunt
1623 2869 1783 2895 accidentales,
1796 2867 1836 2889 sed
1848 2866 2020 2895 substantiales,

1183 2910 1235 2937 quia
1249 2908 1373 2931 substantia
1390 2916 1400 2928 <t
1413 2908 1533 2936 dupliciter
1551 2908 1646 2930 dicitur:
1663 2913 1709 2929 uno
1726 2905 1796 2928 modo
1809 2911 1851 2933 pro
1864 2905 1963 2928 essentia
1975 2906 2024 2928 sive

1183 2951 1270 2976 natura,
1282 2948 1324 2969 alio
1334 2947 1403 2969 modo
1416 2953 1458 2975 pro
1470 2946 1590 2976 supposito
1602 2947 1650 2968 sive
1660 2945 1776 2972 hypostasi
1788 2952 1799 2964 )›
1812 2944 1843 2972 (S.
1855 2944 1944 2973 Thom.‚
1958 2944 1979 2966 S.
1992 2944 2025 2966 ΠΙ,

1184 2993 1205 3015 q.
1225 2987 1245 3008 2.
1263 2993 1283 3008 a.
1302 2987 1322 3008 G.
1341 2986 1369 3008 ad
1388 2986 1426 3015 3.).

1491 1230 1513 1256 1.
1544 1228 1612 1257 Unio
1644 1228 1810 1257 terminatur
1842 1227 1877 1256 ad
1909 1235 1996 1255 unum
2006 1232 2153 1261 ,Fundamenta
