2166 3366
486 382 681 440 LIBER
720 381 994 440 TERTIUS
1033 381 1556 440 SENTENTIARUM.

348 512 398 558 DE
425 511 736 558 INGARNATIONE
764 510 889 556 VERBI
913 510 965 555 ΕΤ
990 510 1152 556 HUMANI
1178 511 1354 556 GENERIS
1380 510 1688 556 REPARATIONE.

217 1006 270 1033 lam
282 1013 351 1033 nune
366 1006 407 1032 his
421 1005 598 1038 intelligendis
608 1008 689 1039 atque
702 1004 907 1039 pertractandis
921 1011 990 1039 quae

145 1048 179 1076 ad
198 1049 278 1076 Verbi
299 1049 509 1075 incarnationem
528 1048 675 1082 pertinent,
696 1048 797 1081 integra
817 1048 913 1074 mentis
930 1055 991 1074 con-

145 1091 305 1119 sideratione
326 1091 509 1123 intendamus,
529 1094 557 1117 ut
576 1091 609 1117 de
635 1090 814 1117 ineffabilibus
841 1090 882 1117 vel
909 1090 990 1117 modi-

146 1142 207 1162 cum
227 1134 328 1170 aliquid
348 1135 410 1167 fari,
432 1135 485 1161 Deo
505 1134 649 1165 revelante,
669 1134 833 1161 valeamns¹.
859 1134 902 1160 Sic
920 1134 990 1160 euim

146 1178 257 1205 rationis
276 1177 342 1204 ordo
358 1177 488 1212 postulat,
508 1180 550 1209 ut,
573 1177 619 1212 qni
639 1177 664 1203 in
679 1177 765 1211 primo
779 1177 847 1203 libro
868 1177 901 1204 de
921 1177 992 1203 inex-

144 1221 263 1256 plicabili
282 1221 411 1256 mysterio
430 1228 551 1248 summae
566 1220 702 1247 Trinitatis
726 1220 902 1253 irrefragabili
926 1220 991 1247 San-

145 1267 249 1291 ctorum
269 1264 436 1290 attestatione
455 1263 557 1297 aliquid
582 1263 715 1295 diximus,
741 1270 772 1289 ac
792 1263 887 1289 deinde
908 1263 932 1289 in
953 1270 991 1289 se-

144 1306 232 1333 cundo
261 1306 330 1332 libro
355 1306 516 1333 conditionis
547 1313 638 1332 rerum
669 1306 789 1332 ordinem
821 1306 991 1340 hominisque

1046 1004 1152 1038 lapsum
1180 1004 1229 1031 sub
1259 1004 1358 1031 certis²
1373 1004 1540 1031 auctoritatis
1565 1004 1664 1038 regulis
1689 1005 1896 1038 insinuavimus,

1047 1046 1080 1073 de
1100 1047 1158 1074 eius
1175 1047 1358 1082 reparatione,
1371 1055 1420 1081 per
1433 1047 1546 1081 gratiam
1566 1047 1719 1074 Mediatoris
1738 1048 1785 1075 Dei
1805 1051 1831 1074 et
1850 1048 1897 1075 ho-

1048 1090 1149 1116 minum
1178 1091 1322 1124 praestita,
1342 1093 1422 1124 atque
1441 1090 1575 1117 humanae
1594 1090 1786 1125 redemptionis
1805 1091 1897 1118 Sacra-

1047 1133 1155 1165 mentis,
1175 1133 1273 1167 quibus
1293 1133 1467 1160 contritiones
1486 1133 1601 1159 hominis
1626 1133 1769 1167 alligantur
1791 1141 1823 1160 ac
1843 1134 1898 1161 vul-

1048 1183 1112 1203 nera
1137 1179 1311 1210 pcccatorum
1338 1179 1481 1208 curantur,
1507 1179 1702 1210 consequenter
1722 1177 1748 1203 in
1768 1177 1844 1204 tertio
1870 1181 1896 1204 et

1048 1222 1144 1253 quarto
1158 1218 1227 1245 libro
1240 1219 1417 1252 disseramus,
1431 1222 1460 1245 ut
1472 1219 1656 1246 Samaritanus
1669 1219 1701 1245 ad
1717 1219 1897 1252 vulneratum,

1048 1262 1170 1289 medicus
1190 1262 1223 1289 ad
1244 1262 1393 1294 infirmum,
1413 1262 1498 1295 gratia
1518 1262 1550 1289 ad
1571 1262 1698 1289 miserum
1719 1262 1838 1289 accedat.

768 1400 906 1423 tNCtrtUNT
924 1399 1063 1423 CitPtTtLA
1082 1400 1176 1422 TERTll
1194 1400 1273 1422 Llllssl.

491 1490 613 1512 Disnxcno
631 1490 645 1512 1,

146 1537 197 1560 Car.
215 1537 230 1560 1.
248 1537 324 1566 Quare
341 1537 408 1559 Pilius
426 1543 518 1559 carnem
536 1537 655 1565 assumsit,
674 1542 719 1558 non
746 1536 811 1559 Pater
835 1536 871 1558 vel
895 1537 992 1564 Spiritus

303 1586 402 1606 sanetus.

208 1629 231 1652 11.
250 1630 330 1652 Utrum
357 1630 420 1652 Pater
444 1630 480 1652 vel
499 1630 597 1657 Spiritus
615 1633 707 1652 sanetus
724 1629 841 1658 potuerit3
858 1631 980 1652 incarnari.

199 1677 231 1699 Ill.
249 1677 329 1699 Utrum
354 1677 435 1705 Pilius,
454 1677 492 1705 qui
511 1679 599 1699 tantum
616 1683 708 1699 carnem
732 1677 831 1705 aceepit,
854 1677 940 1705 aliquid
963 1677 991 1699 se-

302 1723 368 1751 cerit,
386 1723 450 1752 quod
467 1729 511 1745 non
531 1723 595 1745 Pater
612 1723 647 1745 vel
665 1723 763 1751 Spiritus
780 1726 879 1745 sanctus.

486 1770 610 1792 Disrtxcrto
627 1769 650 1792 11.
761 1800 765 1804 ·

145 1814 197 1838 Car.
214 1816 228 1838 l.
247 1816 322 1844 Quare
340 1819 409 1838 totam
427 1817 551 1839 humanam
565 1820 670 1839 naturam
682 1817 782 1845 aceepit,
795 1816 885 1845 etquid
897 1817 991 1839 nomine

302 1863 448 1885 humanitatis
466 1863 500 1885 vel
518 1864 632 1885 humanae
645 1866 738 1885 naturae
751 1863 924 1891 intelligendum
937 1864 966 1885 sit
975 1862 991 1886 ⁴.

208 1908 231 1930 ll.
248 1908 280 1931 De
297 1909 382 1931 unione
399 1908 470 1931 Verbi
487 1911 508 1931 et
525 1910 600 1931 carnis
617 1908 731 1931 mediante
749 1909 832 1931 anima.

199 1955 232 1977 lll.
249 1954 316 1983 Quod
333 1955 400 1977 simul
418 1956 526 1978 assumsit
543 1956 643 1977 animam
660 1958 682 1978 et
698 1961 790 1978 carnem
815 1955 930 1984 Verbum,
949 1962 991 1979 nec

301 2008 355 2025 caro
372 2003 437 2030 prius
454 2006 488 2025 est
504 2006 613 2031 concepta
632 2009 702 2032 quam
720 2007 829 2026 assumta.

482 2050 606 2073 Disrtxcrto
623 2051 655 2074 lll.

145 2095 197 2119 CAP.
216 2096 230 2118 l.

204 2142 226 2165 11,
245 2143 312 2172 Quod
329 2144 404 2166 nullus
421 2147 454 2166 est
471 2145 519 2166 sine
537 2148 630 2172 peccato
648 2145 696 2173 hic,
713 2148 806 2173 excepta
824 2145 926 2173 Virgine.

248 2096 279 2118 De
297 2102 365 2119 carne
382 2099 496 2125 assumta,
514 2098 588 2126 qualis
605 2097 675 2120 ante⁵
692 2098 766 2121 fuerit.

196 2190 228 2213 lll.
245 2190 321 2219 Quare
331 2190 434 2214 Christus
443 2197 487 2213 non
498 2191 538 2213 tuit
548 2191 705 2213 decimatusin
719 2190 843 2219 Abraham,
857 2192 915 2214 sicut
926 2191 988 2214 Levi.

191 2236 227 2258 lV.
244 2236 320 2265 Quare
337 2243 390 2259 caro
407 2236 489 2259 Christi
507 2243 551 2259 non
570 2237 628 2260 dicta
646 2241 680 2260 est
696 2238 818 2265 peccatrix,
831 2238 872 2260 sed
890 2238 978 2260 similis.

478 2285 601 2307 Dtsnxcrto
618 2285 654 2307 tv.

144 2329 197 2353 Car.
215 2330 229 2352 1.
247 2330 322 2358 Quare
339 2330 431 2359 Spiritui
449 2334 526 2354 saneto
543 2331 657 2354 tribuatur
673 2332 811 2360 incarnatio,
824 2338 877 2355 cum
890 2333 918 2355 sit
930 2339 990 2361 opus

304 2378 426 2401 Trinitatis.

205 2425 228 2447 ll.
246 2425 321 2453 Quare
338 2424 427 2447 dicatur
449 2424 551 2448 Christus
573 2429 698 2454 conceptus
719 2429 741 2448 et
763 2430 830 2449 natus
852 2426 881 2448 de
904 2427 989 2455 Spiritu

304 2474 389 2493 sancto.

200 2517 231 2539 lll.
248 2518 323 2546 Quare
348 2518 470 2546 Apostolus
495 2518 571 2541 dicit6
594 2518 709 2541 Christum
733 2519 831 2547 sactum,
856 2526 925 2548 quem
950 2525 991 2541 nos

304 2564 402 2586 fatemur
419 2569 504 2587 natum.

1389 1490 1512 1513 Dismcrio
1529 1491 1556 1512 V.

1049 1535 1101 1559 Car.
1121 1536 1135 1558 l.
1153 1537 1175 1558 Si
1193 1543 1292 1564 persona
1311 1537 1346 1559 vel
1364 1540 1443 1559 natura
1463 1543 1586 1565 personam
1605 1538 1640 1560 vel
1659 1540 1763 1560 naturam
1781 1545 1896 1560 assumse-

1206 1584 1245 1611 rit,
1263 1587 1285 1606 et
1302 1585 1320 1606 si
1338 1586 1417 1606 natura
1435 1584 1474 1606 Dei
1492 1585 1606 1607 incarnata
1625 1585 1660 1608 sit.

1110 1630 1133 1652 11.
1152 1631 1184 1652 An
1203 1630 1280 1653 divina
1299 1633 1378 1653 natura
1396 1631 1479 1653 deheat
1496 1631 1541 1653 dici
1559 1638 1612 1654 caro
1631 1632 1696 1654 taeta.

1102 1677 1133 1699 Ill.
1152 1678 1227 1705 Quare
1240 1684 1284 1699 non
1297 1679 1385 1706 aceepit
1401 1685 1524 1706 personam
1542 1679 1654 1707 hominis,
1672 1685 1725 1701 cum
1743 1679 1894 1702 assumserit⁷

1205 1725 1336 1753 hominem,
1353 1725 1417 1754 quod
1434 1725 1528 1754 quidam
1547 1725 1646 1753 probare
1664 1727 1772 1748 nituntur.

1384 1772 1507 1794 Dismcno
1525 1773 1560 1795 Vl.

1048 1818 1100 1841 CAr.
1118 1819 1133 1840 l.
1151 1818 1182 1841 De
1200 1819 1346 1847 intelligentia
1365 1820 1446 1841 harum
1460 1819 1614 1842 locutionum:
1627 1820 1688 1842 Deus
1699 1824 1733 1843 est
1745 1822 1821 1849 homo,
1835 1822 1895 1843 [teus

1206 1867 1279 1888 sactus
1295 1868 1329 1888 est
1345 1866 1426 1894 homo,
1445 1868 1490 1888 tres
1507 1867 1630 1889 sententias
1647 1868 1718 1895 ponit.

1109 1914 1131 1936 ll.
1150 1914 1224 1936 Prima
1242 1916 1276 1935 est
1292 1920 1373 1936 eorum
1399 1914 1437 1942 qui
1457 1914 1547 1942 dicunt,
1565 1914 1587 1936 in
1605 1915 1759 1937 incarnatione
1777 1915 1893 1938 hominem

1206 1959 1322 1988 quendam
1341 1965 1367 1981 ex
1385 1960 1461 1981 anima
1478 1961 1500 1982 et
1517 1966 1584 1982 carne
1608 1961 1771 1989 constitutum,
1790 1964 1811 1983 ct
1831 1961 1894 1983 illum

1206 2006 1323 2028 hominem
1341 2007 1426 2028 sactum
1443 2012 1493 2028 csse
1511 2007 1596 2034 Deum,
1615 2010 1637 2029 et
1654 2007 1726 2029 Deum
1744 2007 1807 2029 illum
1822 2008 1895 2030 homi-

1206 2059 1273 2081 nem;
1291 2056 1313 2075 et
1324 2054 1480 2081 auctoritates,
1494 2053 1579 2082 quibus
1591 2054 1620 2075 ita
1632 2060 1683 2076 esse
1695 2057 1808 2083 asserunt,
1824 2056 1894 2082 ponit.

1100 2099 1132 2122 lll.
1150 2099 1254 2122 Secunda
1272 2102 1306 2121 est
1323 2105 1403 2121 eorum
1426 2101 1465 2128 qui
1492 2099 1582 2127 dieunt,
1601 2101 1717 2122 hominem
1735 2101 1798 2123 illum
1816 2107 1842 2123 ex
1859 2102 1895 2123 tri-

1204 2145 1249 2168 bus
1265 2146 1409 2175 substantiis,
1428 2147 1463 2168 vel
1481 2153 1508 2168 ex
1525 2146 1617 2169 duabus
1634 2148 1720 2170 naturis
1738 2151 1854 2175 eonstareg
1873 2152 1895 2171 et

1205 2194 1266 2215 hunc
1283 2193 1381 2216 fatentur
1397 2200 1467 2215 unam
1485 2200 1535 2215 csse
1561 2200 1695 2222 personam,
1721 2197 1773 2216 ante
1792 2195 1894 2217 incarna-

1204 2241 1288 2262 tionem
1305 2241 1433 2268 simplicem
1451 2243 1549 2269 tantum,
1567 2241 1608 2263 sed
1626 2242 1648 2263 in
1665 2242 1819 2264 incarnatione
1831 2248 1895 2264 eom-

1205 2288 1316 2316 positam;
1335 2290 1357 2310 et
1374 2289 1530 2317 auctoritates,
1556 2288 1641 2317 quibus
1664 2295 1688 2310 se
1706 2290 1824 2317 muniunt,
1842 2296 1894 2317 pro-

1206 2333 1296 2361 ponitss.

1094 2379 1130 2401 tv.
1149 2379 1224 2402 Tertia
1242 2383 1276 2403 est
1293 2387 1374 2402 eorum
1397 2381 1437 2409 qui
1463 2387 1507 2403 non
1525 2382 1600 2403 solum
1622 2388 1745 2409 personam
1762 2389 1789 2405 rx
1807 2384 1894 2406 naturis

1204 2428 1354 2455 compositam
1373 2430 1471 2455 negant,
1497 2427 1538 2450 sed
1564 2429 1631 2450 etiam
1657 2429 1757 2457 aliquem
1776 2430 1892 2452 hominem

1204 2474 1240 2495 vel
1258 2474 1358 2502 aliquam
1375 2474 1526 2497 substantiam
1544 2475 1574 2497 ibi
1589 2482 1615 2497 ex
1628 2476 1703 2497 anima
1716 2479 1737 2498 et
1749 2482 1817 2499 carne
1830 2483 1893 2499 cont—

1205 2521 1302 2547 positam
1321 2520 1457 2549 diffitentnr;
1475 2524 1497 2543 et
1513 2522 1546 2543 sic
1563 2522 1598 2544 illa
1617 2522 1675 2551 duo,
1693 2523 1778 2545 scilicet
1792 2524 1892 2545 animam

1205 2569 1226 2589 et
1244 2573 1349 2595 carnem,
1368 2567 1445 2590 Verbo
1463 2569 1523 2591 unita
1542 2568 1632 2596 dicunt,
1653 2572 1676 2591 ut
1694 2576 1738 2592 non
1756 2576 1782 2592 ex
1795 2570 1837 2592 illis
1855 2571 1894 2592 ali*

211 2688 217 2702 ¹
236 2688 370 2716 Repetimns
386 2689 444 2710 nane
462 2689 641 2716 propositionem
666 2690 710 2712 iam
728 2691 749 2712 in
773 2690 817 2713 sino
842 2691 935 2713 ultimae
957 2691 990 2713 di-

147 2727 272 2750 stinctionis
289 2727 312 2749 ll.
330 2727 380 2749 libri
398 2728 565 2750 Sententiarum
584 2729 690 2756 positam.

210 2765 219 2779 ²
235 2765 274 2787 Ed.
297 2766 301 2787 Ι
322 2765 441 2794 subiectis,
461 2766 544 2788 deinde
563 2772 605 2794 pro
629 2766 778 2790 [luctorilatis
803 2767 854 2790 eod.
876 2769 893 2790 A
911 2769 990 2791 ancto-

147 2804 253 2827 rilsslttm.

209 2842 219 2857 ³
236 2843 339 2866 Nonnulli
355 2843 422 2866 codd.
437 2843 532 2873 potuit,·
550 2844 632 2866 deinde
650 2844 717 2867 codd.
733 2845 751 2867 11
762 2845 767 2867 Ι
779 2845 795 2867 Κ
808 2845 823 2867 L
834 2845 850 2867 N
861 2846 878 2874 Q
891 2849 943 2874 post
955 2845 990 2869 in-

148 2881 247 2905 carnari
262 2882 350 2905 addunt
367 2881 403 2906 vel
418 2882 498 2912 possit.

210 2920 219 2935 ⁴
236 2920 291 2943 Edd.
313 2921 336 2949 l,
354 2922 367 2944 9
385 2928 438 2944 eum
455 2923 536 2950 paucis
552 2922 620 2945 codd.
646 2922 741 2945 brevius
761 2923 818 2953 quid
839 2923 933 2947 nomine
951 2930 989 2946 nrt-

148 2960 216 2982 lurcte
232 2958 378 2989 intelliqitur.

1110 2691 1120 2706 ⁵
1135 2691 1208 2714 Codd.
1226 2692 1296 2714 BDG
1307 2692 1322 2713 L
1338 2691 1421 2721 μι·ἱιι.ς;
1441 2698 1482 2720 pro
1499 2692 1572 2721 sueri!
1589 2694 1640 2716 cod.
1659 2694 1674 2715 1)
1690 2693 1777 2723 suerat.

1107 2730 1117 2745 ⁶
1134 2730 1206 2753 Codd.
1224 2731 1267 2759 LQ
1284 2730 1353 2754 dicat.
1371 2732 1500 2755 Generatim
1519 2733 1606 2760 pluries
1623 2735 1734 2762 occurrit,
1753 2734 1816 2763 quod
1833 2741 1892 2757 nnus

1045 2771 1131 2793 alterve
1147 2770 1218 2792 codex
1232 2773 1301 2798 ponat
1313 2771 1484 2793 conium-tivum
1494 2789 1499 2799 ,
1512 2772 1606 2801 ‹piandi›
1624 2773 1645 2794 in
1663 2773 1712 2795 aliis
1727 2774 1842 2796 invenitur
1864 2774 1894 2796 in-

1045 2809 1170 2837 dicativus,
1190 2809 1225 2831 vel
1238 2816 1251 2831 c
1268 2816 1389 2832 conversa
1404 2811 1452 2838 lpse
1469 2814 1545 2833 antem
1559 2811 1638 2834 Petrus
1650 2811 1794 2834 Lamban-<lus
1806 2816 1892 2835 certam

1046 2847 1150 2875 regulam
1169 2848 1190 2869 in
1209 2848 1252 2869 hoc
1270 2854 1314 2870 non
1332 2848 1469 2871 observasse
1489 2849 1588 2871 videtur.

1108 2886 1118 2901 ⁷
1136 2886 1175 2909 Ed.
1197 2887 1202 2909 1
1224 2893 1277 2909 enm
1295 2887 1362 2910 codd.
1381 2888 1396 2909 Λ
1409 2888 1424 2909 ss
1435 2888 1476 2910 LN
1487 2888 1504 2909 t)
1515 2889 1529 2910 Ι)
1547 2888 1667 2912 assumsit.

1109 2923 1118 2938 ⁸
1136 2924 1175 2947 Ed.
1198 2926 1202 2947 1
1224 2928 1245 2947 et
1263 2926 1330 2948 codd.
1350 2926 1420 2948 llLO
1435 2926 1507 2955 ponit.
