2166 3366
237 167 292 197 366

318 247 341 274 1.
365 247 455 275 Primo
477 247 641 275 auctoritate
656 246 818 275 Damasceni
835 246 862 274 in
878 247 959 275 tertio
975 246 1046 275 libro
1058 247 1064 261 ¹
1078 257 1084 274 :

118 299 174 330 aas»
189 304 222 322 nro
241 304 254 319 ‹<
268 293 359 327 Duas,
382 292 485 330 inquit,
501 296 616 321 naturas
631 293 747 328 Christi,
763 293 834 322 duas
848 293 909 322 eius
929 293 1085 322 voluntates

106 324 158 345 mm
173 323 189 340 L
236 339 378 368 naturales
399 343 426 368 et
447 339 590 368 naturales
610 344 689 368 actus
710 340 802 368 aimus
817 350 843 368 »z
866 348 932 377 ergo
948 340 969 368 si
986 340 1085 369 divisio

237 386 400 415 Damasceni
422 389 463 415 est
484 386 636 423 completa,
659 394 731 424 quae
752 390 794 416 est
812 395 863 424 per
877 388 933 416 duo
950 389 1084 424 membra,

238 432 365 466 videtur,
386 433 461 469 quod
484 433 627 469 praedicta
648 433 748 461 divisio
770 434 805 462 sit
825 433 978 470 superflua.

316 480 342 508 Ξ.
364 479 447 511 ltem,
469 479 653 516 Philosophus
674 480 741 509 dicit
762 480 789 508 in
812 481 893 509 tertio
922 481 956 510 de
988 481 1084 509 Anima

236 529 264 555 et
284 526 366 555 etiam
390 526 416 554 in
439 526 585 563 'l'opicis²'‚
607 527 683 563 quod
710 538 722 553 «
739 527 867 556 voluutas
897 531 939 556 est
971 528 996 556 iu
1026 528 1084 557 sola

237 573 364 601 rationali
380 583 405 601 »ε
428 581 494 610 ergo
516 573 593 602 nulla
610 574 738 602 voluntas
759 575 869 603 videtur
890 582 952 603 esse
972 583 1085 604 sensua-

236 619 340 654 litatis;
359 623 386 649 et
407 620 429 649 si
453 621 519 655 hoe,
542 620 655 649 tertium
679 621 838 650 membrum
866 622 1025 658 praedictae
1046 622 1085 650 di-

236 666 350 695 visionis
371 667 528 704 superfluit.

315 713 340 742 3.
364 714 445 749 item,
468 722 552 751 penes
574 715 745 743 voluntatem
777 716 930 744 attenditur
962 716 1083 745 liberum

235 760 383 789 arbitrium
396 761 423 796 3;
446 761 493 790 sed
517 761 544 789 in
565 761 675 790 Christo
696 770 749 790 non
772 765 837 791 sunt
857 763 907 791 nisi
924 763 981 791 duo
996 763 1084 791 libera

234 807 368 836 arbitria:
391 815 457 844 ergo
479 816 533 836 non
555 808 607 837 nisi
629 809 702 837 duae
724 809 896 838 voluntates:
919 817 986 847 ergo
1007 813 1058 839 ete.

313 855 339 883 4.
362 855 444 889 Item,
460 855 589 885 voluutas
604 857 785 893 consequitur
807 861 935 885 naturam
947 857 973 891 ⁴3
988 858 1037 886 sed
1056 858 1083 886 in

234 901 344 930 Christo
359 905 424 930 suut
440 905 547 931 tantum
564 903 636 932 duae
652 907 786 932 naturae:
803 911 869 941 ergo
885 908 992 933 tantum
1010 905 1083 934 duae

233 947 399 977 voluntates.

313 995 365 1023 Snn
388 1004 514 1024 uou'rnA:
537 996 617 1033 Quod
640 996 694 1025 sint
715 1005 768 1025 non
793 1001 900 1026 tantum
923 998 1011 1033 duae,
1033 999 1082 1027 sed

233 1042 316 1070 etiam
335 1042 438 1079 plnres
459 1051 544 1080 quam
567 1047 638 1078 tres,
661 1044 792 1073 videtur:

314 1089 338 1117 l.
361 1089 528 1119 Auctoritate
550 1090 671 1127 Hugonis
693 1091 719 1119 in
736 1091 845 1123 libello,
860 1100 943 1128 quem
970 1092 1034 1121 fecit
1048 1093 1083 1122 de

234 1135 430 1165 Voluntatibus
452 1137 551 1165 Christi
567 1137 592 1170 ⁵,
612 1137 659 1165 ubi
675 1137 713 1165 ait
729 1138 784 1166 sic:
813 1149 825 1163 «
842 1138 902 1166 Fuit
923 1139 950 1166 in
972 1139 1082 1168 Christo

233 1182 362 1211 voluutas
394 1183 508 1212 Deitatis
536 1186 563 1212 et
592 1184 721 1212 voluutas
753 1184 867 1212 rationis
894 1189 922 1213 et
953 1185 1082 1214 voluntas

231 1229 341 1266 pietatis
362 1233 389 1258 et
411 1230 539 1259 voluntas
560 1231 653 1259 carnis
667 1241 693 1258 »:
717 1239 784 1268 ergo
809 1235 930 1268 quatuor
955 1232 1082 1261 disseren-

232 1277 284 1306 tiae
306 1277 466 1306 voluntatis.

310 1325 336 1352 Ξ).
359 1324 442 1359 Item,
464 1325 536 1353 sicut
557 1325 685 1354 Christus
714 1325 812 1354 habuit
842 1326 1081 1361 sensualitatem,

232 1371 268 1399 ita
290 1371 389 1400 babuit
417 1372 620 1410 symleresim;
649 1376 676 1402 et
707 1373 780 1402 sicut
810 1374 1012 1402 sensualitatis
1040 1377 1082 1403 est

230 1422 361 1455 appetere
384 1419 488 1448 benum
511 1420 622 1454 carnis,
645 1420 682 1448 ita
702 1420 869 1458 synderesis
890 1425 932 1450 est
950 1425 1082 1458 appetere

231 1465 334 1494 bonum
358 1466 546 1495 honestatis&
569 1475 636 1503 ergo
658 1467 729 1496 sicut
749 1467 861 1504 ponitur
877 1468 971 1505 aliqua
986 1468 1081 1497 volun-

232 1515 272 1541 tas
293 1512 321 1540 iu
343 1513 452 1542 Christo
475 1514 630 1542 seeundum
646 1514 883 1548 sensualitatem,
900 1515 937 1543 ita
952 1515 1081 1550 videtur,

230 1559 305 1596 quod
321 1560 436 1588 deberet
451 1560 513 1597 poni
530 1561 685 1590 secundum
701 1562 882 1599 synam-esim
894 1585 902 1596 ,
922 1566 949 1591 et
964 1562 1001 1591 ita
1016 1571 1082 1600 qua-

230 1608 294 1634 tuor
316 1606 468 1636 voluntatis
490 1607 671 1636 differentiae.

310 1653 336 1681 3.
359 1653 441 1688 item,
464 1654 593 1683 voluntas
615 1655 770 1684 secundum
798 1656 1021 1685 Damascenum⁷
1043 1656 1082 1685 di—

230 1699 336 1729 viditur
359 1700 449 1737 prima
471 1701 607 1730 divisione
630 1702 655 1730 in
673 1701 800 1730 tltelesim
821 1706 847 1731 et
870 1702 1008 1737 balesinz,
1028 1704 1081 1732 hoc

230 1749 271 1775 est
294 1746 321 1775 iu
343 1747 512 1775 naturalem
533 1751 560 1776 et
581 1748 802 1777 deliberatiuam
814 1759 824 1782 ;
846 1749 914 1778 istae
937 1749 1010 1778 duae
1032 1750 1081 1778 dif-

230 1793 362 1822 serentiae
394 1797 500 1823 constat
521 1795 595 1832 quod
622 1795 735 1824 suerunt
758 1795 785 1824 in
807 1795 932 1830 Christo,
954 1796 1026 1825 sicut
1054 1800 1081 1826 et

232 1841 406 1878 praedictae:
439 1849 505 1879 ergo
537 1842 666 1876 videtur,
698 1843 773 1880 quod
800 1843 927 1872 Christus
950 1844 1080 1873 habuerit

232 1888 387 1917 voluntates
410 1888 505 1926 plures
527 1897 611 1926 quam
635 1892 699 1918 tres.

308 1936 335 1964 [ι.
359 1936 440 1970 Item,
462 1936 592 1965 voluutas
613 1937 741 1974 sequitur
761 1937 965 1974 cognitionem;
987 1938 1079 1967 sedin

230 1982 340 2011 Christo
362 1986 404 2011 est
425 1983 548 2020 reperire
579 1986 700 2020 quatuor
732 1992 835 2020 genera
866 1985 1005 2013 virtutum
1039 1993 1081 2014 co-

230 2029 463 2066 gnoscitivarum,
485 2030 551 2067 quia
573 2030 600 2058 in
623 2031 682 2067 ipso
704 2031 888 2067 cognoscebat
909 2039 1009 2060 sensus
1033 2039 1081 2061 ex-

231 2076 330 2110 terior,
353 2077 535 2113 eognoscebat
556 2085 655 2106 sensus
677 2077 808 2111 interior,
836 2078 1021 2115 cognoscebat
1043 2078 1080 2107 in-

233 2123 360 2152 tellectus
375 2123 532 2159 humanus,
547 2124 730 2160 cognoscebat
745 2124 902 2153 intellectus
923 2125 1037 2154 divinus
1050 2125 1059 2139 ⁸
1072 2136 1077 2153 :

232 2170 253 2198 si
275 2177 342 2207 ergo
363 2169 478 2199 cuilibet
498 2170 644 2207 cognitioni
666 2171 816 2207 respondet
837 2171 960 2205 affectiO,
983 2175 1010 2200 et
1024 2172 1080 2200 cui-

231 2216 298 2245 libet
319 2216 455 2245 affectioni
478 2217 622 2251 voluntas;
645 2214 773 2252 videtur.
806 2218 880 2255 quod
914 2218 939 2246 iu
970 2218 1079 2247 Christo

231 2262 316 2291 fuerit
337 2263 516 2300 quadruplex
540 2264 691 2292 voluntatis
712 2263 876 2293 differentia.

312 2311 356 2339 Est
378 2310 462 2347 igitur
484 2311 610 2348 quaestio
631 2311 665 2340 de
687 2312 845 2348 praedictae
867 2312 1011 2341 divisionis
1026 2312 1080 2341 suf-

231 2357 359 2386 ficientia.

91 1140 127 1159 Pro
139 1142 191 1164 parte
201 1140 218 1159 Ξ.

90 2360 178 2382 Quaestio
188 2366 218 2383 ge—

102 2384 177 2401 uerutis.

912 169 1165 198 SENTENTIARUM
1187 169 1246 197 ΗΒ.
1269 169 1308 197 lll.

1459 255 1671 276 CONCLUSIO.

1143 340 1310 369 Secundam
1331 341 1408 369 (litas
1430 345 1558 369 nataras
1580 342 1609 369 in
1633 341 1747 370 Christo
1768 347 1837 370 sant
1856 343 1933 371 <luite
1947 351 1992 371 vo-

1222 387 1363 421 luntates,
1378 388 1538 416 secandam
1558 388 1703 425 potentias
1718 393 1788 417 sunt
1802 393 1876 423 tres,
1892 398 1992 418 secan-

1222 433 1293 461 dum
1314 438 1415 462 actam
1436 434 1550 463 volendi
1570 443 1637 462 vero
1659 439 1796 472 quatuor.

1223 528 1401 556 Responnuo:
1424 529 1461 557 Ad
1485 529 1693 565 praedictorum
1716 529 1924 566 intelligentiam
1950 534 1992 558 est

1142 574 1313 609 notandum,
1335 575 1409 612 quod
1432 575 1581 604 voluntas⁹
1602 576 1748 613 tripliciter
1768 576 1851 605 habet
1869 577 2130 612 conside-votumsiq-

1143 621 1217 649 rari:
1239 625 1288 650 aut
1319 622 1474 650 secundum
1508 627 1667 656 naturam,
1689 627 1739 651 aut
1766 624 1920 652 secundum
1944 608 2131 661 po-iffilc'igtff-m'

1143 668 1261 697 tentiam
1272 692 1280 703 ‚
1296 677 1346 706 per
1361 677 1444 706 quam
1461 670 1524 707 quis
1539 670 1615 703 vult,
1637 674 1685 699 aut
1700 670 1855 699 secundum
1871 671 1990 699 modam

1142 715 1263 744 volendi.
1286 716 1316 744 Et
1338 717 1493 745 secundum
1520 717 1600 745 istam
1631 717 1767 754 triplicem
1799 717 1992 746 consideratio-

1142 770 1206 791 nem
1231 762 1375 800 tripliciter
1397 763 1481 792 habet
1502 764 1588 792 dividi
1611 764 1740 793 voluntas
1763 764 1789 792 in
1812 765 1930 793 Christo.
1952 781 1991 786 —

1143 809 1301 838 Secundum
1325 809 1398 837 enim
1421 810 1655 846 comparationem
1678 811 1711 839 ad
1735 815 1878 839 naturam
1904 810 1990 840 dividi

1142 855 1226 884 babet
1247 856 1383 885 divisione
1405 857 1561 885 bimembri.
1594 857 1705 894 Duplex
1736 858 1809 887 enim
1833 859 1859 886 iu
1882 859 1991 887 Christo
2003 869 2128 890 Conclusioi.

1142 905 1184 930 est
1206 902 1349 937 voluntas,
1371 903 1466 932 divina
1489 904 1617 933 videlicet
1637 908 1664 933 et
1686 905 1809 933 bumana
1835 906 1990 934 secuudum

1142 949 1213 977 duas
1236 953 1369 984 naturas;
1391 953 1418 979 et
1439 950 1479 984 sic
1500 950 1658 980 considerat
1685 951 1875 981 Damascenus
1897 953 1992 981 volun-

1142 998 1225 1024 tatem
1248 996 1365 1032 Christi,
1388 1006 1452 1026 cum
1474 1006 1535 1026 eam
1558 998 1657 1027 dividit
1680 999 1705 1027 in
1728 999 1784 1027 duo
1808 1000 1941 1028 membra.

1221 1044 1246 1071 Si
1269 1047 1362 1073 autem
1386 1045 1579 1074 consideretur
1609 1045 1737 1074 voluntas
1769 1047 1924 1076 secundum
1944 1055 1992 1084 po-

1142 1091 1246 1119 tentias
1260 1092 1294 1125 ¹⁰,
1317 1100 1367 1129 per
1382 1100 1452 1129 quas
1475 1093 1537 1129 quis
1554 1093 1629 1127 vult,
1651 1093 1690 1122 sic
1712 1094 1799 1122 dividi
1821 1094 1905 1123 habet
1925 1094 1992 1123 divi-

1142 1137 1218 1166 sione
1234 1138 1399 1167 trimembri.
1415 1139 1482 1167 Nam
1500 1140 1525 1168 in
1542 1139 1651 1169 Christo
1673 1140 1724 1169 fuit
1745 1141 1867 1177 potentia
1888 1141 1990 1169 divina
2003 1151 2101 1171 eonciusao
2113 1152 2130 1170 ε.

1141 1188 1168 1212 et
1190 1186 1311 1221 potentia
1332 1186 1491 1215 rationalis
1513 1192 1614 1216 ereata
1635 1191 1662 1216 et
1685 1188 1805 1224 potentia
1831 1188 1989 1222 sensitiva,

1141 1239 1191 1268 per
1205 1240 1325 1268 quarum
1341 1233 1495 1270 quamlibet
1511 1234 1538 1262 in
1552 1237 1645 1263 actum
1662 1235 1772 1264 volendi
1788 1235 1891 1264 exibat.
1905 1235 1936 1263 Et
1951 1235 1990 1264 sic

1141 1278 1241 1306 dividit
1263 1279 1390 1316 Magister
1412 1280 1438 1308 in
1462 1280 1553 1309 littera
1572 1289 1622 1318 per
1637 1282 1690 1309 tria
1705 1281 1847 1316 membra,
1864 1282 1900 1310 ita
1915 1282 1989 1319 quod

1141 1324 1188 1353 illa
1210 1325 1264 1354 tria
1285 1326 1388 1355 babent
1411 1326 1506 1356 reduci
1528 1327 1561 1356 ad
1596 1328 1746 1357 divisiones
1774 1328 1845 1357 duas
1878 1328 1990 1357 bimem-

1141 1372 1221 1407 bres,
1243 1381 1314 1410 quae
1336 1377 1402 1402 sunt
1432 1382 1481 1411 per
1510 1374 1681 1404 differentias
1703 1375 1896 1410 immediatas,
1924 1375 1990 1413 quia

1142 1419 1271 1449 voluntas
1293 1421 1318 1449 iu
1342 1421 1452 1450 Christ«)
1481 1422 1534 1450 fuit
1554 1426 1603 1450 aut
1623 1422 1743 1455 divina,
1765 1426 1814 1451 aut
1836 1421 1989 1455 hamana&

1140 1470 1167 1495 et
1189 1467 1210 1496 si
1233 1466 1383 1502 lntniana,
1406 1472 1454 1496 aut
1469 1476 1590 1506 sequens
1605 1469 1788 1506 cognitionem
1804 1469 1988 1503 sensitivam,

1140 1517 1189 1542 aut
1211 1522 1330 1552 sequens
1352 1516 1536 1552 cognitionem
1560 1516 1770 1545 intellectivam.
1796 1517 1826 1545 Et
1847 1517 1886 1546 sic
1914 1519 1989 1553 patet

1140 1561 1307 1590 sufficieutia
1328 1563 1487 1599 praedictae
1509 1563 1653 1592 divisionis
1676 1564 1702 1592 iu
1725 1564 1778 1592 tria
1800 1563 1935 1592 membra.

1220 1609 1270 1637 Per
1292 1610 1527 1646 comparationem
1543 1613 1637 1638 autem
1653 1610 1804 1639 voluntatis
1818 1610 1854 1639 ad
1868 1610 1988 1638 modam

1140 1656 1254 1684 volendi
1275 1656 1358 1685 habet
1381 1656 1559 1694 multiplicari
1584 1657 1712 1686 voluntas
1734 1657 1761 1685 in
1783 1657 1893 1686 Christo
1922 1657 1989 1686 divi-

1140 1703 1216 1732 sione
1247 1703 1489 1740 quatlrimembri3
1520 1708 1547 1732 et
1578 1704 1616 1733 sic
1649 1704 1835 1733 consideravit
1858 1705 1988 1742 magister
2165 1732 2166 1747 3

1139 1750 1216 1787 Hugo
1247 1750 1418 1779 voluntatem
1451 1750 1568 1785 Christi,
1601 1759 1665 1780 cum
1697 1759 1758 1780 eam
1792 1759 1840 1788 per
1866 1755 1987 1788 quatuor
2000 1763 2129 1782 eoneiusioss.
2161 1765 2166 1788 ,g

1140 1797 1267 1825 membra
1288 1797 1390 1825 divisit.
1412 1797 1453 1825 Ait
1474 1797 1546 1826 enim
1570 1798 1608 1826 sic
1622 1798 1656 1825 ¹¹:
1675 1809 1688 1823 «
1704 1798 1731 1826 lu
1751 1798 1860 1827 Christo
1877 1798 1928 1826 suit
1944 1806 1988 1826 vo-

1139 1845 1231 1873 luntas
1252 1844 1425 1873 Divinitalis
1446 1847 1473 1873 et
1500 1844 1629 1873 voluntas
1651 1845 1777 1873 rationis
1805 1849 1831 1874 et
1858 1845 1987 1874 voluntas

1136 1891 1254 1928 pietatis
1269 1895 1296 1919 et
1318 1891 1447 1920 voluntas
1462 1891 1578 1919 earnis:
1605 1892 1734 1920 voluntas
1751 1892 1922 1921 Divinitalz's
1936 1900 1987 1929 per

1139 1937 1272 1966 iustitiam
1288 1938 1452 1966 sententiam
1469 1938 1602 1973 dictabat,
1620 1938 1748 1967 voluntas
1763 1939 1922 1967 rationalis
1937 1947 1987 1976 per

1137 1985 1324 2013 obedientiam
1347 1985 1492 2013 veritatem
1515 1986 1702 2023 approbabat.
1718 1986 1847 2015 voluntas
1867 1986 1986 2023 pietalis

1138 2040 1188 2069 per
1204 2032 1424 2069 compassionem
1447 2032 1473 2060 in
1490 2032 1564 2061 malo
1585 2032 1675 2061 alieno
1694 2033 1869 2070 suspirabat,
1891 2033 1987 2062 volun-

1139 2081 1180 2108 tas
1201 2079 1304 2107 earnis
1319 2087 1368 2115 per
1386 2079 1541 2116 passionem
1559 2080 1584 2108 in
1600 2080 1673 2108 malo
1696 2080 1809 2117 proprio
1829 2089 1988 2109 murmura-

1139 2126 1186 2154 bat
1197 2138 1223 2154 ».
1233 2143 1266 2147 -
1278 2127 1307 2155 Et
1319 2127 1357 2155 sie
1372 2129 1448 2164 patet
1469 2127 1625 2155 seeundum
1636 2127 1652 2141 ¹²
1667 2127 1793 2156 diversos
1810 2128 1907 2157 modos
1921 2127 2026 2159 lel=Ad
2035 2142 2131 2164 quaestio-

1138 2173 1220 2202 dendi
1235 2173 1409 2202 voluntatum
1423 2173 1525 2202 Christi
1537 2182 1674 2203 numerus
1689 2179 1716 2203 et
1731 2174 1905 2209 sufficientia,
1920 2175 1985 2212 quia
1998 2169 2047 2183 '¹⁹¹⁰'

1139 2220 1293 2249 secundum
1314 2220 1439 2249 diversas
1454 2221 1690 2250 considerationes
1707 2222 1884 2258 multiplicari
1902 2222 1986 2250 habet

1138 2267 1221 2295 modo
1242 2267 1378 2295 divisione
1400 2267 1567 2302 bimembri,
1597 2268 1679 2296 modo
1701 2268 1835 2297 divisione
1864 2268 1986 2297 trimem-

1138 2313 1197 2347 bri,
1220 2314 1302 2342 modo
1324 2314 1459 2343 divisione
1487 2314 1708 2351 quadrimembri
1735 2316 1794 2344 sine
1822 2315 1916 2353 aliqua
1944 2323 1986 2344 re-

1137 2360 1298 2397 pugnantia.
1325 2361 1356 2389 Et
1388 2361 1413 2388 in
1447 2361 1499 2389 hoc
1530 2361 1676 2390 manifesta
1707 2365 1748 2390 est
1775 2362 1918 2399 responsio
1949 2363 1985 2391 ad

294 2539 300 2553 1
320 2539 351 2561 De
370 2539 422 2562 Fide
441 2540 529 2562 orthod.
548 2546 567 2563 c.
589 2540 622 2562 tt.
640 2540 699 2563 Vide
715 2547 785 2569 supra
804 2547 857 2569 pag.
882 2541 933 2569 365,
952 2546 1003 2564 nota
1026 2543 1042 2564 t.

292 2577 302 2592 ²
320 2578 380 2601 Libr.
399 2579 429 2601 tlt.
447 2579 476 2601 de
494 2580 586 2607 Anima,
605 2582 656 2602 text.
676 2579 712 2601 42.
732 2580 759 2607 (c.
779 2580 809 2608 9.)
828 2583 850 2602 ct
868 2581 903 2602 tv.
922 2580 1001 2608 Topic.
1020 2587 1039 2603 c.
1056 2580 1078 2603 5.

232 2617 289 2640 Vide
306 2624 375 2646 supra
396 2625 447 2646 pag.
466 2618 523 2647 364,
542 2622 592 2641 neta
612 2620 632 2641 2.

292 2657 302 2672 ³
319 2657 364 2680 Csr.
382 2658 404 2679 ll.
423 2658 483 2680 Sent.
501 2658 523 2680 d.
542 2658 578 2680 25.
597 2665 619 2686 p.
637 2658 651 2680 I.
670 2665 691 2687 q.
711 2659 731 2680 ⁵2.
750 2665 814 2687 seqq.

294 2696 303 2710 ⁴
321 2696 377 2718 Vide
394 2703 464 2724 supra
483 2703 536 2724 pag.
555 2696 612 2725 364,
631 2700 682 2719 nota
701 2698 721 2720 2.
1107 2675 1109 2715 Ι

293 2736 302 2750 ⁵
319 2735 363 2758 Csr.
381 2738 435 2757 tom.
454 2736 467 2757 l.
485 2742 538 2764 pag.
557 2736 615 2764 858,
633 2740 684 2758 nota
703 2736 724 2758 6.
743 2749 772 2752 -
790 2737 811 2759 lu
830 2737 873 2759 sine
891 2744 940 2765 urg.
958 2741 1077 2768 posteryo

230 2775 335 2804 qztatuor
351 2774 402 2797 cod.
421 2775 439 2796 Κ
458 2775 549 2802 supplet
565 2775 628 2797 sunt.

292 2812 302 2827 ⁶
320 2813 378 2835 Vide
396 2813 418 2835 11.
437 2813 497 2836 Sent.
515 2813 536 2835 d.
556 2814 592 2836 39.
611 2820 630 2836 a.
650 2815 669 2836 2.
688 2820 710 2843 q.
733 2815 750 2836 1.

292 2851 302 2865 7
319 2851 379 2874 Libr.
398 2852 420 2873 lt.
439 2852 467 2874 de
484 2852 538 2874 Fide
556 2852 646 2875 orthod.
664 2859 683 2875 c.
702 2854 738 2875 22.
756 2857 778 2876 et
796 2854 826 2876 lll.
845 2859 864 2876 c.
881 2853 913 2876 14.
927 2853 971 2876 Csr.
985 2857 1038 2876 tom.
1052 2854 1076 2877 ΙΙ.

231 2895 284 2917 pag.
302 2890 359 2918 555,
378 2894 428 2912 nota
451 2891 468 2913 t.

293 2927 303 2942 ⁸
320 2928 347 2950 Ut
364 2932 481 2951 ostensum
498 2932 532 2951 est
549 2936 618 2958 supra
636 2930 658 2952 d.
682 2930 714 2952 14.
732 2937 752 2952 a.
770 2931 791 2952 3.
809 2937 831 2959 q.
854 2932 870 2953 l.

293 2966 303 2981 ⁹
320 2968 370 2989 Vat.
387 2968 463 2990 adiicit
480 2968 573 2991 Christi.
592 2969 640 2990 Mox
658 2975 700 2997 pro
717 2969 847 2992 secundum
860 2971 985 2998 naturam,
1005 2976 1075 2999 quam

1137 2542 1257 2565 lectionem
1276 2546 1299 2564 ut
1316 2543 1431 2565 veriorem
1449 2546 1471 2565 et
1487 2542 1596 2565 subnexis
1613 2546 1779 2571 congruentem
1802 2550 1828 2566 ex
1846 2544 1897 2566 cod.
1916 2544 1934 2566 Τ
1952 2550 1985 2566 re-

1136 2581 1263 2608 stituimus,
1281 2581 1333 2603 cdd.
1353 2587 1394 2603 nec
1411 2587 1455 2603 uun
1474 2582 1605 2609 complures
1623 2581 1690 2604 codd.
1702 2581 1833 2605 secundam
1846 2582 1981 2605 naturalem

1138 2619 1294 2648 voluntatem,
1315 2620 1351 2641 alii
1370 2620 1437 2642 codd.
1449 2620 1579 2643 secundum
1592 2622 1706 2643 natm-am
1725 2620 1882 2649 volantatem,
1902 2621 1953 2643 cod.
1966 2622 1983 2643 Α

1135 2658 1266 2681 secundum
1285 2658 1445 2686 voluntatum,
1474 2660 1520 2681 scil.
1546 2661 1674 2687 naturam,
1702 2665 1761 2687 quae
1787 2666 1830 2682 vox
1853 2660 1981 2688 supplenda

1135 2699 1184 2720 erit.
1203 2697 1272 2720 Nobis
1290 2704 1333 2719 non
1352 2699 1400 2720 sine
1417 2699 1518 2720 veritatis
1535 2699 1612 2726 specie
1629 2705 1679 2720 esse
1696 2698 1799 2726 videtur,
1817 2699 1880 2727 quod
1897 2699 1981 2721 tibi-arii

1135 2743 1217 2759 vocem
1236 2737 1380 2760 voluntatem
1405 2737 1563 2760 substituerint
1583 2744 1624 2766 pro
1643 2737 1768 2765 volentem,
1788 2742 1809 2759 et
1827 2738 1888 2767 quod
1907 2739 1980 2766 prima

1135 2776 1201 2799 lectio
1218 2777 1283 2799 suerit
1302 2778 1372 2799 haec:
1390 2776 1520 2799 secundum
1538 2778 1652 2799 naturam
1669 2776 1791 2799 volentem.

1199 2815 1217 2829 ¹⁰
1234 2815 1289 2838 Cod.
1308 2816 1328 2838 X
1346 2815 1487 2844 potentiam,
1506 2822 1548 2845 per
1565 2822 1645 2845 quam.

1197 2853 1214 2868 ¹¹
1233 2854 1310 2876 Libell.
1324 2854 1352 2876 de
1365 2855 1467 2882 Quatuor
1480 2855 1593 2876 voluntat.
1612 2855 1633 2875 iu
1651 2853 1747 2876 Christo.
1767 2853 1822 2876 Cod.
1841 2855 1859 2876 Κ
1879 2861 1930 2877 cum
1949 2858 1981 2876 te-

1134 2896 1171 2915 xtu
1190 2894 1272 2921 origin.
1289 2893 1400 2916 voluntas
1417 2893 1518 2916 rationis
1536 2899 1577 2921 pro
1596 2892 1705 2915 colanias
1722 2892 1854 2915 rationalis.

1197 2931 1215 2946 ¹²
1234 2932 1263 2954 lta
1281 2932 1348 2955 codd.
1366 2932 1383 2954 Α
1402 2932 1430 2960 (K
1455 2939 1467 2954 a
1484 2932 1584 2955 secunde
1606 2932 1685 2960 manu)
1707 2932 1752 2960 NQ
1769 2932 1791 2954 in
1814 2932 1862 2955 aliis
1883 2936 1904 2954 et
1926 2932 1981 2955 edd.

1132 2977 1181 3000 per.
