2166 3366
745 192 826 220 DtS't‘.
849 191 935 220 XVlll.
958 192 1030 220 ART.
1052 192 1070 220 l.
1092 191 1227 228 QUAEST.
1251 191 1278 219 ll.

142 271 193 300 hoc
215 270 266 299 tuit
288 273 349 307 post
370 270 587 307 conceptionem,
608 278 675 306 ergo
693 269 820 298 Christus
842 274 904 307 post
925 278 986 298 con-

141 317 295 354 ceptionem
317 317 421 354 aliquid
446 317 556 345 meruit.

220 365 246 392 2.
269 364 351 397 ltem,
381 363 589 400 Augustinus',
612 366 733 391 tractans
766 363 833 392 illud
867 363 984 392 verbum

142 410 343 448 praemissum:
365 421 377 436 «
391 410 534 439 lluniilitas
556 409 689 438 claritatis
710 414 752 438 est
774 410 918 445 meritum,
934 410 986 439 cla-

142 457 209 486 ritas
231 457 396 486 humilitatis
416 459 458 486 est
479 456 636 494 praemium
645 467 674 484 »ε
698 456 720 485 si
742 464 808 493 ergo
831 457 986 485 humiliatio

142 504 169 532 in
191 504 300 533 Christo
322 504 471 533 subsecuta
503 503 554 532 suit
587 503 673 540 ipsam
697 504 920 541 conceptionem,
943 511 986 532 ne-

141 551 261 580 cessario
282 550 364 579 etiam
391 549 536 587 sequitur,
566 550 639 587 quod
663 551 816 585 meruerit,
838 554 984 588 postquam

141 600 290 634 conceptus
311 596 402 625 tuerit.

220 644 246 672 3.
269 644 352 677 ltem,
374 643 401 672 in
424 643 495 671 libro
527 643 561 672 tle
583 643 694 680 Regillis
716 643 779 672 fidei
793 644 802 656 ”·’
826 644 926 673 mereri
949 644 986 672 ita

141 690 289 720 definitur:
318 690 440 719 «Mereri
472 690 547 727 apud
581 690 668 719 Deum
698 690 800 718 dicitur
828 691 875 728 qui
909 691 986 719 nulla

141 738 303 768 necessitate
325 737 488 775 compulsus
511 737 561 766 hoc
583 737 646 765 tacit
662 737 736 774 quod
752 738 842 766 facere
864 738 985 773 rlebet»;

140 785 189 814 sed
211 784 261 813 hoc
282 784 346 813 fecit
366 783 494 812 Christus
509 787 570 820 post
584 792 664 812 suam
680 784 903 821 conceptionem:
918 792 985 821 ergo

140 831 215 869 apud
239 831 325 860 Deum
350 831 459 859 meruit.

218 878 244 907 [ι.
267 878 349 911 ltem,
371 885 456 914 opera
477 877 577 906 Christi
600 877 714 906 suerunt
730 878 818 906 multo
840 878 984 912 nobiliora,

140 932 224 962 quam
246 928 311 953 sunt
333 925 432 953 merita
446 924 567 953 aliorum
582 925 759 953 Sanctorum:
776 925 798 953 si
819 933 885 962 ergo
900 933 985 962 opera

140 971 258 1000 aliorum
281 972 445 1000 Sanctorum
468 976 533 1000 sunt
548 971 632 1008 digna
648 972 845 1006 retributione,
862 973 985 1007 videtur,

140 1020 214 1057 quod
247 1019 335 1048 multo
366 1019 465 1047 fortius
493 1026 578 1056 opera
606 1018 723 1047 Christi:
757 1027 824 1056 ergo
858 1020 984 1053 videtur,

140 1066 214 1103 quod
236 1066 363 1095 Christus
384 1066 459 1103 apud
481 1066 569 1094 Deum
592 1066 735 1094 meruerit.

219 1114 245 1142 5.
268 1113 350 1147 ltem,
372 1113 393 1141 si
416 1121 469 1140 non
493 1112 595 1141 meruit
616 1113 690 1149 apud
714 1113 816 1146 Deum,
838 1116 984 1150 postquam

105 1172 107 1174 ·
138 1163 288 1198 conceptus
310 1160 376 1188 snit:
399 1167 465 1196 ergo
487 1159 614 1194 videtur,
636 1159 710 1197 quod
734 1160 838 1188 frustra
854 1160 909 1188 Deo
931 1168 985 1189 ser-

138 1207 206 1235 vivit
227 1210 253 1235 et
276 1206 351 1244 quod
373 1206 475 1235 frustra
499 1206 588 1240 1θοίιῆ
611 1207 748 1244 quidquid
771 1207 832 1235 l'ecit
848 1210 909 1244 post
925 1215 986 1236 con-

138 1254 302 1292 ceptionem.
324 1254 350 1282 Si
373 1262 439 1291 ergo
461 1254 513 1282 hoc
534 1257 576 1283 est
598 1254 714 1291 impimn
737 1254 846 1288 (licere,
874 1262 984 1283 necesse

138 1304 192 1336 est,
214 1301 355 1329 Christum
378 1304 439 1338 post
461 1300 668 1337 conceptionem
691 1301 796 1338 aliquid
821 1301 963 1329 meruisse.

217 1348 269 1376 Sun
290 1355 414 1376 comm:
441 1348 464 1375 1.
487 1347 584 1376 Mereri
613 1350 655 1375 est
684 1347 773 1375 facere
795 1355 866 1383 opus
887 1347 920 1375 de
943 1355 985 1383 ge-

113 1399 128 1413 '-
140 1402 206 1424 nere
229 1394 428 1428 laudabilium3
444 1394 491 1423 sed
509 1394 630 1431 potentia
645 1394 829 1423 determinata
845 1394 878 1422 ad
896 1403 983 1422 unum

139 1444 245 1470 tantum
269 1449 322 1470 non
345 1441 428 1470 habet
450 1441 560 1470 laudem
584 1441 610 1469 in
626 1444 688 1469 actu
713 1441 802 1475 illius,
818 1441 889 1469 sicut
911 1444 985 1478 patet

141 1488 167 1516 in
188 1488 320 1517 omnibus
342 1487 471 1525 potentiis
492 1487 707 1522 naturalibus⁴¹3
731 1487 779 1516 sed
804 1487 921 1516 liberum
944 1496 985 1515 ar-

138 1535 253 1564 bitrium
276 1534 377 1564 Christi
409 1535 444 1563 ab
477 1535 536 1571 ipsa
567 1535 745 1571 conceptione
767 1534 983 1562 determinatum

138 1582 190 1611 fuit
211 1582 247 1611 ad
270 1582 388 1611 bonum:
421 1589 488 1619 ergo
509 1590 562 1610 non
586 1581 676 1618 potuit
707 1581 785 1610 exire
809 1581 834 1609 in
857 1590 928 1618 opus
950 1582 984 1610 tle

138 1636 239 1666 genere
261 1628 460 1662 laudabilium,
489 1636 555 1665 ergo
585 1636 634 1657 nec
656 1628 682 1656 in
705 1636 776 1664 opus
800 1628 983 1656 meritorium.

216 1677 242 1705 2.
266 1676 347 1710 ltem,
370 1676 470 1704 mereri
492 1679 533 1704 est
548 1676 658 1704 facere⁵
673 1684 744 1713 opus
760 1675 984 1704 remuneratione

139 1723 271 1761 dignum;
286 1723 334 1752 sed
351 1723 470 1752 liberum
486 1722 644 1757 arbitrium,
661 1722 714 1751 iam
730 1722 854 1751 existens
869 1722 894 1750 in
910 1726 984 1751 statu

138 1770 388 1804 remunerationis,
410 1770 464 1798 iam
486 1778 540 1798 non
563 1770 627 1799 tacit
651 1778 723 1807 opus
745 1770 870 1798 ulteriori
895 1778 985 1798 remit-

139 1817 281 1846 neratione
312 1817 445 1853 dignum,
467 1817 539 1846 sicut
571 1820 645 1854 patet
677 1817 703 1845 in
734 1817 838 1850 Beatis;
861 1817 907 1846 setl
932 1817 984 1846 tale

139 1865 191 1894 fnit
212 1864 331 1893 liberum
360 1864 509 1893 arbitrium
539 1864 657 1899 Christi,
679 1872 742 1893 cum
765 1867 838 1892 esset
859 1864 885 1892 in
912 1867 985 1892 statu

140 1911 397 1948 comprehensoris:
421 1919 487 1948 ergo
503 1910 630 1946 videtur,
652 1911 726 1947 quod
749 1914 809 1947 post
831 1910 985 1947 conceptio-

139 1966 202 1986 nem
225 1965 304 1986 suam
326 1956 395 1985 nihil
416 1957 529 1985 omnino
550 1957 651 1986 mereri
675 1957 803 1993 potuerit.

219 2004 245 2033 3.
268 2004 350 2037 ltem,
372 2004 543 2041 quicumque
556 2004 566 2017 ⁶
583 2007 722 2036 meretur,
739 2004 847 2040 prolicit
863 2004 888 2032 in
906 2003 984 2032 honis

140 2052 263 2085 animae,
285 2051 389 2080 scilicet
411 2051 436 2078 in
459 2050 548 2087 gratia
562 2053 589 2079 et
604 2051 708 2087 gloria;
724 2051 772 2079 sed
788 2050 915 2079 Christus
931 2058 983 2078 non

138 2099 229 2136 potuit
243 2097 378 2135 proficere
394 2105 480 2134 supra
503 2097 528 2125 ill
552 2093 625 2134 quod
642 2098 748 2134 accepit
762 2106 777 2125 a
793 2097 983 2134 conceptione:

140 2154 206 2183 ergo
227 2154 280 2174 non
304 2145 431 2178 videtur,
453 2145 526 2182 quoti
560 2148 621 2181 post
652 2144 859 2181 conceptionem
883 2144 983 2172 mereri

140 2193 269 2230 potuerit.

219 2240 245 2268 [ι.
268 2239 350 2273 Item,
372 2239 542 2276 quicumque
574 2242 699 2267 meretur
720 2238 841 2275 aliquid,
864 2238 897 2266 de
918 2246 985 2265 iton-

140 2295 194 2314 suo
215 2286 279 2315 facit
301 2293 383 2314 suum
407 2293 456 2322 per
477 2294 548 2322 opus
569 2289 596 2314 et
626 2285 812 2322 obsequium,
833 2288 859 2313 et
890 2285 924 2313 de
953 2292 985 2313 eo

142 2333 216 2370 quod
238 2336 280 2361 est
301 2332 351 2361 sibi
384 2332 555 2366 indebitum,
577 2332 641 2361 facit
673 2332 815 2364 debitum;
840 2331 888 2360 sed
910 2331 986 2359 Chri-

142 2383 202 2409 stus
223 2387 277 2408 non
299 2379 387 2416 potuit
408 2379 499 2408 facere
520 2379 554 2408 tle
577 2379 699 2407 indebito
720 2378 862 2412 debitum,
884 2378 928 2406 vel
950 2378 984 2406 de

205 2557 211 2571 ¹
231 2558 253 2579 ln
271 2557 331 2579 loan.
349 2558 434 2585 Evang.
453 2560 480 2579 tr.
501 2556 549 2579 tot.
567 2563 588 2579 n.
602 2559 623 2579 3.
641 2556 684 2579 Csr.
704 2558 740 2579 hic
755 2557 785 2579 lit.
803 2557 912 2584 Magistri,
931 2562 948 2578 c.
966 2556 983 2578 1.

143 2609 172 2612 —
186 2597 237 2618 Post
252 2595 411 2626 praemissum
429 2596 479 2617 Vat.
497 2596 588 2623 supplet
604 2595 644 2618 uit.

205 2635 213 2649 ⁹
231 2635 284 2657 Sive
302 2634 330 2656 dc
348 2635 452 2656 Articulis
470 2634 550 2656 cathol.
569 2634 632 2662 fidei,
651 2634 688 2657 lib.
708 2635 764 2656 ltin
782 2634 884 2662 explicat.
897 2634 985 2655 theore-

144 2673 210 2695 matis
226 2673 275 2694 sire
299 2678 392 2700 propos.
415 2673 439 2700 8,
464 2671 503 2694 ubi
527 2675 599 2695 textus
621 2673 703 2701 origin.
726 2679 768 2701 pro
793 2671 880 2696 Mercri
896 2671 987 2693 exhibet

142 2712 204 2734 Bene
220 2711 308 2734 mereri
323 2714 345 2733 et
362 2711 444 2733 deinde
462 2710 599 2740 compulsus
616 2710 688 2734 tibens
704 2711 762 2741 facit
782 2712 828 2734 Deo
846 2710 908 2741 quod
923 2709 988 2733 debet

144 2757 186 2779 pro
209 2750 346 2780 compulsus
366 2750 410 2773 hoc
431 2749 488 2779 facit
510 2750 573 2780 quod
593 2750 672 2779 facere
693 2750 764 2774 debet.
786 2750 831 2773 Ctr.
849 2750 903 2772 ibid.
924 2750 987 2771 theo-

143 2796 206 2812 rema
225 2790 260 2812 16.

206 2829 215 2844 ³
233 2830 292 2851 Bene
310 2829 373 2851 multi
391 2829 459 2851 codd.
476 2828 564 2858 fecerit.
582 2829 631 2851 Mox
649 2835 691 2857 pro
709 2828 828 2852 Christum
840 2828 892 2850 cdd.
910 2829 987 2849 incon-

144 2875 201 2896 grue
221 2868 308 2896 Dcum,
327 2868 378 2890 cod.
397 2868 428 2890 bb
445 2867 530 2897 ipsum.

207 2907 215 2922 ⁴
232 2907 276 2930 Ctr.
289 2908 386 2936 Aristot.‚
400 2908 422 2930 11.
435 2908 504 2930 Ethic.
517 2913 536 2930 c.
549 2907 570 2929 5.
581 2920 613 2924 —
625 2908 667 2930 Pro
680 2907 774 2930 laudem
787 2907 837 2929 cod.
850 2907 868 2928 K
883 2905 985 2929 laudari.

209 2946 218 2961 ⁵
234 2947 262 2968 lta
281 2946 348 2969 codd.
366 2948 381 2968 Α
393 2947 410 2968 11
422 2947 439 2968 K
451 2947 481 2975 Q;
499 2947 521 2968 in
539 2947 587 2969 aliis
605 2946 668 2968 deest
683 2945 768 2975 facere.

206 2985 216 2999 ⁶
234 2985 276 3008 l‘ro
294 2985 448 3016 quicumque,
468 2985 531 3014 quod
548 2989 570 3008 et
588 2986 608 3008 in
627 2986 693 3008 solut.
717 2985 814 3007 habetur
835 2990 876 3006 nec
899 2990 942 3006 non
964 2984 985 3006 in

1830 193 1886 222 383

1044 278 1165 298 non-suo
1180 278 1263 298 suum
1286 270 1429 298 —omnia
1444 271 1517 299 enim
1534 278 1584 299 sua
1604 275 1682 299 crant
1697 279 1747 308 per
1769 271 1885 308 gratiam

1042 316 1243 354 conceptionis,
1271 317 1343 345 sicut
1372 317 1428 353 ipse
1461 321 1593 347 testatur:
1619 318 1725 347 Omnia
1748 322 1799 347 tua
1822 327 1883 347 mea

1041 367 1110 392 sum
1121 364 1128 378 ⁷
1151 380 1189 384 -
1203 372 1270 400 ergo
1292 372 1346 392 non
1362 364 1489 399 videtur,
1506 366 1579 402 quod
1603 369 1663 402 post
1678 366 1884 403 conceptionem

1041 410 1146 448 aliquid
1170 411 1312 440 meruerit.

1120 459 1145 487 5.
1169 458 1252 492 ltem,
1274 458 1348 495 quod
1371 459 1467 488 eodem
1492 459 1573 488 modo
1601 468 1629 488 se
1659 460 1742 489 habet
1764 469 1838 489 nunc
1861 464 1885 489 et

1041 504 1120 542 prius
1142 508 1238 533 natum
1259 507 1300 533 est
1315 505 1473 534 consimiles
1488 506 1661 542 operationes
1676 506 1786 536 efficere
1797 507 1821 541 8;
1838 507 1884 536 sed

1043 551 1161 581 liberum
1185 551 1334 580 arbitrium
1357 551 1383 579 in
1405 552 1514 580 Christo
1535 553 1632 581 eodem
1649 554 1731 582 modo
1752 562 1781 583 se
1804 554 1886 582 habet

1042 601 1103 636 post
1124 598 1331 635 conceptionem
1354 601 1380 626 et
1402 602 1463 637 post
1480 600 1728 635 resurrectionem,
1750 604 1777 629 et
1798 601 1886 637 gralia

1042 645 1184 679 similiter,
1205 648 1232 674 et
1255 645 1321 674 haec
1343 646 1399 674 duo
1431 649 1496 674 sunt
1528 647 1663 684 principia
1696 648 1836 676 merendi:
1864 648 1885 676 si

1042 692 1126 729 igitur
1147 696 1208 730 post
1237 693 1470 721 resurrectionem
1504 702 1557 722 non
1591 694 1708 728 meruit,
1739 703 1805 731 ergo
1836 704 1885 723 nec

1043 742 1103 777 post
1124 739 1340 776 conceptionem.
1356 739 1390 768 Si
1404 743 1434 768 cti
1457 740 1556 773 dicas,
1572 741 1647 778 quod
1663 741 1743 770 aliter
1763 746 1789 770 et
1804 742 1884 770 aliter

1042 794 1071 815 se
1093 786 1191 820 babet,
1212 790 1348 823 quantum
1364 790 1405 815 est
1419 795 1454 815 ex
1478 791 1555 824 parte
1571 787 1677 820 carnis;
1694 788 1744 816 hoc
1760 797 1812 816 non
1837 789 1887 817 sol-

1042 833 1093 867 vit,
1116 833 1181 870 quia
1204 833 1334 861 meritum
1357 842 1409 861 non
1433 834 1545 870 respicit
1571 838 1673 862 statum
1696 835 1815 868 carnis,
1838 836 1886 864 sed

1042 882 1143 909 statum
1166 879 1320 908 caritatis:
1336 888 1402 916 ergo
1422 880 1442 908 si
1460 880 1587 909 Christus
1604 884 1664 917 post
1679 882 1885 919 conceptionem

1042 926 1140 955 habuit
1161 927 1303 956 caritatem
1319 927 1425 964 patriae
1440 935 1528 964 aeque
1544 927 1664 956 nobilem
1680 931 1707 956 et
1723 929 1886 965 perfectam,

1043 973 1113 1002 sicut
1136 973 1217 1002 modo
1239 974 1337 1008 habet,
1370 982 1419 1003 nec
1450 977 1491 1003 est
1512 974 1573 1003 eius
1598 975 1698 1003 caritas
1720 976 1841 1009 variata3
1864 976 1885 1004 si

1043 1021 1125 1049 modo
1147 1029 1200 1049 non
1225 1021 1307 1049 habet
1322 1028 1405 1049 usum
1428 1021 1568 1055 merendi,
1591 1021 1717 1053 videtur,
1739 1023 1813 1059 quod
1838 1032 1886 1052 nec

1042 1070 1106 1096 tunc
1129 1067 1266 1096 habuerit.

1355 1154 1567 1176 CONCLUSIO-

1044 1224 1179 1252 Christus
1197 1228 1262 1261 post
1284 1225 1496 1262 conceptionem
1512 1229 1581 1254 actii
1595 1226 1717 1259 meruit,
1732 1226 1814 1255 vobis
1829 1227 1888 1265 qui-

1122 1272 1186 1300 dem
1206 1272 1315 1300 meruit
1334 1272 1451 1309 promte
1474 1272 1666 1309 itisitsioncm,
1686 1274 1804 1310 gratiae
1823 1283 1889 1311 pro-

1121 1318 1276 1347 vectionem
1304 1323 1329 1347 ει
1351 1319 1493 1347 bonorum
1526 1328 1646 1356 operum
1673 1320 1889 1358 multiplicatio-

1119 1374 1202 1398 nem:
1222 1365 1280 1394 sibi·
1299 1370 1396 1394 autem
1420 1366 1450 1395 icc
1470 1366 1547 1404 quod
1567 1366 1627 1395 iam
1648 1367 1706 1396 sibi
1719 1368 1886 1401 debehatur,

1120 1412 1189 1451 fecit
1211 1413 1337 1442 debitum
1358 1413 1418 1442 alio
1439 1414 1531 1441 modo.

1123 1488 1301 1516 Ruseonuno:
1324 1487 1362 1516 Ad
1385 1488 1592 1524 praedictorum
1616 1489 1825 1525 intelligentiam
1847 1493 1889 1519 est

1043 1534 1210 1568 notandum,
1242 1535 1317 1571 quod
1349 1535 1458 1563 mereri
1489 1535 1621 1572 contingit
1647 1536 1806 1574 tripliciter:
1831 1545 1886 1566 uno

1044 1581 1126 1610 modo
1146 1581 1318 1618 simpliciter
1340 1581 1477 1615 abusive,
1506 1582 1560 1611 alio
1590 1583 1672 1611 modo
1701 1584 1801 1620 partim
1821 1593 1888 1621 pro-

1038 1627 1104 1664 prie
1132 1631 1158 1656 et
1179 1627 1280 1664 partim
1302 1627 1478 1664 improprie,
1503 1629 1582 1657 tertio
1605 1629 1687 1658 modo
1714 1630 1886 1667 simpliciter

1039 1675 1169 1711 proprie.
1193 1691 1228 1695 —
1250 1675 1427 1712 Simpliciter
1450 1675 1571 1704 abusive
1593 1677 1692 1705 mereri
1716 1676 1818 1705 dicitur
1840 1677 1887 1714 qui

1041 1721 1105 1750 facit
1126 1722 1239 1758 aliquod
1260 1730 1331 1759 opus
1353 1722 1388 1751 de
1410 1730 1510 1759 genere
1534 1723 1688 1758 bonorum,
1710 1727 1800 1752 tamen
1824 1725 1888 1753 facit

1043 1768 1112 1797 illud
1136 1769 1208 1797 malo
1230 1769 1327 1804 modo,
1350 1769 1376 1798 iil
1398 1773 1439 1798 est
1462 1770 1535 1798 mala
1561 1770 1725 1805 intentione,
1748 1772 1819 1800 sicut
1843 1772 1887 1801 ille

1043 1816 1090 1853 qui
1114 1816 1160 1844 (lat
1194 1816 1396 1853 eleemosynam
1429 1824 1492 1845 cum
1526 1825 1688 1851 murmure,
1721 1818 1785 1846 talia
1814 1819 1886 1847 enim

1041 1871 1129 1900 opera
1149 1863 1299 1901 aliquando
1328 1868 1546 1893 remunerantur
1573 1874 1589 1893 a
1612 1865 1667 1894 Deo
1694 1873 1729 1893 ex
1754 1866 1888 1894 immensa

1042 1917 1091 1938 sua
1114 1909 1256 1946 largitate,
1278 1910 1349 1938 sicut
1372 1910 1498 1939 innuitur
1528 1911 1562 1939 de
1584 1911 1838 1940 Nabuchodonosor
1861 1912 1887 1940 in

1041 1956 1155 1985 leremia
1168 1956 1288 1985 ⁹.—llle
1305 1965 1371 1986 vero
1387 1961 1510 1986 meretur
1526 1958 1625 1995 partim
1636 1958 1767 1995 proprie,
1784 1959 1886 1996 partim

1042 2003 1178 2036 abusive,
1200 2003 1246 2040 qni
1268 2003 1331 2032 sacit
1353 2012 1423 2040 opus
1448 2004 1482 2032 de
1505 2012 1605 2041 genere
1621 2005 1757 2033 bonorum
1774 2009 1800 2034 et
1817 2006 1888 2034 bona

1042 2049 1207 2081 intentione,
1231 2053 1422 2079 verumtamen
1449 2059 1503 2079 non
1536 2059 1572 2079 ex
1594 2052 1726 2086 caritate;
1748 2053 1819 2081 sicut
1841 2053 1888 2081 ali-

1042 2096 1104 2133 quis
1127 2100 1253 2133 peccator
1284 2097 1347 2125 facit
1378 2106 1462 2134 opera
1497 2099 1530 2127 de
1563 2106 1664 2135 genere
1697 2099 1833 2128 bonorum
1860 2104 1887 2128 et

1043 2147 1156 2180 propter
1180 2144 1281 2177 Deum,
1298 2144 1323 2172 in
1339 2144 1442 2181 quihus
1464 2145 1498 2174 de
1520 2153 1643 2182 congruo
1659 2154 1688 2175 se
1710 2147 1830 2183 disponit
1851 2147 1885 2175 ad

1042 2190 1167 2226 gratiam.
1183 2207 1222 2210 —
1243 2190 1289 2219 llle
1312 2198 1377 2219 vero
1400 2195 1527 2220 meretur
1552 2192 1724 2229 simpliciter
1745 2193 1885 2230 proprie,

1042 2237 1088 2273 qui
1111 2236 1174 2265 facit
1197 2237 1297 2265 bonum
1320 2245 1391 2274 opus
1412 2242 1438 2266 et
1461 2238 1532 2267 bona
1554 2239 1704 2268 intentione
1719 2243 1746 2268 et
1760 2248 1796 2268 ex
1819 2241 1886 2269 cari-

1900 1540 1967 1558 Mereri
1984 1540 2030 1558 dict·

1901 1566 1930 1581 tur
1951 1564 2029 1587 triplici-

1904 1589 1938 1605 ter.

1041 2287 1104 2312 tate.
1129 2284 1158 2312 Et
1180 2285 1300 2320 primum
1324 2285 1436 2322 quidem
1470 2286 1600 2315 meritum
1628 2287 1730 2315 [licitur
1753 2288 1884 2316 meritum
1917 2296 1954 2309 ³-

1042 2331 1340 2367 interp¹recativmn¹⁰;
1362 2333 1516 2361 secundum
1546 2333 1648 2362 dicitur
1669 2334 1799 2363 meritum
1822 2344 1885 2363 con-

1039 2377 1129 2415 prm,-
1151 2377 1262 2406 tertium
1284 2378 1386 2407 dicitur
1409 2380 1540 2408 meritum
1563 2380 1707 2418 condigyni.

1042 2555 1110 2578 codd.
1127 2557 1143 2577 A
1154 2556 1172 2577 14
1183 2555 1225 2583 bb,
1243 2557 1294 2579 cod.
1307 2557 1322 2579 Z
1334 2557 1448 2587 quisquis,
1463 2558 1498 2580 alii
1510 2559 1577 2581 codd.
1595 2562 1617 2581 et
1628 2559 1680 2581 edd.
1698 2559 1817 2589 quidquid.
1836 2561 1886 2583 Post

1043 2600 1114 2621 pauca
1133 2601 1175 2622 pro
1192 2601 1206 2617 (ι
1224 2596 1370 2625 conceptione
1387 2596 1440 2619 cdd.
1458 2596 1482 2620 in
1500 2597 1654 2626 conceptione.

1104 2633 1113 2647 ⁷
1132 2633 1190 2655 loan.
1211 2634 1244 2662 17,
1266 2635 1299 2657 10.

1104 2671 1114 2686 ⁸
1131 2673 1227 2701 Aristot„
1241 2674 1262 2695 ΙΙ.
1275 2673 1303 2696 de
1315 2675 1419 2696 Generat.
1432 2677 1454 2697 et
1470 2678 1570 2703 corrupt.
1583 2678 1634 2698 text.
1647 2675 1684 2698 56.
1702 2677 1734 2702 (c.
1751 2677 1805 2705 10.):
1823 2677 1884 2699 ldem

1043 2712 1103 2733 enim
1120 2714 1142 2734 et
1158 2712 1259 2735 similiter
1276 2719 1300 2735 se
1318 2713 1405 2735 habens
1421 2720 1514 2741 semper
1531 2714 1592 2736 idem
1610 2718 1688 2737 natum
1705 2718 1739 2737 est
1755 2716 1836 2738 tacere.
1855 2729 1885 2732 —

1044 2750 1066 2772 ln
1084 2750 1127 2772 fine
1144 2757 1192 2779 arg.
1210 2758 1252 2779 pro
1269 2751 1379 2775 habuerit
1394 2753 1458 2775 multi
1476 2753 1544 2775 codd.
1561 2752 1648 2776 habuit.

1104 2788 1114 2803 ⁹
1130 2789 1184 2818 Cap.
1203 2790 1244 2819 27,
1262 2791 1283 2812 6.
1301 2797 1365 2820 seqq.
1378 2803 1408 2806 —
1420 2792 1443 2813 B.
1461 2791 1553 2820 Δῶρι-1.,
1571 2793 1607 2814 hic
1623 2798 1642 2814 a.
1666 2793 1689 2818 1,
1701 2793 1798 2820 exempli
1816 2799 1884 2815 causa

1045 2829 1151 2856 proponit
1168 2829 1231 2858 quod
1248 2830 1269 2851 in
1287 2831 1332 2852 vita
1351 2830 1374 2852 Β,
1392 2830 1480 2852 loannis
1497 2831 1670 2859 eleemosynarii
1688 2831 1715 2853 de
1731 2831 1832 2860 quodam
1846 2833 1884 2854 mi-

1045 2867 1091 2895 tite,
1115 2868 1178 2890 Petro
1201 2869 1304 2897 nomine,
1327 2873 1442 2897 narratur,
1466 2870 1504 2898 qui
1527 2870 1611 2892 scilicet
1632 2871 1724 2892 «ii-atus
1746 2877 1815 2898 pane,
1838 2877 1884 2899 quo

1044 2907 1170 2934 proiecerat
1186 2914 1325 2936 pauperem,
1339 2910 1422 2931 meruit
1433 2909 1454 2930 iu
1468 2909 1552 2931 iudicio
1570 2909 1671 2938 Domini,
1684 2909 1712 2931 ad
1730 2909 1792 2938 quod
1805 2914 1884 2938 raptus

1044 2946 1096 2974 tuit,
1114 2946 1312 2975 prolongationem
1331 2948 1389 2970 vitae
1407 2948 1428 2969 in
1447 2948 1608 2976 poenitentiam
1621 2956 1641 2970 12.

1107 2984 1126 2999 ¹⁰
1143 2985 1216 3014 Quam
1233 2987 1408 3015 appellationem
1421 2987 1481 3009 Alex.
1499 2987 1554 3015 Hal„
1567 2988 1588 3009 S.
1606 2993 1629 3015 p.
1642 2987 1673 3009 111.
1691 2994 1713 3018 q.
1730 2988 1762 3010 17.
1775 2994 1806 3010 m.
1822 2989 1839 3016 1,
1852 2989 1884 3011 sie
