2166 3366
128 693 241 712 Notandum.

137 976 243 994 Conclusio.

116 1163 246 1182 Corollarium.

128 1632 199 1651 solutio
212 1637 244 1655 op-

128 1656 237 1680 positorum.

138 1725 243 1744 Distinctio.

256 184 313 212 liOli

257 264 333 296 sunt,
356 261 459 298 quibus
480 260 620 288 debitores
641 262 704 287 ante
718 267 734 286 a
755 258 866 287 diaholo
887 258 1055 286 tenebantur
1073 268 1101 285 ».

257 309 288 337 Et
309 308 411 337 dicitnr
433 307 503 335 illud
525 304 758 343 chirographum
779 305 882 342 culpae
903 308 930 333 et
951 304 1102 342 cliiroyra-

253 354 346 392 phum
367 353 490 386 decreti,
512 352 578 389 quia
602 352 663 381 talis
684 352 816 389 obligatio
837 351 980 388 consurgit
1000 359 1037 380 ex
1055 360 1103 379 ηο-

256 405 321 430 stra
343 401 430 438 culpa
452 403 584 437 tanquam
600 407 636 428 ex
652 399 765 433 merito,
780 402 807 427 et
821 406 857 427 ex
873 398 976 427 diviua
996 402 1103 426 senceu-

257 449 299 476 zia
321 451 453 484 tanquam
475 455 510 476 ex
534 447 654 475 decreto.
678 447 708 474 Et
729 446 768 475 sic
790 446 1009 483 chirographum
1032 445 1102 474 illud

257 495 359 524 dicitur
381 502 441 523 esse
463 493 626 522 memoriale
644 493 728 527 illud,
750 501 806 530 quo
820 492 934 530 quidem
956 495 1103 529 peccatum

256 544 350 570 manet
378 544 513 578 quantum
543 540 578 569 ad
600 544 737 574 reatum,
759 540 866 568 ratione
895 540 975 568 cuius
1001 539 1103 568 divina

256 588 372 617 iustitia
394 588 477 616 habet
499 596 549 616 nos
567 587 691 624 punire,
713 587 859 616 diabolica
880 586 998 615 malitia
1013 589 1104 623 potest

255 644 400 664 accusare
421 638 448 664 et
469 635 614 668 detinere,
640 637 667 663 et
688 634 865 662 conscicntia
889 636 993 661 'nostra
1013 635 1104 670 potest

256 686 352 712 contra
380 690 431 711 nos
458 690 694 710 rcmurmurarc.
725 681 755 709 Et
783 680 854 709 illud
883 680 1103 717 chirographum

256 731 407 759 adversum
430 737 480 758 nos
502 729 586 757 habet
608 728 721 757 inscribi
745 736 798 756 non
821 727 912 756 solum
939 735 990 764 pro
1011 734 1105 763 pecca-

257 778 325 807 catis
340 776 442 805 nostris
456 775 639 809 actualibus,
655 775 703 804 sed
720 775 803 804 etiam
818 782 870 812 pro
885 776 998 811 peccato
1010 773 1106 810 primi

253 824 403 862 parcutis;
425 826 452 852 et
467 823 572 851 ratione
595 822 680 851 huius
695 822 824 851 diabolus
846 821 930 850 habet
944 820 972 849 in
993 828 1044 849 nos
1059 820 1105 848 ali-

257 880 340 909 quam
364 874 527 909 potestatem
550 870 593 899 vel
615 869 797 907 simpliciter,
819 869 864 898 vel
883 871 923 897 aa
945 872 1064 905 tempus.

336 918 472 955 Quoniam
501 918 586 954 igitur
609 917 737 946 Christus
765 924 815 954 per
835 915 994 953 passionem
1023 923 1103 943 suam

257 975 312 995 non
328 966 418 995 solum
435 964 594 1002 impetravit
607 964 685 992 nobis
700 963 893 992 remissionem
905 962 1004 999 culpae
1019 970 1104 999 quan-

256 1018 315 1043 tum
338 1013 373 1042 ad
395 1012 559 1045 maculam,
582 1011 628 1040 sed
646 1011 728 1040 etiam
748 1014 883 1047 quantum
900 1009 935 1038 ad
950 1012 1067 1037 reatum
1081 1008 1105 1041 1;

256 1061 322 1089 hinc
343 1063 396 1094 est,
419 1058 491 1096 quod
516 1058 582 1087 dicit
598 1057 758 1094 Apostolus,
781 1060 807 1085 et
827 1056 1012 1093 Augustinus,
1030 1054 1104 1092 quod

257 1107 386 1136 Christus
415 1114 463 1143 per
492 1105 648 1142 passionem
677 1112 756 1133 suam
787 1103 890 1132 delevit
918 1101 1105 1138 chirographa

258 1152 523 1191 culparum—Sed
547 1152 692 1188 Apostolus
714 1151 780 1180 dicit
800 1149 994 1187 sinyulariter
1010 1149 1106 1177 delens

258 1199 491 1237 chirographum
513 1198 636 1232 decreti,
658 1197 724 1235 quia
746 1197 869 1234 loquitur
892 1196 926 1225 de
949 1195 1104 1224 memoriali

256 1247 486 1284 transgressionis
501 1245 584 1283 primi
604 1245 743 1282 parentis;
765 1243 936 1280 Augustinus
956 1250 1024 1271 vero
1045 1242 1107 1278 plu-

257 1295 372 1328 raliter,
394 1294 459 1331 quia
482 1293 606 1330 loquitur
628 1292 662 1321 de
677 1291 842 1320 remissione
863 1291 990 1319 omnium
1012 1297 1105 1327 pecca-

257 1346 351 1370 torum
373 1343 510 1378 quantum
532 1340 565 1368 ad
589 1343 710 1369 reatum.
734 1341 764 1367 ut
785 1338 941 1375 perfectum
964 1336 1106 1373 exprimat

258 1389 345 1426 ipsius
370 1388 507 1426 passionis
528 1388 667 1416 effectum.
689 1403 728 1407 ——
752 1385 967 1414 Concedendum
993 1386 1035 1413 est
1060 1383 1106 1420 igi-

257 1440 317 1470 tur,
339 1435 413 1473 quod
435 1443 485 1472 per
510 1434 668 1472 passionem
691 1433 793 1462 Christi
815 1432 945 1461 delentur
966 1431 1106 1468 chirogra-

257 1483 314 1520 pha
342 1483 499 1519 culparum.
529 1481 727 1510 Concedendae
755 1483 821 1509 sunt
852 1479 934 1507 etiam
964 1478 1104 1512 rationes,

258 1537 330 1567 quae
352 1530 404 1558 hoc
425 1529 584 1558 ostendunt.

339 1578 362 1605 l.
384 1576 423 1605 Ad
446 1576 513 1604 illud
538 1583 605 1604 vero
626 1575 702 1612 quod
723 1575 815 1612 primo
836 1573 966 1602 obiicitur
994 1573 1019 1601 in
1045 1580 1107 1601 con-

257 1624 392 1658 trarium,
419 1623 493 1661 quod
524 1622 652 1651 diabolus
680 1622 784 1650 multos
813 1620 917 1649 detinet
938 1620 974 1648 ad
1002 1619 1106 1648 luenda

258 1671 410 1708 supplicia3
432 1670 598 1701 dicendum.
621 1669 695 1706 qnod
726 1668 875 1705 dupliciter
904 1669 945 1696 est
968 1666 1043 1703 loqui
1071 1666 1106 1694 de

258 1717 405 1747 efficientia
418 1717 428 1732 2
450 1717 586 1754 passionis
608 1716 708 1745 Christi
716 1727 722 1751 ;
744 1719 793 1744 aut
814 1718 950 1752 quantum
972 1713 1008 1742 ad
1029 1712 1107 1751 suffi-

258 1765 411 1798 cientiam,
433 1767 482 1793 aut
503 1767 639 1801 quantum
662 1763 697 1791 ad
720 1762 890 1801 efficaciam.
907 1762 1047 1797 Quantum
1070 1760 1105 1788 ad

257 1811 478 1850 sufficicntiam,
501 1811 538 1839 sic
559 1818 588 1839 se
610 1810 736 1839 extendit
757 1809 792 1837 ad
814 1816 911 1837 omnes
930 1807 1057 1836 homines
1078 1810 1105 1835 et

258 1859 294 1888 ad
315 1866 412 1887 omnes
433 1858 538 1894 culpas.
561 1858 587 1885 Si
618 1865 684 1885 vero
706 1859 843 1893 quantum
865 1855 900 1883 ad
926 1853 1104 1892 efficaciam,

258 1905 297 1934 sic
320 1913 348 1933 se
370 1904 497 1933 extendit
522 1903 699 1932 solummodo
727 1902 761 1930 ad
783 1909 830 1930 eos
859 1901 906 1938 qui
928 1900 1106 1937 baptizantur

259 1953 286 1981 in
308 1952 420 1980 nomine
442 1951 515 1985 eius,
537 1950 584 1987 qni
606 1950 792 1978 absolvuntur
821 1957 836 1976 a
855 1951 935 1976 reatu
963 1946 1106 1983 originalis

258 2002 285 2028 et
306 1998 437 2032 actualis,
459 1998 496 2026 ita
517 1997 591 2034 quod
608 2006 623 2025 a
646 1996 756 2025 diabolo
778 2004 830 2024 non
847 1997 964 2032 possunt
985 1993 1106 2030 amplius

259 2046 363 2080 teneri,
384 2045 435 2074 nisi
453 2045 523 2073 sorte
544 2053 573 2073 se
588 2045 612 2073 ei
635 2044 791 2073 voluntarie
810 2043 972 2076 subjiciant,
994 2045 1020 2070 et
1035 2049 1107 2069 nova

259 2096 355 2122 contra
377 2100 423 2121 eos
445 2092 606 2121 scribantur
628 2090 823 2127 chirographa.

338 2142 364 2168 2.
387 2140 425 2168 Ad
448 2139 518 2168 illud
541 2139 615 2176 qnod
638 2138 785 2172 obiicitur,
807 2137 906 2175 quodsi
929 2136 1020 2165 deleta
1042 2138 1107 2164 sunt

260 2187 408 2224 culparum
430 2186 613 2223 chirographa
639 2193 688 2222 per
713 2185 885 2221 passionem,
916 2183 990 2221 quod
1013 2190 1108 2219 super-

259 2235 351 2264 fluunt
371 2234 425 2263 alia
447 2233 586 2267 remedia3
608 2233 773 2266 dicendum,
796 2232 870 2269 quod
896 2231 966 2259 illud
989 2239 1043 2259 non
1069 2238 1108 2258 se—

258 2282 369 2320 quitur,
392 2281 457 2319 quia
478 2281 532 2309 alia
555 2280 678 2309 remedia
699 2288 715 2307 a
744 2279 871 2316 passione
894 2278 997 2307 habent
1018 2277 1107 2306 effica-

934 180 1187 208 SENTENTIARUM
1207 180 1267 208 LIB.
1290 180 1330 208 111.

1159 258 1229 287 ciam
1243 258 1266 292 ¹³3
1288 266 1338 287 nec
1360 258 1452 295 passio
1473 258 1547 287 delet
1569 258 1720 287 efficienter
1734 258 1897 287 huiusmodi
1918 259 2007 288 chiro-

1160 304 1282 342 grapha,
1304 305 1355 333 nisi
1380 305 1564 333 interveniant
1586 305 1635 333 illa
1656 305 1790 334 remedia.

1239 351 1264 380 3.
1286 351 1325 380 Ad
1341 352 1411 380 illud
1426 352 1501 389 quod
1517 352 1656 385 obiicitur,
1672 352 1747 389 quod
1762 360 1817 381 non
1835 356 1901 381 sunt
1916 353 2006 382 deleta

1160 397 1361 426 crucifixorum
1378 398 1581 435 chirographa,
1604 398 1653 427 sed
1672 398 1764 435 potius
1779 398 1896 435 scripta3
1918 399 2007 428 dicen-

1161 445 1248 479 dum,
1277 445 1352 482 quod
1381 445 1472 474 deleta
1500 445 1611 474 fuerant
1639 445 1666 473 in
1694 445 1763 482 ipsis
1790 445 2008 475 crucifixoribus

1161 494 1298 528 quantum
1317 492 1351 520 ad
1368 491 1574 530 sufficicntiam
1595 496 1622 521 et
1637 495 1774 529 quantum
1796 493 1832 521 ad
1853 493 2006 521 meritum:

1162 537 1225 567 licet
1246 538 1273 566 in
1295 538 1426 575 pluribus
1446 546 1545 567 eorum
1560 547 1614 567 non
1637 539 1691 567 sint
1706 539 1797 567 deleta
1819 542 1955 576 quantum
1971 539 2008 568 ad

1161 584 1323 623 efficaciam
1344 588 1371 614 et
1386 589 1521 623 quantum
1541 585 1577 614 ad
1592 589 1706 619 actum,
1721 589 1836 622 propter
1851 594 1948 615 eorum
1965 594 2010 615 ne-

1162 632 1331 669 gligentiam.
1356 632 1386 661 Et
1406 632 1434 660 si
1455 636 1486 660 tu
1508 632 1647 666 obiicias,
1663 633 1738 670 quod
1758 633 1899 670 quantitas
1921 636 2008 662 trans-

1162 679 1312 716 gressionis
1326 687 1424 707 eorum
1440 679 1613 716 aequabatur
1633 679 1780 717 quantitati
1801 679 2007 714 satisfactionis;

1163 726 1328 760 dicendum,
1343 727 1417 764 quod
1434 726 1644 755 excusabantur
1659 735 1708 764 per
1723 726 1922 764 ignorantiam,
1937 727 2009 756 sicut

1163 773 1229 802 dicit
1251 773 1396 802 Anselmus
1412 773 1437 808 ⁴3
1457 773 1486 801 si
1506 774 1583 802 cuim
1612 774 1831 811 coqnovisseou,
1853 782 2008 812 uunquam

1162 820 1321 848 Dominum
1349 820 1463 857 yloriac
1498 819 1722 857 crucifixissem.
1748 837 1787 840 —-
1814 820 1899 849 Aliter
1926 820 2008 849 etiam

1162 869 1253 903 potest
1274 867 1342 901 dici,
1365 867 1439 904 quod
1460 875 1605 904 nunquam
1627 867 1666 895 illi
1690 867 1873 896 crucifixores
1894 875 1930 896 ex
1952 870 2008 896 tam

1163 913 1237 942 mala
1259 913 1401 942 voluntate
1423 913 1565 942 Christum
1581 913 1756 949 occidebant,
1779 922 1814 942 ex
1830 922 1915 951 quam
1937 914 2010 943 bona

1163 961 1306 990 voluntate
1334 961 1461 990 Christus
1493 961 1651 998 passionem
1685 961 1858 996 sustinebat;
1892 964 1919 990 et
1945 961 2008 990 ideo

1164 1008 1243 1045 longe
1272 1008 1411 1045 potentior
1439 1011 1499 1036 erat
1527 1008 1620 1045 passio
1648 1008 1749 1036 Christi
1779 1008 1813 1036 ad
1843 1007 2010 1037 satisfacien-

1163 1055 1244 1089 dum,
1266 1063 1350 1092 quam
1372 1058 1445 1084 esset
1466 1055 1579 1083 illorum
1601 1055 1684 1092 culpa
1705 1055 1739 1084 ad
1759 1055 1951 1092 obligandum.

1242 1104 1267 1132 [ι.
1291 1103 1328 1132 Ad
1358 1103 1426 1132 illud
1456 1103 1530 1140 quod
1557 1103 1716 1140 quaeritur,
1746 1106 1842 1131 utrum
1870 1102 2010 1139 chirogra-

1163 1150 1251 1187 phum
1268 1150 1372 1179 decreti
1394 1150 1429 1178 sit
1443 1149 1538 1186 culpa,
1560 1149 1604 1178 vel
1625 1157 1726 1186 poena;
1745 1149 1907 1183 dicendum,
1934 1149 2009 1186 quod

1163 1196 1276 1233 proprie
1299 1196 1450 1233 loquendo,
1472 1203 1522 1224 nec
1540 1199 1581 1224 est
1602 1195 1689 1232 culpa
1705 1203 1755 1224 nec
1777 1198 1818 1224 est
1832 1204 1940 1232 pocna‚·
1961 1195 2010 1224 sed

1163 1247 1205 1272 est
1226 1247 1327 1271 reatus
1348 1251 1522 1280 consequens
1542 1243 1667 1279 culpam,
1689 1242 1737 1279 qui
1760 1246 1801 1271 est
1822 1242 1953 1279 obligatio
1974 1243 2009 1271 ad

1164 1298 1297 1326 poenam,
1326 1298 1397 1327 quae
1426 1290 1540 1327 quidem
1569 1289 1672 1318 dicitur
1700 1288 1953 1327 chirographum,
1982 1289 2008 1317 in

1163 1339 1299 1373 quantum
1318 1339 1390 1365 tenet
1405 1336 1599 1373 obligationem
1619 1339 1747 1373 respectu
1762 1344 1868 1373 poenae
1889 1339 1916 1365 et
1931 1336 2011 1364 ratio-

1163 1391 1226 1412 nem
1244 1383 1414 1412 memorialis
1434 1386 1564 1420 respectu
1579 1382 1677 1419 culpae
1699 1383 1874 1419 praeteritae.
1895 1393 1908 1408 «
1923 1382 2010 1420 Culpa

1163 1431 1236 1459 enim
1259 1430 1420 1467 frequenter
1446 1430 1545 1458 transit
1570 1433 1634 1458 actu
1660 1433 1687 1458 et
1713 1432 1837 1458 remanet
1865 1429 1967 1458 reatu⁵
1983 1440 2010 1463 υ,

1163 1478 1235 1506 sicut
1263 1480 1339 1514 patet
1370 1477 1396 1505 in
1428 1477 1530 1505 sanctis
1560 1477 1705 1511 Patribus,
1736 1476 1783 1513 qui
1811 1476 2009 1505 detinebantur

1164 1524 1190 1552 in
1209 1524 1305 1558 limbo,
1322 1523 1347 1552 in
1370 1524 1476 1560 quibus
1491 1523 1614 1552 deletum
1638 1526 1698 1552 erat
1718 1523 1852 1560 originale
1874 1525 2009 1560 quantum

1163 1571 1199 1600 ad
1220 1571 1353 1608 culpam,
1382 1571 1431 1599 sed
1461 1570 1554 1599 adbuc
1576 1570 1739 1599 remanebat
1766 1570 1793 1598 in
1819 1570 1859 1599 eis
1886 1573 2008 1603 reatus,

1163 1622 1278 1656 propter
1300 1626 1381 1655 quem
1406 1618 1489 1646 ianua
1509 1621 1569 1646 erat
1590 1618 1630 1646 eis
1651 1617 1754 1646 clausa.

1244 1667 1268 1694 5.
1290 1665 1327 1694 Ad
1350 1665 1420 1693 illud
1436 1665 1509 1702 quod
1533 1665 1694 1702 quaeritur:
1714 1664 1777 1701 quis
1798 1664 1919 1693 habebat
1940 1663 2010 1692 illud

1164 1713 1382 1749 Cliirographum
1398 1715 1409 1740 ’ἐ
1439 1712 1604 1746 dicendum,
1627 1712 1699 1740 sicut
1720 1715 1825 1740 tactum
1847 1711 1914 1745 fuit,
1935 1711 2010 1748 quod

1164 1763 1190 1788 et
1206 1760 1283 1788 Deus
1304 1763 1331 1788 et
1353 1758 1436 1787 liomo
1457 1762 1484 1787 et
1505 1758 1639 1787 diabolus
1661 1758 1794 1792 habebat,
1816 1758 1865 1787 sed
1888 1758 1965 1786 Deus
1979 1760 2011 1786 ut

1165 1807 1267 1840 index,
1291 1805 1374 1834 liomo
1396 1809 1428 1834 ut
1449 1814 1528 1840 reus,
1551 1805 1686 1834 diabobus
1701 1808 1732 1833 ut
1752 1808 1906 1833 accusator.
1928 1805 1958 1833 Et
1979 1804 2012 1833 si—

1164 1857 1210 1882 cut
1232 1853 1302 1881 latro
1324 1853 1377 1881 sert
1406 1853 1512 1889 insigne
1534 1855 1630 1881 contra
1651 1860 1696 1886 se,
1725 1852 1764 1881 sic
1778 1852 1788 1866 ⁵
1809 1852 1892 1880 homo
1914 1855 2011 1880 contra

1164 1908 1193 1929 se
1215 1900 1305 1937 ipsum
1328 1899 1435 1928 serebat
1456 1899 1690 1936 chirographum,
1718 1906 1768 1927 nec
1793 1906 1843 1935 per
1865 1898 1934 1927 illud
1957 1898 2012 1927 chi-

1164 1948 1336 1984 rographum
1358 1947 1558 1983 acquirebatur
1579 1946 1692 1984 aliquod
1713 1946 1756 1974 ius
1778 1946 1896 1974 diabolo.
1913 1946 2012 1982 Quam-

1164 1995 1206 2023 vis
1227 1995 1300 2023 enim
1324 1994 1406 2022 homo
1429 1993 1499 2022 iuste
1515 1993 1700 2028 detineretur,
1722 1993 1781 2030 ipse
1796 1996 1887 2021 tamen
1910 1992 2011 2021 iniuste

1164 2041 1313 2070 detinebat.
1336 2041 1390 2069 Nec
1412 2041 1439 2069 in
1461 2041 1537 2069 illius
1559 2040 1696 2069 deletione
1711 2040 1814 2069 factum
1836 2043 1878 2068 est
1898 2039 2011 2075 aliquod

1164 2088 1368 2126 praeiudicium
1391 2088 1502 2116 divinae
1518 2087 1651 2121 iustitiae,
1667 2087 1713 2116 sed
1732 2087 1824 2124 potius
1839 2086 2010 2115 satisfactum

1165 2139 1206 2164 est
1227 2136 1250 2164 ei
1270 2143 1320 2172 per
1340 2135 1504 2163 beneficium
1529 2134 1736 2163 misericordiae
1758 2133 1958 2170 Redemptoris.

2022 830 2090 849 Aliter.

2023 1158 2137 1177 Notandum.

2024 1767 2138 1786 Notandum.
2157 1764 2166 1784 ¹1.

1243 2182 1282 2211 Ad
1302 2182 1349 2210 illa
1373 2190 1450 2216 vero,
1472 2189 1544 2219 quae
1566 2181 1775 2218 quaerebantur
1800 2180 1911 2214 ultimo,
1933 2183 2009 2217 patet
2035 2189 2065 2208 Aa
2079 2190 2160 2212 quaest.=

1166 2229 1309 2267 responsio
1325 2237 1375 2266 per
1395 2237 1428 2257 ea
1443 2237 1514 2266 quae
1537 2228 1610 2257 dicta
1625 2231 1690 2257 sunt
1712 2228 1738 2256 in
1754 2227 1839 2257 huius
1858 2228 2011 2264 responsio-

1167 2277 1209 2305 nis
1231 2276 1378 2314 principio,
1401 2276 1473 2304 sicut
1494 2276 1609 2312 planum
1631 2278 1672 2304 est
1694 2275 1882 2312 pertractanti.

324 2628 331 2642 ¹
350 2628 382 2650 Do
399 2627 540 2650 distinctione
558 2628 615 2649 inter
633 2627 745 2648 maculam
763 2629 785 2648 et
802 2628 889 2648 reatum
905 2626 991 2653 pcccati
1009 2625 1063 2647 vide
1080 2625 1106 2647 ll.

262 2668 322 2690 Sent.
340 2668 362 2689 d.
382 2667 417 2689 42.
435 2666 491 2689 dub.
513 2667 529 2688 1.
548 2666 606 2688 Vide
624 2667 690 2688 eiiam
710 2666 745 2687 liic
762 2665 827 2687 solut.
846 2665 875 2687 ad
894 2664 913 2686 4.

324 2707 332 2720 ⁹
352 2707 455 2734 Plerique
472 2705 539 2728 codd.
558 2707 579 2726 et
596 2704 649 2726 cdd.
669 2705 688 2729 l,
707 2705 720 2725 ⁵2
742 2710 837 2726 erronee
854 2703 971 2734 efficucia;
993 2703 1042 2725 Vut.
1060 2702 1108 2732 cffi-

263 2745 347 2769 cimam
365 2744 400 2767 rei
416 2744 504 2773 effectu.
518 2756 548 2759 ——
560 2743 604 2765 Csr.
623 2743 678 2764 infra
698 2743 728 2764 lit.
746 2742 860 2769 Magistri,
879 2742 900 2764 d.
919 2742 971 2764 XX.
995 2748 1013 2764 c.
1036 2741 1057 2763 5.
1076 2753 1108 2757 —-

263 2784 326 2807 Circa
345 2784 413 2806 finem
436 2783 502 2805 solut.
521 2789 563 2810 pro
587 2781 660 2805 teneri
676 2781 743 2804 codd.
762 2781 833 2803 ΑΕΚ
846 2781 863 2803 U
875 2781 905 2803 bb
923 2780 1031 2808 detineri,
1056 2780 1106 2803 cod.

263 2823 278 2844 F
294 2822 397 2846 retineri.

325 2860 335 2875 3
351 2860 395 2883 Csr.
413 2867 482 2888 supra
501 2866 552 2888 pag.
571 2859 623 2887 400,
637 2863 688 2882 nota
706 2859 827 2881 3.—liiox
845 2865 886 2886 pro
903 2858 1026 2888 efficienter
1039 2857 1105 2880 codd.

263 2899 282 2921 A
292 2900 319 2920 W
337 2899 468 2928 efficaciter.

326 2937 336 2952 ⁴
353 2938 412 2960 Lihr.
432 2938 453 2959 ll.
472 2937 517 2960 Cur
534 2938 595 2960 Deus
613 2938 692 2965 homo,
711 2943 730 2959 c.
752 2937 784 2958 15.
803 2936 860 2959 Vide
876 2942 945 2964 supra
958 2936 981 2958 d.
1002 2936 1035 2957 18.
1051 2935 1106 2957 dub.

265 2977 286 2998 2.
298 2988 329 2992 —
341 2976 392 2998 Loc.
410 2977 554 3004 Scriptnrae‚
573 2977 611 3004 qui
629 2977 743 3004 sequitur,
761 2979 795 2997 est
816 2976 829 2997 l.
848 2974 899 2997 Cor.
917 2976 942 3003 2,
961 2975 981 2996 8.
995 2986 1026 2991 —
1039 2974 1106 2996 Paulo

1165 2625 1258 2646 inferius
1274 2630 1316 2651 pro
1333 2630 1363 2646 ear.
1380 2629 1452 2652 quam
1465 2621 1525 2645 bona
1543 2622 1593 2644 cod.
1607 2621 1638 2644 bb
1652 2627 1682 2644 ccc
1693 2621 1782 2650 qumzla
1796 2619 1869 2648 bona,
1884 2620 1950 2643 codd.
1963 2622 1980 2642 A
1992 2620 2008 2642 l<

1165 2663 1213 2685 ΠΧ
1231 2666 1252 2685 et
1269 2662 1321 2685 edd.
1344 2663 1360 2689 l,
1380 2663 1392 2683 2
1410 2668 1440 2684 ew
1457 2667 1503 2690 qua
1522 2660 1590 2683 bonci.

1227 2701 1237 2715 ⁵
1254 2700 1386 2723 Secundum
1404 2701 1507 2727 August,
1526 2700 1540 2721 l.
1558 2699 1586 2721 de
1604 2699 1692 2727 Nuptiis
1710 2702 1731 2721 et
1748 2699 1880 2725 concupisc.
1896 2703 1915 2719 c.
1934 2697 1971 2719 26.
1989 2703 2010 2719 n.

1165 2741 1202 2762 29.
1219 2740 1264 2763 Cl‘r.
1282 2740 1305 2761 il.
1322 2740 1383 2762 Sent.
1401 2739 1423 2761 d.
1442 2738 1534 2760 XXXll.
1552 2739 1582 2760 lit.
1601 2738 1713 2766 Magistri,
1732 2743 1750 2759 c.
1770 2737 1789 2764 rl,
1807 2739 1828 2758 ct
1845 2736 1973 2758 Comment.
1990 2742 2010 2757 a.

1168 2780 1186 2801 l.
1203 2786 1226 2808 q.
1247 2780 1264 2801 l.
1282 2782 1304 2801 et
1321 2779 1376 2801 dub.
1396 2778 1416 2800 4.
1434 2790 1464 2793 —
1482 2778 1513 2800 De
1535 2784 1600 2806 seqq.
1623 2777 1663 2799 cfr.
1681 2782 1751 2804 supra
1770 2776 1792 2797 d.
1819 2775 1852 2797 18.
1870 2781 1889 2796 a.
1908 2775 1929 2796 2.
1947 2781 1969 2803 q.
1988 2774 2008 2796 3.

1164 2831 1195 2834 —
1212 2819 1263 2840 Post
1280 2824 1353 2846 pauca
1377 2823 1419 2845 pro
1437 2816 1461 2839 in
1482 2816 1514 2839 eis
1532 2817 1613 2839 reatus
1634 2815 1684 2837 cod.
1703 2815 1719 2837 E
1736 2814 1761 2836 in.
1783 2813 1815 2836 cis
1838 2814 1954 2843 quantum
1979 2812 2011 2835 ud

1164 2858 1265 2879 reatum.

1227 2895 1237 2909 ⁶
1253 2895 1308 2917 Cod,
1326 2895 1342 2916 N
1360 2894 1393 2918 sic
1410 2895 1437 2917 et.
1456 2894 1479 2916 ln
1497 2894 1541 2916 fine
1559 2894 1624 2915 solut.
1643 2898 1685 2920 pro
1701 2889 1877 2914 misericordiae
1895 2890 1944 2913 Vot.
1966 2890 2009 2912 mi-

1163 2933 1303 2961 sericordis,
1319 2937 1340 2956 ct
1357 2933 1455 2955 subinde
1472 2939 1514 2960 pro
1532 2930 1690 2960 Redemptoris
1711 2929 1778 2952 codd.
1798 2930 1815 2951 Α
1826 2929 1866 2951 FN
1878 2929 1897 2951 V
1921 2929 2010 2952 redem-

1162 2972 1261 3003 ptionis,
1282 2973 1332 2995 cod.
1351 2972 1368 2994 U
1386 2973 1481 2994 nostrae
1499 2969 1670 2999 redemptionis.

2023 2212 2144 2231 incidentem.
