2166 3366
712 183 792 211 DlST.
815 183 868 211 XX.
891 183 962 211 ΛΒΤ.
985 183 1100 212 UNICUS
1121 183 1256 219 QUAEST.
1279 183 1309 211 V.

216 262 241 289 ii.
264 260 301 289 Ad
326 260 393 288 illud
416 261 490 297 qnod
512 261 657 295 obiicitur,
679 261 754 298 quod
777 269 830 289 uon
853 264 893 289 est
908 261 980 289 ordi-

136 311 218 336 natus
240 307 340 336 modus
361 307 561 340 satisfaciendi,
584 307 631 335 ubi
648 310 791 343 peecatum
807 307 921 335 additur
936 315 980 336 su-

28 362 121 384 mandam.
136 362 186 392 per
208 357 368 392 peccatun13
389 353 555 387 dicendum,
577 354 651 390 quod
676 362 773 382 verum
796 357 852 385 est,
868 354 980 391 quando

137 405 280 438 peecatum
303 400 417 429 additur
438 408 523 437 super
546 404 689 436 peecatum
711 408 747 429 ex
764 404 841 437 parte
857 401 917 429 eius
932 401 978 438 qui

138 447 219 476 debet
240 447 413 479 satisfacere;
435 446 474 475 sic
498 450 590 474 autem
623 455 675 474 non
705 450 745 475 est
775 447 801 475 in
831 447 980 484 proposito.

135 494 202 523 Nam
224 494 351 522 Christus
374 493 517 521 moriendo
539 501 592 521 non
615 494 753 530 peccavit,
775 494 822 522 sed
845 498 980 530 quantum

137 541 162 569 in
185 548 214 569 se
235 540 302 574 fuit,
323 540 414 568 omnia
438 544 549 576 peecata
571 539 681 568 delevit.
710 540 739 568 Et
767 540 795 568 st
823 544 853 568 ta
881 541 980 574 dicas,

135 587 208 625 quoti
233 587 314 616 talem
337 587 450 615 modum
473 587 575 623 eligere
597 586 708 621 debuit,
731 587 756 615 in
779 596 833 624 quo
856 595 904 615 nee
925 587 981 624 ipse

136 642 186 663 nec
200 634 271 663 alius
287 637 427 670 peccaret;
442 633 608 667 dicendum,
624 633 698 670 qnod
715 633 782 662 illud
800 642 852 662 non
865 637 980 671 oportet.

136 681 166 709 ln
188 681 239 710 hoc
254 681 327 709 enim
345 680 536 708 manifestatur
551 688 662 708 summa
677 681 811 717 sapientia
828 681 891 714 Dei,
906 681 980 717 quod

137 727 187 757 soit
207 728 242 756 de
265 727 345 755 malis
367 735 419 755 non
443 730 550 755 tantum
566 727 666 755 elicere
682 727 767 757 bona.
785 736 881 755 verum
898 728 980 756 etiam

136 775 255 812 optima;
277 774 351 811 quod
376 773 497 802 maxime
520 774 582 802 feeit
604 773 629 801 in
654 777 741 802 morte
763 774 863 802 Christi
885 774 982 811 pretio-

138 821 248 850 sissima
260 820 278 848 ¹.

216 868 241 896 (3.
264 867 302 896 Ad
320 867 386 896 illud
404 867 478 904 quod
494 866 624 895 obiicitur
646 867 760 901 ultimo,
775 868 848 904 quod
869 867 982 904 gravius

138 914 189 943 fuit
204 917 347 951 peccatum
370 914 554 942 occidentium
577 914 718 942 Christum
735 917 801 947 ete.;
816 914 981 949 dicendum,

137 961 210 999 quod
223 961 358 998 quidquid
373 962 407 989 sit
418 961 452 989 de
464 961 607 997 gravitate.
619 961 685 997 qnia
696 961 730 989 de
743 961 793 989 hoe
804 961 837 989 ad
852 969 982 998 praesens

1824 185 1880 213 429

1037 269 1090 289 non
1112 264 1152 289 est
1167 261 1292 298 quaestio
1305 261 1331 292 ²:
1348 265 1438 289 tamen
1454 265 1528 295 esto,
1544 261 1618 298 quod
1637 262 1750 297 gravius
1770 262 1882 292 fuisset.

1038 316 1090 336 non
1112 308 1257 345 oportebat
1279 311 1392 345 propter
1415 308 1466 336 hoe
1495 308 1617 337 secundo
1646 308 1786 337 Christum
1817 309 1880 345 pati.

1038 354 1104 383 Nam
1127 354 1208 382 unica
1230 355 1321 391 passio
1342 354 1443 383 Christi
1467 363 1520 382 non
1543 355 1631 383 solum
1662 354 1818 384 sufficiebat
1845 355 1880 384 atl

1038 401 1262 429 satisfaciendum
1285 409 1335 438 pro
1351 404 1461 437 peceato
1477 401 1564 435 Adae,
1579 401 1627 430 sed
1643 402 1725 430 etiam
1741 410 1791 438 pro
1806 402 1880 430 omni

1039 451 1215 484 peccatorum
1240 447 1426 476 multitudine.
1450 447 1525 476 Unde
1547 455 1622 476 mors
1643 448 1743 477 Christi
1762 449 1828 485 ipsis
1842 456 1884 477 oc-

1039 494 1195 522 cidentibus
1219 494 1342 528 valebat,
1364 494 1385 522 si
1410 494 1512 522 vellent
1533 495 1567 522 ad
1584 494 1725 523 Christum
1741 495 1882 529 converti3

1039 541 1065 569 in
1089 541 1225 569 inlinitum
1248 541 1321 569 enim
1344 541 1395 569 fuit
1410 541 1500 569 maius
1516 541 1646 569 meritum
1663 542 1764 570 Christi
1780 542 1882 579 patien-
1895 548 1986 590 {33:333

1040 588 1089 622 tis,
1110 596 1193 624 quam
1215 590 1288 616 esset
1309 587 1441 615 delictum
1465 587 1548 616 iudae
1570 588 1719 620 tradentis.
1737 588 1828 617 ludaei
1845 589 1882 616 in-
1894 595 1970 613 carta¹>

1039 635 1165 672 stigantis
1192 638 1219 663 et
1246 634 1355 671 gentilis
1383 633 1586 670 crucifigentis,
1615 635 1769 663 seeundum
1807 635 1881 672 quod

1039 681 1165 710 Christus
1187 681 1250 718 plus
1273 681 1392 709 habebat
1413 681 1448 709 de
1470 681 1606 713 bonitate.
1628 689 1712 718 quam
1735 681 1772 709 ilii
1804 681 1884 710 habe-

1039 731 1100 757 rent
1122 728 1156 756 de
1178 727 1290 756 malitia.
1314 728 1490 760 Praeterea,
1512 727 1584 756 sicut
1605 728 1671 756 dicit
1700 728 1882 757 Aiiseltiius³.

1038 774 1191 803 excusabat
1212 782 1259 802 eos
1280 774 1435 810 ignorantia
1456 773 1549 811 aliquo
1573 775 1669 808 modo,
1691 775 1762 803 sicut
1777 775 1881 804 dictum

1039 824 1080 849 est
1102 829 1203 858 supra;
1218 824 1244 849 et
1259 820 1321 849 ideo
1336 829 1388 848 non
1404 821 1564 858 oportebat,
1581 829 1631 857 pro
1647 821 1765 858 peccatis
1785 830 1881 850 eorum

1039 868 1180 896 Christum
1203 867 1303 896 iterum
1316 868 1398 904 pati,
1420 868 1485 902 sed,
1507 868 1578 897 sicut
1600 868 1827 905 dieit.Ap0st‹›lus
1848 869 1882 897 ad

1040 915 1176 943 Hebraeos
1197 914 1339 943 decimo⁴z
1362 923 1424 943 unct
1445 914 1588 943 oblatione
1609 916 1824 944 cont-mamam
1854 916 1882 944 in

1038 961 1245 998 sempiternum
1267 960 1473 998 sanctificatos.

880 1064 1142 1100 SCHOLION.

201 1167 214 1190 1.
233 1167 292 1189 ilaec
309 1167 412 1196 quaestio
439 1167 532 1194 proprie
558 1167 604 1194 agit
622 1166 650 1188 de
669 1166 823 1195 troam-amaia
843 1166 916 1191 morli.
937 1174 983 1195 quo

138 1205 241 1228 Christus
259 1205 365 1233 patiendo
379 1212 421 1232 pro
436 1205 501 1227 nohis
519 1205 639 1232 satisfecit3
657 1205 724 1226 siinul
743 1208 831 1231 autem,
851 1206 983 1232 prat-sertim

139 1245 160 1267 in
178 1245 244 1267 solut.
262 1244 291 1267 ad
309 1245 335 1271 6,
354 1245 454 1272 tangitur
471 1245 626 1266 controversia
646 1244 673 1265 de
693 1243 772 1266 enlm-e
784 1244 887 1265 eiusdem
901 1244 984 1265 satisfa-

139 1284 229 1311 ctione.
248 1290 307 1312 quae
326 1284 404 1311 proenl
417 1283 488 1305 dnbio
501 1284 541 1305 fnit
554 1289 597 1304 non
612 1287 697 1305 tantum
715 1284 841 1309 sntiieiensy
859 1284 950 1310 eopiosa
963 1286 985 1305 et

139 1323 263 1351 condigna,
282 1323 321 1346 sed
334 1324 401 1345 etiam
414 1322 618 1352 stherabtmelmts.
637 1322 681 1344 Sed
700 1323 742 1344 hoe
760 1323 889 1350 supposito,
908 1322 983 1344 adhue

139 1363 198 1384 circa
217 1361 263 1384 tria
281 1363 338 1384 inter
365 1363 502 1390 posteriores
525 1362 677 1383 Scholastieos
694 1361 838 1389 agitabantur
855 1365 983 1384 canumet-⁴

139 1401 198 1428 siae,
217 1406 274 1429 quas
292 1400 392 1422 breviter
404 1400 488 1422 ret'erre
501 1401 576 1427 iuvat,
590 1405 613 1422 nt
627 1400 706 1421 melin<
720 1401 870 1427 perspieiatnr
883 1400 982 1421 :lot-trina

139 1439 252 1467 seraphici
271 1439 373 1461 Doetoris
390 1438 418 1460 dc
436 1438 517 1460 Christi
535 1438 613 1467 qratia
633 1439 712 1466 (snpra
731 1439 752 1460 d.
776 1439 831 1465 13),
850 1438 877 1459 ‹le
902 1438 983 1461 turrito

141 1477 172 1503 (d.
195 1477 238 1505 18.)
255 1481 277 1500 et
294 1477 322 1499 de
340 1476 499 1506 satisfactione
520 1477 571 1500 (hae
588 1477 610 1498 d.
629 1478 684 1503 ‘204
703 1477 822 1498 Dissensns
839 1477 908 1504 igitur
925 1478 983 1498 eirea

140 1516 246 1540 valorem
263 1516 430 1546 salisfiwtlonis
448 1516 529 1539 Cin-isti
548 1518 579 1543 (et
599 1517 700 1539 snnilitei·
726 1516 873 1538 uniit-antium
896 1516 924 1538 de
943 1522 985 1538 me·

140 1556 197 1584 rito)
215 1559 263 1578 erat
280 1557 301 1578 in
320 1556 369 1578 his:
400 1556 416 1578 1.
443 1556 522 1578 Utrum
544 1560 565 1578 et
583 1556 701 1584 quomodo
719 1557 758 1577 iste.
776 1556 839 1577 valor
856 1555 985 1582 tlt-pendeat

140 1594 169 1617 ab
186 1593 344 1624 acceptatione
371 1594 416 1616 liei.
444 1595 463 1616 2.
492 1594 569 1616 Utrum
596 1597 615 1615 et
643 1601 686 1622 qn·
714 1594 798 1615 ratione
825 1594 852 1615 sit
872 1592 984 1623 infinitus.

141 1634 162 1656 3.
189 1633 267 1656 Utrum
297 1634 418 1655 satisfactio
444 1632 524 1655 Christi
550 1634 577 1655 sit
603 1634 731 1655 set-nntium
758 1633 859 1662 riom-rm
884 1632 985 1655 institiae

141 1672 329 1697 commutatione.
348 1673 377 1694 Ex
395 1673 476 1694 eadem
500 1676 575 1694 antem
598 1673 673 1694 radit-v
697 1673 731 1694 itta
755 1673 832 1700 triplex
851 1673 984 1700 opinionum

141 1712 266 1734 differentia
283 1715 359 1735 ortum
378 1711 462 1734 habuit.

205 1751 227 1773 11.
245 1751 357 1778 Respectu
380 1751 396 1772 1.
416 1752 554 1779 quaestionis
579 1751 707 1772 Nuntiata<
729 1754 749 1772 et
769 1750 859 1778 plurimi
877 1750 985 1771 Scotistae

142 1789 267 1817 docebant,
286 1789 390 1812 valorem
416 1795 514 1817 operum
531 1790 732 1812 satisfactorioriim
751 1789 880 1816 dependet-t·
897 1788 987 1811 solnm-

141 1828 211 1852 modo
229 1828 258 1850 ab
276 1829 429 1856 acceptatione
456 1828 501 1850 Dei.
528 1828 657 1850 Nominales
680 1829 740 1849 enim
758 1829 882 1855 geueiaitim
902 1828 986 1855 procla-

143 1867 236 1890 mabant
254 1868 296 1889 hoc
314 1867 469 1895 principium:
485 1875 495 1887 α
509 1867 611 1888 Meritum
625 1866 788 1895 quodcumque
802 1869 887 1888 tantum
906 1869 927 1887 et
945 1871 986 1893 pro

143 1907 209 1928 tantis
227 1909 300 1934 potest
317 1907 430 1933 acceptari
447 1905 551 1935 passive,
578 1910 688 1934 qnantum
715 1909 736 1927 et
762 1912 803 1933 pro
826 1906 916 1933 quantis
938 1905 987 1927 vnit

144 1948 187 1968 tota
206 1945 304 1968 Trinitas
321 1945 395 1968 active
407 1953 418 1965 1>
431 1946 469 1972 (ita
486 1945 575 1967 Gabriel
596 1945 651 1972 hiel,
671 1945 702 1966 111.
720 1945 780 1966 Sent.
799 1944 819 1965 d.
837 1944 868 1966 19.
883 1948 933 1966 nota
947 1944 986 1971 3.).

145 1985 185 2007 Alii
204 1985 270 2013 pauci
288 1984 408 2010 volebant,
426 1984 492 2006 talem
511 1985 689 2012 acceptationem
713 1983 773 2006 inliti
789 1983 891 2005 conferre
908 1983 937 2005 ad
955 1988 987 2004 ra·

144 2025 227 2046 tionem
254 2024 417 2046 satisfactionis.
439 2022 589 2045 Communior
614 2026 689 2044 antem
715 2022 834 2047 sententia,
853 2021 927 2043 media
951 2022 987 2043 via

145 2063 264 2090 incedens,
283 2066 352 2089 tenet,
371 2063 549 2090 acceptationem
569 2063 626 2083 hane
644 2068 687 2083 non
706 2061 800 2090 quidem
818 2060 846 2082 ad
864 2059 987 2083 essentiam

145 2102 218 2124 meriti
236 2105 257 2124 et
274 2101 431 2123 satisfactionis
449 2101 544 2129 requiri,
557 2100 598 2122 sed
611 2100 639 2122 ad
651 2101 700 2122 eius
712 2099 917 2128 complementum,
932 2105 989 2127 qua-

146 2144 212 2163 tenus
229 2141 312 2162 scilieet
331 2140 352 2162 iu
370 2141 419 2167 ipsa
446 2141 582 2167 importetur
607 2139 720 2167 quaedam
740 2137 849 2167 obliyati'o
869 2137 985 2165 iustitiae,

146 2185 205 2208 quae
223 2185 276 2202 sane
302 2179 431 2201 nullatenus
453 2185 479 2201 ex
498 2182 562 2207 patrie
580 2178 618 2200 Dei
637 2178 781 2200 retribuentis
798 2178 885 2204 concipi
904 2180 988 2204 potest,

146 2219 188 2241 nisi
205 2219 323 2247 supposita
342 2222 465 2246 spontanea
484 2219 556 2246 ipsius
575 2218 733 2246 promissione.
751 2217 811 2239 Licet
828 2220 903 2238 antem
922 2217 989 2238 scoto

146 2258 298 2280 communiter
315 2260 336 2279 et
353 2258 420 2279 etiam
438 2264 449 2279 a
472 2257 590 2284 discipulis
605 2257 677 2284 ipsius
697 2256 774 2283 opinio
787 2255 937 2277 Nominalium
950 2255 989 2276 1111-

147 2297 219 2324 posita
237 2296 279 2323 sit;
298 2298 372 2317 tamen
390 2296 425 2317 alii
443 2295 547 2317 eiusdem
564 2295 666 2322 scholae,
694 2298 716 2316 ut
738 2294 852 2319 alasa-ins,
871 2293 989 2320 llauzeur,

150 2334 291 2362 Frasscnius,
311 2335 402 2362 tte-ino,
420 2335 504 2356 rectius
521 2333 635 2362 quaedam
653 2334 725 2361 ipsius
742 2332 812 2354 verba
825 2332 950 2360 aequivoca
963 2338 989 2353 ex

146 2373 196 2395 aliis
213 2373 268 2395 locis
285 2374 462 2400 interpretantur
480 2373 530 2399 (cfr.
548 2373 579 2394 111.
592 2373 652 2394 Seni.
665 2372 687 2394 d.
710 2372 742 2393 ta.
756 2378 777 2393 n.
792 2371 831 2398 9.),
844 2373 990 2398 mentemque

147 2413 197 2434 eius
214 2418 263 2434 esse
282 2412 374 2439 dicunt,
392 2412 454 2440 quoti
473 2413 529 2433 haee
546 2411 667 2433 satisfactio
680 2410 838 2432 antecedenter
850 2409 877 2431 ad
891 2412 990 2437 accepta-

148 2452 231 2473 tionem
249 2451 351 2473 divinam
369 2452 413 2473 iam
431 2457 458 2473 ex
475 2457 499 2473 se
521 2451 549 2473 sit
566 2450 678 2478 condigna
697 2451 718 2471 in
735 2450 789 2472 acta
804 2448 896 2477 prlmo,
916 2452 990 2470 tamen

148 2496 174 2512 ex
191 2489 349 2518 acceptatione
367 2489 418 2518 Dei,
439 2489 468 2511 ad
486 2489 589 2511 debitum
607 2488 768 2511 remittendum
794 2488 945 2515 promissione
967 2494 991 2509 se

149 2529 284 2557 obligantis,
302 2528 340 2550 liat
357 2528 469 2557 condigna
489 2530 510 2550 in
536 2530 591 2551 aeta
616 2527 724 2551 set-malo.
744 2528 773 2549 De
792 2528 833 2548 hac
850 2527 909 2548 scoti
927 2527 992 2548 inter-

150 2568 276 2596 pretatione
302 2567 428 2595 diseipulns
446 2568 468 2589 S.
487 2568 603 2594 Ttmmae,
621 2567 679 2589 Gotti
697 2566 786 2593 (Theoi.
810 2565 992 2587 scholastico-do·

151 2608 221 2634 gmat.
240 2609 254 2628 t.
273 2606 304 2628 111.
322 2609 349 2628 tr.
375 2606 391 2628 1.
410 2612 432 2634 q.
451 2606 471 2628 3.
490 2606 545 2628 dub.
565 2605 584 2627 4.
602 2605 615 2633 ‘g
633 2606 653 2627 3.
672 2611 692 2626 n.
716 2604 771 2633 17.>,
790 2603 858 2625 dit-it:
880 2612 889 2623 ιι
902 2603 961 2625 Haec
973 2604 992 2625 si

150 2646 180 2667 ita
197 2647 260 2673 sunt,
280 2645 343 2667 facile
361 2651 413 2667 cum
431 2645 498 2667 Seoto
515 2647 536 2666 et
554 2645 654 2666 Scotistis
671 2643 835 2665 conveniemus
847 2651 867 2664 11.

213 2684 235 2706 S.
254 2684 437 2706 Bonaventuram
455 2684 606 2706 communiori
624 2683 746 2705 sententiae
763 2682 892 2709 suffragari,
912 2681 994 2709 colligi-

150 2726 187 2744 tur
203 2729 230 2744 ex
255 2728 282 2744 eo
305 2722 367 2751 quod
386 2724 511 2750 generatim
529 2722 557 2744 de
575 2721 657 2744 merito
680 2719 790 2749 condiant?
806 2722 827 2741 et
844 2720 872 2742 de
889 2720 994 2749 accepta-

152 2760 212 2784 tione
230 2761 268 2783 Dei
286 2761 353 2783 docet
369 2761 392 2783 11.
410 2762 470 2783 Sent.
490 2761 511 2783 d.
530 2761 566 2782 27.
583 2767 603 2782 a.
622 2761 642 2782 2.
661 2766 682 2788 q.
701 2759 726 2787 3,
744 2762 765 2781 et
783 2758 804 2780 d.
821 2759 857 2780 29.
870 2764 889 2780 a.
907 2759 923 2780 1.
937 2765 958 2786 q.
976 2759 992 2781 l.

1040 1173 1104 1195 seqq.
1124 1166 1172 1195 (cfr.
1191 1167 1257 1189 etiam
1278 1167 1312 1189 lV.
1331 1168 1390 1189 Seut.
1404 1167 1426 1189 d.
1446 1167 1482 1190 45.
1500 1175 1520 1190 a.
1538 1169 1558 1190 2.
1577 1175 1598 1197 q.
1618 1169 1638 1190 2.
1656 1169 1677 1190 in
1696 1174 1780 1197 corp),
1794 1169 1832 1191 ubi
1845 1169 1885 1192 du-

1041 1206 1123 1233 plicem
1141 1205 1258 1233 distinguit
1276 1207 1454 1234 acceptationem
1477 1206 1592 1235 divinam,
1611 1214 1709 1236 quarum
1727 1208 1795 1230 altera
1814 1208 1885 1237 (hahi-

1042 1244 1108 1266 tualis
1125 1247 1146 1266 et
1164 1245 1293 1274 intrinseca)
1316 1245 1424 1267 fundatur
1441 1246 1463 1267 in
1482 1247 1529 1273 ipsa
1548 1247 1619 1274 gratia
1637 1246 1776 1275 adoptionis,
1795 1247 1886 1275 dignifi-

1041 1286 1105 1305 cante
1123 1287 1256 1311 operantem
1275 1285 1370 1313 eiusque
1392 1291 1462 1313 opus,
1485 1286 1552 1307 altera
1576 1291 1631 1307 vero
1655 1287 1728 1314 tquasi
1751 1287 1885 1314 extrinseca)

1041 1328 1067 1343 ex
1086 1323 1236 1350 promissione
1255 1323 1331 1345 divina
1350 1324 1428 1350 oritur,
1447 1326 1468 1345 et
1487 1324 1533 1351 ipsa
1551 1324 1610 1346 cadit
1628 1330 1698 1352 snper
1715 1325 1791 1352 ipsum
1809 1328 1884 1347 aetum

1043 1361 1191 1383 meritorium.
1211 1361 1269 1384 [laec
1287 1362 1386 1384 doctrina
1411 1362 1487 1391 quoad
1510 1362 1659 1385 substantiam
1681 1364 1789 1391 applicari
1813 1368 1885 1392 potest

1041 1400 1108 1421 etiam
1127 1399 1155 1421 ad
1175 1401 1279 1422 meritum
1298 1403 1319 1422 et
1336 1401 1511 1423 satisfactionem
1534 1401 1621 1424 Chi-isti
1640 1406 1744 1430 respectu
1768 1403 1886 1432 utriusque

1041 1439 1208 1466 acceptationis.
1236 1440 1338 1462 Attamen
1364 1439 1536 1462 observantium
1558 1444 1606 1468 est,
1630 1447 1770 1469 magnopere
1796 1442 1886 1464 differre

1042 1478 1220 1505 acceptationem
1239 1479 1260 1500 111
1279 1481 1376 1507 utroque
1388 1485 1450 1501 casu.
1468 1479 1522 1501 Nam
1536 1479 1710 1502 fundamentum
1727 1482 1887 1509 acceptationis

1042 1522 1139 1543 opernm
1152 1523 1163 1538 a
1177 1523 1233 1544 pnra
1246 1520 1349 1539 ereatura
1363 1518 1474 1540 factorum
1486 1521 1520 1540 est
1531 1518 1609 1547 qratia
1622 1518 1767 1548 adoptionis,
1782 1526 1841 1548 quae
1853 1524 1887 1542 est

1041 1555 1062 1576 in
1077 1561 1173 1582 persona
1186 1556 1301 1578 eat-tranen
1311 1565 1321 1584 ,·
1333 1557 1353 1578 in
1372 1556 1460 1579 Christo
1473 1560 1548 1579 antem
1561 1562 1594 1579 est
1609 1558 1689 1587 yratt'a
1706 1558 1801 1581 vunz'om's
1818 1558 1887 1588 hypo-

1042 1593 1150 1622 statam,
1170 1598 1191 1616 et
1210 1595 1257 1622 ipse
1275 1596 1342 1617 eiiam
1356 1599 1379 1617 nt
1391 1595 1428 1619 11ιύ
1441 1595 1510 1619 ltomo
1524 1600 1558 1619 est
1571 1597 1638 1619 Filius
1657 1597 1694 1619 Dei
1714 1599 1832 1626 naturalis,
1850 1605 1887 1619 ve-

1043 1639 1082 1654 rus
1100 1633 1160 1654 tiens
1176 1637 1196 1655 et
1214 1635 1338 1661 acet-pinni
1357 1634 1403 1656 Deo
1422 1635 1514 1656 minime
1532 1638 1652 1658 extraneus
1668 1637 1717 1663 (cfr.
1730 1643 1799 1664 supra
1814 1637 1836 1659 d.
1854 1638 1886 1659 10.

1043 1678 1062 1693 a.
1076 1672 1097 1693 2.
1110 1679 1131 1700 q,
1149 1673 1166 1693 1.
1179 1675 1199 1693 et
1213 1673 1332 1700 scholion).
1346 1673 1394 1700 ipsa
1408 1674 1476 1701 igitur
1489 1675 1542 1696 unio
1555 1675 1695 1702 hypostatica
1708 1676 1888 1699 eminentissimo

1044 1710 1113 1732 modo
1131 1712 1175 1732 iam
1194 1712 1292 1734 eontinet
1317 1713 1496 1739 acceptationem
1513 1713 1669 1735 satisfactionis
1690 1715 1887 1742 perfectissimam.

1107 1749 1137 1772 111.
1155 1749 1235 1777 Quoad
1254 1750 1276 1774 2.
1293 1751 1472 1773 controversiam
1490 1752 1523 1773 Ss.
1542 1752 1618 1774 Patres
1635 1756 1657 1774 et
1669 1753 1783 1781 quaedam
1796 1748 1886 1776 decreta

1044 1788 1107 1810 Sum.
1126 1789 1258 1811 Pontificum
1276 1790 1326 1816 (cl'r.
1342 1789 1459 1812 Constitui.
1479 1790 1616 1820 tfniqem'tus
1634 1792 1755 1815 (lietuentis
1769 1793 1888 1821 11151115-

1044 1828 1163 1850 factionem
1182 1827 1262 1850 Christi
1280 1829 1412 1857 praedieant
1429 1836 1479 1852 esso
1496 1830 1620 1860 infinitam.
1640 1831 1686 1853 Hoc
1704 1831 1832 1854 Nominales
1851 1839 1887 1853 xo.

1044 1867 1092 1889 lunt
1109 1867 1136 1888 ita
1154 1868 1278 1895 explicare,
1297 1870 1320 1889 ut
1339 1869 1445 1890 meritum
1463 1869 1543 1892 Christi
1562 1870 1688 1892 set-undum
1707 1878 1731 1892 se
1748 1871 1776 1893 sit
1794 1870 1886 1901 linitum

1043 1905 1191 1934 simpliciter,
1218 1911 1338 1935 acceptum
1356 1911 1430 1930 tamen
1449 1915 1460 1929 a
1480 1909 1525 1930 Deo
1551 1912 1575 1931 ut
1591 1910 1707 1932 sufficiens
1730 1917 1771 1938 pro
1797 1910 1889 1933 infinitis

1044 1944 1106 1966 Adae
1119 1944 1180 1972 111115,
1198 1945 1216 1966 si
1234 1945 1302 1968 futuri
1320 1951 1402 1968 essent.
1415 1946 1522 1969 Similiter
1535 1947 1644 1969 Scotistae
1656 1948 1727 1970 solent
1740 1948 1827 1976 dicere,
1846 1950 1889 1971 hoe

1044 1984 1150 2006 meritum
1169 1989 1213 2006 non
1231 1985 1299 2006 t'uisse
1315 1983 1451 2013 formaliter
1467 1989 1489 2007 et
1505 1985 1647 2010 intrinsecus
1659 1986 1790 2017 inlinitum,
1805 1988 1846 2010 sed
1857 1994 1889 2011 se-

1045 2021 1149 2045 cuudum
1167 2021 1223 2051 quia
1239 2026 1260 2045 et
1276 2023 1436 2051 altrinsecus,
1457 2028 1504 2046 tum
1522 2024 1552 2047 ob
1569 2026 1710 2048 sanctitatem
1729 2033 1841 2054 personae
1858 2027 1889 2049 di-

1044 2061 1123 2089 11111111,
1141 2064 1189 2083 ῑι1111
1207 2061 1237 2083 ob
1254 2063 1433 2090 acceptationem
1451 2063 1560 2086 divinam.
1577 2064 1622 2086 Sed
1635 2064 1739 2093 discipuli
1751 2066 1773 2088 S.
1787 2066 1889 2089 Thomae

1046 2106 1098 2122 eum
1117 2100 1220 2128 plurimis
1238 2101 1286 2123 aliis
1303 2101 1391 2128 dicunt,
1410 2102 1464 2124 illud
1483 2102 1552 2125 fuisse
1564 2102 1702 2133 simpliciter
1714 2107 1735 2126 et
1747 2104 1889 2128 intrinsecas

1046 2138 1165 2161 infinitum.
1183 2139 1230 2161 Hoc
1246 2143 1322 2162 antem
1341 2140 1466 2168 intelligunt
1484 2147 1527 2163 non
1546 2145 1650 2170 respectu
1667 2142 1769 2166 caritatis
1778 2143 1890 2173 physicae

1046 2184 1144 2205 operum
1161 2180 1344 2207 meritoriornm,
1369 2186 1428 2209 qnae
1446 2181 1525 2208 procul
1544 2181 1615 2204 dnbio
1632 2185 1665 2203 est
1682 2186 1756 2205 creata
1774 2186 1795 2205 et
1813 2184 1888 2209 finita,

1047 2223 1088 2239 nec
1108 2217 1234 2240 seeundum
1260 2221 1353 2241 actuum
1379 2219 1504 2241 honitatem
1529 2219 1661 2249 specificam
1686 2221 1707 2243 et
1728 2221 1887 2249 essentialem,

1047 2262 1116 2284 quam
1134 2259 1228 2278 sumunt
1239 2263 1265 2279 cx
1277 2256 1375 2285 obiecto,
1389 2258 1430 2280 sed
1442 2261 1546 2286 respectu
1565 2258 1650 2281 valoris
1666 2260 1687 2280 in
1705 2265 1789 2288 [lettere
1806 2260 1887 2288 moris,

1048 2299 1160 2323 quatenus
1177 2296 1199 2317 in
1216 2301 1240 2317 se
1258 2297 1313 2323 ipsis
1338 2298 1360 2318 et
1377 2297 1513 2319 intrinsecus
1530 2297 1614 2319 infinite
1633 2298 1794 2326 dignificentur
1811 2306 1822 2321 a
1841 2306 1890 2327 pcr-

1048 2339 1101 2355 sona
1121 2333 1198 2355 Verbi.
1216 2334 1275 2356 Licet
1292 2335 1353 2356 enim
1371 2335 1470 2357 actiones
1482 2336 1609 2357 meritoriae
1623 2336 1748 2363 procedant
1759 2337 1889 2359 immediate

1048 2371 1078 2393 ab
1095 2372 1193 2393 humana
1212 2372 1292 2394 Christi
1311 2376 1402 2400 natura,
1420 2375 1444 2395 ut
1460 2376 1493 2395 est
1509 2373 1653 2402 principium
1665 2380 1729 2403 quo;
1747 2375 1802 2397 haec
1815 2379 1889 2398 tamen

1050 2416 1093 2432 non
1106 2411 1257 2438 extrinsecuS,
1270 2411 1310 2433 sed
1327 2411 1468 2435 imi-insecus
1486 2413 1547 2435 unita
1565 2416 1598 2434 est
1615 2419 1667 2435 cum
1680 2419 1776 2440 persona
1790 2414 1873 2436 infinita
1884 2433 1889 2441 ,

1049 2450 1096 2475 cui,
1115 2452 1139 2471 ut
1151 2454 1184 2472 est
1200 2449 1342 2479 principium
1360 2450 1430 2479 quod,
1445 2452 1545 2473 actiones
1563 2451 1611 2473 illae.
1630 2452 1761 2475 tribuuntur
1778 2457 1799 2475 et
1816 2460 1827 2475 a
1846 2460 1890 2482 qna

1050 2488 1186 2510 intrinsecus
1199 2489 1335 2510 contrahunt
1347 2489 1448 2511 valorem
1462 2489 1582 2512 infinitum.
1592 2490 1680 2512 Revera
1694 2497 1737 2512 non
1750 2494 1783 2513 est
1795 2492 1891 2520 paritas,

1050 2530 1074 2549 ut
1091 2527 1185 2555 qnidam
1205 2526 1293 2554 dieunt,
1311 2528 1369 2550 inter
1386 2528 1517 2550 infinitatem
1530 2527 1667 2552 obt'eetlram
1683 2533 1705 2551 et
1721 2529 1890 2559 extrinsecam,

1050 2572 1109 2594 quae
1127 2566 1279 2588 communiter
1297 2565 1403 2588 tribuitur
1421 2569 1514 2594 peccato
1532 2568 1621 2590 mortali
1638 2569 1724 2590 ratione
1737 2569 1850 2592 relationis
1862 2570 1891 2592 ad

1050 2604 1178 2633 obiectum,
1196 2607 1272 2626 contra
1291 2604 1353 2633 quod
1372 2605 1464 2627 offendit
1482 2605 1554 2634 (quod
1572 2608 1633 2628 certo
1650 2610 1684 2629 est
1700 2608 1781 2629 actioni
1804 2608 1891 2631 eam-in-

1050 2644 1149 2670 secum),
1169 2646 1190 2665 et
1207 2643 1351 2671 infinitatem,
1370 2643 1398 2666 de
1411 2650 1455 2672 qua
1468 2650 1544 2666 sermo
1561 2647 1604 2673 est,
1618 2651 1670 2667 cum
1682 2645 1765 2668 ralatio
1778 2647 1891 2669 humanae

1050 2681 1131 2703 Christi
1150 2685 1242 2704 naturae
1260 2683 1355 2711 eiusque
1371 2684 1510 2710 operationis
1522 2683 1550 2706 ad
1563 2690 1685 2712 personam
1698 2684 1779 2708 Christi
1791 2687 1818 2709 sit
1830 2693 1892 2714 pror-

1051 2726 1090 2743 sus
1107 2720 1229 2748 singularis
1245 2725 1267 2743 et
1283 2722 1374 2749 penitus
1390 2721 1478 2744 differat
1496 2721 1524 2744 ab
1542 2722 1588 2750 illa¹
1605 2729 1650 2752 qua
1663 2724 1720 2745 actio
1732 2726 1890 2751 peccaminosa

1052 2759 1149 2782 refertur
1166 2759 1195 2781 ad
1212 2760 1260 2781 sive
1278 2761 1353 2787 potius
1371 2761 1454 2783 contra
1471 2761 1552 2783 Deum.

216 2898 223 2912 ¹
241 2898 287 2921 Cfr.
305 2899 318 2920 Ι.
336 2899 396 2921 Sent.
410 2898 432 2921 d.
451 2898 487 2920 46.
500 2905 521 2927 q.
538 2899 559 2920 6.
571 2909 602 2914 -
614 2898 656 2920 Pro
668 2896 750 2920 elicere
767 2897 819 2919 edd.
832 2903 885 2919 cum
903 2897 996 2919 nonnul-

153 2937 180 2960 lis
196 2937 264 2960 codd.
281 2937 372 2967 ellam.

215 2976 224 2990 ²
243 2976 300 2999 Vide
318 2976 339 2998 ll.
354 2977 414 2998 Sent.
427 2976 449 2999 d.
469 2977 504 2998 21.
518 2983 536 2998 a.
556 2977 576 2998 3.
590 2982 612 3004 q.
630 2976 650 2997 3.
663 2977 685 2997 111
703 2981 766 3003 corp.
779 2978 801 2997 et
818 2974 840 2996 d.
853 2975 888 2997 33.
905 2974 959 2997 dub.
973 2975 994 2997 2.

1113 2897 1123 2912 ³
1140 2897 1199 2920 Libr.
1218 2898 1240 2920 11.
1258 2898 1304 2921 Cur
1321 2899 1381 2921 Deus
1399 2900 1480 2928 homo,
1498 2906 1517 2922 c.
1537 2900 1572 2923 15.
1591 2901 1648 2923 Vide
1660 2908 1730 2930 supra
1748 2902 1819 2925 (1.18.
1837 2902 1890 2925 dub.

1052 2937 1072 2958 2.
1090 2940 1112 2959 et
1129 2936 1151 2959 d.
1173 2937 1205 2959 19.
1223 2943 1242 2959 a.
1266 2938 1282 2959 Ι.
1300 2944 1321 2966 q.
1340 2938 1360 2959 Ξ.
1378 2938 1406 2960 ad
1425 2939 1446 2960 3.

1113 2974 1123 2989 ⁴
1141 2975 1205 2998 Vers.
1227 2975 1260 2997 14.
1270 2988 1299 2992 —
1310 2976 1353 2999 Pro
1370 2976 1394 3000 in
1410 2977 1578 3007 sempiternum
1595 2979 1662 3002 codd.
1679 2979 1702 3003 in
1720 2980 1876 3010 semetipstmi.
