2166 3366
122 2624 151 2643 Ad
164 2624 239 2648 opposi-

911 192 1163 221 SENTENTIARUM
1184 192 1244 221 LlB.
1267 191 1306 219 ΙΙΙ.

476 336 917 388 COMMENTARIUS
951 336 1013 384 IN
1046 335 1485 384 DISTINGTIONEM
1518 334 1741 383 XXXVII.

374 457 419 489 De
444 460 675 501 praeceptorum
702 454 842 498 Decaiogi
869 453 1059 487 distinctione
1085 452 1115 485 in
1141 452 1366 497 comparatione
1391 452 1431 485 ad
1453 451 1634 496 scripturam
1658 450 1844 484 tabularum.

827 560 883 589 Sed
903 559 965 588 iam
987 558 1156 587 distributio
1178 557 1317 595 Deealoqi
1337 561 1388 586 etc.

968 657 1091 687 DIVISIO
1113 657 1251 686 TEXTUS.

313 773 380 802 Pars
401 773 469 806 ista,
492 772 518 800 in
540 780 596 809 qua
612 771 741 808 Magister
762 771 819 808 agit
837 771 871 799 de
886 770 942 799 vita
964 770 1082 807 gratiae,

235 829 320 859 quam
343 820 519 857 suscepimus
540 826 590 856 per
613 818 754 847 Christum
777 821 804 846 et
834 818 861 846 in
883 826 939 854 qua
961 816 1084 845 vivimus

236 867 392 897 secundum
414 866 572 900 Christum,
594 866 684 894 divisa
706 865 757 893 suit
773 865 799 893 in
822 867 916 902 partes
937 864 1008 893 duas
1021 864 1040 892 ¹.
1055 863 1083 891 In

236 922 358 952 quarum
379 913 471 951 prima
486 912 654 942 determinat
673 912 801 949 Magister
817 911 851 940 de
867 911 1011 939 habitibus
1025 918 1085 947 gra-

236 962 329 995 tuitis,
351 962 379 989 in
407 960 511 998 quibus
536 960 661 989 consistit
689 958 844 996 spiritualis
866 958 938 986 vitae
966 957 1086 994 comple-

236 1012 379 1043 mentum,
395 1009 422 1036 in
445 1007 568 1036 secunda
583 1014 649 1035 vero
672 1006 706 1035 de
721 1005 877 1043 praeceptis
899 1005 1041 1041 Decalogi‚
1058 1005 1084 1033 in

236 1056 340 1093 quibus
361 1055 486 1084 consistit
514 1054 668 1091 spiritualis
697 1054 769 1082 vitae
791 1052 968 1081 exercitium.
995 1051 1085 1080 Prima

236 1106 317 1140 parte
341 1102 505 1136 terminata,
535 1101 579 1129 hic
608 1100 703 1137 incipit
725 1099 856 1129 secunda.
881 1115 920 1119 —
945 1098 1086 1127 Dividitur

237 1153 331 1179 autem
354 1157 420 1186 pars
447 1149 499 1177 ista
527 1148 555 1176 in
576 1151 671 1184 partes
693 1150 757 1175 tres.
787 1147 815 1175 ln
844 1153 965 1183 quarum
995 1146 1087 1182 prima

238 1197 406 1226 determinat
434 1196 469 1224 de
491 1194 667 1224 distinctione
689 1196 902 1231 praeceptorum
926 1192 953 1220 in
976 1200 1087 1228 compa-

239 1245 346 1273 ratione
367 1243 402 1272 ad
424 1242 592 1280 scripturam
624 1241 793 1270 tabularum.
816 1240 845 1268 ln
868 1239 992 1269 secunda
1020 1247 1087 1268 vero

238 1292 406 1321 determinat
428 1290 462 1319 de
483 1290 581 1319 eadem
604 1292 734 1326 respectu
762 1288 959 1325 obliquitatum
982 1287 1087 1317 eisdem

239 1339 447 1377 oppositarum,
469 1337 517 1366 ubi
533 1337 590 1373 agit
611 1336 646 1365 de
661 1335 805 1364 mendacio
827 1337 854 1363 et
876 1334 999 1372 periurio
1012 1335 1032 1369 ²,
1051 1334 1089 1363 in-

240 1386 283 1414 fra
297 1384 473 1414 distinctione
488 1383 631 1420 trigesima
647 1385 758 1411 octava:
783 1381 939 1410 Sciendum
961 1385 1011 1415 est,
1028 1381 1088 1409 tritt

239 1440 298 1461 esse
319 1430 542 1460 mendaciorum
561 1438 671 1467 genera
692 1432 742 1457 etc.
773 1429 800 1456 ln
823 1428 905 1457 tertia
936 1436 1004 1456 vero
1032 1428 1089 1465 agit

240 1479 274 1508 de
293 1478 398 1507 eisdem
414 1477 570 1514 praeceptis
585 1475 774 1513 comparando
796 1475 895 1512 Legem
912 1474 947 1503 ad
971 1474 1089 1511 Evange-

1141 769 1226 803 lium,
1242 768 1313 796 infra
1334 768 1510 797 distinctione
1525 767 1752 804 quadragesima:
1770 767 1890 796 Sextum
1907 775 1990 804 prae-

1141 819 1254 852 ceptum
1276 818 1338 843 est.-
1361 815 1426 843 Non
1448 814 1628 843 desiderabis
1652 818 1703 843 etc.

1220 862 1312 891 Prima
1338 870 1418 899 pars,
1448 869 1520 898 quae
1548 862 1669 890 continet
1691 864 1867 898 praesentem
1896 861 1991 890 distin-

1142 910 1275 943 ctionem,
1290 908 1426 937 dividitur
1442 909 1468 937 in
1485 911 1578 945 partes
1593 908 1672 937 duas.
1688 908 1717 936 ln
1732 916 1853 945 quarum
1880 908 1969 944 prima
1981 907 1990 921 ³

1142 957 1309 993 exsequitur
1324 956 1358 984 de
1374 956 1529 993 praeceptis
1551 955 1659 992 primae
1674 955 1795 984 tabulae.
1817 955 1844 983 ln
1868 955 1992 984 secunda

1142 1012 1209 1033 vero
1231 1004 1266 1032 de
1288 1003 1443 1040 praeceptis
1465 1003 1617 1037 secundae,
1640 1002 1692 1031 ibi:
1718 1002 1752 1030 In
1773 1002 1903 1031 secunda
1923 1010 1992 1031 vero

1144 1051 1245 1080 tabula
1266 1054 1371 1087 septem
1393 1054 1478 1078 ei-ctnt
1499 1050 1645 1078 ‘mandata
1666 1052 1717 1078 etc.

1223 1098 1314 1126 Prima
1336 1106 1401 1134 pars
1423 1097 1508 1126 habet
1529 1100 1586 1126 tres
1607 1100 1717 1133 partes,
1739 1096 1895 1126 secundum
1917 1096 1993 1133 quod

1144 1146 1197 1174 tria
1212 1149 1277 1174 sunt
1293 1145 1423 1173 mandata
1438 1145 1546 1181 primae
1562 1144 1682 1178 tabulae,
1698 1144 1733 1172 de
1748 1143 1852 1181 quihus
1866 1143 1994 1181 exsequi-

1145 1196 1199 1221 tur.
1216 1193 1243 1220 ln
1261 1192 1350 1228 prima
1372 1191 1428 1228 agit
1443 1191 1477 1230 de
1493 1191 1593 1228 primo.
1616 1191 1643 1219 ln
1659 1191 1783 1220 secunda
1804 1191 1839 1219 de
1855 1190 1992 1225 secundo,

1146 1240 1195 1268 ibi:
1219 1239 1385 1268 Secundum
1399 1242 1588 1275 praeceptum
1609 1241 1649 1266 est
1665 1241 1715 1267 etc.
1739 1238 1766 1266 ln
1783 1238 1864 1267 tertia
1886 1238 1921 1267 de
1942 1241 1994 1266 ter-

1146 1287 1198 1321 tio,
1221 1286 1275 1314 ihi:
1299 1285 1452 1319 Memento,
1476 1289 1509 1313 ut
1523 1284 1598 1313 diem
1614 1284 1737 1313 Sabbati
1756 1284 1920 1322 sanctifices
1941 1287 1993 1313 etc.

1225 1332 1352 1361 Secunda
1374 1340 1441 1360 vero
1461 1339 1526 1368 pars
1541 1331 1677 1360 dividitur
1698 1331 1725 1359 in
1741 1331 1865 1369 quinque
1886 1334 1994 1368 partes,

1146 1380 1302 1408 secundum
1324 1379 1399 1416 quod
1422 1379 1546 1415 quinque
1568 1381 1634 1407 sunt
1656 1378 1805 1411 mandata,
1828 1378 1862 1407 de
1890 1378 1994 1415 quibus

1146 1426 1312 1463 exsequitur
1334 1426 1465 1454 breviter.
1496 1425 1705 1454 Subdivisiones
1721 1424 1730 1437 ⁴¹
1757 1427 1852 1453 autem
1881 1424 1995 1454 illarum

1147 1474 1269 1511 partium
1292 1473 1359 1502 satis
1381 1472 1543 1501 manifestae
1565 1475 1630 1501 sunt
1650 1472 1678 1500 in
1699 1472 1797 1501 littera.

893 1573 1079 1602 TRACTATlO
1101 1573 1346 1610 QUAESTIONUM.

320 1677 359 1706 Ad
381 1675 591 1713 intelligentiam
614 1677 708 1703 autem
730 1674 816 1703 huius
833 1674 919 1711 partis
934 1673 1031 1702 incidit
1044 1673 1091 1702 hic

243 1724 369 1763 quaestio
390 1724 425 1753 de
447 1723 585 1751 mandatis
600 1721 728 1758 Decalogi
744 1721 771 1750 in
787 1720 918 1758 generali.
942 1720 1021 1749 Circa
1039 1720 1091 1748 hoc

242 1775 336 1801 autem
359 1772 415 1800 duo
436 1770 603 1808 generaliter
625 1772 742 1806 possunt
764 1768 869 1806 quaeri.

322 1819 446 1847 Primum
474 1821 516 1847 est
544 1817 579 1846 de
607 1817 734 1854 ipsorum
764 1815 962 1843 mandatorum
991 1814 1093 1850 obliga-

244 1867 325 1895 tione.

323 1912 483 1941 Secundum
505 1918 572 1939 vero
593 1913 634 1938 est
656 1910 690 1938 de
712 1908 887 1938 distinctione
909 1911 935 1936 et
956 1907 1063 1936 ordine.

324 1959 403 1988 Circa
424 1958 547 1995 primum
570 1959 746 1994 quaeruntur
769 1955 829 1983 tria.

1228 1672 1320 1701 Primo
1341 1672 1504 1709 quaeritur,
1527 1675 1623 1701 utrum
1646 1671 1732 1700 verba
1746 1671 1874 1708 Decalogi
1897 1671 1998 1700 debue-

1150 1720 1205 1748 rint
1226 1727 1286 1748 esse
1308 1719 1479 1756 obligatoria.

1229 1766 1371 1800 Secundo,
1394 1770 1491 1795 utrum
1513 1766 1635 1802 obligent
1656 1766 1691 1794 ad
1713 1772 1798 1802 opera
1819 1765 1891 1793 bona
1913 1764 1940 1793 in
1955 1772 1998 1802 ge-

1151 1822 1216 1842 nere
1238 1814 1382 1848 tantum⁵,
1404 1822 1437 1841 an
1460 1813 1542 1842 etiam
1565 1813 1600 1841 ad
1622 1820 1707 1849 opera
1728 1812 1855 1841 formata.

1230 1861 1336 1894 Tertio,
1366 1863 1463 1888 utrum
1492 1859 1623 1896 obligatio
1654 1859 1768 1888 illorum
1800 1859 1998 1887 mandatorum

1151 1906 1285 1944 procedat
1307 1906 1461 1935 secundum
1485 1906 1574 1942 legem
1593 1909 1726 1940 naturae,
1741 1914 1777 1934 an
1792 1906 1948 1934 secundum
1965 1906 1999 1935 le-

1151 1962 1213 1991 gem
1236 1954 1376 1990 scriptam.

980 2052 1215 2086 ARTICULUS
1241 2053 1262 2085 1.

809 2149 850 2176 De
871 2148 1082 2176 mandatorum
1105 2147 1243 2184 Decctloyi
1263 2146 1442 2184 obligatione.

1026 2245 1189 2282 QUAEsrio
1210 2245 1228 2273 1.

613 2336 717 2364 Utrum
741 2335 816 2363 Dens
837 2333 968 2363 debuerit
989 2332 1101 2361 homini
1121 2332 1268 2369 imponere
1288 2332 1433 2361 nictndcttct
1454 2332 1638 2370 obliyottorict.

329 2437 406 2465 Circa
422 2436 546 2473 primum
561 2435 600 2464 sic
617 2434 778 2472 proceditur
793 2436 820 2462 et
831 2433 986 2470 quaeritur,
1002 2435 1098 2460 utrum

251 2484 325 2513 Deus
347 2483 476 2512 debuerit
497 2482 603 2511 homini
624 2482 766 2518 imponere
781 2481 912 2509 mandata
927 2480 1098 2517 obligatoria.

253 2532 283 2560 Et
305 2531 380 2568 quod
402 2539 473 2564 non,
495 2530 624 2558 videtur:

333 2580 356 2606 l.
380 2578 470 2606 Primo
492 2585 542 2614 per
565 2576 635 2604 illud
664 2576 738 2613 quod
767 2575 870 2604 dicitur
898 2574 932 2603 ad
964 2575 1100 2603 Romanos

253 2625 370 2662 septimo
381 2625 390 2639 ⁶
404 2635 409 2652 :
425 2625 594 2657 Peccatum,
611 2622 762 2651 occasione
776 2625 895 2659 accepta
907 2630 961 2658 per
976 2621 1099 2649 manda-

1158 2435 1228 2465 tnm,
1253 2435 1404 2468 operatum
1422 2435 1463 2459 est
1477 2431 1508 2459 in
1529 2439 1573 2459 me
1588 2439 1700 2459 omnem
1715 2430 1980 2467 concupiscentiam
1992 2440 2001 2463 ‚-

1158 2479 1204 2507 sed
1228 2479 1302 2507 Deus
1323 2478 1392 2506 nihil
1415 2478 1497 2506 debet
1515 2477 1673 2514 imponere,
1695 2477 1770 2514 quod
1792 2473 1872 2505 faciat
1888 2476 1923 2505 ad
1938 2485 2002 2514 aug-

1158 2528 1283 2554 mentum
1305 2524 1561 2561 concupiscentiae:
1584 2532 1651 2561 ergo
1672 2532 1725 2552 non
1741 2524 1839 2552 debuit
1860 2523 2001 2552 hominem

1158 2580 1207 2609 per
1229 2571 1360 2600 mandata
1380 2571 1512 2607 obligare.

1237 2620 1262 2647 z).
1285 2618 1368 2653 ltem,
1397 2626 1482 2655 super
1504 2618 1574 2646 illud
1596 2617 1704 2654 primae
1725 2618 1760 2646 ad
1782 2617 1938 2645 Corinthios
1959 2617 2003 2645 de-

315 2758 321 2772 1
341 2758 399 2780 Vide
418 2764 487 2786 supra
507 2757 528 2780 tl.
547 2758 583 2779 23.
603 2757 668 2779 divis.
688 2758 768 2778 textus.

314 2797 323 2811 ²
342 2797 364 2818 ln
382 2796 432 2819 cod.
450 2797 470 2818 li
488 2797 520 2819 sic
537 2797 657 2824 pergitur:
671 2795 698 2818 (Ie
709 2794 800 2824 primo,
815 2794 867 2817 dist.
880 2793 917 2818 58
928 2802 935 2817 :
949 2794 1099 2818 Sciendum...

252 2841 346 2864 qenera.
356 2835 389 2858 De
401 2834 514 2862 secundo,
531 2834 634 2857 cislelicet
646 2834 673 2857 de
685 2833 804 2863 periurio,
820 2833 884 2862 infra
896 2833 948 2856 dist.
961 2831 998 2857 59
1010 2841 1017 2856 :
1029 2833 1101 2857 Nunc

253 2872 280 2896 dc
294 2873 401 2902 periurio
419 2878 460 2896 etc.
478 2886 509 2889 —
526 2874 595 2895 Paulo
613 2874 721 2901 superius
739 2879 780 2900 pro
798 2872 825 2895 de
842 2871 924 2895 eodem
946 2872 1010 2894 multi
1032 2871 1099 2894 codd,

254 2910 280 2933 de
297 2911 390 2934 eisdem.

317 2949 326 2964 ³
343 2950 398 2972 Edd.
417 2951 504 2973 arictum
520 2950 651 2979 praemisso
670 2956 769 2973 numero
786 2951 967 2979 praeceptorum
984 2950 1006 2972 et
1022 2948 1100 2972 distin-

255 2987 329 3010 ctione
347 2990 452 3017 respectet
470 2988 616 3012 tabidarum.

1219 2754 1228 2768 ¹¹
1246 2753 1317 2776 Codd.
1335 2754 1353 2774 G
1364 2753 1369 2774 l
1380 2753 1395 2774 L
1406 2753 1423 2774 T
1435 2752 1454 2774 V
1472 2758 1498 2774 aa
1516 2751 1672 2781 Siqnott'ones.

1220 2793 1229 2807 ⁵
1246 2793 1301 2814 Fere
1318 2798 1398 2814 omnes
1411 2791 1478 2814 codd.
1491 2794 1512 2813 et
1529 2791 1581 2813 edd.
1597 2791 1604 2812 l
1616 2809 1621 2818 ,
1640 2791 1653 2812 2
1671 2791 1777 2812 omittunt
1788 2789 1887 2811 tantu-m.
1900 2787 2003 2810 Subinde

1158 2838 1200 2860 pro
1219 2831 1291 2860 tepent
1304 2830 1417 2859 scriptum
1429 2829 1482 2852 edd.
1496 2828 1568 2859 leqem
1579 2828 1719 2857 scripturae.
1733 2827 1793 2849 ldem
1806 2827 1892 2854 pluries
1904 2827 2002 2849 occurrit

1158 2871 1213 2892 infra
1233 2871 1255 2891 in
1273 2870 1321 2897 ipsa
1341 2873 1427 2898 quaest.

1222 2909 1231 2923 ⁶
1250 2910 1312 2931 Vers.
1332 2909 1368 2930 1111.
1386 2921 1417 2924 —
1434 2907 1514 2931 Minoi·
1530 2907 1639 2929 fundatur
1656 2906 1679 2927 in
1698 2905 1758 2927 dieto
1774 2905 1873 2933 Ariston,
1891 2905 1915 2927 ll.
1933 2906 2002 2927 Ethic..

1158 2955 1177 2971 c.
1200 2949 1217 2976 1,
1236 2948 1299 2977 quod
1317 2947 1432 2975 legislator
1449 2946 1544 2968 intendit
1561 2951 1602 2973 per
1619 2945 1681 2972 leges
1699 2942 1770 2966 bonos
1787 2944 1884 2966 reddere
1902 2944 1970 2966 cives.
