2166 3366
743 190 825 218 DtST.
847 190 899 218 Xll.
921 190 993 218 ART.
1016 190 1034 218 1.
1056 191 1191 227 QUAEST.
1214 192 1230 219 l.
1803 192 1856 220 261

425 320 861 380 COMMENTARIUS
896 321 957 368 IN
989 321 1425 370 DISTINCTIONEM
1459 323 1558 371 XII.

700 424 744 456 De
770 423 939 456 conditione
964 430 1090 457 naturae
1116 431 1280 459 assumtae.

593 517 667 546 Solet
687 517 774 546 etiam
796 518 913 555 quaeri,
936 521 1037 546 ulrztm
1059 518 1153 546 alium
1174 518 1316 547 hominem
1339 524 1389 549 etc.

851 604 972 632 Dtvtsto
994 604 1131 633 TEXTUS.

198 703 225 731 In
249 702 481 740 praecedentibus
503 702 699 731 determinavit
720 703 848 739 Magister
869 702 903 731 de
926 702 962 731 in-

120 750 278 779 carnatione
296 749 378 778 Verbi
396 750 421 778 in
444 758 481 778 se.
498 750 525 778 In
549 750 600 778 hac
615 758 681 778 vero
697 753 774 786 parte
796 749 962 778 determinat

120 797 155 826 de
180 797 239 834 ipsa
265 796 468 836 incarnatione,
495 801 579 833 prout
604 796 751 825 ordinatur
777 796 811 824 ad
837 799 961 824 nostram

121 844 354 880 redemptionem
375 846 402 872 et
417 843 501 871 durat
523 843 590 871 liaeo
612 850 677 880 pars
692 851 708 871 a
726 842 862 879 principio
877 843 962 870 huius

120 890 303 919 distinctionis
318 890 500 918 duodecimae
517 897 604 926 usque
623 890 658 918 ad
674 889 835 926 vigesimam
852 889 961 917 tertiam

121 937 324 966 distinctionem
340 941 366 965 et
380 937 500 965 continet
522 936 652 965 undecim
669 936 867 969 distinctiones,
890 936 962 965 sicut

118 987 146 1012 et
170 991 235 1020 pars
261 983 439 1020 praecedens.
465 983 605 1011 Dividitur
630 986 722 1011 autem
750 983 818 1011 baec
843 990 908 1019 pars
934 983 961 1010 in

118 1030 197 1059 duas.
218 1030 245 1058 ln
260 1038 380 1067 quarum
402 1030 492 1067 prima
507 1030 562 1067 agit
580 1030 614 1058 de
629 1029 685 1063 his,
708 1029 862 1058 secundum
888 1037 960 1066 quae

118 1077 219 1105 Christi
242 1077 393 1105 incarnatio
420 1077 566 1105 ordinatur
594 1076 629 1104 ad
651 1080 774 1104 nostram
798 1076 962 1112 redemptio-

118 1131 190 1152 nem.
217 1124 244 1152 ln
273 1123 395 1152 secunda
424 1131 490 1152 vero
517 1123 573 1160 agit
601 1123 635 1151 de
664 1123 723 1159 ipsa
752 1122 961 1159 redemptione,

118 1178 190 1208 quae
210 1170 281 1199 facta
301 1174 342 1199 est
358 1178 407 1207 per
422 1170 594 1207 passionem,
611 1170 678 1198 infra
696 1169 870 1198 distinctione
892 1169 963 1198 deci-

119 1224 164 1244 ma
185 1224 270 1244 nona:
294 1215 379 1244 Nune
400 1224 598 1254 quaeramus,
620 1216 747 1254 qualiter
767 1224 819 1253 per
839 1220 959 1244 mortem

119 1263 213 1301 ipsius
234 1267 284 1292 etc.
302 1263 332 1291 Et
346 1263 477 1301 quoniam
492 1263 630 1292 ordinatio
649 1263 845 1291 incarnationis
866 1263 901 1292 ad
918 1272 962 1291 no-

118 1314 203 1338 stram
227 1310 445 1347 redemptionem
463 1311 489 1338 in
511 1314 632 1347 quatuor
653 1310 792 1345 consistit,
815 1310 918 1339 scilicet
934 1311 961 1338 in

118 1356 322 1394 conformitate
336 1360 472 1390 natiuae,
487 1357 514 1385 in
526 1357 706 1394 plenitudine
727 1357 860 1394 qratiae¹
877 1358 902 1385 in
919 1357 962 1385 (Ie-

119 1402 196 1442 feetu
214 1404 421 1441 passibilitatis
440 1408 467 1432 et
487 1404 512 1432 in
528 1412 586 1432 usu
600 1404 733 1432 virtutis.-
750 1404 811 1432 ideo
828 1412 891 1441 pars
910 1405 961 1432 ista

118 1451 201 1479 habet
225 1454 346 1488 quatuor
367 1455 469 1487 partes.
494 1451 521 1478 In
544 1458 664 1488 quarum
682 1451 771 1487 prima
796 1451 961 1479 determinat

118 1497 246 1534 Magister
261 1497 295 1525 de
317 1505 417 1534 genere
432 1501 560 1525 ‘natm-ae
580 1501 743 1530 assumtae,
759 1501 854 1525 utrum
877 1497 961 1525 suerit

118 1544 153 1572 de
167 1551 267 1581 genere
283 1544 363 1572 Adae.
387 1544 414 1571 ln
436 1544 557 1572 secunda
579 1552 645 1572 vero
660 1544 715 1580 agit
730 1544 764 1572 de
782 1543 962 1580 plenitudine

115 1591 250 1628 yratiae,
267 1591 337 1619 infra
355 1591 529 1619 distinctione
551 1590 658 1619 decima
676 1591 773 1618 tertia:
802 1591 960 1618 Praeterea

118 1637 268 1665 sciendum
283 1640 337 1670 est,
355 1636 504 1665 Chris-lum
524 1637 685 1665 secunaum
701 1636 843 1665 homiuem.
865 1641 915 1666 ete.
932 1637 960 1665 ln

119 1683 199 1713 tertia
221 1691 287 1712 vero
305 1684 360 1721 agit
375 1684 409 1712 de
425 1682 536 1721 defectu
552 1684 754 1720 passibilitatis,
776 1683 846 1712 int'ra
867 1684 961 1713 distin-

1019 703 1108 731 ctione
1130 703 1237 732 decima
1259 704 1372 741 quinta:
1396 705 1473 734 Illud
1499 716 1610 744 quoque
1631 710 1862 745 praetermitten-

1019 749 1090 777 dum
1113 758 1169 777 non
1187 755 1227 778 est
1248 755 1298 779 etc.
1316 751 1341 779 ln
1365 756 1463 789 quarta
1486 761 1552 781 vero
1567 754 1622 790 agit
1644 755 1678 783 de
1693 764 1750 783 usu
1772 759 1863 785 virtu-

1020 796 1070 829 tis,
1093 796 1164 825 infra
1186 797 1359 827 distinctione
1379 799 1486 827 decima
1508 800 1636 836 septima:
1655 801 1731 830 Illud
1752 811 1862 841 quoque

1019 843 1207 871 considerari
1226 848 1350 880 oportet,
1373 849 1474 873 utrum
1499 846 1633 875 Christus
1653 851 1704 876 etc.

1099 890 1189 918 l‘rima
1215 899 1279 927 pars
1306 892 1426 920 eontinet
1452 898 1625 929 praesentem
1659 895 1860 924 distinctionem

1019 940 1046 965 et
1067 937 1154 965 dividi
1177 937 1260 966 habet
1276 938 1300 966 in
1325 942 1417 975 partes
1434 942 1496 967 tres.
1517 940 1544 968 ΙΙ]
1564 948 1684 977 quarum
1706 942 1796 978 prima
1813 943 1863 970 Ma-

1021 983 1106 1020 gister
1134 984 1300 1012 determinat
1328 985 1362 1013 de
1394 986 1550 1015 conditione
1578 991 1694 1016 naturae
1722 993 1862 1018 assumtae

1019 1033 1154 1067 quantum
1171 1031 1205 1059 ad
1221 1040 1317 1068 genus.
1333 1032 1361 1060 In
1377 1033 1499 1061 secunda
1514 1033 1548 1062 de
1570 1034 1724 1063 conditione
1746 1040 1862 1065 naturae

1019 1082 1160 1106 assumtae
1182 1081 1318 1114 quantum
1341 1079 1376 1107 ad
1400 1079 1520 1108 liberum
1542 1080 1706 1116 arbitrium,
1728 1082 1779 1110 ibi:
1797 1083 1862 1111 Ideo

1018 1131 1076 1151 *non
1102 1124 1246 1152 immerito
1268 1125 1437 1162 quaeritur,
1459 1130 1561 1154 utrmn
1583 1127 1629 1155 ille
1653 1131 1703 1156 eto.
1731 1129 1758 1156 In
1781 1129 1861 1157 tertia

1020 1178 1085 1199 vero
1099 1170 1155 1207 agit
1170 1171 1203 1200 de
1219 1172 1374 1201 conditione
1389 1170 1508 1201 naturae*
1520 1177 1659 1203 assumtae
1675 1179 1810 1212 quantum
1826 1176 1861 1205 ad

1018 1225 1132 1251 sexum,
1145 1218 1193 1246 ibi:
1210 1218 1285 1247 Solet
1298 1219 1385 1247 etiam
1400 1220 1519 1257 quaeri,
1535 1222 1670 1258 quamvis
1685 1222 1799 1251 curiose
1810 1227 1860 1252 etc.

1099 1264 1188 1292 Prima
1210 1273 1274 1302 pars
1298 1266 1379 1294 habet
1401 1266 1480 1295 duas.
1503 1268 1530 1295 In
1552 1268 1643 1304 prima
1666 1273 1756 1297 movet
1780 1278 1862 1306 quae-

1018 1311 1134 1339 stionem
1161 1315 1187 1339 et
1218 1311 1393 1340 determinat.
1415 1313 1442 1341 ln
1465 1314 1587 1342 secunda
1608 1323 1674 1343 vero
1696 1317 1860 1345 auctoritate

1020 1357 1182 1389 confirmat,
1204 1358 1258 1386 ibi:
1287 1359 1321 1386 [lt
1342 1359 1416 1387 enim
1439 1360 1483 1388 ait
1506 1361 1691 1398 Anqusctnus
1712 1366 1762 1391 etc.

1096 1405 1228 1434 Similiter
1250 1406 1371 1434 secunda
1387 1415 1451 1443 pars
1472 1407 1555 1436 habet
1571 1408 1649 1437 duas.
1666 1409 1692 1437 ln
1713 1410 1803 1446 prima
1818 1410 1862 1439 de-

1020 1451 1150 1479 terminat
1173 1452 1326 1480 veritatem.
1349 1453 1375 1480 ln
1398 1454 1521 1482 secunda
1546 1454 1672 1484 dissolvit
1697 1457 1862 1493 sophisticas

1019 1497 1151 1532 rationes,
1172 1498 1219 1526 ibi:
1238 1499 1364 1534 Quidam
1387 1503 1481 1528 tamen
1494 1500 1622 1537 probare
1643 1507 1788 1531 conantur
1807 1507 1860 1533 etc.

1097 1545 1228 1573 Similiter
1243 1546 1324 1574 tertia
1346 1554 1409 1582 pars
1426 1547 1508 1575 habet
1530 1548 1608 1576 duas.
1626 1549 1651 1577 ln
1675 1550 1764 1586 prima
1779 1559 1861 1587 quae-

1019 1591 1054 1619 rit
1072 1592 1261 1628 quaestionem
1282 1595 1309 1621 et
1324 1593 1498 1622 determinat.
1515 1594 1543 1622 In
1559 1596 1681 1624 secunda
1702 1597 1861 1632 confirmat,

1018 1641 1044 1666 et
1071 1638 1121 1666 boc
1147 1638 1202 1666 ilii:
1230 1638 1309 1667 Unde
1334 1640 1520 1676 Augustinus
1549 1641 1579 1669 in
1606 1641 1679 1670 libro
1708 1643 1862 1681 Octoginta

1019 1685 1111 1713 trium
1135 1686 1343 1720 Quaestionum
1366 1691 1415 1715 etc.

765 1770 949 1798 TRACTATto
971 1771 1213 1807 QUAESTlONUM.

196 1857 234 1885 Ad
257 1857 465 1893 intelligentiam
480 1860 573 1885 autem
596 1857 682 1885 huius
697 1857 783 1894 partis
805 1857 959 1886 secundum

117 1904 186 1938 tria,
207 1912 279 1941 quae
300 1904 428 1941 Magister
450 1904 631 1938 determinat,
654 1904 749 1933 incidit
771 1904 814 1933 hic
837 1905 962 1941 quaestio

117 1951 192 1980 circa
213 1951 274 1979 tria.

197 1997 287 2026 Primo
309 1997 454 2034 quaeritur
475 1997 510 2026 de
531 1998 704 2034 congruitate
726 2001 842 2027 naturae
856 2006 962 2027 assum-

119 2049 162 2073 tae
182 2048 317 2081 quantum
340 2044 375 2073 ad
395 2052 491 2081 genus.

196 2091 323 2120 Secundo
339 2099 404 2119 vero
423 2091 568 2128 quaeritur
582 2095 718 2128 quantum
740 2091 774 2120 ad
791 2092 870 2120 liberi
892 2092 963 2120 arbi-

118 2138 163 2166 trii
187 2146 278 2166 nsum.

1098 1858 1189 1886 Tertio
1211 1866 1276 1887 vero
1298 1859 1443 1896 quaeritur
1471 1861 1505 1889 de
1534 1861 1593 1898 ipsa
1617 1865 1717 1891 natura
1738 1867 1862 1893 assumta

1019 1908 1155 1941 quantum
1177 1905 1212 1933 ad
1234 1906 1442 1942 congruentiam
1465 1915 1559 1936 sexus.

1097 1951 1176 1980 Circa
1197 1952 1320 1988 primum
1343 1957 1519 1989 quaeruntur
1541 1954 1606 1983 duo.

1098 1998 1188 2026 Primo
1210 1999 1370 2035 quaeritur,
1393 2004 1487 2028 utrum
1504 2001 1632 2029 debuerit
1652 2010 1796 2031 assumere
1814 2003 1863 2031 ho-

1019 2045 1135 2078 minem,
1157 2045 1203 2082 qui
1226 2049 1298 2073 esset
1319 2046 1353 2074 de
1375 2054 1476 2083 genere
1493 2047 1587 2075 Adam.

1097 2092 1224 2120 Secundo
1250 2100 1328 2126 vero,
1358 2097 1452 2121 utrum
1479 2101 1634 2131 congruum
1662 2095 1760 2125 fuisset
1785 2104 1861 2125 assu-

1021 2146 1096 2167 mere
1118 2139 1209 2176 ipsum
1230 2139 1324 2168 Adam.

846 2233 1080 2267 ARTICULUS
1107 2234 1128 2266 l.

592 2326 630 2354 De
651 2326 834 2364 eoum-uitale
854 2331 981 2355 naturae
1001 2331 1151 2356 assumtae
1173 2328 1270 2366 quoad
1288 2337 1389 2366 yellus.

891 2414 1053 2450 QUAESTIO
1075 2414 1092 2442 1.

316 2498 420 2526 Utrum
441 2498 568 2526 decuerit
591 2498 699 2526 Filium
723 2498 776 2526 Dei
795 2507 945 2527 assumere
966 2498 1127 2528 humanam
1149 2503 1291 2528 naturam
1315 2500 1348 2527 (Ie
1368 2508 1469 2528 massa
1488 2501 1670 2537 perditionis.

198 2583 277 2613 Circa
291 2584 414 2621 primum
429 2584 468 2613 sic
479 2584 640 2621 proceditur
654 2587 680 2612 et
695 2585 848 2621 quaeritur,
865 2588 959 2613 utrum

120 2630 246 2659 decuerit
261 2630 357 2658 Filium
380 2630 427 2659 Dei
443 2638 586 2659 assumere
609 2631 759 2659 humanam
782 2636 909 2660 naturam
926 2632 960 2660 de

121 2684 212 2705 massa
234 2677 396 2714 perditionis
414 2677 472 2706 sive
487 2677 521 2706 de
536 2685 636 2714 genere
650 2678 744 2706 Adam.
758 2678 788 2706 Et
803 2679 876 2715 quod
893 2687 960 2713 non,

122 2723 242 2752 videtur.

203 2771 226 2798 1.
241 2770 361 2799 Alterius
381 2770 521 2807 qualitatis
536 2774 563 2800 et
584 2775 700 2800 naturae
715 2771 797 2800 debet
815 2779 875 2800 esse
891 2779 961 2799 mor-

185 2902 191 2917 ¹
211 2903 250 2924 llic
266 2907 288 2925 et
305 2904 374 2931 paulo
398 2904 491 2926 interius
517 2907 568 2932 post
583 2903 727 2933 plenitudine
742 2904 834 2934 gratiae
850 2904 903 2927 cdd.
926 2904 963 2926 ad·

125 2940 183 2963 dunt
198 2941 219 2963 et
235 2941 370 2970 sapimitiae.

186 2979 195 2994 ²
211 2980 319 3008 (Ji-egon,
338 2980 359 3002 ll.
378 2980 458 3002 llomil.
476 2981 497 3002 in
515 2980 602 3008 Evang.
618 2980 695 3002 homil.
713 2981 749 3002 32.
768 2987 788 3002 n.
811 2981 836 3003 l:
854 2982 905 3003 Arte
919 2987 963 3003 me-

1018 2585 1070 2613 bus
1095 2589 1121 2613 et
1144 2585 1313 2614 medicina²z
1335 2593 1402 2622 ergo
1423 2586 1444 2614 si
1467 2587 1594 2616 Christus
1616 2587 1720 2616 ratione
1741 2592 1858 2618 naturae
1872 2595 1901 2613 Ad
1914 2596 1990 2619 onposi-

1017 2635 1157 2660 assumtae
1179 2631 1230 2660 suit
1253 2632 1365 2660 humani
1389 2632 1497 2668 generis
1513 2633 1663 2667 medicina,
1683 2634 1793 2663 videtur
1814 2635 1860 2672 igi—

1018 2681 1076 2712 tur,
1098 2678 1172 2715 quod
1194 2678 1255 2707 eius
1276 2686 1340 2706 caro
1361 2687 1416 2707 non
1439 2679 1567 2708 debuerit
1582 2680 1694 2709 formari
1717 2681 1751 2710 de
1768 2690 1858 2710 massa

1017 2729 1156 2761 corrupta.

1096 2772 1120 2798 Ξ.
1144 2771 1222 2804 iterii,
1246 2771 1327 2799 nobili
1345 2772 1450 2800 formae
1473 2772 1571 2801 nobilis
1586 2773 1668 2802 debet
1689 2774 1777 2810 aptari
1805 2782 1860 2803 ma-

1020 2904 1108 2926 dioinae
1125 2904 1196 2926 calida
1214 2904 1314 2932 frigidis,
1332 2904 1413 2933 frigida
1437 2905 1515 2927 calidis
1536 2909 1652 2929 curantur.
1668 2918 1699 2922 —
1716 2907 1785 2929 l‘uulo
1808 2908 1861 2930 inso-

1020 2943 1067 2965 rius
1084 2949 1126 2971 pro
1143 2943 1207 2972 quod
1222 2943 1271 2966 eius
1288 2949 1345 2966 caro
1362 2944 1429 2966 codd.
1448 2944 1490 2966 t-:G
1517 2945 1532 2972 (l
1550 2945 1665 2973 primitus)
1690 2946 1734 2968 LT
1745 2946 1761 2968 tl
1773 2947 1791 2969 V
1803 2947 1822 2969 X
1834 2954 1860 2969 aa

1019 2981 1082 3011 quod
1098 2981 1119 3004 ei
1134 2987 1198 3005 caro.
