2166 3366
27 698 83 722 Resp.
97 698 131 717 du-

47 723 96 746 plex.

11 885 40 912 Du
55 886 85 912 lex
96 885 128 904 ὐε-

21 914 36 927 ΒΙ
51 914 118 928 etlum-

8 1451 97 1470 Defectus
106 1451 122 1470 t.

9 1638 98 1658 Defectus
106 1639 124 1658 Ξ,

9 2204 40 2223 Λᾶ
53 2204 126 2228 opposi-

741 196 823 224 DIST.
845 197 934 225 xxxi.
957 197 1029 226 ΛΒΤ.
1052 198 1080 226 11.
1103 198 1238 234 QUAEST.
1262 199 1300 226 [ΙΙ.

144 272 289 301 evacuari
309 272 427 307 dicitur,
450 273 605 303 secundum
628 274 702 311 quod
724 282 789 310 spes
804 275 927 303 nominat
947 275 992 304 lia-

144 319 233 347 bitum
255 320 365 349 virtutis
387 320 571 357 theologicae,
594 321 641 358 qui
664 321 791 349 habilitat
819 322 907 358 ipsam
936 322 992 350 ani-

144 373 217 394 maru
232 366 267 394 ad
283 367 503 403 exspectandum
523 367 706 396 substantiale
725 368 892 404 praemium.
905 384 945 388 —
962 369 991 397 Et

141 412 334 441 concedendae
349 417 415 442 sunt
430 413 565 448 rationes,
586 422 659 450 quae
681 414 732 442 hoc
753 414 911 443 ostendunt.

224 461 247 488 1.
276 460 315 488 Ad
344 460 411 489 illud
436 468 503 489 vero
524 461 598 497 quod
623 461 713 498 primo
734 461 864 490 obiicitur
886 462 912 490 iu
929 470 990 491 con-

13 506 278 559 {3¹⁵¹}ssss‘ssffi‘mium’
313 506 388 543 quod
425 514 489 543 spes
524 506 671 535 Beatorum
705 511 747 536 est
782 507 989 537 immortalitate

142 553 240 590 plena;
262 553 420 587 dicendum,
442 553 518 591 quod
532 562 597 591 spes
613 554 734 583 sumitur
756 554 793 583 ibi
814 563 865 592 pro
886 564 918 583 rc
931 564 990 592 spe-

141 603 219 628 rata.
243 601 273 629 Et
294 600 322 628 si
349 600 484 634 obiiciat,
516 601 591 638 quod
623 602 750 631 Christus
772 602 896 639 speravit
924 606 988 631 actu

141 647 297 676 secundum
320 647 388 676 illud
413 648 511 677 Psalmi
526 648 550 676 ¹:
574 649 607 676 In
631 653 673 682 te,
700 649 831 683 Domine,
852 649 988 687 speravi,-

143 694 307 729 dicendum,
329 695 404 732 quod
427 695 496 724 illud
519 695 684 733 intelligitur
706 696 740 725 de
757 696 866 725 Christo
882 697 988 725 ratione

142 740 350 774 membroruui;
374 741 415 770 vel
437 741 600 770 extenditur
623 742 659 770 ibi
682 750 783 771 nomen
803 742 867 780 spei
885 743 920 772 ad
941 750 988 771 ex-

140 787 337 824 spectationem
359 788 562 826 cuiuscumque
584 789 738 826 spiritualis
760 789 893 819 beneficii.

218 836 244 863 ⁹2.
265 835 305 864 Ad
327 835 396 864 illud
418 836 492 873 quod
515 836 660 871 obiicitur,
689 837 763 874 quod
787 837 823 866 ibi
845 840 886 866 est
907 844 986 874 speS,

139 881 189 910 ubi
209 885 251 911 est
273 882 460 917 desiderium3
482 883 646 917 dicendum,
668 884 743 921 quod
759 887 800 913 est
814 883 986 913 desiderium

139 928 175 957 de
199 929 395 966 acquirendo,
418 933 445 958 et
466 933 507 958 est
529 930 699 959 desiderium
723 930 757 959 de
779 930 986 959 continuando.

140 975 188 1004 Ubi
210 979 303 1004 autem
327 979 368 1004 est
390 976 562 1005 desiderium
584 977 619 1005 de
637 977 834 1015 acquirendo,
858 977 893 1005 ibi
916 977 986 1006 bene

138 1025 229 1059 potest
249 1030 311 1051 esse
333 1030 413 1060 spes;
434 1023 484 1052 sed
506 1023 552 1052 ubi
576 1027 618 1052 est
649 1024 820 1053 desiderium
844 1024 878 1053 de
900 1024 987 1053 conti-

139 1069 259 1098 nuando
282 1069 384 1098 bonum
418 1070 472 1098 iam
503 1070 646 1105 habitum,
678 1078 741 1108 spes
767 1079 821 1099 non
843 1075 897 1106 est,
920 1072 985 1109 quia

137 1123 192 1145 non
213 1120 255 1145 est
272 1116 307 1144 ibi
323 1117 497 1153 esi-spectatio
519 1125 577 1146 non
599 1116 699 1152 lutbz'tz‘.
723 1118 753 1146 Et
774 1117 813 1147 sic
834 1121 876 1147 est
899 1119 924 1146 in
941 1126 985 1155 pa-

139 1163 191 1192 tria
212 1171 316 1200 ponere
341 1163 530 1198 desiderium,
562 1172 616 1192 non
650 1172 699 1201 per
729 1164 852 1202 aliquam
874 1165 985 1194 anhela-

139 1210 240 1239 tionem
261 1211 297 1239 ad
318 1211 524 1239 obtinendum²
547 1219 599 1239 non
623 1211 767 1246 habitum,
789 1212 837 1241 sed
870 1216 984 1250 propter

140 1257 387 1294 infatigabilitatem
411 1261 438 1287 et
460 1258 674 1290 indeficientiam
691 1259 896 1293 delectationis,
912 1267 984 1296 quae

137 1304 215 1333 nullo
239 1305 320 1333 modo
342 1305 378 1333 ibi
403 1305 474 1342 parit
495 1305 648 1334 fastidium.

216 1351 242 1380 3.
263 1351 301 1380 Λᾶ
325 1351 395 1381 illud
417 1352 491 1389 quod
513 1352 657 1386 obiicitur,
672 1353 746 1390 quod
763 1353 871 1382 animae
887 1353 983 1382 beatae

137 1402 302 1435 exspectant
333 1399 432 1427 stolam
461 1399 631 1433 secundam;
663 1400 826 1434 dicendum,
857 1401 933 1438 quod
956 1401 983 1430 in

137 1445 242 1474 ratione
266 1445 312 1474 illa
332 1450 373 1475 est
395 1446 502 1483 duplex
517 1446 650 1476 delectus.
667 1447 775 1475 Primus
790 1447 915 1476 desectus
929 1451 982 1476 est:

137 1492 204 1529 quia
235 1500 288 1521 non
318 1501 516 1530 quaecumque
549 1494 720 1530 exspectatIO
753 1493 829 1530 ponit
852 1494 982 1523 virtutem

137 1539 216 1576 spei,
251 1539 300 1568 sed
332 1540 504 1576 exspectatio
538 1548 672 1568 summae
705 1540 893 1569 beatitudinis
925 1541 983 1570 sive

137 1587 240 1615 summi
264 1586 326 1615 boni
349 1591 376 1615 et
396 1594 506 1615 summe
527 1587 607 1615 ardui
629 1587 795 1624 assequendi
809 1587 828 1615 ³.
850 1588 984 1616 Praeter-

137 1642 190 1667 ea,
219 1641 272 1662 non
300 1637 464 1671 exspectant
493 1633 660 1662 certitudine
687 1633 768 1671 spei,
796 1634 843 1663 sed
873 1634 984 1664 certitu-

137 1681 201 1710 dine
222 1679 505 1718 comprehensionis,
527 1689 599 1718 quae
615 1689 668 1709 non
684 1680 760 1718 ponit
776 1682 981 1718 protensionem

136 1735 187 1757 uec
209 1728 388 1756 initiationem
410 1727 445 1756 ad
467 1727 674 1764 assequendum
698 1727 766 1756 illud
790 1728 863 1764 quod
887 1736 983 1765 exspe-

1839 204 1894 233 685

1049 279 1155 310 ctatur;
1177 277 1300 314 alioquin
1332 285 1367 306 ex
1401 286 1451 306 sua
1483 278 1614 307 dilatione
1640 279 1776 316 affligeret
1797 288 1895 319 exspe-

1049 326 1184 358 ctantem,
1208 324 1287 352 iuxta
1316 324 1384 353 illud
1414 325 1487 361 quod
1518 325 1621 354 dicitur
1650 326 1675 354 in
1699 326 1893 357 Proverbiis⁴2

1049 369 1132 407 Spes,
1154 379 1229 408 quae
1250 371 1403 408 differtur,
1425 371 1533 409 ctllliqit
1554 373 1703 407 anima-nu
1725 374 1777 403 hoc
1799 378 1893 404 autem

1047 417 1125 445 nullo
1148 417 1230 446 modo
1251 422 1293 446 est
1315 426 1418 455 ponere
1439 419 1513 447 circa
1534 420 1655 448 animam
1678 420 1797 449 beatam.

1125 464 1152 492 Ιι.
1174 464 1212 493 Ad
1235 464 1304 493 illud
1327 465 1401 501 quod
1424 465 1567 500 obiicitur,
1590 466 1664 503 quod
1696 467 1735 495 sic
1757 476 1786 496 se
1809 469 1893 497 babet

1047 519 1111 548 spes
1133 511 1167 540 ad
1190 511 1301 546 Beatos,
1324 512 1412 540 sicut⁵
1433 512 1591 549 desperatio
1612 514 1646 542 ad
1669 514 1834 550 damnatos;
1856 516 1894 544 di-

1046 558 1180 591 cendum,
1201 558 1276 595 quod
1298 566 1352 586 nou
1374 562 1416 587 est
1437 559 1541 588 simile:
1563 560 1628 597 quia
1650 561 1807 598 desperatio
1829 562 1894 591 facit

1046 605 1080 633 ad
1103 605 1249 633 cumulum
1272 605 1353 639 mali;
1375 606 1422 634 sed
1446 614 1509 643 spes
1531 607 1564 635 de
1586 615 1637 636 sua
1659 608 1764 637 ratione
1786 610 1893 646 opposi-

1046 651 1147 679 tionem
1171 651 1254 680 habet
1283 659 1347 680 cum
1377 660 1488 681 summa
1520 654 1702 690 completione
1725 654 1804 689 boui,
1827 656 1892 693 quia

1045 697 1112 726 dicit
1132 697 1287 726 absentiam
1311 698 1373 726 boni
1396 700 1559 736 exspectati.
1582 701 1612 729 Et
1643 701 1704 729 ideo
1726 710 1779 730 uon
1802 702 1841 731 sic
1862 711 1891 732 se

1045 743 1215 780 compatitur
1246 752 1309 773 cum
1343 752 1454 773 summa
1487 746 1657 776 beatitudine
1683 748 1795 777 habitus
1816 749 1890 786 spei,

1045 790 1117 819 sicut
1139 790 1297 828 desperatio
1318 800 1382 821 cum
1404 796 1533 822 extrema
1554 793 1719 823 calamitate.

1125 838 1150 866 ι5.
1173 838 1211 866 Ad
1235 838 1303 867 illud
1326 839 1401 875 quod
1423 839 1569 875 obiicitur,
1591 841 1666 877 quod
1681 844 1760 870 actus
1776 842 1833 879 spei
1850 845 1891 870 est

1044 884 1184 913 considere
1216 885 1241 913 in
1275 885 1391 914 Domino
1419 890 1446 915 et
1477 886 1566 915 eidem
1599 887 1691 922 inniti3
1723 888 1888 923 dicendum,

1044 932 1118 969 quod
1142 939 1194 960 non
1223 940 1422 970 quaecumque
1452 933 1619 962 confidentia
1650 938 1692 963 est
1713 938 1792 963 actus
1813 935 1886 972 spei,
1903 941 2017 961 Notandum.

1044 978 1092 1007 sed
1115 986 1148 1007 ea
1169 986 1240 1016 quae
1272 982 1314 1007 est
1344 987 1408 1007 cum
1441 979 1563 1016 quadam
1592 981 1777 1017 protensione
1802 985 1827 1010 et
1849 981 1891 1010 in-

1044 1024 1172 1053 hiatione
1193 1029 1217 1054 et
1238 1025 1394 1059 erectione,
1427 1035 1499 1063 quae
1529 1027 1623 1055 omnia
1655 1027 1890 1065 incompossibilia

1043 1076 1108 1100 sunt
1129 1072 1211 1101 statui
1234 1072 1355 1109 gloriae,
1387 1076 1414 1102 et
1436 1073 1513 1108 ideo,
1545 1075 1674 1111 quamvis
1697 1074 1723 1102 in
1745 1075 1833 1111 gloria
1855 1075 1890 1104 sit

1042 1119 1180 1156 quaedam
1203 1119 1385 1154 confidentia,
1408 1128 1462 1148 non
1485 1124 1575 1149 tamen
1598 1121 1741 1158 sequitur,
1761 1121 1836 1158 quod
1853 1121 1889 1150 ibi

1043 1165 1077 1194 sit
1100 1166 1189 1195 virtus
1211 1166 1286 1203 spei,
1308 1167 1374 1204 quia
1396 1171 1437 1195 est
1469 1167 1585 1196 alterius
1618 1168 1730 1197 habitus
1751 1172 1778 1197 et
1798 1168 1887 1198 excel-

1044 1213 1181 1247 lentioris,
1199 1212 1328 1241 videlicet
1342 1213 1415 1242 dotis
1429 1214 1605 1243 succedentis
1620 1215 1672 1251 ipsi
1689 1215 1783 1243 virtuti
1800 1216 1858 1252 spei
1869 1215 1887 1244 ⁵.

1121 1261 1147 1288 6.
1170 1260 1206 1288 Ad
1230 1260 1299 1289 illud
1322 1261 1395 1297 quod
1419 1261 1562 1295 obiicitur,
1594 1262 1669 1299 quod
1702 1262 1738 1291 ibi
1762 1262 1888 1291 salvatur

1041 1307 1211 1344 exspectatio
1240 1310 1266 1335 et
1295 1312 1507 1336 consummatur
1538 1309 1692 1343 certitudo;
1721 1309 1887 1344 dicendum,

1041 1354 1115 1391 quod
1139 1362 1191 1382 uon
1224 1357 1266 1382 est
1298 1353 1334 1382 ibi
1367 1355 1542 1391 exspectatio
1571 1355 1706 1392 proprie,
1729 1356 1795 1393 quia
1818 1356 1887 1384 nihil

1042 1408 1145 1429 novum
1167 1404 1287 1437 augetur
1310 1401 1414 1435 Beatis,
1438 1404 1565 1438 respectu
1588 1402 1669 1431 cuius
1691 1402 1725 1430 sit
1746 1406 1888 1439 exspecta-

1042 1447 1079 1475 tio
1102 1446 1127 1475 in
1150 1447 1198 1476 eis.
1221 1447 1391 1481 Praeterea,
1414 1448 1556 1476 certitudo
1579 1449 1630 1477 ista
1645 1457 1697 1477 non
1721 1449 1887 1486 completur,

1042 1494 1089 1522 sed
1112 1499 1154 1522 est
1176 1494 1211 1522 ibi
1234 1494 1311 1523 aliud
1343 1502 1432 1531 genus
1464 1494 1654 1524 certitudinis:
1677 1496 1729 1524 ista
1750 1496 1823 1524 enim
1846 1499 1888 1525 est

1041 1548 1078 1569 ex
1097 1541 1306 1578 promissione,
1329 1541 1376 1570 illa
1398 1550 1464 1570 vero
1485 1546 1527 1571 est
1549 1550 1585 1571 ex
1606 1542 1652 1571 rei
1672 1542 1844 1572 eoeliibitione
1859 1546 1887 1572 et

1042 1588 1244 1625 perfectissima
1265 1589 1394 1617 tentione.
1417 1589 1480 1618 ideo
1503 1597 1555 1618 non
1578 1590 1720 1627 sequitur,
1743 1590 1818 1627 quod
1842 1590 1887 1618 lia-

1043 1635 1117 1663 bitus
1138 1635 1195 1672 spei
1219 1635 1319 1664 habeat
1341 1635 1442 1664 salvari
1462 1635 1492 1663 in
1508 1636 1610 1673 gloria,
1626 1637 1692 1673 quin
1716 1637 1807 1674 potius
1826 1637 1885 1674 ipsa

1041 1689 1104 1718 spes
1125 1690 1161 1710 ex
1183 1682 1235 1710 hoc
1258 1682 1346 1718 magis
1367 1682 1523 1711 ostenditur
1545 1683 1706 1712 evacuanda
1716 1684 1734 1711 ⁷.

900 1826 1063 1863 Quaesiio
1085 1827 1124 1854 ui.

630 1913 735 1941 Utrum
757 1911 874 1941 habitu-s·
894 1913 1032 1941 scientiae
1051 1916 1208 1941 evacuetur
1230 1913 1261 1942 in
1279 1913 1391 1950 pcttritt.

215 2012 306 2041 Tertio
328 2012 474 2049 quaeritur
496 2012 530 2040 de
543 2011 724 2040 evacuatione
739 2011 878 2046 scientiae,
899 2015 927 2040 et
940 2015 982 2040 est

136 2059 277 2097 quaestio,
300 2062 395 2087 utrum
421 2058 532 2087 babitus
553 2057 683 2087 scientiae
714 2061 866 2087 evacuetur
889 2058 915 2086 in
938 2066 982 2095 pa-

136 2106 198 2135 tria.
221 2106 251 2134 Et
273 2106 347 2143 quod
370 2106 427 2140 sic,
450 2105 580 2134 videtur:

218 2154 242 2181 1.
265 2153 313 2181 Per
336 2152 528 2181 auctoritatem
552 2151 670 2189 Apostoli
706 2151 812 2189 primae
830 2151 868 2184 ,ad
891 2151 983 2180 Corin-

141 2201 212 2229 thios
233 2200 341 2229 decimo
356 2199 437 2228 tertio
447 2199 469 2227 ⁸:
487 2199 552 2228 Siue
565 2198 734 2236 prophetiae
748 2198 981 2232 evacuabuntur,

136 2247 196 2275 sive
217 2246 335 2284 linquae
363 2245 532 2279 cessabunt,
560 2245 620 2274 sive
648 2245 771 2274 scientia
800 2245 982 2279 destruetur,-

137 2293 185 2323 sed
207 2293 281 2330 quod
304 2293 460 2321 destruitur
481 2292 644 2329 simpliciter
659 2295 827 2321 evacuatur:
842 2300 909 2329 ergo
930 2295 981 2321 etc.

216 2342 242 2368 2).
266 2340 347 2373 ltcm,
368 2340 523 2368 secundum
556 2339 630 2376 quod
665 2339 724 2367 vult
755 2339 883 2376 Magister
906 2339 981 2376 lingo

136 2387 170 2415 de
192 2390 286 2415 sancto
309 2386 417 2414 Victore
440 2386 465 2414 in
490 2386 684 2415 Didas-caleo&
710 2386 869 2414 «scientiae
891 2385 982 2414 inven-

138 2437 179 2462 tae
201 2436 266 2461 suut
289 2436 401 2469 propter
425 2432 588 2468 indigentias
610 2435 636 2461 et
659 2432 838 2461 necessitates
853 2432 982 2469 supplen-

136 2480 187 2509 das
208 2488 243 2508 ex
267 2483 345 2516 parte
371 2479 492 2513 animae,
526 2479 568 2507 vel
602 2487 637 2508 ex
672 2483 748 2516 parte
771 2479 935 2516 corporis»:
957 2479 980 2507 si

137 2535 203 2564 ergo
226 2527 250 2554 in
275 2526 362 2563 pati-ia
396 2526 508 2554 tolletur
536 2527 626 2554 omnis
660 2526 825 2563 indigentia,
854 2526 981 2560 videtur,

137 2573 210 2611 quod
234 2576 386 2601 evacuetur
408 2572 498 2600 sunnis
520 2572 640 2601 scicntia.

202 2680 206 2693 ¹
228 2679 308 2700 Ικ-ηΙιη,
327 2680 363 2705 30,
387 2679 402 2700 Ι.
413 2690 441 2694 —
454 2678 484 2699 De
497 2679 539 2699 bac
557 2685 598 2701 iwc
616 2684 659 2700 nou
678 2678 706 2700 do
723 2678 816 2700 duabus
833 2685 897 2707 seqq.
914 2679 980 2700 solut.

138 2718 191 2741 vide
208 2724 277 2745 supin
296 2717 317 2739 «t.
337 2718 373 2739 26.
393 2717 448 2739 dub.
467 2716 487 2738 Ii.

200 2757 209 2772 ’ἲ
227 2758 283 2780 (Iud.
303 2757 318 2779 t*
337 2757 426 2784 sappini
445 2755 540 2778 bonnm.
562 2756 583 2777 tn
607 2757 720 2783 principio
745 2756 811 2778 solut.
839 2763 880 2784 pro
898 2755 929 2779 itu·
949 2757 982 2778 est

138 2803 201 2826 spes,
217 2795 466 2819 utn'extdimitri-ium,
487 2801 556 2823 quani
575 2795 623 2816 ltu-t.
642 2802 653 2815 a
673 2795 723 2817 «nt.
742 2795 757 2816 Z
779 2796 923 2822 urm-pimus,
946 2795 982 2816 alii

139 2836 206 2858 codd.
224 2839 246 2857 ot
262 2835 315 2857 cdd.
334 2836 459 2862 incongrui·
478 2833 517 2855 ntn*
532 2835 565 2856 est
581 2840 645 2862 spes,
667 2833 699 2856 ιΙιί
714 2836 747 2855 es!
763 2833 911 2856 desiderium.

201 2874 211 2889 ³
227 2875 272 2896 Cir.
291 2881 360 2902 supi-u
379 2874 399 2896 d.
420 2875 455 2895 26.
473 2880 492 2895 a.
513 2874 532 2894 2.
552 2879 574 2901 q.
596 2872 613 2894 i.
631 2885 662 2889 —
680 2874 721 2895 l¹ro
739 2872 914 2895 ειιηιηινιινιίιιί
930 2872 982 2894 odd.

139 2919 192 2935 cuin
209 2913 295 2941 aliquot
312 2913 379 2935 codd.
397 2912 486 2935 summi
497 2911 584 2939 ardui,
602 2916 622 2933 vt
643 2918 694 2933 mox
713 2911 748 2933 iris
765 2911 926 2934 certitudinem
942 2918 983 2939 pro

140 2951 292 2977 certitudine,-
312 2958 440 2979 periit-rani.

203 2990 282 3018 ⁴t1ap.
305 2991 343 3018 13,
366 2991 398 3012 1-2.

1119 2012 1144 2040 3.
1168 2012 1250 2046 ltem.
1271 2012 1364 2040 anima
1386 2012 1465 2041 beata
1486 2012 1579 2041 omnia
1599 2013 1739 2049 cognoscit
1754 2013 1780 2041 in
1796 2013 1887 2042 Verbo

1040 2062 1066 2088 et
1087 2062 1183 2096 aperte
1204 2062 1231 2088 et
1252 2059 1397 2094 continue,
1420 2059 1457 2088 ita
1478 2060 1553 2097 quod
1575 2060 1611 2088 ab
1632 2060 1679 2089 illo
1700 2064 1814 2097 aspectu
1831 2068 1886 2089 non

1039 2109 1130 2143 potest
1150 2106 1273 2143 separari
1288 2106 1320 2134 ¹⁰:
1343 2114 1410 2143 ergo
1438 2107 1562 2141 videtur,
1584 2107 1659 2144 quod
1692 2107 1786 2136 nullus
1814 2107 1886 2136 alius

1040 2152 1152 2181 babitus
1173 2152 1351 2189 cognitionis,
1373 2152 1416 2181 vel
1439 2157 1568 2190 aspectus
1590 2153 1686 2182 beatae
1701 2154 1809 2182 animae
1825 2162 1886 2182 con-

1040 2199 1145 2227 veniat:
1169 2199 1279 2228 videtur
1301 2207 1383 2236 ergo,
1406 2200 1480 2236 quod
1505 2199 1616 2229 babitus
1638 2200 1815 2236 cognitionis,
1837 2200 1886 2237 qui

1039 2249 1080 2274 est
1102 2246 1128 2274 in
1161 2246 1221 2280 via,
1255 2246 1417 2284 simpliciter
1450 2247 1564 2275 tollatur
1586 2247 1613 2275 in
1636 2247 1741 2284 patria,
1762 2247 1885 2284 alioquin

1038 2292 1092 2321 erit
1113 2292 1148 2320 ibi
1172 2293 1284 2322 frustra.

1117 2340 1143 2368 li.
1167 2340 1248 2374 ltem,
1270 2340 1344 2377 quod
1368 2340 1431 2377 plus
1454 2340 1536 2368 babet
1558 2340 1592 2369 de
1609 2340 1712 2368 lumino
1727 2344 1754 2369 et
1770 2341 1886 2369 veritate

1039 2386 1132 2414 minus
1153 2390 1194 2414 est
1216 2387 1393 2420 evartialiile;
1414 2387 1462 2416 sed
1495 2387 1521 2415 in
1545 2387 1640 2415 babitu
1674 2387 1736 2415 lidei
1760 2387 1823 2424 plus
1845 2391 1886 2416 est

1039 2434 1074 2463 de
1096 2434 1201 2463 ratione
1223 2434 1348 2463 veritatis
1369 2438 1395 2462 et
1419 2434 1531 2462 luminis
1546 2443 1629 2471 quam
1647 2434 1673 2462 iu
1690 2435 1785 2463 liabitu
1802 2435 1886 2463 scieu-

1040 2480 1092 2508 tiae
1114 2481 1265 2517 acquisitae
1286 2497 1324 2501 —
1346 2480 1405 2517 ipsa
1426 2481 1499 2509 euim
1531 2480 1599 2510 tides
1631 2481 1757 2509 innititur
1779 2481 1884 2516 primae

1040 2526 1152 2554 Veritati
1176 2530 1293 2563 proptor¹
1311 2535 1355 2561 se,
1377 2530 1404 2555 et
1427 2527 1451 2555 in
1476 2527 1534 2563 ipsa
1555 2527 1636 2555 etiam
1660 2530 1700 2555 est
1717 2527 1809 2555 lumen
1826 2535 1885 2562 gra-

1041 2572 1093 2601 tiae
1114 2572 1247 2601 divinitus
1269 2574 1291 2602 ei
1315 2574 1395 2602 datae
1417 2577 1443 2602 et
1466 2573 1571 2602 infusae
1593 2590 1631 2594 —
1652 2581 1719 2609 ergo
1735 2573 1822 2601 multo
1839 2573 1885 2601 mi-

1102 2678 1112 2693 ⁵
1128 2679 1183 2701 Edu.
1201 2679 1264 2708 qum!
1275 2678 1335 2701 sicut
1346 2685 1370 2701 se
1382 2678 1473 2701 turbet...
1485 2678 1526 2702 sic.
1539 2679 1560 2700 ln
1579 2679 1623 2701 tlue
1640 2679 1707 2701 solut.
1721 2685 1763 2706 pro
1775 2679 1882 2701 extrema

1039 2717 1090 2739 cod.
1109 2718 1125 2739 l<
1145 2718 1248 2740 aeterna.

1101 2756 1111 2770 ⁶
1128 2757 1179 2778 Scit.
1198 2757 1308 2778 coutinuis.
1326 2756 1371 2778 (liv.
1389 2762 1458 2783 supra
1476 2755 1498 2777 d.
1517 2756 1552 2777 26.
1571 2763 1590 2777 a.
1613 2756 1630 2777 1.
1649 2762 1671 2784 q.
1689 2756 1710 2778 3.
1729 2756 1750 2777 iu
1770 2762 1832 2783 corp.

1104 2794 1112 2809 ⁷
1133 2795 1189 2816 Vidi·
1207 2795 1308 2816 scholion
1326 2795 1354 2817 ad
1373 2794 1548 2822 11¹'11Ct't'tlt·tttctn
1566 2798 1653 2823 quat-st.

1102 2833 1112 2847 ⁸
1131 2834 1194 2855 Vuis.
1213 2834 1233 2855 8.

1103 2872 1112 2885 Β
1129 2873 1181 2893 >iio
1200 2871 1283 2894 tii-tulii.
1303 2872 1451 2894 didascalicae
1471 2872 1508 2894 lili.
1527 2872 1539 2893 l.
1558 2878 1577 2894 c,
1590 2873 1618 2900 (ῖς
1635 2872 1674 2894 cfr.
1689 2872 1702 2894 l.
1716 2872 1817 2900 lin-cipi.
1830 2880 1848 2895 ‹·.
1862 2872 1883 2895 li.

1105 2911 1122 2924 ¹⁰
1139 2911 1183 2932 (Σίν.
1201 2917 1269 2938 supra
1288 2911 1309 2932 d.
1327 2910 1359 2933 li.
1372 2918 1390 2932 a⁴
1415 2912 1431 2933 Ι.
1449 2918 1471 2940 q.
1485 2913 1505 2932 ll.
1518 2915 1539 2933 vt
1556 2918 1575 2933 u.
1595 2912 1614 2933 2.
1633 2918 1655 2940 q.
1678 2912 1693 2933 Ι.
1713 2918 1777 2940 seqq.
1790 2924 1820 2928 —
1835 2913 1883 2934 Mox

1042 2953 1091 2977 post
1109 2949 1291 2972 rmirrnintrml,
1310 2950 1324 2971 l·‘
1342 2949 1460 2977 subiungit
1476 2956 1507 2972 (ἐν
1522 2956 1566 2972 suti
1585 2949 1712 2973 iliter-tione.
1732 2951 1754 2972 lu
1773 2951 1815 2972 lliu-
1834 2957 1883 2978 arg.

1042 2995 1084 3016 pro
1102 2988 1146 3011 eri!
1158 2988 1208 3011 rod.
1227 2991 1241 3010 ,t
1261 2990 1305 3016 rsl,
1319 2989 1370 3011 cml.
1389 2989 1404 3011 7.
1422 2990 1486 3011 essrl.
