2166 3366
112 1119 142 1137 Ad
155 1119 229 1143 opposi-

238 189 293 217 766

239 266 405 305 Requiescet
424 274 514 302 super
539 274 604 293 eam
626 264 752 302 spiritns
775 263 890 292 timoris
904 263 1040 292 Domini:
1063 263 1085 292 si

238 322 304 351 ergo
326 313 454 341 Christus
475 312 526 341 fuit
555 311 775 348 perfectissimus
797 311 1031 347 comprehensor,
1060 314 1087 339 et

237 362 265 390 in
287 369 319 390 eo
340 361 393 389 fuit
414 360 517 393 timor,
533 359 659 393 videtur,
682 358 757 396 quod
779 358 882 387 donum
906 358 1013 387 timoris
1032 366 1086 386 non

237 411 399 437 evacuetur.

317 455 343 483 3.
365 455 448 488 Item,
472 453 680 483 Ecclesiasticus
694 453 701 466 ¹
715 456 721 481 ἐ
738 451 820 481 Niliz'l
832 452 936 481 melias
951 461 1041 490 quam
1057 452 1088 480 ti-

238 511 316 531 mere
337 503 448 536 Detim‚·
469 505 496 530 et
517 501 608 538 primo
630 500 775 529 eiusdem:
799 499 954 528 Plenitudo
975 499 1088 536 sapien-

239 549 296 578 tiae
311 549 399 577 timor
414 548 550 577 Domini:
566 548 588 577 si
610 556 677 585 ergo
698 555 780 576 omne
795 547 899 575 bonum
922 546 1087 583 perfectum,

238 601 265 626 et
289 597 411 625 maxime
432 595 577 633 plenitudo
598 594 765 631 sapientiae,
787 594 840 622 erit
859 594 885 622 in
901 601 1013 622 summa
1028 593 1089 622 bea-

238 644 373 677 titudine3
395 643 522 677 videtur,
551 642 626 679 quod
649 641 753 670 donum
775 640 883 669 timoris
905 639 983 668 nullo
1006 639 1088 667 modo

238 691 341 720 habeat
361 689 502 719 evacuari.
964 718 967 720 ⁴

317 738 343 766 lt.
366 738 450 771 ltem,
479 737 551 765 sicut
575 743 703 764 summae
729 735 846 763 Bonitati
867 734 986 763 debetur
1015 741 1089 762 sum-

239 793 302 814 mus
323 793 417 819 amor,
440 784 479 813 sic
500 791 627 813 summae
649 782 781 811 Maiestati
811 782 931 811 debetur
959 788 1088 810 summus

238 833 337 866 timor,
360 832 516 861 secundum
539 831 609 859 illud
634 830 786 859 Malachiae
814 828 946 866 primo²:
978 828 1011 857 Si
1038 836 1088 865 eyo

241 879 402 913 Dominus,
421 878 474 907 abi
486 882 526 906 est
542 878 630 906 timor
645 876 750 905 meas?
766 877 814 905 sed
837 876 863 904 in
886 875 977 913 patria
998 875 1088 904 exsol-

241 935 340 956 vemus
361 927 418 955 Deo
439 925 532 955 omnia
559 933 631 962 quae
661 925 814 953 debemus:
837 923 859 952 si
880 931 947 960 ergo
969 923 1005 951 ibi
1035 922 1088 951 erit

240 982 320 1003 amor
342 981 468 1003 summae
490 972 637 1005 Bonitatis,
659 972 771 1000 videtur
793 971 892 1005 etiam,
911 970 984 1007 quod
1002 969 1037 998 ibi
1054 969 1089 998 sit

241 1021 324 1049 timor
346 1028 473 1049 summae
494 1019 651 1048 Maiestatis.

321 1068 372 1096 SED
394 1075 521 1096 CONTRA:
547 1068 570 1094 1.
593 1067 694 1100 Tanta,
718 1065 761 1094 vel
785 1065 871 1092 maior
893 1068 934 1093 est
958 1063 1089 1100 perfectio

243 1116 268 1144 in
291 1124 355 1153 spe,
376 1118 480 1152 quanta
501 1118 542 1143 est
564 1114 591 1142 in
614 1114 733 1147 timore3
754 1113 802 1141 sed
820 1120 884 1149 spes
905 1111 1088 1140 evacuabitur

241 1163 269 1191 in
291 1163 396 1199 patria,
422 1162 494 1190 sicut
520 1161 625 1189 dictum
648 1163 689 1188 est
711 1159 837 1196 supra³z
860 1166 927 1195 ergo
948 1162 975 1187 et
998 1158 1088 1186 timor.

321 1211 347 1237 ⁶2.
371 1210 451 1243 ltem,
474 1208 545 1237 sicut
567 1215 630 1244 spes
652 1210 693 1235 est
708 1209 837 1243 respectu
852 1205 938 1234 futuri
961 1205 1035 1238 boni,
1050 1204 1090 1233 sic

243 1257 325 1285 timor
346 1260 387 1285 est
410 1258 537 1292 respectu
559 1254 646 1282 futuri
677 1253 741 1281 mali
755 1253 781 1286 ⁴3
804 1252 851 1281 sed
876 1253 902 1280 in
925 1252 1015 1288 patria
1039 1259 1089 1280 nec

242 1304 295 1332 erit
315 1303 429 1340 aliquod
451 1302 557 1330 malum
581 1301 707 1329 futurum
731 1307 780 1328 nec
801 1299 903 1336 poterit
924 1306 1002 1327 esse:
1023 1306 1090 1335 ergo

242 1350 278 1378 ibi
295 1349 389 1378 nullus
410 1348 463 1377 erit
485 1349 576 1377 timor.

321 1397 345 1425 3.
361 1397 441 1430 Item,
457 1396 529 1424 sicut
550 1395 617 1424 dicit
638 1394 910 1431 Augustinus'super
925 1393 994 1422 illud
1017 1393 1091 1421 loan-

240 1444 283 1473 nis
305 1443 453 1473 decimo⁵1
476 1442 678 1471 llIercenaiias
698 1440 777 1478 fagyil
800 1444 870 1469 etc.:
898 1452 911 1466 «
930 1440 1024 1468 Timor
1049 1443 1091 1469 est

240 1492 306 1528 fuga
326 1490 427 1525 animi,
453 1498 487 1519 ne
515 1490 624 1518 amittat
645 1489 720 1526 quod
741 1492 817 1517 amat
832 1499 858 1522 »;
881 1488 929 1517 sed
952 1488 979 1516 in
1000 1487 1090 1525 patria

240 1539 319 1567 nullo
341 1538 423 1566 modo
445 1537 498 1566 erit
519 1536 681 1565 huiusmodi
703 1536 770 1572 fuga
791 1543 841 1564 nec
863 1535 1033 1572 possibilitas
1054 1534 1089 1563 ad

241 1586 419 1615 amissionem
441 1584 524 1613 boni:
547 1592 614 1620 ergo
635 1583 732 1611 nullus
752 1583 805 1611 erit
827 1582 863 1612 ibi
887 1582 978 1611 timor.

320 1633 346 1661 li.
369 1632 451 1666 Item,
477 1631 549 1659 sicut
578 1630 636 1666 paci
665 1630 816 1667 opponitur
844 1629 1023 1666 inquietudo,
1053 1629 1091 1658 sic

241 1679 382 1709 securitati
398 1678 550 1716 opponitur
571 1678 671 1706 timor:
687 1685 754 1714 ergo
776 1676 847 1705 sicut
861 1676 909 1705 ubi
924 1680 966 1705 est
980 1684 1089 1705 summa

241 1736 307 1765 pax,
329 1726 387 1755 ibi⁶
411 1726 488 1754 nulla
509 1729 551 1754 est
573 1724 753 1762 inquietudo,
779 1724 818 1753 sic
841 1723 886 1752 ubi
910 1724 964 1752 erit
980 1731 1092 1752 summa

242 1774 393 1808 securitas,
416 1772 453 1801 ibi
475 1772 571 1800 nullus
593 1771 694 1804 timoi‘3
716 1770 765 1799 sed
787 1770 839 1799 hoc
860 1771 914 1798 erit
936 1770 962 1798 in
985 1770 1090 1807 patria:

242 1830 308 1858 ergo
330 1825 381 1850 etc.

322 1869 347 1897 5.
370 1868 450 1901 ltem,
465 1875 529 1895 cum
546 1866 648 1903 triplex
665 1866 700 1894 sit
715 1865 871 1894 differentia
887 1864 1091 1898 timoris-doni,

243 1915 372 1944 videlicet
396 1913 528 1947 seruilis,
558 1912 683 1941 initialis
704 1916 731 1941 et
751 1911 872 1948 fiti'alis;
892 1911 1008 1939 servit-is
1037 1920 1091 1939 non

244 1965 352 1994 manet,
372 1961 437 1997 quia
459 1960 612 1997 expellitur
633 1967 649 1987 a
670 1959 777 1996 gratia3
800 1958 925 1986 initiali-9
946 1966 1010 1992 non,
1025 1958 1091 1995 quia

243 2009 395 2046 expellitur
416 2016 431 2036 a
453 2008 568 2036 caritate
590 2007 729 2044 perfecta3
750 2005 853 2043 filialis
877 2014 947 2039 non,
969 2006 1035 2042 quia
1063 2005 1093 2033 ti-

244 2059 315 2090 met,
337 2064 371 2084 ne
392 2055 488 2083 oculos
510 2054 598 2083 Patris
620 2053 778 2082 offendam:
805 2061 872 2089 ergo
893 2061 947 2081 non
971 2053 1093 2087 videtur,

244 2103 318 2140 quod
341 2103 423 2131 timor
445 2102 600 2131 secundum
623 2101 745 2138 aliquam
769 2100 811 2128 sui
834 2100 1021 2129 differentiam
1038 2108 1092 2127 ma-

244 2153 307 2179 neat
329 2149 355 2177 in
379 2149 476 2186 patria.

324 2198 349 2225 6.
372 2196 455 2230 Item,
477 2196 541 2233 plus
566 2195 678 2223 excedit
706 2194 838 2231 perfectio
866 2193 971 2231 gloriae
999 2193 1090 2230 ipsum

915 185 1169 214 SENTENTIARUM
1190 186 1249 214 LlB.
1271 185 1311 213 Ill.

1142 264 1272 292 timorem
1293 263 1430 300 filialem,
1453 271 1538 300 quam
1567 263 1686 291 excedat
1714 262 1847 299 perfectio
1868 263 1991 292 caritatis

1144 311 1234 347 ipsum
1259 311 1387 339 timorem
1416 309 1580 343 initialem‚·
1608 310 1655 339 sed
1686 310 1769 338 timor
1791 309 1915 338 initialis
1937 318 1991 338 non

1144 361 1197 386 stat
1218 366 1281 386 cum
1305 358 1419 385 caritate
1441 357 1578 393 perfecta,
1601 359 1632 385 ut
1646 359 1789 385 ostensum
1804 357 1856 385 fuit
1871 357 1989 393 supra⁸:

1143 413 1210 441 ergo
1233 412 1282 433 nec
1304 405 1386 433 timor
1406 403 1509 441 filialis
1530 412 1594 432 cum
1616 404 1712 440 gloria.
1734 404 1788 433 Nec
1807 407 1849 433 est
1869 404 1923 432 alia
1944 404 1993 433 dif-

1144 452 1261 480 ferentia
1282 451 1406 483 timoris,
1428 458 1499 488 quae
1521 450 1558 479 ibi
1580 454 1740 479 remaneat:
1761 458 1827 487 ergo
1842 451 1947 479 donum
1963 451 1994 479 ti-

1145 498 1231 526 moris
1252 497 1416 534 simpliciter
1438 497 1621 526 evacuabitur
1643 497 1669 525 in
1692 497 1791 534 patria.

1464 600 1677 621 CONCLUSIO.

1187 686 1301 714 Donum
1318 685 1433 713 timoris
1448 685 1479 713 m
1490 686 1596 722 patria
1611 686 1709 723 quoad
1723 694 1817 714 anam
1839 690 1953 715 tantam

1145 737 1243 762 aetam
1266 741 1324 761 non
1346 737 1510 761 evacuatur
1524 755 1532 767 ,
1555 733 1605 761 sect
1625 733 1762 761 salvatur
1783 737 1809 761 et
1827 733 1991 770 perficitur.

1224 829 1401 857 RESPONDno:
1426 828 1596 862 Dicendum,
1611 828 1700 865 quod,
1722 827 1794 857 sicut
1815 831 1919 857 tactum
1941 828 1995 857 suit

1145 874 1172 902 in
1195 874 1429 911 praecedentibus
1442 873 1468 908 ⁹,
1484 874 1592 902 timoris
1607 877 1649 902 est
1664 874 1766 903 intueri
1782 875 1850 910 tria,
1866 874 1995 904 videlicet
2003 874 2055 918 Tingi?

1141 930 1282 958 poenam,
1306 924 1338 949 ut
1358 921 1446 958 fugiat
1454 932 1461 955 3
1483 919 1637 958 offensam,
1660 924 1691 949 ut
1712 921 1787 950 illam
1810 925 1922 955 caveat3
1936 922 1996 950 Ma-

1145 968 1274 996 iestatem
1295 976 1462 1001 snnnnam,
1479 971 1509 996 ut
1525 968 1562 996 illi
1579 968 1722 997 subiaceat
1743 969 1904 998 exhibendo
1919 977 1996 999 reve-

1145 1016 1272 1044 rentiam.
1296 1016 1326 1044 Et
1347 1015 1502 1044 secundum
1532 1015 1584 1044 boc
1610 1015 1714 1052 triplex
1735 1018 1776 1044 est
1797 1016 1862 1044 doni
1884 1016 1993 1046 timoris
2006 1017 2082 1059 Τΐῐξὲξζ
2101 1017 2123 1036 ti·

1145 1062 1316 1091 differentia:
1340 1071 1429 1097 unus,
1451 1062 1498 1099 qui
1521 1062 1712 1099 principaliter
1734 1063 1832 1100 aspicit
1851 1072 1993 1100 poenam,

1145 1113 1172 1138 et
1193 1110 1245 1138 iste
1266 1114 1308 1138 est
1327 1109 1464 1143 sei·oitis;
1492 1110 1564 1138 alius
1596 1118 1677 1144 vero,
1700 1111 1747 1147 qui
1770 1119 1857 1139 unum
1880 1111 1993 1140 oculum

1147 1158 1231 1186 babet
1251 1158 1286 1186 ad
1307 1166 1447 1194 poenam,
1476 1157 1525 1186 sed
1548 1160 1639 1185 tamen
1661 1158 1887 1195 principaliorem
1910 1159 1995 1188 habet

1146 1204 1180 1232 ad
1203 1203 1343 1241 offensam
1364 1204 1535 1238 vitandam,
1558 1208 1584 1233 et
1606 1204 1650 1233 hic
1672 1207 1713 1233 est
1735 1204 1879 1239 iiiitictlis;
1895 1206 1994 1234 tertius

1146 1254 1256 1282 autem.
1278 1251 1325 1288 qui
1348 1259 1435 1279 unum
1464 1251 1578 1280 oculum
1607 1252 1692 1280 habet
1717 1255 1848 1289 respectu
1868 1251 1993 1289 offensae

1146 1298 1301 1331 vitandae,
1317 1298 1403 1326 alium
1426 1306 1492 1326 vero
1514 1302 1641 1335 respectu
1664 1299 1843 1327 reverentiae
1864 1299 1994 1328 exhiben-

1147 1344 1218 1378 dae,
1234 1348 1261 1373 et
1283 1345 1327 1373 hic
1349 1348 1390 1373 est
1410 1344 1628 1382 filialis;cuius
1649 1345 1700 1374 etsi
1724 1354 1798 1374 unus
1820 1354 1889 1375 usus
1911 1347 1946 1375 sit
1967 1347 1994 1375 in

1148 1390 1339 1429 i‘efuyiendO,
1368 1400 1402 1420 ne
1424 1395 1571 1428 separetur
1592 1400 1608 1420 a
1629 1392 1700 1426 Deo,
1722 1393 1793 1421 alter
1814 1393 1995 1422 excellentior

1147 1443 1174 1468 et
1196 1440 1284 1476 magis
1305 1439 1473 1476 praecipuus
1501 1443 1543 1468 est
1571 1439 1597 1467 in
1625 1440 1782 1468 reverendo
1803 1440 1905 1475 Deum,
1926 1441 1996 1469 resi-

1148 1485 1241 1514 liemlo
1266 1495 1282 1514 a
1304 1494 1415 1514 summa
1444 1486 1584 1515 Maiestate
1605 1486 1633 1514 in
1654 1486 1796 1523 propriam
1819 1487 1995 1523 parvitatem.

1149 1534 1180 1562 Et
1201 1534 1246 1563 hic
1267 1533 1380 1571 quidem
1404 1541 1473 1562 usus
1494 1533 1547 1562 fuit
1567 1534 1595 1562 in
1616 1533 1726 1562 Christo
1748 1537 1774 1562 et
1795 1534 1878 1563 estin
1893 1534 1996 1563 sanctis

1148 1581 1257 1618 Angelis
1278 1584 1304 1610 et
1326 1581 1380 1609 erit
1401 1581 1427 1609 in
1450 1581 1582 1609 omnibus
1603 1580 1693 1610 Beatis
1706 1581 1732 1609 ¹⁰.
1754 1598 1793 1601 —
1808 1581 1839 1609 Et
1860 1585 1996 1618 quantum

1148 1629 1182 1658 ad
1206 1629 1290 1657 istum
1313 1628 1426 1657 oculum
1449 1632 1476 1657 et
1497 1636 1581 1657 usum
1605 1632 1698 1657 manet
1719 1628 1824 1657 donum
1847 1629 1955 1658 timoris
1969 1629 1997 1657 in
2010 1630 2136 1649 0⁰⁰0¹1¹³io¹·
2158 1636 2163 1645 i

1149 1676 1257 1713 patria3
1285 1679 1422 1713 quantum
1449 1684 1517 1704 vero
1538 1675 1573 1704 ad
1602 1675 1671 1704 alios
1700 1675 1846 1704 inferiores
1874 1675 1997 1710 tollitur,

1149 1724 1215 1761 quia
1236 1723 1279 1751 isti
1302 1725 1465 1759 competunt
1479 1723 1503 1751 ei
1519 1722 1674 1751 secundum
1691 1725 1793 1751 statum
1817 1722 1999 1759 imperfectio-

1149 1771 1199 1799 nis.
1223 1770 1293 1807 Quia
1316 1778 1382 1798 vero
1404 1772 1530 1798 remanet
1544 1769 1568 1797 ei
1583 1777 1654 1798 usus
1669 1768 1845 1806 principalis,
1869 1769 1932 1797 binc
1947 1773 1997 1804 est,

1148 1817 1223 1854 quod
1246 1825 1299 1845 non
1322 1816 1425 1844 dicitur
1447 1816 1594 1850 evacuari,
1616 1816 1665 1844 sed
1688 1816 1776 1852 magis
1795 1815 1889 1852 perfici
1906 1819 1933 1844 et
1948 1816 1998 1844 sal-

1149 1864 1217 1892 vari.
1241 1880 1279 1884 ——
1300 1863 1377 1892 Unde
1405 1866 1432 1891 et
1453 1863 1591 1897 rationes,
1612 1870 1684 1899 quae
1706 1863 1758 1891 hoc
1781 1862 1916 1899 probant,
1938 1870 1999 1900 pos-

1149 1915 1214 1940 sunt
1236 1910 1358 1939 concedi.

1230 1960 1253 1986 l.
1275 1958 1312 1986 Ad
1328 1958 1398 1986 illud
1414 1965 1480 1994 ergo
1495 1957 1569 1994 quod
1586 1957 1677 1994 primo
1698 1957 1828 1985 obiicitur
1845 1957 1871 1985 in
1892 1959 1998 1986 contra-

1149 2006 1239 2039 rium,
1262 2005 1337 2042 quod
1358 2012 1447 2041 aeque
1473 2004 1573 2032 nobilis
1594 2008 1636 2033 est
1657 2012 1721 2041 spes
1743 2004 1814 2033 sicut
1837 2004 1938 2037 timor;
1960 2004 1999 2033 di-

1149 2053 1286 2086 cendum,
1308 2051 1382 2088 quod
1406 2059 1505 2080 verum
1528 2054 1570 2079 est
1584 2051 1619 2080 de
1636 2051 1733 2079 timore
1748 2054 1885 2088 quantum
1901 2051 1936 2080 ad
1951 2051 1998 2080 ali-

1149 2107 1232 2137 quem
1249 2099 1309 2128 eius
1326 2107 1424 2133 usum,
1439 2099 1486 2136 qui
1502 2099 1615 2136 quidem
1632 2098 1756 2127 consistit
1770 2099 1796 2127 in
1812 2097 1888 2136 faya
1907 2098 1997 2133 mali,

1149 2146 1304 2175 secundum
1334 2154 1417 2183 quein
1449 2145 1563 2174 modum
1594 2145 1676 2174 timor
1701 2148 1728 2174 et
1752 2153 1815 2182 spes
1837 2145 1941 2173 habent
1961 2146 1996 2174 ad

1149 2193 1267 2222 invicem
1290 2192 1376 2221 dividi
1390 2192 1429 2226 ¹¹;
1452 2196 1479 2220 et
1499 2196 1635 2229 quantum
1651 2192 1684 2221 ad
1701 2193 1776 2221 hunc
1797 2200 1880 2221 usum
1897 2200 1995 2221 verum

308 2318 314 2332 ¹
333 2318 388 2346 Cup.
406 2318 448 2345 23,
466 2318 508 2339 37:
526 2317 582 2339 Nihil
602 2317 684 2339 melius
700 2319 734 2338 ost
751 2322 821 2344 quam
839 2317 907 2338 timor
924 2316 971 2338 Dei.
990 2329 1019 2332 —-
1036 2316 1091 2338 Alte-

244 2364 296 2380 rum
314 2358 427 2379 testimon.
446 2360 479 2379 est
496 2356 551 2379 ibid.
573 2357 590 2384 l,
609 2356 650 2378 ⁶20:
672 2355 789 2377 Plenitudo
812 2356 937 2383 sapientiae
954 2358 988 2377 est
1011 2356 1091 2377 timere

244 2397 325 2419 Deum.
337 2409 368 2413 —
383 2397 426 2419 ΡΝ)
443 2397 464 2418 et
485 2395 563 2425 primo
581 2395 673 2423 plurimi
691 2395 758 2417 codd.
777 2401 830 2416 cum
853 2394 906 2416 edd.
924 2395 945 2417 et
965 2395 1024 2423 post.
1044 2394 1092 2416 Mox

244 2442 286 2464 pro
309 2437 331 2458 el
353 2435 458 2458 maxime
479 2434 601 2464 plenitudo
619 2433 748 2463 sapientiae
766 2433 833 2456 codd.
853 2433 893 2455 FG
904 2433 910 2454 l
922 2433 939 2455 li
950 2433 966 2454 L
977 2433 992 2454 N
1004 2433 1022 2454 T
1034 2433 1051 2454 V
1070 2433 1092 2455 et

244 2475 323 2498 maior
338 2474 466 2504 plenitudo.
740 2474 742 2476 ’

307 2514 316 2528 2
335 2514 398 2536 Vcrs.
416 2514 437 2535 6.
454 2525 486 2529 -
504 2513 555 2535 Post
573 2519 646 2540 pauca
665 2519 706 2540 pro
724 2511 755 2534 ibi
771 2511 801 2534 sit
818 2512 870 2534 cod.
890 2513 907 2534 V
924 2511 958 2534 ibt
974 2511 1025 2534 erit.

309 2552 317 2567 ³
334 2553 388 2575 Dist.
407 2553 443 2574 31.
461 2559 480 2574 a.
499 2553 520 2574 2.
539 2559 560 2580 q.
579 2553 599 2573 ἱ).

308 2592 317 2606 ⁴
334 2592 378 2615 Cfr.
396 2598 466 2619 supra
484 2598 538 2620 pag.
557 2592 611 2619 569,
632 2594 683 2613 nota
703 2591 722 2613 4.
735 2603 766 2607 -
778 2591 800 2612 ln
819 2591 862 2613 fine
879 2597 928 2618 arg.
948 2597 990 2618 pro
1009 2589 1093 2613 nullas

245 2632 289 2655 erit
306 2631 377 2655 timot·
395 2631 445 2654 cod.
464 2633 480 2653 A
499 2637 541 2654 nec
557 2632 591 2653 esc
609 2630 687 2653 timor.

308 2671 318 2685 ⁵
333 2671 398 2693 Vcrs.
417 2671 453 2693 113.
465 2682 496 2686 —
508 2672 618 2698 August„
641 2673 666 2692 tr.
686 2669 721 2692 46.
744 2676 765 2691 ιι,
783 2670 805 2691 8.
823 2670 854 2691 sic.
871 2672 913 2691 ait:
934 2677 944 2689 ι(
958 2669 1094 2691 Affectiones

246 2713 336 2732 nostrae.
353 2713 430 2732 motus
447 2709 577 2731 animorum
595 2712 659 2730 sunt:
677 2708 771 2735 laetitia,
784 2708 853 2729 animi
872 2707 975 2735 diffusio,
995 2708 1092 2735 tristitia,

246 2749 315 2770 animi
333 2748 468 2775 contractio,
481 2747 606 2775 cupiditas,
619 2747 687 2769 animi
701 2747 846 2774 progressio:
860 2747 927 2768 timor
949 2747 1018 2768 animi
1039 2747 1093 2774 fuga

246 2790 279 2809 est
292 2795 312 2808 u.
330 2787 356 2808 Et
372 2787 393 2808 in
412 2786 450 2808 lib.
469 2786 497 2808 dc
514 2786 582 2808 Beata
605 2785 667 2812 Vita,
685 2792 706 2807 n.
735 2786 766 2807 ll.
785 2785 845 2806 idom
864 2786 904 2806 ait:
926 2793 936 2804 α
953 2785 1012 2812 Ergo
1030 2784 1094 2812 quod

247 2828 307 2847 amat
329 2826 439 2854 quisque,
463 2826 481 2847 si
503 2825 607 2847 amittere
630 2827 715 2852 potest,
739 2826 842 2852 potestne
864 2829 908 2845 non
933 2824 1027 2845 timere?
1045 2823 1093 2845 Non

247 2867 321 2891 potest
334 2872 353 2886 i».
371 2865 448 2887 Glossa
467 2863 592 2887 ordinaria
604 2863 665 2891 apud
678 2863 786 2886 Sti-abun]
799 2863 820 2884 in
839 2863 899 2884 bunc
912 2863 954 2884 loc.
972 2862 1038 2884 dicit:
1057 2862 1095 2883 Ti-

248 2909 298 2925 mor
315 2907 348 2926 est
365 2904 417 2931 suga
436 2904 516 2931 animi,
535 2904 603 2931 sugit,
617 2910 644 2925 ne
663 2903 744 2931 perdat
761 2902 825 2931 quod
843 2902 922 2930 diligit.
941 2914 972 2918 —
991 2901 1094 2923 Subinde

248 2947 290 2968 pro
312 2941 379 2964 nullo
396 2942 465 2965 modo
483 2942 533 2965 cod.
551 2943 567 2964 A
587 2948 645 2970 non,
666 2945 688 2964 et
705 2942 725 2963 in
744 2941 788 2963 sine
806 2947 854 2969 arg.
873 2947 915 2969 pro
933 2939 1016 2963 nullus
1033 2940 1094 2962 idem

248 2979 299 3002 cod.
317 2981 333 3001 A
351 2986 399 3003 nec.

1211 2315 1221 2329 ⁶
1240 2315 1269 2337 lta
1286 2315 1354 2337 codd.
1372 2315 1390 2337 li
1401 2314 1443 2336 UZ
1455 2314 1493 2342 bb,
1506 2315 1528 2336 in
1546 2314 1595 2337 aliis
1612 2316 1633 2336 et
1650 2314 1703 2336 edd.
1721 2315 1847 2342 incongrue
1863 2313 1924 2337 sicat
1935 2320 1998 2337 sam-

1148 2360 1188 2377 ma
1206 2355 1241 2377 est
1255 2360 1318 2383 puae,
1333 2353 1374 2376 nbi
1390 2353 1458 2376 milla
1476 2357 1517 2376 otc.

1211 2394 1221 2408 ⁷
1238 2393 1336 2421 Supplex
1349 2393 1412 2422 quod
1424 2396 1539 2421 repugnat
1551 2393 1616 2415 statui
1630 2393 1724 2421 gloriae.
1734 2392 1778 2415 Cri:
1789 2396 1877 2421 quaest.
1890 2392 1996 2420 praeced.

1149 2437 1171 2456 et
1182 2440 1202 2455 a.
1219 2434 1236 2455 l.
1249 2439 1271 2461 q.
1284 2433 1304 2454 3.
1316 2445 1345 2448 ⁴
1359 2432 1380 2454 ln
1398 2432 1441 2454 fine
1454 2439 1502 2460 arg.
1516 2438 1558 2460 pro
1570 2431 1594 2454 in
1607 2431 1687 2461 patria
1705 2431 1756 2454 cod.
1769 2432 1787 2453 Α
1800 2430 1824 2454 ia
1841 2431 1893 2460 ipsa
1908 2431 1996 2460 patria.

1211 2471 1221 2487 8
1238 2472 1330 2500 Quaesl.
1343 2471 1448 2499 praeced.
1462 2484 1491 2487 —
1503 2471 1575 2493 Codd.
1594 2473 1610 2493 A
1621 2472 1640 2493 K
1650 2471 1669 2493 U
1682 2472 1789 2493 omittunt
1800 2471 1907 2498 superius
1919 2470 1995 2500 ipsum

1149 2514 1201 2533 ante
1218 2510 1324 2533 timorem
1343 2510 1464 2533 initialem.

1212 2549 1221 2564 ⁹
1238 2552 1330 2578 Qutiest.
1352 2550 1368 2571 l.
1382 2562 1409 2565 —
1424 2549 1472 2571 Mox
1491 2556 1533 2577 pro
1552 2550 1576 2571 ut
1591 2548 1669 2579 fngiat
1685 2548 1736 2571 cod.
1748 2549 1764 2570 Z
1782 2547 1887 2571 atillam
1903 2547 1993 2578 sufflat,

1149 2593 1171 2611 et
1188 2595 1229 2616 pro
1250 2588 1376 2617 offensam,
1400 2594 1470 2617 quam
1494 2589 1612 2610 lectionem
1636 2594 1663 2610 ex
1681 2587 1748 2610 codd.
1771 2587 1847 2609 ΑΗΚ
1871 2587 1904 2614 (K
1927 2593 1939 2609 a
1963 2593 1996 2609 se-

1150 2628 1223 2650 cunda
1243 2628 1326 2655 manu>
1343 2628 1496 2655 restituimus,
1515 2627 1550 2649 alii
1568 2626 1635 2649 codd.
1649 2633 1690 2649 nec
1707 2633 1751 2648 non
1764 2626 1817 2649 edd.
1835 2625 1993 2655 offensionem.

1214 2666 1232 2680 ¹⁰
1249 2666 1293 2688 Csr.
1312 2667 1348 2688 llic
1366 2666 1395 2688 lit.
1414 2666 1524 2693 Magistri,
1543 2672 1562 2688 c.
1581 2666 1601 2687 3.
1619 2668 1641 2687 et
1658 2666 1679 2687 8.
1693 2677 1722 2681 --
1734 2665 1845 2692 Superius
1863 2670 1904 2692 pro
1922 2663 1946 2685 [η
1963 2670 1996 2686 re-

1150 2705 1250 2728 verendo
1270 2705 1343 2727 Deum
1360 2705 1411 2727 cod.
1429 2706 1448 2727 K
1466 2708 1488 2727 et
1504 2704 1557 2727 edd.
1581 2704 1721 2727 substituunt
1742 2703 1767 2725 in
1788 2702 1915 2726 reverendo
1933 2708 1996 2725 sam-

1150 2750 1213 2767 mam
1232 2743 1378 2766 Maiestatem
1395 2744 1461 2772 (cdd.
1484 2744 1501 2771 l,
1515 2744 1528 2765 2
1546 2743 1648 2765 subdunt
1659 2742 1766 2769 Domini,
1786 2741 1835 2763 Vat.
1851 2740 1947 2763 Domini
1958 2742 1994 2767 et)

1151 2788 1172 2806 et
1190 2783 1252 2809 dein,
1271 2789 1318 2805 cxc.
1337 2783 1394 2811 Vnt„
1410 2783 1516 2805 omittunt
1533 2788 1548 2805 a
1560 2788 1655 2805 samma
1672 2780 1799 2805 Maiestate.
1813 2781 1854 2802 Pro
1871 2780 1996 2809 propriam

1150 2821 1290 2852 parvitatem
1309 2822 1376 2844 codd.
1395 2823 1411 2843 A
1423 2822 1439 2844 U
1456 2821 1580 2850 propriam
1594 2821 1771 2850 paupertatem,
1792 2822 1813 2841 et
1830 2819 1852 2840 in
1870 2818 1915 2841 fine
1932 2826 1995 2847 corp.

1151 2868 1194 2890 pro
1209 2862 1310 2890 possunt
1327 2860 1424 2884 concedi
1438 2860 1488 2883 cod.
1507 2862 1523 2882 A
1542 2858 1701 2883 concedendae
1717 2858 1780 2880 sunt.

1215 2899 1232 2914 ¹¹
1252 2900 1310 2922 Vide
1322 2906 1391 2928 supra
1405 2900 1426 2921 d.
1445 2900 1481 2921 ⁶26.
1494 2905 1513 2921 a.
1527 2900 1547 2921 ⁴2.
1561 2905 1582 2926 q.
1604 2899 1621 2920 l.
1634 2909 1664 2913 —
1676 2897 1718 2918 Pro
1735 2895 1767 2919 ad
1785 2895 1884 2919 invicem
1901 2896 1953 2919 edd.
1974 2901 1996 2920 ot

1152 2939 1253 2961 nonnulli
1272 2938 1339 2961 codd.
1356 2937 1386 2961 ab
1403 2937 1507 2960 invicem.
1526 2937 1574 2958 Mox
1592 2941 1634 2963 pro
1651 2934 1764 2957 sicutnec
1780 2940 1832 2963 spes
1850 2935 1914 2957 multi
1926 2934 1994 2957 codd.

1152 2978 1214 3002 sicut
1230 2979 1249 3001 et
1266 2984 1329 3007 spes,
1350 2978 1400 3000 cod.
1418 2978 1434 2998 A
1452 2976 1513 2999 sient
1530 2981 1587 3004 spes.

2075 876 2134 903 intuo·
2151 890 2152 895 ,

2067 905 2094 918 ria

2011 1771 2109 1791 Conclusio
2119 1772 2137 1790 2.
2159 1772 2160 1775 ’

2011 1960 2082 1979 Salutio
2095 1966 2126 1984 op-

2011 1984 2120 2007 positorum.
