2166 3366
123 1024 229 1042 Conclusio.

115 1165 191 1192 Triplex
201 1171 230 1184 ra-

150 1192 182 1207 110.

102 1355 144 1373 Tria
155 1355 173 1372 in
182 1359 235 1377 prae-

102 1378 234 1397 destinatione,

115 1778 190 1801 Triplex
203 1783 232 1796 ro-

103 1802 211 1825 pugnantia.

103 2014 232 2032 Corollariuin.

117 2342 187 2368 Salutio
201 2348 233 2365 op-

117 2368 228 2389 positorum.

245 188 299 216 178

321 266 348 294 [ι.
370 266 454 300 Item,
477 264 573 293 nullus
594 264 775 309 semetipsum
791 263 1030 300 praedestinavit¹
1054 280 1093 283 —-

242 313 315 342 sicut
336 312 409 341 enim
431 312 503 340 alius
518 315 559 340 θεῖ
580 311 627 348 qui
644 314 768 344 creatur,
790 310 862 338 alius
884 313 925 338 est
940 310 987 347 qui
1003 313 1091 343 creat;

243 361 282 389 sic
303 364 330 389 et
361 360 408 397 qui
441 358 645 396 praedestinat,
674 361 700 386 et
732 357 778 394 qui
806 357 1031 394 praedestinatur
1054 373 1092 377 ——

244 408 292 436 sed
315 414 427 441 omnes,
458 408 594 443 quotquot
625 405 886 441 praedestinantur,
919 412 935 431 a
955 404 1021 432 Filio
1044 403 1091 432 Dei

243 453 502 491 praedestinantur:
525 460 592 489 ergo
614 452 775 480 nullatenus
795 454 837 480 est
865 450 1090 480 concedendum:

245 500 328 528 Filius
349 499 396 528 Dei
420 502 461 528 est
482 499 715 536 praedestinatus.

558 600 771 621 CONCLUSIO.

292 688 428 716 Locutio:
452 687 549 715 Filius
570 686 624 714 Dei
645 689 685 714 est
703 685 957 722 praedestinatus,
984 693 1041 713 non

479 734 648 762 admittitur
670 742 689 761 a
711 732 853 770 tltcoloyis.

323 829 500 857 Respounno:
524 828 691 859 Dicendum,
715 828 789 865 quod
817 827 945 864 quamvis
968 827 1037 856 haec
1058 827 1093 856 sit

244 876 434 905 concedenda:
451 875 586 904 Christus
598 878 639 903 θεῖ
655 874 888 912 praedestinatus,
904 882 954 911 pro
969 882 1002 903 eo
1017 874 1092 911 quod

244 924 371 953 Christus
393 923 517 952 nominat
539 922 710 959 hypostasim
734 922 759 950 in
783 921 894 950 duabus
920 921 1044 955 naturis:
1066 924 1093 949 et

243 972 326 1000 haec:
343 971 470 999 Christus
485 973 526 999 est
542 970 781 1006 praedestinatus,
798 969 824 996 in
840 972 976 1005 quantum
994 967 1091 1002 1101110,

243 1019 350 1047 ratione
371 1018 610 1047 determinationis
631 1017 794 1051 ί«11111111θῖῑ1θς
816 1017 884 1045 haec
906 1020 999 1045 tamen
1021 1024 1093 1045 com-

243 1066 366 1094 muniter
382 1074 434 1093 11011
451 1064 598 1101 recipitur:
617 1064 713 1092 Filius
730 1064 782 1092 Dei
795 1067 837 1092 est
858 1063 1091 1100 praedestinatus.

243 1130 282 1134 —
306 1114 334 1141 Et
356 1113 427 1141 ratio
449 1112 534 1140 huius
556 1115 597 1140 est
626 1114 741 1148 propter
763 1111 996 1148 repuymtntiani
1017 1110 1093 1139 intel-

244 1160 385 1194 lectuum,
407 1167 478 1196 quae
500 1159 613 1196 quidem
631 1158 771 1187 invenitur
794 1158 866 1186 inter
888 1157 1050 1186 subiectum
1066 1160 1092 1185 et

242 1207 458 1244 praedicatum.

324 1254 470 1290 Reperitur
492 1256 585 1281 autem
610 1253 645 1280 ihi
674 1252 777 1289 triplex
808 1252 1001 1289 repugnantia.
1024 1251 1091 1279 Nam

245 1301 412 1330 vocabulum
444 1299 723 1337 praedestinationis
751 1299 823 1327 circa
852 1299 1091 1335 praedestinatum

245 1348 297 1376 tria
319 1348 466 1384 importat,
489 1346 617 1375 videlicet
639 1345 839 1374 habitudinem
861 1345 1013 1383 effectuum
1027 1346 1035 1359 ²
1052 1354 1093 1374 re-

245 1398 340 1432 spectu
363 1402 478 1428 causae,
500 1393 726 1430 acceptationem
756 1401 806 1429 per
839 1393 943 1421 donum
967 1393 1091 1430 gratiae,

243 1446 270 1471 et
292 1441 505 1470 inchoationem
537 1444 673 1477 quantum
696 1441 730 1468 ad
753 1449 813 1468 esse
834 1444 958 1468 naturae.
983 1440 1014 1468 Et
1032 1439 1093 1476 pri-

243 1497 323 1517 11111111
357 1488 527 1517 intellectum
562 1488 660 1519 habet.
693 1487 758 1524 quia
791 1487 934 1516 descendit
962 1495 978 1514 a
1007 1486 1092 1515 verbo

242 1536 369 1573 passivo:
391 1535 554 1564 secundum
577 1543 642 1563 vero
658 1534 830 1563 intellectum
847 1534 945 1568 hahet,
968 1533 1033 1570 quia
1049 1533 1094 1561 de-

243 1584 350 1612 scendit
381 1583 416 1611 al]
447 1586 511 1611 actu
544 1582 651 1610 dicente
683 1582 887 1610 ordinationem
915 1581 950 1609 ad
972 1580 1092 1614 finem³;

245 1631 362 1659 tertium
384 1630 556 1659 intellectum
572 1630 671 1663 hahet,
687 1629 753 1666 quia
777 1629 954 1665 componitur
976 1637 992 1656 a
1016 1636 1093 1665 prae-

244 1678 379 1715 positione
401 1677 510 1706 dicente
531 1676 766 1710 antecessionem„
790 1675 861 1704 sicut
883 1675 917 1703 ab
939 1675 991 1703 hac
1017 1682 1094 1711 prae-

243 1725 379 1762 positione
397 1724 657 1761 prae—Econtra
672 1723 755 1751 Filius
777 1723 825 1751 Dei
848 1722 914 1751 dicit
935 1722 1010 1750 illam
1035 1730 1094 1759 per-

245 1780 340 1801 sonam
367 1775 399 1800 ut
432 1780 573 1804 causant,
602 1779 656 1799 non
688 1774 719 1798 ut
750 1770 888 1799 effectum.
917 1769 988 1798 Dicit
1010 1770 1092 1798 etiam

246 1820 321 1848 illam
344 1826 509 1856 personam,
531 1821 616 1855 prout
632 1818 764 1854 competit
785 1817 823 1845 illi
845 1816 950 1854 filiatio
969 1825 1023 1853 per
1045 1825 1094 1844 na—

246 1871 363 1900 turam,
385 1874 439 1894 uon
462 1874 512 1903 per
544 1865 649 1901 gratiae
682 1865 796 1893 donum.
819 1864 889 1892 Dicit
910 1864 993 1892 etiam
1016 1863 1093 1891 illam

245 1921 392 1952 personam
416 1917 447 1941 ut
469 1915 638 1945 aeternam,
668 1920 721 1939 11011
749 1915 778 1939 ut
802 1911 949 1939 habentem
973 1910 1093 1938 initium.

246 1962 276 1990 Et
298 1961 336 1990 sic
358 1968 492 1997 expresse
518 1963 559 1989 cst
582 1959 767 1996 repugnantia
800 1958 992 1986 intellectuum
1023 1958 1094 1986 inter

245 2008 404 2037 subiectum
420 2011 447 2036 et
461 2006 662 2043 praedicatum.
672 2022 710 2025 ψ
721 2006 751 2034 Et
767 2008 857 2042 potest
872 2005 923 2033 ista
939 2012 1095 2041 repugnan-

246 2056 282 2083 tia
304 2054 400 2083 reduci
431 2054 465 2082 ad
490 2053 592 2091 triplex
615 2061 703 2090 genus
735 2052 933 2089 oppositionis,
966 2051 1095 2080 videlicet

246 2102 506 2135 contradictionis,
540 2100 761 2129 contrarietatis
795 2103 822 2128 et
859 2099 1013 2127 relationis
1025 2099 1040 2127 ⁴.
1065 2100 1095 2128 Et

246 2153 361 2186 propter
383 2150 455 2177 hanc
472 2148 609 2185 triplicem
631 2147 843 2184 repugnantiam
867 2155 921 2174 non
943 2146 1095 2175 admittunt

246 2196 371 2233 magistri
394 2196 565 2233 praedictam
589 2195 766 2223 locutionem.
789 2210 827 2214 —
849 2194 924 2222 Unde
946 2193 1095 2222 conceden-

246 2244 297 2272 dae
319 2247 384 2272 sunt
406 2243 540 2276 rationes,
563 2250 634 2279 quae
657 2245 722 2270 sunt
743 2241 777 2270 ad
802 2244 908 2278 partem
932 2241 1022 2269 istam.

328 2292 351 2318 t.
374 2290 411 2319 Ad
437 2290 506 2318 illud
528 2298 595 2326 ergo
618 2289 693 2326 quod
715 2289 846 2317 obiicitur
868 2288 959 2325 primo
982 2288 1008 2316 in
1035 2295 1096 2316 con-

247 2338 381 2371 trarium,
404 2336 477 2373 quod
495 2337 563 2365 haec
578 2336 754 2364 conceditur:
771 2335 854 2363 Filius
869 2335 917 2362 Dei
939 2338 980 2363 est
995 2334 1095 2368 110111ος

246 2385 409 2419 dicendum,
424 2384 497 2421 quod
515 2392 568 2411 non
584 2386 625 2411 est
638 2383 673 2411 ihi
690 2382 874 2419 repugnantia
886 2382 1095 2415 intellectuum,

247 2432 332 2459 immo
353 2432 446 2468 potius
468 2429 655 2459 consonantia.
678 2429 771 2457 Homo
801 2429 873 2457 enim
907 2428 1030 2456 nominat
1052 2436 1096 2456 na-

248 2482 339 2507 turam
372 2478 493 2506 habilem
523 2478 556 2506 ad
591 2477 738 2511 unionem,
768 2484 821 2504 non
848 2476 887 2504 sic
918 2479 1011 2504 autem
1044 2475 1096 2503 hoc

248 2526 437 2562 praedicatum
460 2523 745 2561 praeclestinatinn⁶.
770 2524 800 2552 Et
822 2523 883 2552 ideo
900 2531 951 2550 non
969 2523 1096 2559 sequitur

247 2581 283 2602 ex
306 2573 373 2607 hoc,
396 2572 497 2609 quodsi
518 2572 602 2600 Filius
624 2571 671 2599 Dei
695 2575 736 2599 est
759 2570 859 2604 1101110,
881 2570 956 2606 quod
983 2572 1097 2606 propter

918 185 1171 213 SENTENTIARUM
1194 184 1252 212 12113.
1274 185 1314 212 111.

1148 262 1201 291 hoc
1223 262 1257 291 sit
1275 263 1459 299 praescitae,
1489 263 1532 291 vel
1562 263 1817 300 praedestinatus,
1839 264 1889 292 nisi
1913 264 1995 293 adda-

1150 312 1196 337 tur
1218 309 1257 338 ei:
1280 309 1435 338 secundum
1458 309 1532 346 quod
1556 308 1648 337 1101110.

1229 358 1254 384 2.
1277 356 1315 384 Ad
1338 356 1408 385 illud
1424 357 1497 393 quod
1521 357 1667 391 obiicitur,
1692 358 1766 395 quod
1782 359 1997 387 communicatio

1150 403 1313 431 idiomatum
1336 407 1377 432 est
1399 404 1426 431 in
1443 404 1585 438 omnibus,
1601 405 1726 442 exceptis
1741 405 1900 434 nominihus
1922 406 1997 434 unio-

1150 458 1212 479 nem
1246 451 1478 487 importantihus3
1511 451 1680 487 dicendum,
1711 452 1786 489 quod
1818 461 1871 480 11011
1905 453 1995 481 εο111111

1150 500 1216 525 sunt
1237 497 1288 525 illa
1320 498 1486 534 excipienda
1517 499 1655 533 nomina,
1678 499 1726 528 sed
1756 499 1839 528 etiam
1861 500 1998 528 vocabula

1150 544 1210 578 illa,
1232 552 1268 573 ex
1290 544 1395 581 quibus
1409 546 1552 582 consurgit
1567 545 1760 574 intellectuum
1783 546 1998 583 repuynantiffl

1150 595 1177 619 et.
1200 591 1253 620 tale
1274 595 1316 620 est
1339 591 1508 620 vocabulum
1523 592 1804 629 praedestinationis
1825 596 1852 621 et
1873 593 2000 621 consimi-

1151 638 1202 673 lia,
1235 638 1306 667 sicut
1337 639 1438 667 melius
1474 639 1696 668 manifestabitur
1729 639 1801 668 infra
1823 640 1998 668 distinctione

1150 686 1296 714 undecima
1310 686 1327 720 ⁶,
1358 686 1406 714 uhi
1439 687 1601 723 quaeritur,
1632 690 1728 715 utrum
1758 686 1827 715 haec
1849 687 1883 715 sit
1905 694 2000 715 conce-

1151 733 1257 761 denda:
1282 732 1365 761 Filius
1387 733 1434 761 Dei
1457 736 1498 761 est
1519 737 1657 761 creatura.

1231 780 1256 808 3
1279 780 1317 808 Ad
1340 780 1409 808 illud
1433 788 1499 808 vero
1531 780 1606 817 quod
1638 780 1784 815 obiicitur,
1813 781 1888 817 quod
1911 781 1999 817 magis

1151 829 1289 863 repugnat
1322 826 1474 864 temporale
1506 830 1634 862 aeterno,
1666 835 1750 864 quam
1783 831 1927 856 aeternum
1958 835 1999 856 ae-

1151 877 1246 908 terno;
1268 874 1435 908 dicendum,
1458 874 1533 911 quod
1560 882 1658 903 verum
1689 877 1731 903 est
1752 874 1786 903 de
1807 882 1839 902 eo
1861 874 1935 911 quod
1958 878 2000 903 est

1151 929 1222 958 pure
1244 925 1406 955 aeternum:
1422 921 1456 950 de
1471 929 1503 950 eo
1518 924 1622 955 autem⁷
1637 921 1712 958 quod
1729 925 1769 950 est
1785 922 1823 950 sic
1839 925 1999 956 aeternum,

1152 968 1227 1004 quod
1250 968 1284 996 de
1307 976 1357 996 suo
1381 968 1514 1005 primario
1542 968 1683 996 intellectu
1708 968 1775 996 dicit
1800 971 1826 996 et
1854 968 1998 996 nominat⁷

1151 1015 1255 1052 aliquid
1280 1015 1448 1052 temporale,
1480 1023 1535 1043 non
1568 1015 1652 1043 habet
1683 1015 1845 1048 veritatem,
1876 1015 1998 1043 maxime

1150 1062 1263 1099 quando
1285 1062 1323 1091 sic
1346 1063 1478 1099 importat
1498 1062 1572 1094 illud⁴
1601 1062 1770 1099 temporale,
1792 1062 1866 1099 quod
1894 1062 1998 1091 directe

1151 1109 1234 1137 hahet
1255 1110 1456 1146 oppositionem
1480 1110 1515 1138 ad
1538 1112 1700 1143 aeternum,
1716 1109 1788 1138 sicut
1808 1112 1849 1138 est
1864 1109 1917 1138 hoc
1939 1117 2000 1145 par-

1150 1157 1275 1194 ticipium
1297 1156 1544 1193 praedestinatus.

1229 1205 1255 1232 li,
1279 1204 1315 1232 Ad
1339 1204 1407 1233 illud
1441 1212 1507 1232 vero
1538 1204 1611 1241 quod
1645 1204 1775 1232 obiicitur
1796 1204 1830 1232 de
1852 1203 1999 1238 missione,

1150 1252 1224 1289 quod
1247 1252 1377 1288 quamvis
1398 1252 1433 1280 sit
1456 1251 1624 1288 temporale,
1646 1251 1829 1280 0011θθ111ῖ111·8
1851 1251 1934 1279 Filius
1950 1251 1998 1279 Dei

1150 1306 1211 1327 esse
1232 1299 1351 1332 missus;
1374 1298 1541 1333 dicendum,
1563 1298 1637 1336 quod
1659 1306 1712 1326 non
1736 1302 1777 1326 est
1799 1298 1902 1329 simile.
1924 1298 1998 1334 quia,

1150 1346 1199 1374 etsi
1225 1346 1303 1373 mitti
1323 1346 1396 1374 dicat
1418 1345 1485 1382 quid
1508 1345 1670 1382 temporale,
1686 1348 1778 1374 tamen
1804 1345 1874 1374 illud
1897 1349 2000 1382 tempo-

1151 1393 1209 1421 rale
1230 1401 1284 1420 non
1307 1393 1410 1421 dicitur
1431 1392 1493 1429 poni
1517 1392 1591 1421 circa
1612 1392 1744 1421 divinant
1763 1401 1933 1429 personant,
1949 1393 1998 1421 sed

1151 1440 1224 1469 circa
1247 1440 1362 1477 aliquid
1383 1443 1534 1472 ereaturam
1566 1439 1639 1468 circa
1670 1447 1737 1467 vero
1759 1439 1881 1467 divinam
1908 1447 2001 1476 perso-

1152 1495 1216 1515 nam
1240 1487 1317 1523 ponit
1339 1486 1425 1514 solam
1452 1486 1677 1514 emanationem.
1699 1486 1750 1514 Sed
1770 1486 2001 1523 praedestinatio

1151 1535 1222 1562 circa
1248 1534 1338 1570 ipsum
1368 1533 1605 1570 praedestinatum
1639 1533 1775 1569 triplicem
1800 1533 1875 1570 ponit
1897 1533 2002 1562 intelle-

1151 1585 1237 1614 ctum,
1254 1580 1299 1617 qui
1317 1584 1456 1617 repugnat
1471 1588 1605 1617 personae
1621 1582 1767 1614 aeternae3
1779 1583 1805 1608 et
1820 1579 1891 1614 ideo,
1906 1587 2002 1616 quani-

1152 1628 1193 1656 vis
1215 1636 1281 1656 sane
1303 1628 1389 1664 possit
1411 1627 1539 1655 concedi:
1562 1627 1647 1655 Filius
1668 1627 1715 1655 Dei
1743 1630 1784 1655 est
1806 1627 1924 1661 missus3
1946 1635 1999 1655 non

1151 1683 1217 1704 sane
1239 1678 1329 1712 potest
1351 1675 1478 1704 concedi:
1512 1674 1596 1703 Filius
1628 1674 1675 1703 Dei
1705 1677 1746 1703 est
1769 1675 1999 1711 praedestinatus.

1232 1724 1256 1750 5.
1280 1723 1317 1751 Ad
1342 1722 1410 1750 illud
1433 1722 1508 1759 quod
1525 1722 1672 1756 obiicitur,
1688 1721 1763 1758 quod
1779 1722 1844 1750 Filio
1862 1722 1907 1750 Dei
1924 1730 2001 1759 prae-

1152 1773 1248 1806 parata
1280 1770 1332 1798 suit
1363 1769 1452 1805 gratia
1474 1769 1500 1797 in
1524 1769 1661 1805 praesenti
1685 1772 1711 1797 et
1732 1768 1821 1805 gloria
1840 1768 1866 1796 in
1889 1769 2000 1801 futuro:

1153 1817 1318 1850 dicendum„
1340 1817 1416 1854 quod
1438 1816 1488 1845 etsi
1505 1816 1614 1844 Christo
1630 1819 1796 1853 praeparata
1817 1816 1868 1844 suit
1890 1816 1978 1852 gratia
1991 1815 2000 1828 ⁹

1153 1864 1258 1892 ratione
1281 1862 1428 1891 hnmanae
1451 1866 1582 1897 naturae,
1604 1871 1657 1890 non
1680 1865 1771 1891 tamen
1795 1863 1901 1891 ratione
1929 1862 2000 1890 clini-

1151 1919 1214 1938 nae.
1239 1911 1268 1938 Et
1291 1911 1352 1939 ideo
1374 1911 1445 1939 sicut
1467 1910 1557 1947 prima
1579 1909 1681 1938 locutio
1702 1912 1836 1946 negatur,
1859 1918 1914 1946 qua
1936 1910 2000 1938 dici-

1152 1962 1212 1986 tur:
1236 1958 1319 1986 Filius
1341 1957 1387 1986 Dei
1411 1960 1453 1986 est
1471 1957 1713 1994 'pi·aedestii‘iatus,
1736 1956 1788 1985 nisi
1814 1957 1936 1985 addatur
1957 1956 2001 1985 de-

1153 2005 1325 2039 terminatio,
1342 2004 1496 2033 secundum
1514 2012 1599 2041 quam
1616 2008 1643 2032 et.
1659 2004 1764 2032 ratione
1778 2004 1859 2032 cuius
1880 2004 2002 2032 attenda-

1153 2056 1199 2080 tur
1221 2052 1281 2089 ipsa
1302 2051 1537 2089 praedestinatio:
1564 2051 1602 2079 sic
1625 2051 1751 2088 neganda
1778 2054 1820 2079 est
1846 2051 1900 2078 alia
1930 2051 2002 2079 locu-

1152 2100 1203 2134 tio,
1226 2100 1251 2127 in
1275 2107 1331 2136 qua
1351 2099 1465 2135 ponitur
1498 2098 1756 2135 praedestinationis
1783 2097 1919 2131 definitio,
1949 2097 2001 2126 nisi

1152 2147 1276 2175 addatur
1300 2146 1367 2174 haec
1388 2145 1596 2174 determinatio:
1621 2145 1775 2174 secundum
1798 2144 1872 2181 quod
1895 2145 1987 2173 homo.

1233 2194 1258 2220 6.
1281 2193 1318 2220 Ad
1341 2192 1410 2220 illud
1433 2199 1500 2220 vero
1522 2191 1596 2228 quod
1619 2191 1762 2225 obiicitur,
1778 2191 1853 2228 quod
1875 2191 1941 2219 haec
1957 2191 2002 2219 de-

1154 2239 1323 2268 terminatio:
1357 2238 1512 2267 secundum
1542 2238 1617 2275 quod
1650 2238 1745 2271 homo,
1780 2246 1832 2265 non
1855 2237 2001 2271 diminuit3

1154 2286 1320 2319 dicendum,
1349 2286 1423 2322 quod
1454 2285 1583 2322 quamvis
1604 2292 1657 2312 non
1680 2284 1818 2313 diminuat
1839 2284 1873 2312 de
1895 2284 2002 2313 ratione

1155 2333 1434 2371 praedestinationis,
1456 2332 1520 2360 facit
1541 2336 1634 2360 tamen
1647 2355 1654 2365 ,
1689 2332 1764 2369 quod
1786 2331 2002 2368 praedestinatio

1155 2389 1213 2409 rem
1231 2388 1310 2408 suam
1327 2383 1410 2416 ponat
1426 2380 1499 2408 circa
1515 2378 1686 2415 hypostasim
1702 2378 1803 2406 Christi
1826 2378 1932 2406 radone
1954 2378 2002 2406 liu-

1155 2435 1253 2456 manae
1275 2430 1406 2460 naturae,
1428 2434 1482 2454 uon
1498 2426 1605 2454 ratione
1621 2426 1747 2459 divinae:
1761 2428 1787 2453 et
1809 2425 1848 2454 sic
1870 2425 1940 2453 tollit
1962 2433 2003 2453 re-

1156 2475 1335 2511 pugnantiam
1369 2473 1570 2501 intellectuum.
1608 2473 1676 2501 Cum
1710 2476 1802 2501 autem
1839 2472 2002 2509 simpliciter

1155 2521 1273 2549 insertur
1305 2523 1331 2549 et
1363 2520 1480 2548 dicitur:
1515 2520 1598 2547 Filius
1630 2519 1742 2548 Dei‘est
1763 2519 2001 2556 praedestinat11s3

1156 2576 1219 2597 cuni
1243 2567 1338 2596 Filius
1361 2567 1413 2595 Dei
1433 2567 1593 2595 denominet
1613 2574 1761 2603 personam
1784 2566 1883 2594 Christi
1907 2574 2002 2594 secun-

312 2761 318 2774 ¹
338 2760 409 2783 Codd.
428 2761 474 2782 Gn
485 2760 542 2782 th
559 2759 726 2789 praedestinat.

311 2800 319 2814 ‘2
338 2799 393 2822 Cod.
412 2800 427 2821 Z
445 2799 547 2829 effectus.
574 2799 643 2821 l’aulo
669 2802 720 2821 ante
745 2805 787 2827 pro
802 2797 1026 2828 praedestinationis
1044 2798 1096 2820 edd.

247 2838 443 2868 praedestinatus.

311 2877 320 2891 3
339 2877 410 2899 Codd.
429 2878 444 2899 F
454 2878 471 2899 t}
483 2878 631 2899 HlLUZaa
643 2877 674 2899 bl)
691 2876 716 2899 in
732 2877 810 2907 finem.
828 2877 962 2899 Immediate
986 2879 1037 2899 ante
1055 2882 1097 2904 pro

249 2915 278 2939 ab
295 2917 350 2939 acta
367 2915 455 2939 dicente
472 2916 524 2938 cdd.
547 2917 569 2943 1,
588 2917 601 2937 2
619 2922 634 2938 α
650 2915 719 2938 verbo
737 2915 832 2939 (licente.

312 2954 320 2968 ⁴
339 2954 382 2976 Ct‘r.
401 2955 505 2983 Ariston,
525 2954 553 2976 de
573 2954 711 2977 Praedicam.
730 2960 748 2976 c.
767 2954 794 2976 cle
815 2953 938 2983 Oppositis.

312 2994 322 3008 ⁵
339 2993 393 3016 Cod.
413 2994 444 3016 hb
461 2994 659 3023 proedestinatus.

1216 2757 1226 2772 ⁶
1243 2758 1288 2780 Art.
1308 2758 1328 2779 2.
1347 2764 1368 2786 q.
1392 2758 1408 2779 l.

1217 2796 1226 2810 ⁷
1243 2796 1315 2819 Codd.
1335 2797 1349 2818 Ε
1360 2797 1374 2817 F
1384 2796 1401 2818 H
1412 2796 1428 2817 L
1439 2795 1457 2817 N
1467 2796 1486 2817 X
1497 2796 1548 2817 Zaa
1566 2794 1730 2823 001111011111101,
1751 2794 1818 2816 codd.
1837 2794 1871 2815 lY
1884 2793 2001 2816 connotat.

1217 2834 1227 2849 ⁸
1244 2835 1299 2857 Edd.
1319 2836 1354 2857 hic
1372 2839 1422 2857 ante
1440 2833 1575 2857 conceditur
1592 2838 1614 2856 et
1638 2834 1660 2855 in
1687 2833 1731 2855 fine
1756 2839 1805 2861 arg.
1832 2834 1889 2854 inter
1911 2837 1960 2855 non
1981 2834 2003 2854 θῖ

1155 2880 1213 2897 sane
1229 2875 1303 2903 potest
1320 2875 1457 2896 interserunt
1474 2875 1560 2896 tamen.
1578 2874 1600 2894 ln
1619 2872 1695 2895 medio
1713 2878 1760 2900 arg.
1779 2878 1821 2899 pro
1846 2871 1923 2894 solani
1941 2877 2002 2893 ema-

1156 2913 1277 2936 nationem
1303 2913 1369 2935 codd.
1395 2914 1411 2934 Α
1423 2914 1439 2935 G
1452 2913 1485 2935 tl<
1497 2913 1513 2934 L
1523 2913 1539 2934 N
1550 2913 1568 2934 Τ
1579 2912 1597 2934 U
1606 2912 1622 2934 Z
1633 2918 1658 2934 aa
1669 2911 1700 2933 bb
1727 2911 1805 2934 solnm
1828 2910 2002 2933 emanationem

1156 2952 1236 2982 [codd.
1255 2953 1286 2974 lL
1300 2953 1328 2979 (T
1342 2959 1353 2974 a
1372 2953 1445 2980 prima
1461 2952 1540 2979 manu)
1558 2951 1577 2973 Y
1587 2958 1612 2973 aa
1626 2952 1647 2973 et
1658 2950 1711 2973 edd.
1726 2951 1745 2977 l,
1759 2951 1772 2972 2
1784 2948 2000 2978 emmunitatem.

1219 2991 1228 3006 ⁹
1245 2991 1301 3014 Cod.
1319 2992 1337 3013 U
1355 2991 1418 3013 addit
1434 2990 1459 3013 in
1475 2989 1594 3020 praesenti
1610 2990 1631 3012 et
1647 2989 1726 3019 ylorz'a
1742 2989 1768 3012 in
1784 2989 1875 3018 factoro.

2012 458 2127 477 Notandum.

2014 1300 2128 1319 Notandum.
