2166 3366
103 649 236 668 Fundamenta.

243 190 299 218 80⁰2

919 188 1172 217 SENTENTIARUM
1193 188 1252 217 LIB.
1275 189 1315 217 ΙΙΙ.

1010 293 1178 350 ’00113110
1200 314 1230 343 v.

671 400 775 428 Utrum
793 400 930 437 ponenda
950 399 989 428 sil
1010 399 1176 437 aequalitas
1194 400 1225 428 in
1247 399 1395 429 habitibus
1414 401 1566 438 gratuitis.

322 500 423 536 Quinto
445 499 609 537 quaeritur,
631 502 729 528 utrum
757 499 792 527 sit
813 506 917 536 ponere
943 498 1093 535 aequalita-

244 551 299 575 tem
321 547 347 574 in
371 546 513 575 habitibus
535 546 671 583 gratuitis.
694 546 725 574 Et
746 546 821 583 quod
844 546 895 580 sic,
918 545 1041 574 videtur:

325 594 348 621 l.
371 593 462 621 Primo
483 601 533 629 per
555 593 626 621 illud
641 593 714 630 quod
738 592 840 621 dicitur
861 591 1038 629 Apocalypsis
1056 592 1093 619 vi-

243 641 348 678 gesimo
369 641 461 678 primo
477 640 502 668 1;
528 641 633 668 Latera
656 640 784 668 civitatis
799 639 955 678 aequalia;
976 639 1091 667 Glossa:

242 689 269 717 id
292 692 351 721 est,
381 688 499 716 virtutes
520 687 658 724 gratuitae
679 690 744 715 sunt
765 686 905 724 aequales.
920 703 960 706 —-
978 686 1017 715 Ad
1039 686 1092 714 hoc

243 736 334 773 ipsum
368 735 487 764 babetur
516 734 667 763 auctoritas
696 734 721 762 in
752 734 844 762 littera
858 734 877 768 ²,
905 736 932 762 et
961 733 1092 770 superius

243 783 338 811 habita
362 783 415 811 fuit
443 782 617 811 distinctione
646 781 781 818 vigesima
812 781 909 818 quinta
941 780 1092 809 auctoritas

244 830 324 859 valde
346 837 488 866 expressa.

323 879 349 905 ⁰2.
372 877 454 911 ltem,
470 877 522 905 hoe
544 876 634 913 ipsum
653 875 764 904 videtur
779 875 902 903 ratione.
919 875 1092 911 Ubicumque

244 928 285 953 est
308 932 362 952 una
384 923 454 951 ratio
476 922 622 955 bonitatis,
645 930 756 950 necesse
778 926 834 955 cst,
857 922 932 959 quod
955 922 989 950 sit
1018 921 1093 949 boni-

244 972 307 1001 tatis
328 971 497 1008 aequalitasg
520 970 566 998 sed
595 969 621 997 in
644 969 774 997 omnibus
800 969 942 997 habitibus
963 968 1092 1006 gratuitis

245 1027 300 1047 una
321 1021 362 1047 est
384 1017 454 1045 ratio
476 1017 619 1050 bonitatis,
648 1016 778 1044 videlicet
806 1016 894 1052 gratia
917 1018 1027 1052 gratum
1057 1015 1093 1043 sa-

244 1066 319 1095 ciens
341 1068 367 1094 et
389 1065 448 1101 ipsa
469 1063 605 1092 caritas³z
628 1071 694 1100 ergo
716 1063 844 1097 videtur,
866 1063 942 1099 quod
964 1061 1093 1098 simplici-

244 1117 286 1142 ter
309 1113 344 1141 sit
365 1113 391 1140 in
415 1112 454 1140 eis
477 1111 606 1140 bonitatis
628 1110 789 1147 aequalitas.

324 1160 349 1188 3.
371 1159 454 1193 item,
476 1161 525 1187 aut
546 1158 664 1186 virtutes
687 1157 712 1185 in
735 1157 833 1185 eodem
849 1160 918 1184 aaut
939 1155 1092 1193 aequales,

245 1211 293 1236 aut
313 1215 380 1235 noa.
402 1206 427 1233 Si
450 1205 514 1238 sic,·
544 1205 632 1233 babeo
662 1204 845 1241 propositum.
868 1203 893 1230 Si
922 1212 998 1231 aon:
1027 1210 1093 1239 ergo

245 1254 352 1283 meliori
376 1252 471 1281 virtuti
495 1252 613 1280 debetur
637 1250 726 1278 maius
748 1250 923 1286 praemium,
944 1253 972 1277 et
994 1249 1093 1277 minori

246 1301 357 1334 111111115;
379 1300 427 1328 sed
451 1298 537 1327 motui
568 1298 679 1325 virtutis
701 1296 820 1325 debetur
851 1296 1008 1333 praemium
1031 1296 1094 1324 sub—

246 1348 373 1377 stantiale
385 1347 402 1378 ⁴.
424 1346 493 1374 illud
509 1349 603 1373 autem
626 1348 667 1373 est
682 1352 785 1373 unum:
809 1352 875 1380 ergo
891 1343 937 1371 uni
961 1347 988 1372 et
1002 1343 1093 1372 eidem

246 1395 349 1424 homini
373 1395 398 1422 in
422 1393 519 1422 eodem
540 1395 614 1421 statu
636 1392 741 1428 gratiae
758 1391 877 1419 debetur
900 1390 990 1419 maius
1006 1393 1032 1418 et
1049 1390 1095 1418 mi-

245 1450 298 1471 nus
321 1441 494 1477 praemiuni3
516 1439 591 1476 quod
613 1441 655 1467 est
677 1438 882 1466 inconveniens.

324 1489 349 1516 li..
380 1488 462 1521 item,
495 1495 551 1514 una
580 1486 669 1514 virtus
702 1485 862 1513 denominat
887 1484 1024 1517 alteram,
1057 1491 1097 1512 se-

245 1536 369 1565 cundum
392 1534 467 1571 quod
488 1533 549 1562 vult
564 1533 734 1569 Augustinus
749 1535 776 1560 et
798 1532 957 1560 Bernardus
970 1531 979 1543 ⁵
995 1547 1033 1551 —
1055 1535 1097 1559 est

246 1583 318 1612 enim
343 1581 492 1619 prudentia
520 1580 617 1612 tortis,
647 1583 673 1608 et
701 1579 834 1607 fortitudo
856 1578 1097 1615 prudens—aut

246 1638 312 1666 ergo
334 1628 484 1666 prudentia
504 1631 531 1656 et
553 1627 687 1655 fortitudo
708 1630 777 1654 sam
792 1625 945 1663 aequales,
966 1628 1013 1653 aut
1028 1634 1095 1653 nou.

247 1677 273 1704 Si
295 1684 371 1709 nom
393 1679 450 1703 esto
472 1683 551 1711 ergo,
574 1674 648 1711 quod
673 1673 822 1710 prudentia
844 1673 878 1701 sit
903 1672 990 1700 maior
1011 1680 1095 1709 quam

247 1723 393 1756 fortitudo,
417 1725 481 1750 tunc
513 1721 642 1758 arguitur
664 1720 718 1749 sic:
752 1720 901 1756 prudentia
934 1723 975 1748 est
1008 1720 1096 1747 maior

247 1778 330 1807 quam
355 1769 502 1797 fortitudo:
525 1776 592 1805 ergo
614 1767 747 1795 tortitudo
774 1770 815 1795 est
838 1766 925 1803 inagis
956 1766 1095 1802 prudens,

247 1825 331 1854 quam
355 1816 390 1845 sit
411 1815 489 1844 sortis
513 1815 538 1843 in
561 1815 671 1847 eodem,
695 1814 761 1850 quia
783 1814 937 1841 secundum
961 1813 1097 1849 quantita-

249 1867 302 1892 tem
325 1862 491 1900 prudentiae
515 1863 540 1890 in
556 1862 653 1890 eodem
670 1865 711 1889 cst
733 1860 866 1888 fortitudo
882 1860 1023 1896 prudensg
1045 1860 1093 1887 sed

249 1914 352 1948 quanto
374 1911 463 1938 virtus
485 1908 655 1937 fortitudinis
675 1911 716 1936 est
733 1907 909 1943 prudentior,
926 1909 1001 1934 tanto
1023 1906 1097 1934 nobi-

1150 498 1202 527 lior
1224 502 1266 527 est
1286 502 1313 527 et
1334 499 1528 528 excellentior:
1562 500 1583 528 si
1606 508 1673 537 ergo
1696 500 1783 537 magis
1810 503 1851 528 est
1872 500 1998 537 prudens

1150 553 1234 582 quam
1257 545 1354 574 fortis:
1383 554 1450 583 ergo
1475 549 1517 575 est
1547 547 1666 575 nobilior
1698 550 1725 575 et
1755 546 1937 575 excellentior
1969 554 1998 576 se

1151 593 1218 629 ipsa.
1240 592 1292 621 Sed
1316 592 1368 621 hoc
1389 596 1431 621 est.
1452 593 1637 630 impossibile:
1661 602 1728 631 ergo
1749 597 1799 622 etc.

1229 640 1281 667 San
1302 647 1423 668 cowrna:
1454 641 1477 668 l.
1507 640 1613 669 Primae
1644 641 1677 669 ad
1701 640 1858 669 Corinthios
1889 640 1998 669 decimo
2011 649 2042 668 Aa
2054 648 2130 673 opposi-
2154 647 2155 656 ¹

1150 687 1266 715 tertio⁶:
1289 686 1376 714 Nune
1397 691 1495 715 aulem
1516 692 1635 716 manent
1654 687 1743 725 fides,
1766 696 1845 725 spes,
1867 687 1997 721 caritas,

1151 734 1212 762 tria
1233 733 1318 766 staca*
1340 734 1438 762 maior
1460 738 1557 762 autem
1580 734 1686 762 horam
1708 739 1748 763 est
1769 734 1899 767 carita&
1920 737 1947 763 et
1968 734 1996 762 in

1151 781 1327 817 praecedenti
1356 781 1496 818 capitulo:
1526 781 1631 810 Aclltae
1659 782 1887 810 excellentiorem
1914 781 1996 810 viam

1149 827 1229 855 'uobis
1252 828 1431 856 demonstro.-
1454 829 1475 857 si
1492 822 1576 865 igitur
1592 829 1693 857 caritas
1708 832 1748 858 est
1765 829 1853 857 maior
1867 832 1894 857 et
1909 829 2000 857 excel-

1152 874 1251 903 lentior
1272 875 1347 903 aliis:
1377 883 1444 912 ergo
1472 884 1525 904 non
1548 878 1589 904 est
1620 876 1774 912 aequalitas
1796 876 1822 904 in
1857 875 1998 904 habitibus

1151 922 1288 958 gratuitis.

1229 970 1255 997 2.
1278 969 1359 1002 ltem,
1381 969 1416 997 de
1431 969 1555 1005 quolibet
1576 969 1738 998 Confessore
1754 970 1914 997 cantatur72
1934 968 1997 997 Non

1151 1019 1192 1043 est
1223 1016 1356 1043 luventas
1388 1015 1495 1044 slinz'lz‘s
1516 1015 1579 1049 illl,
1611 1016 1663 1053 qaz'
1687 1019 1874 1044 conservaret
1895 1016 1999 1054 Legem

1153 1062 1283 1095 Excelsa}
1305 1062 1353 1090 sed
1376 1063 1397 1091 si
1424 1063 1517 1090 omnia
1544 1062 1616 1090 dona
1638 1062 1760 1099 gratuita
1786 1066 1878 1091 essent
1899 1070 2000 1100 aequa-

1151 1108 1199 1142 lia,
1224 1112 1288 1137 tunc
1310 1109 1355 1146 qui
1380 1110 1529 1138 excederet
1562 1110 1588 1137 in
1612 1117 1666 1137 uno
1695 1110 1845 1137 excederet
1866 1109 1893 1137 in
1914 1109 2000 1137 omni-

1151 1156 1215 1184 bus:
1238 1164 1305 1192 ergo
1327 1156 1348 1184 si
1372 1156 1489 1184 verbum
1513 1156 1582 1184 illud
1610 1156 1692 1184 alicui
1715 1159 1809 1193 posset
1839 1164 1903 1184 vere
1925 1156 2001 1184 attri-

1152 1202 1216 1236 bui,
1239 1211 1383 1239 nunquam
1413 1202 1574 1231 conveniret
1601 1203 1695 1236 alteri,
1725 1203 1791 1239 quia
1817 1202 1920 1239 «quod
1950 1210 1999 1239 per

1152 1248 1439 1284 superabundantiam
1463 1249 1565 1277 dicitur
1587 1249 1635 1277 uni
1657 1249 1707 1278 soli
1730 1249 1898 1277 convenit».

1232 1295 1257 1323 3.
1281 1295 1360 1329 110111,
1383 1295 1480 1324 maiori
1503 1296 1575 1324 bono
1597 1296 1748 1332 opponitur
1771 1296 1862 1324 maius
1878 1295 1999 1330 malum,

1152 1346 1178 1370 et
1199 1350 1213 1370 e
1235 1350 1381 1376 converse,
1404 1342 1470 1378 quia
1490 1353 1503 1367 α
1522 1342 1691 1379 privationes
1718 1345 1924 1379 cognoscuntur
1950 1349 2000 1378 per

1154 1389 1316 1418 liabitussnz
1333 1397 1399 1426 ergo
1415 1397 1478 1417 cum
1492 1390 1557 1418 vitia
1572 1390 1699 1426 opposita
1714 1389 1867 1418 virtutibus
1882 1397 1936 1417 non
1956 1389 2001 1417 ha-

1153 1437 1234 1464 beant
1246 1437 1455 1474 aequalitatem,
1471 1437 1537 1473 quia
1553 1444 1639 1464 unum
1656 1437 1753 1464 vitium
1770 1439 1812 1465 est
1828 1437 1918 1464 maius
1936 1436 2001 1464 alte-

1154 1492 1199 1517 rog
1217 1483 1274 1520 pari
1298 1484 1403 1512 ratione
1425 1483 1544 1515 videtur,
1560 1483 1634 1520 quod
1652 1491 1701 1512 nec
1722 1484 1839 1511 virtutes
1854 1483 2000 1520 gratuitae.

1232 1531 1258 1558 li.
1281 1530 1360 1564 ltem,
1382 1530 1495 1558 babitus
1521 1533 1651 1559 crescunt
1679 1534 1706 1558 et
1727 1533 1945 1566 augmentantur
1974 1530 2001 1558 111

1155 1577 1245 1611 nobis,
1267 1577 1421 1605 secundum
1445 1577 1519 1614 quod
1542 1577 1606 1614 plus
1625 1580 1651 1605 et
1674 1578 1736 1613 plus
1752 1577 1927 1613 disponimus
1950 1584 1999 1605 nos

1154 1632 1203 1661 per
1226 1624 1312 1652 bonos
1337 1627 1416 1652 actus
1432 1623 1458 1658 ⁹;
1481 1624 1529 1652 sed
1560 1632 1609 1652 nos
1632 1624 1775 1658 videmus,
1804 1624 1879 1660 quod
1900 1623 2002 1661 aliquis

1155 1672 1218 1708 plus
1240 1680 1269 1700 se
1283 1675 1396 1700 exercet
1418 1671 1443 1699 in
1472 1675 1535 1699 actu
1558 1671 1642 1699 unius
1661 1671 1773 1699 virtutis
1795 1679 1878 1708 quam
1896 1671 1921 1699 in
1938 1674 2003 1700 actu

1154 1719 1281 1747 alterius:
1301 1727 1367 1755 ergo
1384 1719 1503 1752 videtur,
1525 1718 1601 1755 quod
1618 1719 1705 1755 magis
1726 1722 1833 1747 crescat
1848 1719 1938 1747 virtus
1953 1718 2001 1746 illa

1154 1774 1237 1802 quain
1261 1765 1345 1793 aliae:
1362 1773 1428 1801 ergo
1449 1773 1561 1793 necesse
1577 1768 1629 1798 est,
1646 1765 1797 1801 aliquando
1819 1765 1950 1793 virtutem
1974 1764 2003 1792 il-

1155 1813 1209 1840 lam
1232 1820 1292 1840 esse
1314 1812 1375 1840 aliis
1398 1812 1582 1848 inaequalem.

1235 1860 1260 1886 5.
1282 1859 1365 1891 Item,
1387 1859 1488 1886 caritas
1517 1862 1558 1886 est
1586 1858 1729 1886 vincutum
1759 1866 1943 1895 personarum
1977 1862 2001 1886 et

1154 1908 1196 1933 est
1218 1905 1360 1936 vinculum
1393 1905 1527 1932 virtutum
1544 1905 1562 1919 ¹⁰
1577 1921 1615 1924 —
1641 1904 1737 1941 plures
1759 1905 1831 1933 enim
1866 1913 2001 1942 personae

316 2052 321 2066 ¹
340 2052 405 2073 Vers.
428 2052 464 2072 to:
483 2051 507 2072 El
524 2051 604 2072 civitas
622 2051 642 2071 in
661 2049 750 2078 quadro
773 2049 846 2076 posita
864 2052 921 2070 cst...
939 2050 961 2070 et
979 2047 1098 2075 longitudo

249 2094 271 2113 et
288 2090 382 2113 altitudo
394 2094 416 2112 et
428 2089 521 2111 latitudo
539 2090 588 2111 eius
605 2088 708 2117 aequalia
721 2090 779 2110 sunt.
791 2100 816 2103 -—
832 2088 912 2109 Glossa
924 2089 957 2109 est
970 2087 1098 2109 secundum

250 2131 354 2157 (il'ssgOt'.‚
367 2130 390 2151 11.
405 2129 485 2151 11011111.
498 2129 519 2150 111
534 2129 611 2150 Ezocn.
626 2128 702 2149 11011111.
718 2127 753 2148 10.
767 2133 787 2148 n.
801 2127 836 2148 117.
850 2130 872 2148 ct
884 2126 924 2153 18,
939 2125 977 2148 ubi
987 2132 1005 2147 s.
1016 2126 1098 2147 Doctor

250 2175 292 2197 per
308 2170 412 2198 quatuor
430 2167 506 2190 latera
524 2167 616 2194 intelligi
636 2167 684 2188 vult
696 2166 732 2188 vel
746 2165 826 2192 tidem,
845 2171 924 2193 spem,
944 2166 1059 2187 caritatem
1078 2167 1099 2186 ot

250 2208 406 2235 operationem
426 2207 475 2232 (cfr.
493 2213 562 2234 supra
582 2212 634 2234 pag.
647 2206 699 2232 5:33,
720 2209 770 2227 nota
788 2205 805 2226 1.
818 2207 839 2226 et
857 2211 909 2232 pag.
923 2204 975 2232 553,
989 2206 1040 2225 nota
1058 2204 1098 2231 5.),

250 2247 285 2269 vol
304 2250 403 2275 quatuor
420 2247 516 2267 virtutes
534 2245 671 2272 cardinales,
685 2250 744 2273 quac
757 2245 798 2271 ita,
812 2246 834 2265 ut
848 2244 950 2271 exponit,
969 2244 991 2265 in
1009 2243 1098 2271 quadro

251 2290 315 2313 sunt,
328 2289 352 2307 ut
370 2292 414 2307 una
432 2285 499 2307 aliam
517 2291 561 2306 non
579 2284 680 2306 excedat.
703 2296 733 2299 —
751 2284 772 2304 ln
792 2283 896 2310 pluribus
922 2282 988 2304 codd.
1016 2283 1099 2310 legitur

251 2327 293 2348 sic:
308 2325 404 2353 (Nossa,
419 2324 443 2347 td
453 2325 488 2347 est
507 2319 621 2351 rlrlutesj·
639 2322 713 2352 iffl'lui·
729 2322 859 2345 secuudum
879 2322 989 2345 Glossam
1001 2321 1099 2345 virtutes

250 2364 370 2395 yrru‘uilue
386 2365 443 2386 suut
459 2362 577 2392 aequales.
596 2363 707 2390 Superius
725 2368 766 2389 pro
784 2360 900 2384 habitibus
917 2360 1029 2390 metuitis
1047 2360 1098 2383 cod.

252 2406 267 2426 ,1
287 2403 412 2427 virtutibus
429 2402 551 2432 yrutuitls,
572 2402 622 2424 Vat.
641 2402 722 2423 omittit
737 2400 858 2430 [frenans.

313 2443 322 2456 ‘2
340 2443 379 2464 Hic
397 2448 415 2464 c.
434 2442 454 2463 2.
473 2445 494 2462 et
519 2446 588 2467 supra
616 2439 637 2461 d.
663 2439 736 2461 XXV.
764 2446 782 2461 c.
801 2439 821 2467 ὅ,
849 2439 887 2461 uhi
905 2439 1009 2466 Gregorii
1027 2437 1098 2460 verba

252 2481 377 2507 habentur,
397 2480 425 2502 de
442 2479 527 2508 quibus
545 2480 565 2500 in
585 2482 635 2500 nota
656 2478 760 2505 praeced.
779 2483 855 2499 sermo
874 2478 920 2499 t‘uit.

315 2520 324 2534 ³
341 2519 385 2542 Cir.
404 2519 461 2541 infra
478 2525 499 2547 q.
513 2519 533 2540 6.
547 2521 567 2540 ct
580 2524 649 2545 supra
667 2517 688 2539 (1.
703 2517 738 2538 23.
752 2523 771 2538 a.
785 2517 805 2538 2.
818 2523 840 2545 q.
855 2517 875 2538 5.
890 2517 910 2538 in
924 2522 987 2544 corp.
1000 2522 1041 2538 nec
1055 2522 1099 2537 non

254 2559 275 2581 d.
294 2559 330 2581 27.
345 2565 364 2580 a.
382 2559 399 2580 1.
413 2564 435 2585 q.
448 2558 468 2579 3.

316 2597 324 2611 ⁴
342 2598 399 2625 Quia
417 2602 487 2624 penes
500 2597 575 2623 ipsum
594 2599 682 2617 motum
700 2595 790 2617 virtutis
808 2595 919 2622 gratuitae
937 2595 1032 2621 proprie
1049 2600 1100 2615 con-

253 2637 310 2658 sistit
334 2637 453 2662 meritum3
477 2635 531 2657 vide
553 2641 622 2662 supra
647 2640 699 2661 pag.
725 2634 784 2660 381,
810 2636 860 2655 nota
888 2634 904 2654 l.
922 2645 952 2648 ἡ
970 2634 1099 2655 Praemium

253 2675 401 2698 substantiale
419 2678 453 2697 est
469 2675 528 2696 visio
545 2677 566 2696 et
591 2674 705 2701 possessio
724 2673 777 2699 Dei,
801 2680 859 2701 quae
882 2676 916 2695 est
937 2679 989 2694 una.
1006 2685 1037 2688 —
1058 2672 1100 2694 l'ro

255 2714 346 2737 virtutis
364 2714 414 2736 cod.
432 2715 446 2735 1)
466 2713 587 2736 virtulum.

316 2753 325 2767 ὗ
343 2753 400 2774 Vide
418 2759 487 2780 supra
502 2759 554 2780 pag.
572 2751 625 2778 714,
645 2755 695 2773 nota
718 2752 734 2772 1.
753 2751 797 2772 (Isr.
817 2752 852 2772 liic
870 2751 899 2772 lit.
918 2750 1025 2777 Magistri,
1040 2755 1059 2771 c.
1079 2750 1099 2771 2.

315 2792 325 2806 ⁶
344 2792 407 2814 Vei-s.
431 2792 466 2818 13,
485 2791 523 2813 ubi
537 2798 579 2818 pro
593 2790 678 2813 lterum
694 2791 784 2817 plurimi
797 2790 864 2812 codd.
883 2789 925 2811 Itis.
938 2790 990 2817 ch.
1004 2790 1100 2811 testimo-

255 2832 317 2853 ninm
336 2835 368 2853 est
387 2831 442 2852 ibid.
460 2831 491 2857 12,
505 2831 541 2852 31.

316 2870 325 2884 7
344 2870 364 2891 111
389 2870 448 2891 ot'tir.
471 2870 518 2891 scil.
536 2868 625 2891 Cont'cs.
646 2869 731 2893 Pontis„
750 2869 841 2896 Antiph.
869 2869 889 2890 2.
913 2868 941 2889 ad
960 2867 1062 2893 Laudes,
1080 2868 1102 2888 et

255 2911 329 2930 sumta
347 2912 397 2930 sunt
417 2910 472 2930 haec
489 2908 559 2930 verba
579 2914 605 2930 ex
624 2908 688 2929 lit-cli,
709 2907 747 2934 tt,
766 2908 802 2929 20.
821 2920 850 2922 —
869 2907 889 2928 ln
909 2906 952 2928 line
965 2913 1013 2934 arg.
1031 2906 1101 2927 addu-

257 2948 314 2968 citur
332 2947 417 2968 dii-tum
437 2948 526 2969 ,11151οῖ
545 2953 571 2968 ex
589 2947 638 2968 cius
658 2947 683 2968 V.
702 2947 781 2974 'l'opuz
800 2953 818 2968 (,·Δ
838 2947 858 2967 3.
872 2946 900 2973 (0Δ
920 2947 960 2973 13¹).

320 2984 329 2998 ⁸
347 2986 460 3007 Averroes
480 2987 501 3006 111
523 2986 554 3007 111.
573 2986 601 3007 de
621 2986 709 3011 Anima,
727 2988 778 3007 text.
797 2985 834 3007 25.
856 2984 904 3011 (ubi
919 2986 1008 3006 Aristot.
1027 2984 1100 3011 docet,

1156 2048 1256 2069 aniniam
1269 2053 1409 2074 rognosoero
1423 2046 1509 2068 malum
1522 2052 1563 2073 per
1575 2052 1643 2067 suum
1662 2046 1806 2073 oppositum)
1819 2047 1860 2068 ait:
1878 2046 1902 2067 lit
1915 2047 2004 2068 univer-

1157 2086 1232 2107 saliter
1253 2092 1333 2107 omnes
1351 2086 1491 2113 privationes
1509 2091 1552 2107 11011
1571 2088 1743 2112 cognoscuntur
1761 2085 1803 2106 nisi
1822 2091 1862 2112 per
1880 2085 2003 2112 contraria,

1156 2125 1241 2146 scilicet
1259 2131 1299 2152 por
1323 2125 1477 2152 coguitionem
1505 2124 1595 2146 babitus
1617 2126 1639 2146 et
1661 2130 1702 2151 per
1722 2124 1876 2151 cognitionem
1903 2123 2004 2146 delectus

1157 2163 1254 2185 liabitas.
1273 2164 1316 2185 Ct'r.
1335 2170 1404 2190 supra
1424 2169 1475 2191 pag.
1493 2163 1554 2190 720,
1574 2166 1625 2184 nota
1645 2162 1664 2184 4.
1683 2175 1713 2177 ᾈ
1730 2162 1762 2184 De
1780 2163 1886 2190 opposito
1904 2168 2001 2190 errore,

1160 2204 1255 2224 «omnia
1275 2207 1366 2230 peccata
1385 2209 1435 2224 esse
1453 2203 1546 2230 paria»,
1565 2208 1635 2230 quem
1649 2203 1693 2224 iam
1707 2201 1785 2224 (Iit-cro
1804 2203 1950 2229 impugnavit
1969 2202 2004 2223 tv.

1156 2242 1184 2264 dc
1204 2242 1295 2264 Finibus
1314 2242 1393 2264 bonor.
1411 2245 1432 2264 et
1451 2242 1529 2263 maior.
1556 2248 1574 2264 0.
1596 2242 1632 2263 27.
1654 2248 1715 2269 serp,
1734 2242 1844 2269 August,
1863 2242 1931 2269 Epist.
1955 2242 2003 2263 167.

1157 2282 1221 2303 talias
1239 2282 1285 2306 29.)
1304 2288 1322 2303 c.
1342 2283 1362 2303 2.
1381 2288 1401 2303 11.
1421 2281 1441 2303 4.
1460 2282 1501 2303 ait:
1520 2281 1566 2303 Hoc
1587 2284 1662 2302 autem
1680 2281 1707 2302 de
1724 2281 1835 2308 parilitate
1856 2283 2003 2307 peccatorum

1157 2321 1197 2342 soli
1216 2321 1283 2342 Stoici
1304 2321 1353 2342 ausi
1373 2323 1426 2342 sunt
1444 2320 1572 2347 disputare,
1592 2323 1669 2342 contra
1688 2325 1779 2341 omnem
1800 2325 1893 2341 sensum
1915 2320 2005 2346 generis

1158 2360 1264 2386 l1un1ani;
1286 2365 1355 2387 quam
1373 2365 1454 2381 eorum
1474 2360 1595 2381 vanitatem
1614 2359 1635 2379 in
1655 2358 1770 2380 loviniano
1788 2358 1839 2385 illo,
1858 2359 1897 2386 qui
1918 2359 1939 2379 in
1963 2359 2005 2380 hac

1157 2399 1266 2420 sententia
1285 2399 1374 2420 Stoicus
1391 2401 1446 2425 erat,
1465 2399 1485 2419 111
1504 2397 1648 2424 aucupandis
1666 2400 1741 2419 autem
1760 2401 1780 2418 et
1801 2397 1947 2419 defensandis
1964 2403 2002 2419 vo-

1158 2436 1283 2464 luptatibus
1305 2437 1443 2463 Epicureus,
1462 2436 1491 2458 de
1508 2436 1631 2463 Scripturis
1648 2436 1731 2457 sanctis
1749 2435 1913 2457 dilucidissime
1930 2436 2005 2457 convi-

1158 2476 1205 2498 cisti
1225 2476 1381 2503 (Hieronyme)
1400 2479 1441 2497 etc.
1460 2475 1504 2497 Csr.
1523 2476 1590 2497 etiam
1608 2475 1681 2497 ciusd.
1700 2475 1768 2502 Epist.
1791 2474 1839 2496 104.
1857 2474 1922 2502 (alias
1942 2474 2003 2502 254.)

1158 2522 1176 2537 ι’.
1196 2515 1216 2537 4.
1235 2521 1256 2536 11.
1278 2515 1311 2536 13.
1329 2521 1384 2542 seq,
1403 2520 1445 2536 1100
1462 2521 1506 2536 11011
1525 2515 1582 2536 infra
1600 2514 1655 2536 dub.
1674 2515 1695 2536 2.
1712 2518 1734 2536 et
1750 2520 1820 2541 supra
1838 2520 1860 2542 q.
1879 2514 1899 2535 3.

1220 2554 1229 2567 0
1248 2553 1305 2575 Vide
1322 2560 1391 2581 supra
1410 2560 1463 2581 pag.
1482 2554 1534 2581 721,
1553 2557 1604 2576 nota
1623 2554 1644 2575 6.
1661 2557 1683 2575 et
1700 2553 1721 2574 7.

1222 2591 1240 2606 ¹⁰
1257 2592 1303 2614 Col.
1322 2593 1343 2619 3,
1365 2592 1405 2614 tl:
1424 2593 1499 2620 Super
1516 2593 1593 2614 omnia
1611 2594 1686 2613 autem
1701 2592 1757 2613 llaec
1775 2592 1891 2613 caritatem
1910 2590 2004 2618 habete,

1158 2632 1220 2661 quod
1238 2634 1272 2653 est
1288 2632 1407 2653 vinculum
1426 2632 1577 2659 perfectionis.
1597 2632 1735 2658 Hieronynn,
1756 2631 1768 2652 Ι.
1788 2630 1874 2657 Dialog.
1893 2630 2005 2651 adversus

1159 2672 1298 2699 Pelagianos,
1317 2678 1337 2692 u.
1357 2672 1391 2693 19.
1410 2671 1543 2697 ostendeus,
1562 2677 1617 2698 1105,
1635 2670 1746 2698 quamdiu
1765 2671 1837 2691 simus
1850 2670 1870 2690 in
1888 2669 1933 2696 via,
1951 2674 2003 2690 cun-

1159 2713 1205 2732 ctas
1223 2711 1318 2731 virtutes
1344 2710 1429 2732 babere
1455 2716 1498 2732 non
1526 2716 1603 2737 posse,
1623 2710 1663 2731 ait:
1683 2709 1738 2736 Quis
1762 2714 1805 2729 non
1824 2708 1911 2729 cunctis
1928 2708 2004 2734 cupiat

1160 2749 1240 2771 llorere
1258 2749 1399 2770 virtutibus?
1418 2750 1439 2770 51
1458 2752 1530 2771 totum
1548 2749 1646 2776 requiris
1663 2747 1692 2769 ab
1710 2746 1831 2773 omnibus,
1851 2746 1909 2767 tollis
1926 2751 2003 2767 rerum

1159 2788 1315 2810 diversitatem
1333 2792 1354 2810 et
1371 2789 1496 2815 gratiarum
1516 2787 1645 2809 distantiam
1663 2789 1684 2808 et
1701 2785 1812 2808 Creatoris
1824 2784 1916 2807 artificis
1934 2786 2005 2806 varie-

1160 2830 1238 2854 tatem,
1257 2828 1323 2848 ruius
1340 2833 1405 2848 sacro
1424 2827 1444 2847 Pi
1452 2827 1534 2853 opheta
1553 2829 1619 2847 sonat
1636 2825 1752 2846 carmine:
1771 2821 1856 2845 Omnia
1874 2822 1896 2844 iu
1913 2822 2006 2851 snpien-

1159 2866 1190 2888 tta
1202 2865 1278 2894 fecisti
1289 2866 1333 2893 (115,
1356 2866 1404 2892 103,
1423 2865 1477 2892 Th).
1498 2865 1628 2892 indignetur
1645 2863 1734 2889 lucifer,
1753 2868 1824 2890 quare
1843 2862 1955 2889 fulgorem
1975 2862 2005 2884 lu-

1160 2912 1201 2926 nae
1219 2911 1263 2927 non
1283 2904 1365 2926 liabent
1382 2907 1425 2926 etc.
1441 2916 1472 2919 —
1490 2904 1539 2925 Mox
1557 2909 1598 2930 pro
1617 2900 1737 2924 vinculum
1754 2900 1846 2929 (Ji-aliae
1860 2901 1909 2922 Vat.
1929 2900 2005 2923 cincu-

1161 2944 1208 2966 lum
1227 2943 1341 2967 ‹ru-itatis.

2046 674 2092 691 tum.
