2166 3366
59 1706 133 1733 Duplex

28 1732 120 1752 quaestio.

888 175 971 203 DlST.
995 175 1024 203 Il.
1047 175 1153 204 DUBIA.
1861 178 1895 205 57

147 258 206 289 tae;
227 255 275 283 sed
304 254 387 283 ante¹
421 253 653 290 organizationem
682 253 822 290 praecedit
850 254 993 287 formatio,

146 302 339 330 formationem
368 301 510 337 praecedit
530 300 725 334 consolidatio,
748 300 992 329 consolidationem

147 348 303 385 conceptio:
336 355 403 384 ergo
433 355 453 375 a
481 346 596 384 primo,
629 349 692 375 ante
720 347 919 375 assumtionem
952 350 994 375 est

147 395 297 432 conceptio.

225 442 401 469 Resposnsso:
426 440 596 474 Dicendum,
618 440 693 477 quod
715 444 757 468 est
778 440 853 477 loqui
876 440 910 469 de
932 448 994 469 ron-

146 488 271 524 ceptione
292 490 429 524 quantum
450 487 485 515 ad
507 487 634 516 ordinem
658 487 795 524 temporis
810 491 836 515 et
855 490 992 524 quantum

146 535 182 564 ad
203 534 330 563 ordinem
359 534 515 562 naturast.
547 534 573 562 Si
606 534 756 571 loquamur
788 537 925 571 quantum
957 534 992 562 ad

146 582 272 610 ordinem
294 585 438 615 natm-ae,
461 581 499 610 sic
521 581 598 618 prior
620 585 661 610 est
682 581 825 618 conceptio
847 590 931 618 quam
953 589 994 610 as-

146 629 258 663 sumtio,
280 628 352 657 sicut
367 628 429 656 illae
445 628 567 657 rationes
581 628 740 657 ostendunt.
758 628 783 656 Si
800 631 893 656 autem
909 636 994 665 quan-

146 678 206 703 tum
229 675 264 703 ad
286 674 413 703 ordinem
430 674 577 711 temporis,
594 675 632 703 sic
648 682 702 702 non
717 674 794 702 decet
808 682 858 702 nec
873 677 992 711 oportet,

146 721 239 759 ipsum
261 729 336 756 esse;
358 729 422 755 non,
445 721 575 758 inquam,
597 725 707 758 oportet
716 721 735 754 ³,
751 721 817 758 quia
839 724 992 758 utrumque

146 769 198 797 fuit
218 776 268 805 per
290 768 423 797 virtutem
451 768 602 802 infinitam,
631 776 703 805 qnae
732 768 824 796 subito
846 768 936 804 potuit
958 768 993 796 fa-

146 823 225 850 cere;
247 823 301 843 non
323 815 432 848 decuit,
454 816 519 852 quia
542 815 643 843 mulier
665 824 717 843 non
744 815 835 843 carnis
856 814 992 848 frustum,

147 862 196 891 sed
218 863 311 891 virum
341 862 438 891 debuit
467 862 662 891 circumdare⁴
692 862 717 890 in
743 862 866 898 angelica
888 869 994 889 annun-

147 909 269 937 tiatione.
292 909 361 937 lllud
385 912 478 937 autem
501 909 601 937 melius
624 908 728 945 patebit
757 908 783 936 in
806 908 931 944 sequenti
955 908 993 936 di-

147 956 308 989 stinctione,
330 955 376 984 ubi
401 955 528 991 Magister
552 955 666 992 inquirit
689 955 768 983 istam
792 954 991 991 quaestionem.

504 1049 570 1076 Dru.
594 1048 634 1076 lV.

227 1143 292 1171 ltem
315 1142 461 1179 quaeritur
483 1142 517 1170 de
540 1142 591 1170 boc
612 1142 687 1179 quod
710 1142 776 1170 dicit
798 1142 872 1170 circa
893 1142 991 1170 finem:

147 1189 257 1227 Anyelo
279 1189 474 1217 ctimuizn'ante
495 1192 519 1216 ct
541 1188 656 1224 Spiritu
671 1188 855 1222 adveniente,
879 1197 947 1216 moa·
963 1188 994 1216 in

147 1240 230 1264 utero
264 1235 388 1264 Verbum
415 1243 494 1263 earo.
525 1235 678 1263 lucarnatio
706 1235 779 1263 enim
810 1235 994 1263 excellentius

146 1290 217 1319 opus
239 1286 281 1311 est
301 1290 385 1319 quam
408 1282 513 1319 gratiae
536 1281 651 1315 infusio;
678 1282 725 1310 sed
755 1283 860 1318 gratiae
890 1282 991 1310 infusio

145 1337 200 1357 non
222 1328 252 1357 fit
274 1336 324 1366 per
345 1328 498 1365 angelicam
521 1328 773 1357 annuntiationem:
797 1337 863 1365 ergo
885 1337 934 1357 nee
958 1329 995 1357 in-

145 1376 278 1405 carnatio.
301 1392 340 1396 —-
361 1375 443 1409 ltem,
466 1375 540 1403 Deus
563 1375 678 1403 vicinior
706 1379 766 1404 erat
788 1375 885 1404 beatae
910 1376 994 1412 Virgi-

144 1422 187 1451 nis
208 1422 351 1459 cordiper
366 1422 483 1459 gratiam
503 1430 587 1459 quam
602 1422 743 1459 angelicae
765 1423 850 1450 menti
868 1439 905 1443 —
921 1423 995 1452 unde

144 1469 339 1499 Bernardus⁵z
366 1469 475 1505 «Virgo
497 1468 622 1497 creditur
644 1469 766 1497 exaltata
788 1477 874 1506 super
897 1478 995 1498 omnes

143 1517 256 1546 ordines
278 1516 444 1553 Angelorum
457 1527 516 1542 »——
527 1524 593 1552 ergo
609 1516 701 1553 potius
717 1516 814 1545 debuit
831 1517 949 1546 transire
966 1518 997 1546 il·

145 1563 292 1592 luminatio
314 1570 364 1600 per
386 1562 495 1591 beatam
519 1563 659 1599 Virginem
685 1563 719 1591 ad
750 1563 884 1600 Angelum
906 1572 990 1600 quam

144 1618 159 1639 e
181 1618 325 1639 converso.

225 1657 270 1686 Est
299 1657 384 1694 igitur
412 1657 552 1693 quaestio:
585 1665 672 1694 quare
701 1657 910 1693 conceptionem
934 1658 990 1686 Filii

145 1703 194 1732 Dei
224 1703 374 1740 praecessit
402 1703 527 1740 angelica
554 1703 751 1731 annuntiatio?
781 1719 818 1722 —
841 1704 992 1740 Quaeritur

145 1750 244 1784 etiam,
266 1750 301 1778 de
322 1758 378 1786 quo
399 1749 498 1778 ordine
520 1749 639 1786 Angelus
661 1749 706 1778 ille
729 1750 821 1778 fuerit.
838 1749 895 1778 Non
918 1750 990 1778 enim

145 1797 256 1825 videtur
278 1796 364 1825 fuisse
395 1796 429 1825 de
458 1796 662 1832 superioribus
690 1797 815 1833 Angelis,
837 1797 903 1834 quia
925 1797 991 1826 dicit

146 1843 293 1880 Dionysius
304 1843 322 1877 ⁶,
344 1843 419 1880 quod
446 1843 517 1880 «qui
534 1843 724 1879 praeeminent
739 1851 822 1871 usum
843 1844 992 1872 exterioris

146 1890 227 1919 officii
250 1898 394 1927 nunquam
417 1890 556 1918 habent».
579 1890 632 1918 Nec
647 1890 681 1918 de
697 1889 905 1927 inferioi'ibws,
927 1899 993 1928 qno-

1050 254 1124 281 niam
1154 253 1192 281 illi
1223 253 1387 290 mysterium
1417 253 1614 282 incarnationis
1643 254 1844 291 ignoraverunt
1872 259 1897 283 et

1051 308 1100 337 per
1124 301 1271 329 Ecclesiam
1294 301 1461 329 didicerunt.
1486 301 1561 329 Unde
1584 301 1694 338 quaerit
1715 301 1798 330 lsaias
1820 310 1899 330 sexa-

1050 348 1155 384 gesimo
1178 349 1293 376 terti0⁷:
1318 348 1390 384 Quis
1411 352 1451 376 est
1473 348 1543 382 iste,
1565 348 1617 386 qui
1632 348 1707 376 venit
1728 349 1762 377 de
1786 349 1897 377 Edem?

1050 394 1122 423 sicut
1143 395 1258 431 exponit
1280 395 1438 431 Gregorius.

1129 441 1305 470 Ricsronono:
1329 442 1493 476 Dicendum,
1516 442 1591 479 quod
1614 442 1833 472 incarnationem
1852 443 1896 472 (le-

1051 487 1110 515 buit
1132 488 1300 524 praecedere
1322 489 1447 525 angelica
1469 489 1660 523 annuntiatio,
1683 490 1755 518 sicut
1777 490 1897 519 hominis

1050 535 1317 571 praevaricationem
1340 536 1491 571 praecessit
1514 536 1652 565 diabolica
1667 537 1790 570 tentatio,
1812 542 1843 565 ut
1858 537 1897 566 sic

1049 581 1118 610 ordo
1150 582 1335 618 reparationis
1366 583 1583 619 correspondeat
1612 583 1703 612 ordini
1726 584 1899 621 praevarica-

1050 627 1140 656 tionis.
1156 628 1232 657 Unde
1247 629 1319 657 sicut
1334 628 1463 657 diabolus
1479 630 1594 657 tentavit
1610 630 1773 664 mulierem,
1790 634 1820 659 ut
1836 639 1896 659 eam

1049 674 1224 711 pertraheret
1256 674 1290 702 ad
1323 674 1541 709 dubitationem,
1564 679 1590 704 et
1612 684 1662 713 per
1695 677 1897 706 dubitationem

1050 721 1225 758 pertraheret
1247 721 1282 750 ad
1305 729 1489 756 consensum,
1512 726 1539 751 et
1554 731 1603 759 per
1622 731 1789 752 consensum
1811 725 1847 753 ad
1863 725 1898 753 la-

1050 776 1148 805 psuum
1177 768 1215 796 sie
1245 768 1363 805 Angelus
1385 769 1523 797 nuntiavit
1545 769 1666 807 Virgini.
1690 774 1720 799 ut
1743 771 1897 800 nuntiando

1050 815 1186 843 excitaret
1212 815 1245 843 ad
1271 815 1370 849 fidem,
1393 819 1420 844 et
1441 823 1491 852 per
1514 816 1597 845 fidem
1620 817 1655 845 ad
1677 826 1857 853 consensum,
1873 822 1897 847 et

1050 869 1100 898 per
1122 869 1287 890 consensum
1310 862 1345 890 ad
1368 862 1579 899 concipiendum
1598 864 1644 892 Dei
1665 864 1762 892 Filium
1780 873 1828 901 per
1844 865 1899 902 Spi-

1050 909 1134 936 ritum
1158 912 1284 936 sanctum
1299 909 1317 936 Β.

1128 955 1184 983 Alia
1206 956 1288 983 etiam
1321 956 1391 983 ratio
1423 956 1529 984 ordinis
1562 957 1612 984 t'uit
1645 957 1695 985 iiii:
1729 958 1795 994 quia
1817 958 1896 986 beata

1052 1002 1134 1038 Virgo
1155 1006 1215 1030 erat
1244 1002 1270 1030 in
1299 1005 1372 1030 statu
1402 1002 1539 1035 viatricis,
1561 1004 1608 1031 sed
1633 1004 1752 1040 Angelus
1775 1004 1801 1032 in
1824 1008 1896 1033 statu

1050 1049 1308 1085 coinprebensoi·is;
1330 1053 1357 1077 ct
1379 1050 1440 1078 ideo
1464 1050 1635 1078 voluntatem
1664 1051 1770 1079 Domini
1793 1052 1898 1081 clarius

1051 1103 1102 1131 pro
1124 1095 1170 1123 illo
1189 1100 1314 1132 tempore
1336 1097 1514 1132 agnoscebat,
1531 1097 1597 1134 quia
1613 1097 1700 1126 Deum
1726 1098 1836 1132 videbat
1851 1099 1900 1127 An—

1051 1142 1130 1178 gelus
1151 1142 1229 1179 sacz'e
1243 1143 1284 1170 ad
1297 1141 1423 1179 facium,
1440 1143 1519 1171 beata
1536 1144 1619 1180 Virgo
1632 1153 1684 1181 per
1704 1145 1853 1181 speculam
1869 1146 1897 1173 in

1051 1189 1242 1226 aenigmate-⁰.
1266 1207 1304 1210 —-
1326 1190 1448 1223 Rursus,
1470 1191 1591 1227 Angelus
1612 1196 1672 1219 erat
1694 1182 1741 1220 Dei
1758 1200 1857 1221 servus
1873 1197 1897 1221 et

1052 1236 1192 1270 minister:
1215 1241 1242 1265 et
1264 1238 1343 1266 beata
1359 1238 1442 1274 Virgo
1457 1238 1544 1267 electa
1566 1243 1608 1266 est
1623 1242 1649 1267 et
1672 1240 1828 1275 praeelecta
1844 1240 1899 1269 fue—

1052 1286 1109 1315 rat,
1132 1287 1162 1311 ut
1184 1287 1256 1312 esset
1270 1284 1318 1312 Dei
1336 1288 1432 1312 mater.
1455 1285 1524 1321 Quia
1539 1293 1606 1322 ergo
1621 1294 1776 1322 congruum
1799 1290 1840 1315 est
1856 1295 1900 1315 ne>

1052 1330 1183 1359 scientem
1207 1331 1320 1359 ermilire
1349 1339 1397 1367 per
1431 1332 1559 1359 nuntium
1590 1332 1787 1369 intelligentem
1810 1336 1836 1362 et
1858 1342 1899 1361 ro-

1052 1380 1228 1413 gnosrentem
1258 1377 1428 1405 voluntatem
1459 1378 1523 1410 Dei;
1552 1386 1708 1415 congruum
1735 1382 1777 1407 est
1798 1380 1897 1414 etiam,

1052 1423 1209 1451 ministrum
1242 1424 1369 1452 famulari
1400 1424 1528 1453 diuninae
1551 1433 1632 1453 suae:
1657 1425 1720 1454 hinc
1742 1429 1798 1460 est,
1821 1427 1895 1463 quod

1052 1470 1152 1499 decens
1168 1473 1194 1499 et
1209 1479 1363 1507 congruum
1381 1471 1431 1499 suit
1448 1472 1610 1507 mysterium
1635 1472 1832 1501 incarnationis
1849 1481 1898 1510 per

1052 1516 1184 1552 Angelum
1208 1516 1312 1553 Virgini
1336 1517 1464 1545 nuntiare
1478 1518 1503 1544 ¹⁰.

1130 1563 1221 1591 Tertia
1242 1564 1325 1591 etiam
1342 1564 1411 1591 ratio
1426 1565 1623 1599 congruentiae
1639 1567 1728 1601 potest
1743 1566 1895 1602 assignari:

1051 1610 1116 1647 quia
1145 1610 1297 1639 incarnatio
1325 1613 1351 1638 et
1383 1611 1496 1638 humani
1531 1611 1641 1647 generis
1662 1612 1818 1649 redemptio
1843 1621 1896 1641 non

1052 1660 1158 1685 tantum
1181 1657 1297 1685 faciebat
1318 1657 1352 1685 ad
1377 1657 1580 1694 reparationem
1604 1658 1699 1696 lapsus
1714 1659 1839 1694 humani,
1856 1668 1899 1689 ve-

1051 1712 1112 1731 rum
1142 1703 1223 1731 ctiam
1253 1704 1289 1731 ad
1311 1704 1516 1740 reparationem
1539 1705 1636 1733 ruinae
1663 1706 1803 1742 angelicae
1816 1707 1850 1739 ¹¹3
1871 1711 1897 1735 et

1050 1750 1111 1778 ideo
1133 1750 1225 1786 Angeli
1250 1750 1320 1778 beati
1344 1758 1397 1778 non
1414 1751 1573 1779 debuerunt
1588 1752 1711 1780 excludi.
1729 1753 1804 1781 Unde
1826 1753 1898 1782 sicut

1050 1805 1136 1825 sexus
1157 1797 1303 1826 muliebris
1318 1805 1371 1825 non
1387 1798 1550 1826 excluditur
1566 1806 1582 1826 a
1597 1799 1753 1835 cognitione
1773 1801 1896 1836 mysterii

1050 1844 1247 1873 incarnationis
1269 1848 1295 1873 et
1317 1844 1399 1873 etiam
1430 1845 1658 1880 resurrectionis,
1680 1846 1719 1874 sic
1741 1846 1823 1875 etiam
1847 1855 1896 1876 nec

1049 1891 1191 1928 angelicus
1214 1886 1348 1926 nuntius3
1369 1892 1453 1920 immo
1468 1895 1622 1929 utrumque
1639 1893 1712 1922 Deus
1727 1894 1829 1930 Angelo
1845 1902 1898 1923 me-

209 2024 215 2038 ¹
234 2023 290 2046 Cod.
308 2024 324 2046 N
342 2025 422 2046 omittit
439 2025 500 2046 ante.

207 2062 216 2076 ²
233 2061 278 2086 Csr.
295 2063 394 2089 Aristot.y
412 2062 441 2084 de
456 2062 595 2085 l‘raodieam.
613 2069 632 2084 c.
650 2062 677 2085 de
695 2062 774 2085 Priori
789 2067 811 2085 ot
827 2070 846 2085 r.
860 2063 887 2086 cte
904 2062 989 2086 Stmul.

207 2101 216 2115 ³
235 2101 290 2123 Edd.
313 2102 329 2128 Ι,
354 2102 367 2123 2
385 2101 460 2130 ipsam
482 2107 544 2129 esse,
563 2102 690 2131 antequam
716 2103 820 2130 oportet,
848 2102 896 2124 Vat.
914 2102 990 2131 ipsum

145 2146 205 2169 esse,
225 2141 353 2170 antequam
364 2142 511 2163 assumatur.
525 2140 573 2162 Mox
588 2147 628 2168 pro
645 2146 693 2163 non
706 2140 782 2163 decuit
798 2141 851 2163 edd.
864 2142 890 2163 ut
906 2140 989 2164 deruit.

207 2179 216 2193 ⁴
234 2180 362 2208 Respicitur
379 2179 433 2201 illud
453 2180 530 2201 ierem.
544 2180 579 2207 31,
599 2180 639 2201 22:
657 2180 714 2208 Quia
727 2180 813 2202 creavit
831 2180 940 2202 Dominus
954 2187 990 2202 no-

145 2225 202 2241 vum
218 2225 289 2246 super
306 2223 402 2241 terram:
420 2219 503 2240 semina
516 2219 668 2241 circumdabit
685 2220 768 2241 virum.
785 2218 829 2241 Csr.
847 2221 903 2241 intra
922 2220 944 2242 d.
958 2220 989 2241 ΙΙΙΔ

145 2258 175 2280 lit.
193 2258 303 2285 Magistri,
321 2264 340 2280 c.
359 2256 379 2285 4,
397 2261 419 2280 et
431 2257 558 2280 Commeat.
576 2264 598 2285 p.
613 2258 634 2280 ll.
652 2264 672 2280 a.
691 2258 711 2280 3.
725 2265 747 2287 q.
766 2259 786 2280 2.
798 2271 828 2274 -
841 2259 913 2281 liuius
925 2259 989 2281 dubii

145 2297 227 2319 solutio
245 2297 359 2318 invenitur
375 2297 443 2318 etiam
466 2296 529 2324 apud
547 2296 608 2319 Alex.
626 2297 682 2325 Hah,
697 2297 719 2319 S.
738 2304 760 2325 p.
779 2297 810 2319 ΙΙΙ.
829 2304 850 2326 q.
870 2298 890 2320 8.
915 2304 944 2319 m.
963 2298 989 2326 2;

145 2335 169 2357 Β.
187 2334 279 2363 Albert.,
297 2335 333 2356 hic
350 2341 370 2357 a.
392 2334 429 2362 145
452 2335 474 2357 S.
493 2335 582 2363 Tuom„
605 2336 641 2357 liic
658 2342 680 2364 q.
699 2336 718 2357 2.
737 2342 756 2358 a.
776 2336 801 2363 3;
825 2336 881 2358 t’etr.
898 2343 910 2358 a
929 2336 989 2364 Tar„

146 2375 182 2396 hie
199 2381 220 2402 q.
239 2374 260 2396 2.
278 2380 296 2395 a.
316 2374 341 2399 3;
361 2374 465 2396 Ricliard.
484 2381 495 2396 a
513 2374 579 2402 Mod„
597 2375 633 2397 liic
650 2381 670 2397 a.
688 2376 709 2397 2.
727 2382 749 2404 q.
768 2375 793 2403 43
812 2375 885 2403 AEgid.
902 2376 936 2403 11„
955 2376 990 2397 liic

146 2420 168 2442 q.
187 2414 208 2435 2.
226 2419 245 2435 a.
265 2412 285 2435 4.

208 2451 218 2466 ⁵
234 2452 306 2474 Serm.
326 2452 346 2473 in
366 2451 482 2474 Doniinica
503 2452 560 2474 infra
578 2452 656 2474 Octav.
674 2454 773 2475 Assumt.
792 2453 814 2475 B.
833 2453 860 2475 M.
879 2453 905 2475 V.
924 2460 944 2474 n.
963 2454 989 2475 8:

146 2491 191 2513 lam
210 2491 231 2512 in
244 2496 283 2518 eo,
296 2490 359 2519 quod
377 2493 422 2512 tam
440 2493 571 2513 reverenter
582 2493 650 2519 atque
667 2492 832 2513 officiosissime
844 2491 873 2514 ab
891 2492 991 2513 Archan-

146 2529 198 2557 gelo
214 2529 308 2551 salutata
327 2532 370 2555 est,
391 2531 414 2551 ut
431 2529 476 2550 iam
494 2532 547 2551 tunc
564 2530 585 2551 in
604 2530 673 2557 regali
691 2530 748 2551 solio
763 2536 832 2557 supra
851 2536 931 2552 omnes
943 2537 991 2552 cae-

146 2569 237 2591 lestium
255 2568 347 2590 ordines
359 2568 475 2595 legionum
487 2568 606 2590 exaltatam
624 2574 717 2590 cernere
729 2568 868 2591 videretur...
884 2569 991 2591 excellen-

146 2607 260 2630 tissimum
283 2606 350 2628 nobis
369 2606 468 2634 Virginis
491 2609 581 2628 nostrae
602 2607 708 2628 meritum
730 2610 752 2629 et
774 2607 896 2634 singularis
918 2608 990 2634 gratia

146 2644 328 2667 commendatur.
340 2644 385 2666 Csr.
403 2645 475 2666 Serm.
489 2643 510 2666 [ι.
528 2645 549 2666 in
567 2645 665 2667 Assumt.
679 2645 702 2666 B.
716 2644 742 2666 M.
762 2644 787 2666 V.
802 2651 822 2667 n.
845 2645 862 2672 l,
880 2649 902 2667 vt
918 2646 990 2667 serm.

146 2685 168 2706 in
187 2684 258 2706 Nativ.
277 2684 300 2706 Β.
319 2684 345 2706 M.
365 2684 390 2706 V.
409 2690 430 2706 n.
449 2684 469 2705 9.
488 2684 510 2705 ln
532 2683 625 2711 epistola
644 2683 672 2705 ad
691 2683 782 2705 Paulam
805 2686 826 2705 ot
844 2684 990 2706 Eustochium

147 2723 231 2746 directa
249 2723 317 2749 (olim
331 2723 469 2750 Hieronymo
488 2722 585 2750 tributa)
604 2722 681 2744 dedic
699 2724 797 2744 Assuml.
811 2723 832 2744 Β.
852 2723 878 2745 M.
893 2723 918 2745 V.
937 2723 991 2751 togi-

147 2766 183 2785 tur
195 2770 214 2785 c.
227 2762 252 2784 7:
270 2762 331 2784 Haec
342 2765 375 2784 est
388 2761 437 2783 dies
455 2762 582 2789 praeclara,
600 2762 621 2783 in
634 2768 678 2790 qua
693 2762 773 2784 meruit
787 2760 883 2791 [Maria]
900 2763 990 2785 exaltari

146 2808 217 2829 super
233 2802 316 2823 choros
339 2801 487 2829 Angelorum.
500 2813 530 2816 —
546 2800 588 2823 Pro
606 2800 744 2823 lxm-nardus
761 2801 828 2823 codd.
846 2802 862 2823 A
875 2801 891 2823 U
908 2801 991 2824 substi-

147 2843 213 2863 tuunt
230 2839 372 2869 Gregorius,
387 2841 426 2868 qui
440 2846 520 2868 reapse
538 2841 559 2862 in
572 2839 630 2862 libro
649 2840 768 2867 llosps›iis.,
781 2841 830 2862 sive
842 2841 990 2868 Antiplionar.

148 2886 191 2907 pro
208 2880 264 2902 sesto
282 2880 434 2901 Assumtionis
458 2880 480 2901 Β.
500 2879 527 2901 V.
545 2879 613 2902 dicit:
632 2879 728 2901 lixaltatn
746 2882 780 2901 nst
797 2882 873 2901 sanc-ta
892 2880 930 2902 Dei
948 2881 991 2901 Ge-

148 2919 213 2941 nitrix
230 2924 301 2946 super
318 2919 400 2940 (thoros
418 2918 566 2946 Angelorum.

209 2956 219 2970 ⁶
237 2956 267 2978 Do
289 2956 384 2979 (Iaiolest.
408 2957 522 2979 llierarcli.
541 2964 560 2979 ιτ,
583 2957 607 2985 fi,
626 2958 801 2985 sententialiter-5
825 2960 846 2979 nt
867 2957 937 2980 vei-ba
956 2959 992 2980 liic

274 3007 298 3030 S.
317 3008 404 3030 ltmirw.
422 3020 452 3024 ——
470 3008 537 3030 Toni.
557 3008 588 3030 111.

1047 2026 1111 2048 allata
1130 2027 1277 2048 inveniuntur
1294 2027 1315 2048 in
1334 2027 1436 2053 tii-eger„
1455 2026 1478 2047 ll.
1497 2027 1518 2047 in
1542 2026 1627 2054 Evang.
1652 2027 1732 2049 llomil.
1757 2027 1792 2049 34.
1816 2034 1836 2049 n.
1864 2029 1896 2050 12.

1047 2065 1091 2088 Csr.
1110 2068 1163 2088 tom.
1183 2066 1204 2087 ll.
1224 2071 1276 2093 pag.
1295 2066 1347 2091 261,
1366 2068 1416 2087 nota
1436 2066 1456 2087 3.

1109 2104 1119 2118 ⁷
1137 2105 1200 2127 Vers.
1219 2105 1235 2126 Ι.
1247 2117 1276 2120 —
1288 2104 1366 2126 Glossa
1383 2103 1508 2127 ordinm-m
1521 2105 1541 2126 in
1555 2105 1616 2127 hunc
1629 2105 1670 2127 loc.
1685 2105 1759 2133 (apud
1773 2106 1896 2135 Straboni)

1047 2144 1175 2171 Augustino
1192 2143 1292 2171 docenti,
1316 2151 1325 2163 α
1338 2143 1401 2172 quod
1419 2149 1499 2165 omues
1517 2144 1596 2171 Angeli
1615 2143 1705 2172 abipsa
1723 2146 1835 2167 creatione
1853 2152 1893 2167 sua

1047 2182 1121 2204 statim
1144 2183 1304 2210 cognoverunt
1326 2182 1347 2203 in
1374 2182 1566 2209 contemplatione
1588 2183 1622 2204 sui
1641 2182 1753 2204 Crentoris
1782 2183 1895 2212 quidquid

1048 2221 1096 2248 ipse
1113 2223 1161 2242 rrat
1178 2221 1278 2242 sat-turus
1291 2229 1312 2248 u,
1330 2221 1427 2248 opponit
1444 2220 1575 2248 Hieronymi
1594 2221 1623 2242 do
1642 2222 1683 2243 liac
1701 2228 1725 2243 re
1743 2223 1893 2244 sententiam:

1049 2259 1226 2287 «Hieronymus
1249 2263 1325 2281 autom
1348 2262 1425 2287 aperte
1449 2259 1548 2281 declarat
1566 2259 1648 2289 [super
1673 2261 1733 2282 bunc
1751 2260 1818 2290 loc.],
1841 2262 1894 2290 quia

1048 2298 1141 2327 quidam
1159 2299 1251 2326 Augen,
1270 2298 1343 2320 donec
1360 2298 1519 2326 perficeretur,
1533 2300 1668 2326 mysterium
1687 2300 1846 2321 incarnationis
1864 2300 1893 2321 ad

1048 2337 1140 2364 plenum
1154 2343 1198 2358 non
1210 2339 1369 2364 cognoverunt
1382 2345 1401 2358 n.
1420 2337 1539 2364 Exponens
1560 2337 1614 2364 Epli.
1637 2338 1658 2365 3,
1685 2338 1716 2364 10,
1735 2338 1796 2360 idern
1815 2338 1895 2360 {liero-

1047 2382 1130 2403 nymus
1147 2376 1255 2403 affirmat,
1274 2376 1414 2403 l‘riucipatus
1430 2379 1452 2398 ot
1465 2376 1586 2398 Potest-‘ntes
1603 2379 1771 2398 sacramentum
1790 2378 1894 2399 incarna-

1047 2415 1113 2436 tionis
1130 2414 1236 2436 didicisse
1256 2420 1298 2441 per
1315 2414 1444 2436 Ecclesiam.
1462 2414 1508 2436 Cir.
1532 2418 1585 2436 toni.
1610 2415 1631 2436 ll.
1652 2421 1704 2442 pag.
1733 2415 1785 2443 118,
1804 2419 1854 2437 nota
1873 2416 1894 2438 8.

1047 2454 1150 2480 Gregor„
1169 2453 1192 2474 ll.
1209 2453 1230 2474 in
1249 2453 1335 2480 Evang.
1354 2453 1432 2475 homil.
1451 2452 1487 2475 34.
1506 2460 1527 2475 n.
1546 2454 1575 2475 8:
1595 2453 1620 2475 lli
1639 2457 1723 2482 autem,
1741 2455 1781 2482 qui
1799 2455 1892 2476 minima

1049 2492 1160 2519 nuntiant,
1173 2492 1276 2519 Angeli...
1294 2492 1505 2514 vocantur.-——1'ro
1522 2491 1695 2521 issum-averunt
1708 2493 1756 2516 Vnt.
1776 2497 1795 2515 et
1816 2494 1894 2521 plui-os

1048 2531 1114 2553 codd.
1133 2530 1253 2560 iynorrml.

1110 2569 1119 2583 Β
1138 2569 1194 2592 Vide
1211 2576 1279 2597 supra
1298 2575 1351 2597 pag.
1371 2569 1406 2597 sil,
1426 2573 1476 2592 nota
1495 2570 1516 2592 7.

1109 2608 1119 2622 '³
1136 2609 1204 2636 Epist.
1223 2609 1235 2630 Ι.
1254 2608 1304 2630 (lor.
1327 2609 1363 2635 13,
1386 2609 1422 2635 12,
1441 2609 1462 2630 in
1481 2615 1527 2638 quo
1550 2610 1678 2631 testimonio
1695 2610 1747 2632 edd.
1770 2616 1823 2632 cum
1848 2617 1892 2632 non

1048 2647 1127 2675 paucis
1148 2646 1215 2669 codd.
1239 2654 1280 2675 pro
1298 2646 1322 2669 ιή.
1345 2647 1477 2676 aeniymdte
1493 2647 1598 2670 exhibent
1623 2649 1644 2670 et
1665 2648 1782 2678 neniyntss.
1801 2661 1832 2665 —
1848 2649 1893 2671 (tu.

1049 2686 1147 2714 Dionys„
1171 2686 1198 2708 do
1221 2686 1314 2708 Caelest.
1338 2686 1452 2709 {lierni-cli.
1475 2693 1494 2709 c.
1517 2686 1537 2708 4.
1561 2687 1574 2715 ’,ᾗ
1596 2686 1616 2709 4,
1636 2699 1665 2702 ——
1683 2688 1751 2709 Paulo
1773 2691 1825 2710 ante
1849 2695 1892 2716 pro

1047 2724 1188 2754 aquoscetmt
1210 2725 1276 2747 codd.
1301 2725 1318 2747 Μ
1330 2724 1371 2746 OS
1394 2724 1558 2755 coqnoscelmt,
1584 2729 1604 2748 ot
1624 2726 1755 2748 immediato
1778 2730 1829 2754 post
1851 2733 1893 2754 pro

1048 2763 1104 2793 quid
1123 2764 1197 2786 Deum
1214 2764 1267 2786 odd.
1285 2765 1306 2787 et
1324 2764 1405 2786 Deum.

1112 2803 1130 2817 ¹⁰
1148 2803 1196 2825 Vat.
1214 2802 1329 2826 nuntiari.

1112 2842 1128 2856 ¹¹
1147 2842 1191 2864 (Ἰν.
1210 2843 1232 2864 ll.
1250 2843 1309 2864 Sent.
1328 2842 1350 2864 d.
1365 2844 1385 2864 tl.
1404 2849 1424 2871 q.
1441 2843 1462 2865 53.
1475 2846 1497 2864 ot
1513 2843 1534 2865 7.
1549 2856 1577 2859 —
1591 2843 1658 2865 l‘aulo
1675 2847 1726 2865 ante
1739 2843 1788 2865 cod.
1807 2844 1824 2865 G
1843 2847 1894 2871 post

1049 2881 1129 2910 laps-us
1152 2881 1253 2904 llumtmi
1274 2881 1481 2910 slipplutymit¹1·t's.
1506 2882 1626 2911 Aquuunto
1645 2882 1738 2904 inferius
1761 2888 1803 2910 pro
1821 2881 1893 2904 immo

1048 2920 1176 2949 utrumque
1199 2919 1251 2942 edd.
1274 2919 1346 2942 immo
1371 2921 1394 2942 ut
1416 2921 1484 2949 pater.
1503 2920 1605 2942 subinde
1630 2919 1783 2948 pronuntiat
1805 2920 1856 2942 cod.
1876 2920 1891 2942 Ν

1048 2957 1172 2981 nuntiarit.

1753 3012 1764 3030 Β

1909 447 1937 465 Ad
1945 447 1950 464 1
1957 461 1959 464 .
1967 449 2038 469 quaest.

1912 540 1965 558 Ratio
1980 540 1997 557 1.

1911 960 1965 978 Ratio
1982 961 1999 978 2.
2029 961 2042 974 ‘-

1913 984 2008 1001 membris.

1911 1568 1965 1586 Ratio
1979 1569 1996 1586 3.
