2166 3366
777 178 859 206 DtST.
882 179 912 206 X.
934 179 1007 207 ART.
1028 179 1059 207 ΙΙ.
1081 179 1216 216 QUAEST.
1238 180 1267 208 11.

155 262 198 278 nus
215 256 276 278 Deus
293 259 336 284 est,
355 256 448 278 alteram
465 255 613 284 adoptivam,
633 258 746 284 quatenus
763 258 797 278 est
814 257 890 278 homo.
907 256 1000 278 Certum

155 297 232 317 autem
249 297 293 322 est,
306 294 428 322 Epistulam
441 294 502 316 illam
519 293 611 317 Concilii
630 293 838 316 Francosordiensis
855 295 897 316 illis
914 301 1000 322 oppro-

148 333 244 356 hrasse:
266 341 276 353 ε
289 333 330 355 Per
352 333 499 361 adoptionem
519 339 563 355 vos
584 333 694 361 separatis
716 333 832 354 hominem
849 332 964 355 Christum
987 340 999 355 a

153 372 201 395 Deo
214 380 234 394 ι.
256 371 401 400 Reprobatus
422 376 456 394 est
477 372 513 394 hic
529 378 594 394 error
619 372 663 393 iam
681 377 716 393 an.
734 371 780 393 785
797 372 818 393 in
840 371 938 399 Epistola
956 372 1000 393 Ha-

154 411 226 433 driani
239 411 253 433 l.
269 411 299 433 ad
310 412 431 439 episcopos
443 411 574 438 Hispaniae,
588 414 636 432 tum
648 411 670 432 in
683 410 800 438 praedicto
812 409 923 437 Concilio,
936 416 999 438 prae-

153 449 281 472 sidentibus
298 450 387 478 Legatis
404 449 511 472 Hadriani
529 448 654 476 celebrato,
673 452 721 471 tum
739 449 807 471 altera
826 449 932 471 Hadriani
951 449 999 477 Epi-

153 489 209 511 stola
221 495 249 511 ex
261 488 361 511 Concilio
374 489 477 511 Romano
489 494 525 510 an.
538 487 583 510 794
596 488 679 510 emissa
692 487 721 509 ad
733 488 857 515 episcopos
869 487 998 515 Hispaniae.

152 527 211 550 Inter
228 527 270 549 alia
288 527 386 555 plurima
400 526 528 549 Hadrianus
545 529 618 554 notat,
637 526 700 555 quod
712 527 747 548 isti
768 534 777 545 α
790 532 844 548 eum
861 526 997 555 adoptivum

152 569 174 588 et
191 572 236 588 non
253 566 373 594 proprium
392 565 471 587 Filium
488 564 635 592 confitentur,
654 565 719 593 quasi
737 563 829 587 alienus
846 571 857 586 a
876 564 940 586 Patre
962 564 998 586 ali-

153 605 246 634 quando
268 605 346 632 suerit,
368 607 407 626 aut
429 610 471 632 per
487 604 561 626 carnis
583 604 712 626 extraneus
729 603 758 625 ab
775 609 803 625 eo
826 604 898 625 sactus
919 603 998 625 ruisset

152 644 316 666 assumtionem
329 651 349 664 ι.
369 643 430 665 Hanc
441 643 553 664 haeresim
571 643 661 670 scriptis
673 642 818 665 confutarunt
834 642 909 670 primo
925 641 998 664 abbas

152 683 235 705 Beatus
253 685 275 704 et
294 682 398 704 Etherius
417 682 486 709 episc.
507 681 605 709 Osmae,
626 681 732 709 Hispani;
751 680 835 703 deinde
852 681 874 702 S.
891 680 998 703 Paulinus

151 721 315 750 Aquileiensis,
334 721 442 743 Alcuinus
458 720 549 749 aliique.

216 760 238 782 ll.
252 760 294 782 Pro
306 759 450 787 intelligentia
461 759 529 781 huius
538 759 679 787 quaestionis
686 758 839 781 observamus
848 758 904 780 haec
915 764 996 786 pauca.

151 799 206 821 Fide
222 801 309 821 constat
326 800 374 820 tum
392 801 468 820 contra
487 798 579 825 Arium,
597 797 660 826 quod
677 796 779 819 Christus
801 797 929 819 secundum
948 802 996 824 per-

151 843 232 860 sonam
249 836 354 859 diuinam
370 839 404 858 est
420 836 489 858 Filius
506 836 614 858 naturalis
637 835 708 858 Patris
728 836 796 864 eique
818 835 996 857 consubstantia-

151 876 178 899 lis
194 878 216 898 et
232 881 377 903 coaeternus;
395 878 444 898 tum
466 878 543 898 contra
560 875 700 903 Nestorium,
718 874 781 903 quod
799 873 906 897 caristus
925 873 995 897 homo

151 918 245 943 propter
266 915 375 937 unitatem
392 920 504 942 personae
525 914 548 936 vi
569 914 782 936 communicationis
804 913 940 935 idiomatum
962 916 996 935 est

150 955 219 977 Filius
237 955 275 976 Dei
297 954 413 977 naturalis.
431 952 538 975 Restabat
554 956 630 975 autem
652 953 755 982 quaestio
776 952 899 980 solvenda,
917 955 995 975 utrum

150 993 264 1022 Christus,
282 992 412 1016 secundum
429 991 493 1022 quod
508 991 589 1019 homo,
609 991 653 1014 dici
677 991 760 1014 debeat
784 992 820 1013 vel
838 992 910 1019 possit
926 991 995 1014 Filius

150 1033 190 1054 Dei
207 1031 338 1059 naturalis,
362 1037 390 1053 an
408 1030 538 1060 adoptivus.
557 1031 694 1058 Praepositio
715 1034 791 1052 autem
808 1030 951 1057 secundum,
970 1032 995 1053 ut

149 1073 195 1094 iam
212 1074 289 1094 notant
302 1072 406 1098 Magister
417 1070 467 1098 (hic
484 1076 503 1092 c.
519 1071 546 1097 l.)
558 1073 580 1092 et
591 1072 670 1092 auctor
682 1073 757 1092 noster
769 1069 852 1097 (supra
870 1076 890 1092 a.
904 1070 924 1092 sl.
936 1076 958 1098 q.
973 1070 993 1092 i·

149 1114 172 1133 et
184 1110 281 1133 dubium
297 1111 333 1138 1.),
351 1109 471 1137 dupliciter
485 1109 577 1137 intelligi
590 1111 674 1137 potest,
687 1109 771 1131 scilicet
783 1110 875 1137 proprie
891 1108 995 1138 redupli-

150 1149 232 1177 colive,
247 1151 271 1171 ut
283 1151 343 1170 notet
354 1153 467 1176 causam,
482 1148 517 1170 vel
529 1146 682 1177 specificative
694 1147 743 1175 (cfr.
756 1153 809 1175 pag.
824 1148 876 1174 226,
891 1151 941 1169 nota
955 1147 994 1176 4.).

150 1188 173 1210 Si
189 1186 370 1217 reduplicative,
393 1192 475 1209 sensus
492 1190 537 1213 est,
561 1186 622 1214 quod
641 1185 743 1208 Christus
757 1192 802 1215 per
822 1185 994 1209 humanitatem

149 1227 199 1249 sive
219 1226 333 1249 mediante
354 1226 493 1248 humanitate
515 1226 543 1247 sit
559 1225 619 1248 filius
640 1225 680 1247 Dei
701 1226 821 1253 naturalis;
845 1225 908 1254 quod
926 1231 994 1248 nemo

149 1271 251 1294 unquam
269 1264 334 1292 dixit,
348 1270 400 1286 cum
413 1264 558 1286 manifestum
570 1264 608 1290 sit,
626 1263 688 1292 quod
702 1265 800 1286 humana
818 1265 915 1292 natura,
935 1264 957 1286 in
969 1270 994 1286 se

149 1304 303 1331 considerata,
316 1310 358 1326 nec
369 1303 497 1326 secundum
515 1309 580 1325 suam
592 1302 718 1325 essentiam
730 1309 771 1325 nec
783 1303 911 1325 secundum
929 1310 994 1325 suam

146 1342 265 1372 originem
282 1343 356 1371 (quae
372 1346 406 1365 est
422 1348 464 1370 per
480 1343 631 1369 creationem)
650 1341 732 1364 habeat
748 1342 880 1364 relationem
904 1342 994 1364 divinae

150 1382 302 1410 generationis
320 1381 434 1403 naturalis.
452 1381 474 1402 Si
491 1380 659 1410 specificatiue,·
676 1384 730 1403 tunc
746 1382 845 1403 sumitur
862 1381 931 1404 homo
943 1387 995 1403 con-

149 1422 210 1442 creto
226 1423 251 1442 ut
267 1419 292 1442 in
308 1419 415 1442 humana
428 1420 519 1442 natura
534 1418 670 1441 subsistens.
684 1419 710 1441 Et
726 1419 854 1441 secundum
869 1420 930 1442 hunc
946 1426 995 1442 sen-

149 1464 200 1481 sum
222 1458 296 1480 media
319 1461 391 1480 aetate
408 1460 430 1480 et
452 1458 519 1480 etiam
543 1458 656 1485 posterius
676 1458 698 1480 in
722 1458 806 1480 scholis
828 1459 849 1480 in
873 1462 995 1487 utramque

149 1500 237 1526 partem
255 1498 395 1526 disputatum
413 1499 458 1525 est,
475 1499 497 1519 et
514 1499 604 1519 exortae
621 1499 675 1519 sunt
691 1498 768 1519 variae
784 1498 916 1525 opiniones,
935 1504 994 1526 quae

149 1542 211 1558 nunc
227 1537 380 1558 communiter
397 1541 441 1557 non
459 1536 513 1558 satis
530 1535 614 1557 distare.
625 1535 654 1557 ab
671 1541 750 1558 errore
767 1536 933 1564 Adoptianismi
945 1543 994 1559 cen-

228 1818 354 1847 Secundo
366 1818 520 1855 quaeritur,
536 1821 631 1846 utrum
648 1817 744 1846 filiatio
759 1818 915 1856 adoptioniS
930 1827 992 1848 con—

150 1865 242 1894 veniat
263 1865 343 1894 nobis
365 1873 414 1902 per
435 1865 586 1894 Christum.
610 1865 640 1894 Et
661 1865 736 1902 quod
758 1865 810 1899 sic,
832 1866 953 1895 videtur.

231 1914 254 1941 1.
277 1912 385 1941 loannis
405 1912 531 1950 prinio¹:
556 1912 639 1940 Dedit
669 1912 709 1940 eis
728 1916 896 1949 potestatem
916 1912 993 1949 filios

13 1959 204 1988 Fundamenta.Dei
222 1958 299 1996 fieri,
315 1958 359 1987 his
374 1958 426 1997 qui
445 1959 569 1987 credunt
589 1958 620 1987 in
640 1958 756 1987 nomine
776 1959 857 1992 eius,·
877 1962 993 1993 constat,

149 2006 222 2043 quod
247 2005 420 2042 Evangelista
442 2005 566 2042 loquitur
587 2005 622 2034 de
637 2005 729 2034 Verbo
746 2005 903 2034 incarnato:
926 2013 993 2043 ergo

150 2052 274 2087 videtur,
295 2052 370 2089 quod
402 2060 452 2089 per
485 2052 575 2089 ipsum
608 2060 658 2080 nos
679 2052 768 2081 simus
788 2052 838 2081 filii
861 2052 922 2087 Dei;
943 2053 992 2082 sed

149 2107 204 2127 non
225 2099 272 2127 alii
293 2098 341 2127 filii
363 2107 448 2136 quam
469 2098 606 2135 adoptivi:
628 2106 695 2135 ergo
716 2102 766 2128 etc.

229 2146 254 2173 ⁶2.
277 2145 360 2179 item,
380 2145 416 2174 ad
447 2143 556 2174 Galatas
576 2148 677 2182 quarto
690 2145 715 2173 ²:
738 2145 818 2173 Misit
850 2145 926 2173 Deus
946 2145 994 2174 Fi-

149 2192 223 2221 lium
242 2201 329 2220 suum
351 2191 467 2229 factum
487 2201 522 2220 ex
543 2192 678 2225 muliere,
701 2196 733 2220 ut
756 2192 941 2229 adoptionem
962 2192 993 2230 si-

149 2238 257 2267 tiorum
278 2238 490 2275 reciperemus:
512 2246 578 2275 ergo
599 2239 622 2267 si
653 2238 737 2267 Filius
758 2239 793 2267 ad
816 2239 867 2268 hoc
889 2239 992 2268 missus

149 2289 190 2314 est
212 2285 239 2314 in
260 2293 385 2320 carnem,
407 2285 533 2320 videtur,
562 2285 637 2322 quod
667 2293 717 2322 per
738 2285 880 2314 Christum
903 2286 992 2315 simus

149 2332 198 2360 silii
219 2331 350 2368 adoptivi.

228 2378 254 2407 3.
276 2379 358 2412 Item,
385 2386 487 2407 «omne
505 2387 559 2415 per
573 2378 709 2407 accidens
724 2378 869 2408 reducitur
883 2379 918 2407 ad
937 2388 992 2416 per

148 2424 234 2458 se³»;
256 2424 305 2453 sed
328 2424 375 2452 filii
399 2431 448 2461 per
469 2424 646 2461 adoptionem
678 2428 744 2453 sunt
774 2425 822 2453 filii
841 2433 896 2462 per
918 2425 992 2453 acei-

149 2471 218 2499 dens
239 2473 367 2507 respectu
389 2470 437 2498 filii
466 2471 616 2505 naturalis,
638 2471 684 2508 qui
703 2479 757 2508 per
778 2479 808 2499 se
828 2474 855 2500 et
877 2472 991 2509 proprie

148 2520 191 2546 est
211 2517 300 2546 filius:
323 2525 389 2554 ergo
411 2517 432 2546 si
454 2517 531 2546 solus
551 2517 678 2546 Christus
699 2521 741 2546 est
757 2518 831 2546 tilius
846 2518 990 2553 naturalis,

149 2564 275 2599 videtur,
296 2564 371 2601 quod
397 2563 494 2592 nullus
518 2564 666 2601 adoptetur
693 2564 720 2592 iu
746 2564 835 2593 silium
863 2565 915 2593 nisi
942 2572 991 2602 per

149 2611 250 2648 ipsum.

227 2657 253 2685 lt.
276 2657 355 2691 item,
376 2665 426 2694 per
448 2657 539 2693 ipsum
561 2665 660 2685 sumus
680 2657 729 2685 filii
752 2657 799 2686 Dei
821 2658 919 2691 effecti,
941 2666 992 2695 per

149 2711 231 2741 quem
253 2711 352 2733 sumus
372 2703 429 2732 Deo
450 2703 631 2737 reconciliati;
663 2704 711 2732 sed
744 2704 800 2732 Deo
822 2704 990 2733 reconciliati

212 2835 219 2850 ¹
238 2836 302 2858 Vers.
322 2836 357 2858 42.

211 2874 221 2889 ἵ
239 2875 303 2897 Vers.
322 2874 343 2897 t.
360 2881 409 2904 seq.

212 2913 221 2928 ³
238 2913 369 2936 Secundum
388 2914 491 2942 Aristot.,
509 2914 532 2936 ll.
550 2914 617 2942 Phys.
635 2917 686 2937 text.
698 2915 735 2936 (36.
749 2915 777 2942 (c.
790 2915 829 2943 6.).
842 2914 886 2936 Crr.
899 2917 953 2937 tom.
966 2914 990 2936 ll.

150 2958 203 2979 pag.
221 2952 281 2980 638,
299 2955 349 2974 nota
369 2952 389 2974 3.

1841 182 1900 211 235

1057 260 1142 279 sentur.
1161 257 1203 279 Pro
1225 258 1315 286 aliquali
1333 259 1477 281 excusatione
1493 259 1599 287 affertur,
1621 259 1684 288 quod
1702 260 1788 288 antiqui
1811 261 1904 282 Schola-

1057 296 1105 318 stici
1129 302 1173 318 non
1191 298 1342 324 cognoverint
1365 298 1467 325 praecise
1488 297 1578 320 decreta
1601 298 1707 320 Hadriani
1730 299 1744 320 1.
1766 302 1788 321 et
1809 298 1902 322 Concilii

1058 333 1272 357 Francosordiensis.
1290 334 1354 358 Certa
1372 336 1466 358 omnino
1483 337 1552 364 igitur
1569 337 1682 359 censenda
1701 340 1734 360 est
1746 338 1862 360 conclusio
1879 339 1902 360 S.

1058 372 1240 401 Bonaventurae,
1258 374 1280 396 S.
1298 374 1410 402 Thomae,
1426 375 1546 397 Alexandri
1558 376 1604 397 Hal.
1623 376 1777 405 aliorumqne;
1798 383 1840 404 pro
1857 383 1901 405 qua

1056 410 1190 433 stabilienda
1208 416 1288 434 auctor
1304 417 1381 435 noster
1398 413 1444 435 duo
1457 414 1520 436 affert
1538 414 1684 437 fundamenta
1698 415 1844 443 inconcussa,
1862 417 1902 438 sci-

1056 449 1107 471 licet
1119 450 1205 478 primo,
1218 451 1282 479 quod
1291 450 1375 480 filiatio
1388 453 1480 480 respicit
1491 459 1626 481 personam,
1640 453 1713 481 unde,
1726 455 1845 482 supposita
1857 460 1901 477 una

1056 488 1077 509 in
1095 487 1184 511 Christo
1197 495 1307 518 persona,
1326 491 1453 513 nullatenus
1465 492 1487 513 in
1500 498 1527 513 co
1540 498 1589 514 esse
1607 496 1703 520 possunt
1715 493 1762 515 duo
1780 493 1829 521 filii,
1847 494 1902 516 alter

1055 526 1190 555 adoptivus,
1213 528 1269 550 alter
1291 529 1414 558 naturalis;
1437 531 1552 559 secundo,
1576 531 1638 559 quod
1662 531 1755 561 adoptio
1778 533 1900 561 supponit,

1055 564 1188 592 adoptatum
1206 567 1270 593 prius
1288 567 1356 589 tuisse
1374 568 1490 596 adoptanti
1508 568 1601 592 alienus
1618 570 1653 591 vel
1671 571 1801 593 eii-tianeus
1812 589 1819 599 ,
1838 571 1901 600 quod

1055 603 1099 625 iam
1114 604 1211 631 urgebat
1222 605 1351 628 Hadrianus
1364 606 1376 628 l.
1390 609 1411 628 et
1423 607 1445 628 S.
1458 607 1544 629 Paulini
1557 608 1614 630 liber
1623 609 1810 636 Sacrosyllabus:
1824 617 1835 629 ε
1844 609 1902 631 Ado-

1055 642 1132 669 ptivus
1144 642 1188 664 dici
1207 649 1251 665 non
1270 646 1344 671 potest
1361 645 1402 666 nisi
1415 645 1433 667 is
1450 646 1489 673 qui
1503 646 1565 673 prius
1583 647 1669 668 alienus
1681 650 1715 669 est
1726 647 1755 669 ab
1767 654 1807 676 eo,
1825 655 1836 670 a
1855 655 1901 677 quo

1054 680 1157 708 adoptari
1175 681 1290 704 desiderat
1303 690 1323 704 n.
1333 694 1364 698 —
1375 683 1455 705 Notatu
1474 684 1543 712 digna
1560 688 1593 707 est
1605 686 1670 708 solut.
1684 686 1713 708 ad
1731 687 1743 708 3
1754 704 1759 714 ,
1778 693 1823 715 qua
1841 692 1901 710 recte

1053 719 1194 747 explicantur
1211 720 1270 743 dicta
1288 721 1390 749 plurium
1407 723 1441 744 ὃς.
1460 723 1563 751 Pati-um,
1586 724 1672 752 quibus
1688 725 1753 747 abusi
1771 730 1824 749 sunt
1841 726 1902 749 Ado-

1053 759 1137 786 ptiani;
1155 765 1197 781 nec
1215 765 1259 782 non
1281 760 1383 782 doctrina
1402 761 1430 783 de
1452 762 1658 790 praedestinatione
1675 763 1756 786 Christi
1774 766 1856 793 (supra
1875 766 1898 788 d.

1053 797 1074 819 7.
1093 804 1112 820 a.
1131 799 1159 825 2,
1176 799 1232 821 infra
1251 799 1273 821 d.
1295 800 1328 822 ll.
1352 806 1372 822 a.
1394 801 1435 828 1.),
1455 803 1478 823 ut
1495 802 1635 829 explicentur
1653 803 1694 825 loci
1712 804 1733 825 S.
1751 804 1881 831 Scripturae
1895 823 1900 833 ‚

1053 836 1138 865 quibus
1156 837 1225 860 iidem
1244 838 1373 861 utebantur.

1115 875 1175 898 Scot.
1193 876 1242 903 (hic
1259 877 1281 898 in
1300 880 1397 905 utroque
1415 878 1504 906 Scripto
1522 885 1544 907 q.
1563 880 1642 908 unica)
1660 881 1781 909 impugnat
1799 883 1900 909 primum

1052 914 1204 936 conclusmnis
1224 915 1400 937 tundamentum
1421 922 1491 944 supra
1516 920 1618 939 notatum
1639 921 1708 947 atque
1731 923 1814 949 negat,
1838 922 1901 949 quod

1052 951 1128 974 filiatio
1144 953 1173 975 sit
1189 954 1292 981 praecise
1314 953 1430 983 suppositi
1450 957 1471 976 et
1488 961 1532 977 non
1550 959 1656 984 naturae;
1674 957 1735 979 unde
1751 959 1809 981 circa
1827 960 1901 987 ipsam

1051 991 1221 1014 conclusionem
1239 992 1340 1021 loquitur
1357 993 1521 1021 problematice
1538 997 1560 1017 et
1582 995 1674 1018 vidctur
1691 996 1728 1024 (in
1747 997 1840 1025 chort.
1858 998 1900 1021 loc.

1051 1030 1096 1058 cit.)
1120 1033 1215 1058 putare⁷
1239 1032 1302 1060 quod
1320 1032 1420 1054 locutio:
1443 1032 1559 1062 Christus,
1578 1034 1706 1057 secundum
1730 1037 1793 1064 quod
1817 1038 1900 1060 homo,

1051 1071 1085 1091 est
1106 1069 1165 1091 fliius
1182 1069 1320 1098 adoptivus,
1346 1070 1441 1094 vitanda
1462 1072 1490 1093 sit
1515 1072 1551 1094 vel
1571 1075 1657 1095 tantum
1676 1073 1706 1096 ob
1731 1075 1816 1096 malum
1841 1076 1902 1098 intel·

1051 1108 1134 1130 lectum
1152 1109 1334 1138 haereticorum,
1353 1110 1388 1132 vel
1412 1111 1465 1139 quia
1491 1110 1594 1134 Christus
1617 1113 1661 1134 iam
1683 1112 1762 1135 habuit
1783 1114 1818 1136 ius
1839 1115 1901 1137 here-

1050 1147 1133 1170 ditatis.
1151 1147 1196 1170 Nec
1213 1148 1340 1171 Richardus
1356 1156 1367 1171 a
1384 1149 1440 1172 Med.
1453 1151 1544 1178 penitus
1556 1151 1664 1179 reprobat
1682 1152 1822 1180 praedictam
1840 1154 1900 1176 loeu-

1052 1187 1143 1208 tionem.
1158 1187 1258 1209 Durand.
1271 1192 1347 1210 autern
1362 1188 1398 1216 (ll.
1412 1189 1472 1211 Sent.
1483 1189 1505 1211 d.
1518 1188 1539 1211 4.
1552 1196 1574 1218 q.
1591 1190 1619 1218 l.)
1631 1196 1682 1212 eam
1699 1192 1830 1218 expressius
1842 1193 1899 1215 affir-

1051 1229 1098 1248 mat
1119 1232 1169 1248 esse
1193 1226 1213 1248 in
1237 1232 1261 1248 se
1282 1233 1374 1254 veram;
1398 1233 1467 1256 quem
1487 1228 1587 1250 nonnulli
1606 1229 1734 1251 Nominales
1751 1232 1821 1252 secuti
1840 1234 1899 1253 sunt.

1052 1264 1084 1286 De
1102 1264 1242 1293 quibusdam
1260 1265 1309 1287 aliis
1326 1267 1478 1293 posteriorum
1497 1267 1657 1295 theologorum
1675 1269 1822 1296 opinionibus
1839 1271 1898 1292 circa

1052 1303 1110 1325 hanc
1127 1304 1283 1332 quaestionem
1302 1305 1449 1327 consulantur
1466 1305 1516 1327 libri
1534 1307 1678 1329 recentiores.

1115 1343 1148 1364 lll.
1165 1343 1226 1365 Alex.
1244 1343 1299 1370 nat,
1318 1344 1340 1365 S.
1358 1350 1380 1371 p.
1398 1344 1428 1365 lll.
1447 1350 1468 1372 q.
1489 1345 1524 1366 lO.
1543 1350 1573 1367 m.
1592 1344 1612 1367 4.
1629 1357 1662 1361 —
1678 1346 1700 1368 S.
1719 1346 1809 1375 ‘l‘hom.‚
1828 1348 1864 1369 hic
1876 1354 1897 1376 q.

1052 1382 1073 1404 2.
1090 1388 1110 1403 a.
1129 1382 1149 1403 2.
1167 1383 1308 1410 quaestione.
1327 1383 1351 1410 33
1370 1383 1392 1404 S.
1410 1383 1441 1405 lll.
1458 1390 1481 1412 q.
1494 1384 1530 1406 23.
1548 1390 1568 1406 a.
1587 1384 1607 1406 4.
1626 1396 1656 1401 —
1675 1385 1696 1407 B.
1715 1386 1808 1413 Albert„
1826 1387 1861 1408 hic
1878 1393 1898 1409 a.

1052 1421 1073 1442 9.
1093 1420 1128 1442 13.
1141 1431 1172 1436 -
1189 1420 1246 1442 Petr.
1264 1427 1276 1442 a
1295 1421 1355 1448 Tar.⁷
1374 1422 1409 1443 hic
1427 1428 1449 1450 q.
1468 1423 1488 1444 2.
1507 1428 1526 1444 a.
1545 1423 1565 1444 2.
1580 1434 1608 1438 -—
1621 1423 1728 1446 Richard.
1750 1430 1762 1446 a
1779 1424 1845 1452 Med„
1863 1425 1899 1448 hic

1052 1465 1071 1480 a.
1090 1459 1111 1481 2.
1129 1465 1150 1487 q.
1172 1459 1190 1480 l.
1202 1471 1233 1475 -
1245 1459 1336 1487 Dionys.
1353 1459 1436 1487 Carth..
1455 1460 1483 1482 de
1501 1461 1543 1483 hac
1559 1464 1581 1483 et
1597 1467 1660 1490 seqq.
1679 1468 1716 1490 qq.
1735 1463 1771 1485 hic
1788 1469 1810 1491 q.
1831 1463 1851 1485 3.
1867 1475 1899 1479 —

1052 1498 1113 1526 Eiel,
1131 1497 1159 1520 de
1177 1498 1219 1520 hac
1236 1501 1258 1520 et
1274 1505 1338 1527 seqq.
1356 1505 1394 1528 qq.
1413 1499 1449 1521 hic
1465 1506 1488 1528 q.
1506 1500 1579 1522 unica.

916 1634 1079 1671 QUAESTIO
1100 1635 1129 1663 11.

547 1720 651 1748 Utrum
671 1719 776 1757 filiatio
798 1720 964 1757 adoptionis
986 1721 1138 1749 conveniat
1158 1721 1241 1750 nobis
1260 1730 1312 1758 per
1336 1721 1496 1751 Christum.

1050 1827 1150 1848 sumus
1172 1827 1222 1856 per
1243 1819 1399 1854 Christum,
1421 1821 1493 1849 sicut
1513 1821 1616 1850 dicitur
1632 1822 1770 1851 secundae
1792 1823 1827 1852 ad
1850 1823 1895 1851 Co-

1050 1866 1169 1894 rinthios
1190 1866 1320 1903 quinto⁴:
1344 1866 1421 1895 Deus
1450 1876 1501 1895 nos
1531 1867 1590 1896 sibi
1619 1869 1820 1897 reconciliavit
1841 1878 1895 1906 per

1052 1911 1216 1941 Christum:
1238 1921 1305 1950 ergo
1330 1913 1454 1948 videtur,
1479 1914 1555 1951 quod
1576 1914 1698 1951 adoptati
1725 1923 1824 1944 sumus
1845 1924 1896 1953 per

1049 1959 1151 1996 ipsum.

1128 2006 1181 2034 Seu
1201 2014 1323 2035 CONTRA:
1349 2008 1372 2035 1.
1394 2007 1432 2035 Ad
1455 2007 1591 2036 Romanos
1612 2008 1742 2036 octavo-²⁵:
1766 2008 1830 2037 Non
1851 2017 1896 2037 ae·
1909 2022 1938 2040 ‚id
1951 2022 2025 2046 oppos.

1050 2053 1165 2090 cepistis
1185 2053 1327 2090 spiritum
1348 2054 1499 2083 servitutis
1521 2054 1628 2083 iterum
1650 2055 1680 2083 in
1703 2055 1823 2090 timore,
1845 2057 1896 2085 sed
1943 2047 1989 2064 ‘'¹¹¹''

1049 2099 1190 2136 spiritum
1222 2100 1388 2137 adoptionis
1412 2100 1561 2137 filiorum.-
1584 2109 1650 2138 ergo
1673 2101 1797 2137 videtur,
1819 2103 1891 2140 quod

1050 2150 1161 2174 nostrae
1183 2146 1322 2175 filiationis
1343 2147 1455 2184 adoptio
1469 2148 1582 2185 proprie
1596 2148 1775 2177 attribuenda
1790 2149 1825 2177 sit
1839 2149 1895 2187 Spi-

1050 2192 1114 2221 ritui
1137 2196 1245 2227 sancto,
1267 2201 1320 2222 non
1342 2193 1460 2222 Christo.

1128 2241 1154 2268 ⁹2.
1177 2240 1257 2275 item,
1279 2240 1388 2269 Ioannis
1410 2241 1520 2269 tertio⁵z
1537 2241 1605 2269 Nisi
1618 2241 1684 2279 quis
1698 2245 1820 2270 renatus
1833 2241 1894 2279 fue-

1048 2286 1090 2314 rit
1110 2295 1145 2315 ex
1166 2295 1247 2324 aqua
1268 2290 1294 2315 et
1314 2287 1429 2324 Spiritu
1443 2291 1545 2316 sancto
1567 2291 1632 2321 etc.;
1654 2291 1681 2316 et
1702 2288 1818 2317 iterum:
1842 2289 1891 2318 Sic

1048 2337 1089 2361 est
1110 2333 1224 2367 omnis,
1246 2334 1298 2371 qui
1317 2337 1407 2362 natus
1421 2337 1462 2362 est
1476 2343 1511 2362 ex
1531 2334 1641 2371 spiritu
1649 2345 1659 2367 ,·
1680 2334 1728 2363 sed
1751 2335 1794 2363 cui
1817 2335 1893 2363 attri-

1049 2380 1146 2408 buitur
1167 2380 1311 2414 nativitas,
1342 2381 1432 2409 eidem
1464 2380 1643 2409 attribuenda
1672 2384 1713 2409 est
1734 2381 1844 2409 filiatio:
1867 2383 1888 2410 si

1048 2434 1115 2463 ergo
1137 2434 1187 2463 per
1208 2426 1340 2463 Spiritum
1363 2430 1488 2455 sanctuni
1506 2427 1680 2455 renascimur
1701 2427 1891 2464 spiritualiter,

1048 2473 1172 2507 videtur,
1194 2473 1268 2510 quod
1292 2481 1340 2509 per
1355 2473 1445 2510 ipsum
1462 2473 1587 2510 proprie,
1610 2482 1661 2501 non
1677 2482 1728 2511 per
1749 2474 1889 2503 Christum

1048 2520 1215 2556 adoptemur
1237 2520 1264 2548 in
1286 2520 1365 2548 filios.
1388 2520 1491 2556 Quodsi
1519 2524 1549 2548 tu
1576 2520 1675 2554 dicas,
1708 2521 1758 2550 hoc
1785 2529 1892 2559 compe-

1049 2569 1107 2595 tere
1128 2566 1258 2603 utrique3
1279 2566 1421 2604 arquitur
1436 2567 1542 2601 saltem,
1558 2567 1631 2604 quod
1649 2575 1698 2604 per
1712 2568 1891 2604 appropria—

1048 2612 1153 2640 tionem
1174 2621 1228 2640 non
1259 2616 1397 2649 competat
1428 2613 1549 2647 Christo,
1571 2614 1620 2642 sed
1646 2613 1759 2650 Spiritui
1782 2618 1891 2647 sancto;

1048 2659 1206 2695 praedictae
1227 2662 1320 2687 autem
1343 2658 1463 2688 rationes
1489 2659 1656 2688 videbantur
1677 2661 1824 2690 ostendere
1845 2670 1892 2699 op—

1047 2704 1177 2742 positum.

1112 2836 1120 2851 ⁴
1139 2837 1203 2859 Vei-s.
1223 2837 1257 2859 18.
1274 2849 1306 2853 -
1322 2837 1344 2858 ln
1362 2836 1450 2860 matom·
1465 2843 1507 2865 pro
1532 2843 1616 2861 sumus
1642 2838 1689 2862 Deo
1715 2839 1781 2862 codd.
1807 2840 1841 2862 ΗΙ
1860 2840 1888 2869 (li

1048 2876 1164 2904 primitus)
1181 2875 1198 2897 L
1208 2875 1224 2897 U
1234 2875 1285 2897 Zau
1302 2881 1387 2898 sumus
1403 2875 1463 2899 Filio
1481 2876 1529 2899 Dei.

1110 2913 1119 2927 ⁵
1137 2913 1201 2936 Vei-s.
1223 2913 1255 2936 15.

1109 2952 1119 2967 ⁶
1138 2953 1201 2975 Vers.
1219 2953 1240 2975 5.
1257 2965 1288 2970 —-
1305 2954 1356 2982 Seq.
1374 2954 1415 2976 loc.
1433 2954 1514 2982 Script.
1531 2958 1566 2978 est
1582 2955 1637 2978 ibid.
1654 2961 1676 2978 v.
1696 2956 1716 2978 8.
