2166 3366
128 787 216 805 Defectus
225 786 242 804 2.

129 1541 218 1559 Defectus
229 1540 246 1558 3.

131 2244 221 2261 Defectus
231 2243 248 2261 4.

255 187 312 216 [184

256 265 295 294 616
316 263 556 297 contradictionis,
579 271 641 291 eum
666 262 747 294 dicit,
770 261 853 289 fidem
874 268 934 289 esse
950 269 1105 297 argumen-

258 316 319 339 tain
350 319 409 339 non
439 309 657 346 apparentiam.
690 309 766 344 Quae
794 308 868 336 enim
891 307 994 335 liabent
1016 315 1105 343 arpii-

255 361 401 391 mentum,
423 357 475 385 1106
496 356 556 393 ipso
578 355 653 392 qnod
675 355 779 383 habent
810 357 1024 391 argumentum,
1056 362 1105 390 ap-

255 408 363 441 parent
383 411 443 432 esse
464 410 550 437 vera3
572 410 643 440 quae
659 402 740 430 etiam
759 401 862 430 babent
876 404 1103 438 argumentum,

256 452 307 480 hoc
329 451 389 487 ipso
410 450 485 487 quod
508 450 611 478 liabent
642 452 857 486 argumentum,
889 448 1104 476 convincuntur

255 506 316 527 esse
337 506 422 527 vera:
447 497 531 534 igitur
546 497 617 525 ratio
633 496 805 533 arqnnzenti
826 498 964 532 repugnat
985 498 1041 523 tam
1065 494 1103 523 rei

255 554 313 573 non
339 544 498 582 apparenti
525 552 608 581 quam
640 544 690 580 ipsi
720 542 836 571 stabiliti
865 542 953 579 fidei:
976 549 1042 578 ergo
1064 545 1105 570 est

256 592 294 621 ibi
316 592 467 629 implicatio
488 591 680 628 oppositorum
697 591 723 618 in
739 590 881 627 praedicta
903 588 1103 625 descriptione:

257 639 369 668 videtur
390 638 491 675 igitur,
510 638 585 675 quod
601 637 743 674 praedicta
758 637 882 665 definitio
897 635 1029 672 redargui
1046 643 1106 672 pos-

257 686 292 714 sit
313 685 347 714 de
369 685 479 714 defectu
503 684 643 712 veritatis.

336 733 362 761 3.
383 733 466 766 Item,
487 732 613 763 videtur,
628 731 703 768 quod
720 730 804 767 possit
827 729 994 766 reprehendi
1011 729 1046 757 ob
1061 728 1107 757 de-

256 780 360 809 fectum
382 777 634 807 convertibilitatis
646 777 662 804 ¹.
678 777 745 805 Nam
762 777 831 805 haec
846 776 996 811 descriptio
1016 777 1106 811 potest

258 826 406 856 convenire
428 825 480 862 ipsi
502 824 570 862 spei.
587 825 654 861 Spes
669 824 743 852 enim
759 826 800 852 est
814 822 982 851 substantia
1004 830 1105 850 rernm

257 873 495 911 sperandarum,
517 876 544 901 et
565 872 649 900 etiam
665 873 875 908 argumentum
889 877 948 897 non
963 876 1107 905 apparen-

257 921 347 954 tiam,
370 921 436 958 quia
457 928 507 957 per
529 927 605 956 spem
629 918 833 951 certificamur,
853 925 903 946 nos
918 924 979 945 esse
999 916 1107 944 babitu-

257 976 304 997 ros
326 976 385 1002 res,
408 976 478 1004 quas
499 975 553 995 000
586 966 734 995 videmus:
761 973 827 1002 ergo
849 965 976 998 videtur,
1005 963 1106 1000 quodsi

256 1019 314 1044 tota
335 1016 387 1044 ista
409 1014 559 1051 descriptio
581 1014 709 1042 convenit
722 1013 800 1049 spei,
820 1012 895 1049 quod
918 1020 972 1040 non
995 1019 1108 1040 conver-

256 1066 332 1091 tatur
354 1070 418 1091 cum
441 1062 497 1099 ipsa
521 1061 585 1098 sicle.

335 1111 362 1139 [1.
386 1110 468 1143 ltem,
490 1109 622 1141 credere,
645 1115 762 1144 poenam
789 1111 932 1135 aeternam
953 1114 1014 1135 esse
1036 1105 1108 1133 futu-

259 1166 331 1192 ram,
354 1158 406 1186 1106
427 1157 548 1194 pertinet
569 1156 604 1184 ad
628 1156 717 1192 ipsam
740 1154 840 1188 fidem,
866 1161 933 1190 ergo
955 1152 1108 1182 credulitas

258 1212 364 1241 poenae
386 1207 515 1232 aeternae
537 1202 606 1231 fides
628 1205 688 1233 est:
711 1201 759 1230 sed
776 1200 929 1229 credulitas
944 1207 1049 1236 poenae
1064 1206 1107 1227 66-

257 1255 352 1280 ternae
368 1259 421 1279 non
437 1254 479 1278 est
499 1249 666 1277 substantia
682 1256 783 1276 reruni
798 1246 1035 1284 sperandarum,
1058 1246 1106 1274 sed

257 1298 350 1335 potius
371 1296 578 1325 timendarnm:
595 1303 662 1332 ergo
687 1295 815 1328 videtur,
837 1294 911 1330 quod
935 1293 987 1322 ista
1009 1292 1109 1321 descri-

256 1345 314 1382 ptio
329 1343 496 1381 generaliter
518 1351 572 1371 non
595 1342 741 1371 conveniat
769 1341 820 1377 ipsi
843 1340 933 1380 fidei:
964 1347 1030 1376 ergo
1059 1347 1108 1367 nec

258 1392 332 1420 omni
349 1399 399 1420 nec
414 1390 464 1419 soli
478 1401 483 1418 :
500 1390 612 1418 videtur
628 1397 694 1425 ergo
710 1396 790 1425 posse
807 1387 975 1424 reprehendi
995 1389 1109 1423 propter

258 1439 397 1468 defectum
421 1436 681 1466 convertibilitatis.

339 1487 364 1514 5.
386 1485 469 1519 Item,
492 1484 605 1512 videtur
627 1491 708 1521 posse
730 1482 898 1519 reprehendi
919 1481 954 1510 ob
969 1481 1109 1510 defectum

260 1533 436 1566 evidentiae,
459 1532 525 1569 quia
547 1540 601 1559 non
618 1531 701 1559 debet
716 1530 795 1567 prius
817 1529 927 1558 definiri
950 1536 1000 1565 per
1023 1532 1110 1565 poste-

258 1581 334 1615 rius,
356 1587 406 1608 nec
428 1580 553 1616 ignotum
576 1586 626 1615 per
649 1577 807 1614 ignotius&
827 1576 875 1605 sed
891 1576 961 1604 fides
975 1575 1055 1612 prior
1070 1578 1111 1603 est

259 1636 343 1665 quam
367 1635 445 1664 spes,
469 1626 538 1655 fides
570 1626 670 1660 etiam,
692 1632 764 1662 quae
785 1627 827 1653 est
849 1624 876 1652 111
898 1623 998 1657 corde,
1020 1623 1111 1650 notior

259 1678 314 1709 est,
329 1682 415 1711 quam
430 1682 462 1702 ea
484 1681 556 1710 quae
577 1681 630 1701 000
654 1674 808 1709 apparent:
830 1679 897 1708 ergo
922 1670 995 1698 male
1017 1669 1111 1698 defini-

259 1726 306 1750 tur
328 1721 398 1750 fides
419 1728 469 1757 per
500 1728 547 1748 res
578 1718 761 1756 sperandas,
793 1721 820 1746 et
842 1725 893 1754 per
914 1725 962 1745 res
982 1725 1041 1745 non
1062 1725 1111 1753 ap-

256 1772 401 1806 parentes.

341 1817 366 1844 6.
382 1815 465 1849 ltem,
480 1814 515 1843 ad
531 1813 705 1842 evidentiam
722 1812 890 1841 definitionis
905 1814 1019 1848 spectat,
1035 1810 1110 1848 qnod

260 1863 355 1900 priora
376 1862 593 1899 praemittantur
615 1859 835 1897 posterioribus:
859 1859 879 1887 si
903 1866 969 1895 ergo
991 1857 1110 1895 cognitio

261 1909 403 1946 praecedit
424 1908 614 1941 affectionem,
636 1910 663 1935 et
684 1906 770 1940 fides,
802 1906 829 1934 10
858 1909 994 1942 quantum
1022 1913 1111 1941 arqu-

261 1959 401 1989 inentnin,
418 1954 530 1991 respicit
545 1954 744 1990 cognitionem,
766 1953 793 1980 in
813 1956 948 1989 quantum
966 1960 1032 1980 vero
1047 1951 1111 1980 snb-

261 2002 373 2031 stantia
405 2009 500 2030 rerum
533 2000 757 2037 sperandarum,
780 1999 892 2036 respicit
914 1999 1110 2027 affectionem:

262 2050 390 2083 videtur,
412 2049 485 2086 quod
510 2047 652 2084 praedicta
673 2046 797 2075 definitio
818 2046 957 2083 assignata
979 2044 1014 2074 sit
1039 2046 1111 2074 sicut

262 2104 312 2134 per
334 2095 474 2133 posterius
495 2098 522 2123 et
547 2094 678 2123 confuse:
701 2097 728 2122 et
750 2094 786 2122 ita
807 2093 941 2130 redargui
964 2100 1045 2130 posse
1074 2093 1111 2121 vi-

262 2144 346 2172 detur
368 2146 482 2180 propter
504 2142 643 2170 desectum
666 2141 832 2169 evidentiae.

342 2191 367 2218 7.
389 2190 470 2223 Item,
502 2188 732 2225 reprehensibilis
763 2188 875 2216 videtur
903 2190 1017 2224 propter
1040 2187 1112 2216 defe-

263 2242 338 2267 ctum
360 2236 568 2275 sufficientiae,
591 2235 656 2273 quia
678 2235 747 2264 fides
769 2243 822 2263 000
850 2234 1044 2263 tantummodo
1070 2238 1111 2263 est

262 2285 296 2314 de
318 2284 436 2318 futuris,
458 2291 557 2312 verum
580 2283 663 2311 etiam
686 2282 720 2311 de
742 2282 937 2319 praesentibus
958 2285 985 2310 et
1007 2285 1112 2318 praete-

261 2332 338 2366 ritis,
361 2334 391 2359 ut
414 2330 480 2359 dicit
500 2329 706 2367 Augustinus³2
730 2330 751 2358 si
774 2337 840 2365 ergo
855 2328 994 2365 speranda
1010 2328 1111 2357 solum-

936 183 1187 211 SENTENTIARUM
1210 182 1268 210 LlB.
1292 182 1331 210 lll.

1162 260 1244 288 modo
1266 263 1331 288 sunt
1352 260 1460 294 futura,
1482 260 1611 294 videtur,
1633 260 1708 296 quod
1731 259 1929 288 insufficienter
1944 259 2009 288 defi-

1162 308 1272 341 niatur,
1294 315 1357 336 cum
1381 307 1514 335 definitur
1530 307 1706 335 solummodo
1722 314 1770 343 per
1787 314 1831 335 res
1847 307 2008 343 sperandas.

1240 354 1266 382 8.
1289 354 1370 387 11601,
1400 353 1469 382 fides
1494 362 1547 382 non
1570 354 1764 382 tantummodo
1786 357 1827 382 est
1848 353 2011 382 fundamen-

1161 403 1221 429 tum
1244 401 1318 437 spei,
1350 401 1435 429 immo
1466 401 1548 429 etiam
1581 401 1705 429 caritatis
1727 404 1754 429 et
1776 401 1859 429 totius
1891 400 2009 429 aedificii

1162 447 1316 484 spiritualis
1329 458 1333 475 :
1357 455 1423 484 ergo
1446 448 1483 476 ita
1498 451 1539 476 est
1553 447 1721 475 substantia
1736 447 1779 475 vel
1794 447 2009 476 fundamentum

1163 494 1285 522 caritatis
1306 497 1333 522 et
1354 501 1450 522 rerum
1482 493 1706 530 diligendarum,
1731 494 1803 522 sicut
1825 494 1883 530 spei
1904 497 1931 522 et
1952 501 2012 531 spe-

1163 541 1335 569 randarum:
1359 541 1470 569 videtur
1492 548 1558 578 ergo
1580 540 1780 569 insufficienter
1803 541 1924 575 dixisse,
1946 549 2011 570 cum

1163 588 1251 619 dixit,
1273 596 1334 616 eam
1357 595 1417 616 esse
1440 588 1653 617 fundamentum
1669 596 1766 617 rerum
1781 588 2010 625 sperandarum.

1163 636 1231 664 Cum
1255 635 1328 663 6111111
1351 635 1470 663 nobilior
1491 636 1526 664 sit
1547 636 1647 664 caritas
1678 643 1762 672 quam
1795 635 1895 672 spes⁴,
1924 635 2012 672 magis

1164 682 1279 711 deberet
1300 682 1410 710 definiri
1433 681 1502 710 fides
1524 690 1573 719 per
1596 690 1641 711 res
1662 682 1826 719 (liliqcntlas
1855 690 1938 719 quam
1962 690 2012 719 per

1164 736 1209 757 res
1230 728 1403 765 sperandas.
1420 744 1459 748 —
1474 729 1504 756 Et
1526 729 1563 757 ita
1586 731 1700 766 propter
1722 732 1843 765 quatuor
1865 728 1953 757 dictos
1968 729 2013 757 de-

1163 776 1252 805 fectus
1274 776 1416 812 praedicta
1438 776 1588 813 descriptio
1609 776 1721 805 videtur
1742 784 1803 805 esse
1821 776 1933 813 penitus
1947 776 2013 804 abii-

1164 824 1262 853 cienda
1284 827 1311 852 et
1332 823 1515 860 repudianda.

1479 925 1691 946 CONCLUSIO.

1198 1013 1283 1041 Fidei
1297 1012 1425 1050 definitio
1440 1012 1512 1041 (lata
1527 1011 1564 1041 ab
1579 1011 1715 1049 Apostolo
1730 1015 1771 1040 est
1785 1011 1984 1039 convenienter

1342 1063 1368 1088 et
1381 1059 1542 1088 secundani
1557 1062 1651 1087 arteni
1666 1059 1830 1096 assignata.

1245 1154 1424 1182 RespoNDEo:
1448 1153 1485 1181 Ad
1509 1152 1718 1189 praedictorum
1741 1152 1950 1189 intelligentiam
1973 1154 2014 1180 661

1166 1201 1335 1234 notandum,
1368 1200 1444 1237 quod
1476 1203 1542 1228 tunc
1571 1199 1695 1228 definitio
1717 1199 1776 1227 sive
1797 1199 1947 1227 notificatio
1974 1201 2016 1227 est

1166 1251 1240 1276 recte
1261 1248 1416 1284 assignata,
1448 1247 1561 1284 quando
1582 1246 1652 1275 011111
1674 1247 1795 1275 60011061
1815 1245 2015 1283 superfluant,

1167 1295 1236 1323 1111111
1258 1294 1339 1322 etiam
1375 1294 1582 1322 diminutam?
1617 1294 1647 1322 Et
1669 1294 1720 1322 1106
1742 1296 1795 1327 661,
1825 1293 1937 1330 quando
1966 1300 2015 1329 per
2029 1301 2105 1327 mare
2119 1300 2145 1319 ui·
2164 1307 2166 1312 -

1166 1342 1255 1379 ipsam
1280 1341 1495 1369 notificationem
1518 1340 1605 1377 ipsius
1621 1340 1727 1369 definiti
1742 1340 1866 1369 essentia
1878 1340 1960 1377 plene
1975 1340 2016 1368 in-
2029 1324 2144 1366 iffiiss‘xizerss‘
2165 1331 2166 1334 ¹

1167 1389 1287 1417 dicatur
1309 1392 1335 1417 et
1356 1392 1455 1425 aperte
1476 1387 1687 1425 manifestatur
1702 1391 1729 1416 et
1747 1388 1782 1416 ab
1803 1387 1934 1416 omnibus
1955 1387 2016 1416 aliis

1167 1438 1328 1472 separatur
1340 1445 1350 1468 ,·
1371 1435 1424 1463 hoc
1445 1437 1539 1463 autem
1562 1437 1603 1463 est
1624 1434 1749 1471 reperire
1771 1434 1799 1461 in
1820 1433 1978 1471 proposito,
1993 1433 2015 1462 si

1167 1483 1230 1520 quis
1251 1482 1383 1510 attendat.

1246 1529 1313 1557 Nam
1337 1529 1398 1566 ipsa
1418 1528 1488 1557 fides
1514 1528 1671 1557 secundum
1694 1528 1848 1556 essentiam
1870 1536 1949 1556 suam
1971 1527 2018 1555 ali·
2026 1535 2121 1562 ludicatur
2129 1540 2164 1566 es-1

1168 1576 1236 1613 quid
1259 1576 1373 1613 respicit
1394 1583 1430 1604 ex
1452 1578 1532 1612 parte
1551 1575 1709 1603 intellectus
1724 1578 1750 1603 et
1765 1575 1871 1612 aliquid
1887 1582 1922 1603 ex
1938 1578 2018 1612 parte
2042 1561 2110 1578 semm'

1167 1622 1316 1661 affectas&
1344 1622 1428 1651 Habet
1460 1622 1534 1651 enim
1556 1621 1692 1659 affectioni
1713 1621 1845 1650 stabilire
1866 1625 1892 1650 et
1914 1621 2015 1650 intelle-

1168 1675 1247 1700 ctttnt
1269 1670 1447 1699 illuminare.
1471 1670 1501 1698 Et
1522 1670 1549 1697 in
1571 1673 1708 1705 quantum
1730 1668 1864 1707 affectant
1887 1668 2016 1703 stabilit,

1168 1718 1271 1746 dicitur
1292 1717 1460 1745 substantia
1488 1716 1547 1745 sive
1568 1716 1802 1749 fundamentum3
1824 1716 1850 1744 in
1879 1719 2015 1753 quantum

1168 1768 1261 1793 autem
1285 1763 1458 1792 intellectum
1484 1763 1649 1796 illuminat,
1672 1763 1775 1792 dicitur
1796 1766 2014 1800 argynnientunz.

1168 1812 1200 1840 Ut
1221 1819 1288 1848 ergo
1308 1811 1390 1847 plene
1422 1810 1486 1838 fidei
1516 1810 1640 1837 essentia
1662 1809 1869 1846 explicaretur,
1891 1809 2016 1846 oportuit

1168 1866 1228 1886 eam
1250 1857 1360 1886 definiri
1382 1857 1439 1885 sive
1461 1856 1614 1891 notificari,
1637 1859 1668 1885 ut
1693 1856 1835 1885 diceretur
1868 1864 1928 1885 esse
1948 1856 2016 1885 silb-

1167 1904 1279 1933 stantia
1300 1904 1383 1932 simul
1406 1907 1433 1932 et
1454 1907 1684 1941 aryznnentanm
1699 1903 1782 1932 debet
1797 1903 1870 1931 enim
1892 1903 2016 1931 definitio

1168 1955 1253 1980 totam
1276 1951 1424 1979 essentiam
1447 1951 1553 1979 definiti
1576 1951 1602 1978 in
1626 1958 1654 1979 se
1677 1950 1816 1979 claudere.

1247 1998 1334 2027 Debet
1355 1998 1438 2027 etiam
1470 1998 1654 2026 nibilominus
1675 2002 1774 2034 aperte
1794 1997 1969 2034 notificare;
1990 2001 2017 2027 et
2034 2003 2145 2022 Nostficatur

1168 2045 1299 2082 quoniam
1323 2045 1436 2074 habitus
1458 2045 1570 2073 virtutis
1591 2044 1741 2081 dupliciter
1763 2044 1898 2072 notificari
1923 2044 2017 2078 habet,
2031 2027 2104 2046 ‘mem'

1169 2092 1298 2121 videlicet
1313 2100 1362 2129 per
1377 2092 1464 2129 sinent
1481 2092 1617 2121 altimum
1632 2095 1658 2120 et
1674 2099 1723 2128 per
1737 2100 1826 2120 sanni
1846 2091 2018 2124 obiectnni⁷;

1167 2140 1236 2177 linis
1258 2144 1352 2169 autem
1375 2140 1463 2177 ipsius
1485 2139 1549 2168 fidei
1571 2140 1696 2167 consistit
1715 2139 1741 2167 10
1757 2143 1878 2167 aeterna
1901 2138 2019 2167 beatita-

1169 2187 1251 2220 cline,
1274 2195 1358 2224 quain
1388 2194 1551 2223 speramus,
1574 2190 1601 2215 et
1624 2186 1662 2214 ita
1684 2186 1710 2214 in
1732 2185 1820 2214 rebus
1840 2185 2018 2222 sperandis;

1169 2234 1309 2263 obiectant
1337 2237 1430 2262 autem
1464 2233 1589 2262 consistit
1610 2233 1637 2261 in
1659 2233 1781 2261 veritate
1808 2241 1867 2261 non
1887 2232 1969 2266 visa,
1991 2234 2019 2260 61

1169 2282 1206 2310 ita
1228 2282 1254 2309 in
1277 2281 1363 2309 rebus
1393 2289 1452 2309 non
1483 2280 1715 2317 apparentibus:
1744 2280 1805 2309 ideo
1827 2283 2018 2317 opportunum

1168 2328 1235 2363 suit,
1251 2328 1336 2356 fidem
1352 2327 1460 2356 definiri
1485 2335 1534 2364 per
1554 2336 1602 2355 res
1616 2327 1782 2364 sperandas
1804 2330 1831 2355 et
1852 2335 1911 2354 non
1929 2334 2019 2363 appa-

326 2489 333 2503 1
352 2490 438 2517 Boetli.⁷
456 2490 470 2510 l.
488 2489 575 2516 Dialog.
594 2489 615 2510 in
634 2489 744 2515 Porpbyr.
763 2493 782 2509 c.
800 2486 827 2510 de
846 2487 934 2511 Genera
951 2488 1011 2510 circa
1030 2487 1110 2509 finem:

264 2529 427 2557 Quascumque
454 2527 597 2549 definitiones
622 2530 757 2549 convertere
781 2530 855 2554 potes,
880 2526 930 2548 illae
953 2528 1111 2558 vcraeptque

261 2574 330 2595 pares
348 2570 412 2595 sunt3
432 2572 590 2595 quascumque
609 2568 742 2588 convertere
756 2572 799 2587 non
817 2568 893 2593 potes,
907 2569 946 2587 aut
963 2566 1061 2587 maiores
1074 2568 1113 2587 aut

264 2608 364 2628 minores
382 2609 445 2633 sunt,
464 2612 531 2634 pares
548 2606 644 2627 inveniri
668 2611 712 2627 non
735 2607 838 2632 possunt.
857 2617 885 2619 —
908 2604 939 2626 De
961 2603 1051 2627 minori
1071 2604 1111 2626 cfr.

264 2647 300 2668 1116
314 2646 344 2668 lit.
363 2646 474 2673 Magistri⁷
493 2651 512 2667 c.
531 2645 551 2667 8.
571 2657 600 2660 ᾔ
618 2644 690 2667 Codd.
709 2645 725 2666 A
737 2645 781 2666 KZ
799 2643 872 2666 verbo
891 2643 1031 2672 reprebendi
1048 2650 1111 2671 prae-

263 2686 355 2707 mittunt
371 2684 448 2707 eliam.

328 2723 338 2738 2
354 2724 451 2751 Ariston,
472 2724 505 2745 Vl.
529 2723 609 2751 Topic.
634 2729 652 2744 c.
675 2723 695 2744 3.
719 2723 746 2750 (c.
771 2722 801 2750 4.)
824 2722 932 2750 ostendit,
957 2721 1111 2744 definitionem

264 2762 391 2785 faciendam
409 2769 460 2785 esso
478 2769 519 2790 per
535 2761 643 2790 winiterii,
664 2765 686 2784 et
698 2762 817 2789 adiungit,
835 2761 897 2790 quod
911 2767 971 2783 nnus
983 2761 1048 2783 locus
1061 2767 1109 2788 pro·

264 2801 344 2827 bandi„
364 2801 519 2823 definitionem
532 2808 576 2823 non
590 2802 670 2823 factam
689 2807 739 2823 esso
753 2807 793 2828 pei·
806 2801 906 2828 notiora,
924 2801 964 2828 sit,
978 2808 988 2820 (ι
1002 2800 1064 2828 quod
1082 2799 1112 2829 [si

264 2839 376 2868 definitio]
396 2846 436 2867 per
455 2841 592 2867 posteriora,
606 2840 681 2867 priora
701 2839 785 2861 indicat
797 2847 817 2860 ιι.
832 2839 863 2860 De
875 2838 965 2861 minori
975 2838 1028 2860 vide
1041 2845 1112 2866 supra

264 2884 286 2906 q.
309 2878 325 2899 l.
343 2879 364 2899 10
383 2884 447 2905 corp.
465 2882 486 2900 ot
503 2885 524 2906 q.
544 2878 563 2900 4.
583 2878 612 2900 ad
635 2879 650 2900 l.
668 2890 699 2894 —-
717 2878 765 2899 Mox
784 2881 834 2899 ante
852 2883 903 2906 spes
926 2877 992 2899 codd.
1012 2877 1059 2899 Ali
1082 2877 1112 2899 in-

266 2919 345 2938 serunt
361 2916 396 2939 sit.

328 2954 337 2969 3
354 2955 467 2977 Encbirid.
490 2962 508 2978 c.
533 2957 553 2977 8.
577 2962 596 2977 n.
621 2957 647 2978 2:
671 2956 707 2978 Est
727 2957 795 2977 6116111
817 2955 874 2977 fides
896 2959 917 2977 ct
939 2955 1112 2982 praeteritarum

267 2999 345 3015 rerum
363 2996 384 3014 et
401 2995 555 3020 praesentium
573 2997 594 3016 et
613 2995 749 3016 suturarum.

1232 2486 1241 2501 ⁴
1259 2487 1327 2514 Epist.
1345 2487 1359 2508 1.
1378 2486 1428 2509 Cor.
1450 2486 1484 2513 13,
1508 2485 1552 2507 13;
1576 2484 1653 2513 Fides7
1678 2490 1742 2512 spes,
1765 2485 1858 2512 caritas,
1884 2484 1925 2506 tria
1950 2484 2017 2511 boec,

1168 2527 1241 2548 maior
1259 2529 1335 2547 autem
1354 2526 1436 2547 horum
1454 2527 1488 2546 est
1504 2525 1594 2546 caritas.
1613 2536 1642 2538 —
1662 2523 1784 2551 Quomodo
1802 2522 1859 2545 fides
1875 2521 2017 2551 fundamen·

1169 2565 1217 2587 inin
1236 2565 1263 2587 sit
1289 2564 1387 2586 fabricae
1413 2564 1547 2591 spiritualis,
1573 2563 1666 2590 exponit
1691 2563 1794 2590 Gregor.,
1819 2561 1918 2583 xxvm.
1941 2561 2017 2583 Mornl.

1169 2610 1188 2626 c.
1207 2605 1227 2625 9.
1247 2610 1267 2625 n.
1287 2604 1323 2625 20.
1342 2615 1371 2618 —
1389 2603 1500 2630 Superius
1517 2605 1569 2630 post
1586 2601 1647 2625 sicul
1664 2601 1713 2630 spei
1730 2602 1753 2624 et
1769 2601 1836 2623 codd.
1855 2600 1896 2623 FU
1909 2600 2018 2628 supplent

1169 2648 1260 2665 rei-am.

1232 2682 1241 2696 5
1258 2681 1302 2703 Csr.
1320 2682 1418 2708 Ariston,
1433 2681 1459 2702 Vl
1476 2681 1555 2708 Topic.
1573 2686 1592 2703 c.
1611 2681 1627 2702 l.
1640 2686 1696 2708 seq„
1709 2682 1731 2702 et
1747 2680 1790 2701 Vll.
1803 2679 1900 2706 1116101111.
1915 2681 1967 2700 text.
1980 2677 2016 2700 43.

1170 2720 1216 2749 (Vl.
1234 2727 1253 2743 c.
1275 2721 1327 2749 l2.)‚
1347 2720 1386 2742 ubi
1404 2721 1471 2742 etiam
1494 2720 1550 2742 aliae
1572 2720 1724 2747 proprietates
1746 2718 1883 2741 definitionis
1904 2717 1959 2739 infra
1983 2722 2017 2738 oc-

1169 2764 1286 2783 currentes
1304 2762 1435 2788 tanguntur.

1232 2799 1242 2813 6
1259 2798 1303 2821 Cl'r.
1327 2805 1395 2826 supra
1418 2804 1440 2826 q.
1464 2799 1484 2819 ⁴2.
1502 2810 1534 2813 —
1551 2798 1619 2819 Paulo
1642 2797 1735 2819 interius
1756 2802 1798 2824 pro
1821 2794 1908 2818 stabilit
1930 2794 2016 2823 [fleur.

1172 2839 1211 2866 113,
1230 2839 1259 2860 9;
1278 2837 1396 2866 Optimum
1415 2840 1448 2859 est
1465 2838 1524 2859 enim
1543 2837 1615 2864 gratia
1633 2836 1733 2858 stabilire
1758 2834 1808 2863 cor]
1832 2834 1925 2861 plurimi
1948 2833 2016 2855 codd.

1171 2880 1193 2900 et
1210 2877 1262 2900 edd.
1281 2878 1301 2905 l,
1321 2878 1334 2898 2
1351 2876 1471 2899 stabilitat.

1233 2916 1242 2930 ⁷
1261 2916 1319 2938 Vide
1337 2917 1433 2943 Aristot¹¹
1453 2916 1466 2937 l.
1484 2916 1555 2937 Etliic.
1572 2921 1590 2937 c.
1614 2915 1630 2936 1.
1649 2916 1670 2935 et
1687 2913 1708 2935 7.
1729 2919 1806 2940 seqq.;
1826 2913 1848 2934 ll.
1867 2918 1885 2934 c.
1914 2913 1930 2940 1,
1949 2916 1970 2934 et
1993 2913 2015 2934 ll.

1172 2955 1200 2977 (le
1218 2955 1311 2982 Ammo,
1330 2956 1380 2976 texi.
1400 2954 1436 2976 33.
1454 2954 1482 2981 (c.
1502 2953 1540 2981 4.).
1558 2952 1602 2975 Cfr.
1620 2954 1674 2973 tom.
1693 2951 1715 2972 ll.
1734 2957 1787 2978 pag.
1806 2950 1861 2978 561,
1880 2954 1931 2973 nota
1951 2951 1971 2973 3.
1995 2953 2016 2972 et

1172 3000 1224 3021 pag.
1244 2994 1298 3021 653,
1319 2996 1369 3015 nota
1388 2994 1408 3015 6.
1428 3005 1457 3007 1
1475 2992 1516 3014 Pro
1534 2993 1556 3014 et
1572 2989 1685 3020 qvoniam
1702 2989 1753 3011 edd.
1772 2989 1885 3019 qnoniam
1902 2995 1967 3019 erqo.
