2166 3366
760 189 916 218 CAPITULA
938 189 1046 218 TERTII
1068 189 1161 218 LIBRI.
1818 191 1834 219 5

400 268 522 291 Disnxcno
539 268 621 290 XXIV.

87 314 139 338 CAP.
155 315 170 337 1.
187 314 310 343 Quomodo
327 315 459 343 intelligitur
474 314 538 344 quod
561 315 672 342 scriptum
695 317 743 337 est:
766 314 806 342 Ut,
824 320 877 336 cum
900 314 932 336 sa-

244 364 306 384 ctum
324 361 403 389 suerit,
421 361 518 384 credatis
527 360 543 382 1.

147 407 169 429 ll.
187 407 209 429 Si
227 407 306 429 Petrus
324 406 402 429 hahuit
414 406 483 429 fidem
499 407 618 434 passionis,
631 405 724 435 quando
737 405 801 434 vidit,
815 406 931 428 hominem

243 454 307 476 illum
325 454 378 481 pati.

139 500 171 522 lIl.
189 501 211 522 Si
228 501 303 529 aliqua
321 501 436 527 sciuntur,
454 505 512 528 quae
530 499 663 522 creduntur.

399 547 523 569 Disnncno
541 546 615 569 XXV.

87 593 138 617 CAP.
156 595 170 616 l.
189 594 220 616 De
238 594 283 616 fide
300 595 456 623 antiquorum.

147 641 171 663 II.
189 641 221 663 De
238 640 283 663 fide
300 641 447 669 simplicium.

138 686 171 709 Ill.
188 687 251 715 Quae
268 690 319 709 ante
337 686 463 709 adventum
481 686 574 709 credere
592 686 744 709 sufficiebatq-

133 732 170 755 lv.
187 732 219 754 De
236 732 281 754 fide
298 732 404 755 Cornelii.

141 779 169 801 V.
187 779 218 801 De
236 780 371 808 aequalitate
388 780 453 807 fidei,
472 781 533 808 spei,
552 780 650 802 caritatis
667 782 688 802 et
706 780 790 807 operis-

398 826 522 848 Disrmcno
540 826 623 848 XXVI.

87 870 139 894 CAr.
157 871 171 894 I.
188 872 221 894 De
238 878 279 900 spe
290 890 295 900 ,
313 872 369 901 quid
386 874 420 895 sit.

147 919 170 941 II.
189 919 220 941 De
238 919 324 948 quibus
341 920 368 942 sit
385 925 446 947 spes.

138 966 171 988 111.
189 966 239 995 Quo
257 966 361 989 differant
379 966 436 989 fides
453 970 475 989 et
491 972 552 994 spes.

133 1013 170 1036 IV.
188 1013 210 1035 Si
227 1014 279 1036 iusti
296 1014 318 1036 in
336 1014 425 1036 interno
442 1013 512 1035 fidem
530 1016 550 1035 et
567 1019 633 1041 spem
651 1012 788 1036 habuerunt.

392 1061 516 1083 Dts‘rnx'c‘rio
534 1060 625 1083 XXVII.

86 1108 139 1131 CAr.
156 1109 170 1131 I.
188 1109 220 1131 De
237 1109 329 1132 caritate
347 1109 387 1131 Dei
404 1112 425 1131 et
442 1109 552 1137 proximi,
571 1114 631 1137 quae
649 1109 670 1130 in
696 1107 785 1131 Christo
807 1110 828 1130 et
850 1108 872 1130 in
896 1113 933 1130 no-

243 1155 279 1177 bis
296 1158 336 1177 est.

145 1202 169 1224 II.
188 1201 248 1230 Quid
265 1202 294 1224 sit
311 1203 400 1224 caritas.

140 1249 172 1271 III.

134 1296 170 1319 IV.
189 1297 264 1325 Quare
282 1296 389 1319 dicuntur
406 1296 453 1319 duo
470 1296 584 1320 mandata.
594 1298 700 1320 caritatis.

142 1343 169 1366 V.
186 1343 219 1366 De
236 1343 306 1366 modo
323 1344 440 1372 diligendi.

133 1389 170 1412 VI.

126 1436 172 1459 VII.

117 1483 172 1506 VIII.

190 1249 213 1271 Si
230 1249 311 1271 eadem
329 1250 420 1271 caritate
438 1249 540 1277 diligitur
557 1249 618 1272 Deus
635 1253 657 1272 et
674 1250 801 1278 proximus.

188 1390 220 1412 De
232 1391 365 1418 impletione
377 1391 436 1413 illius
447 1390 561 1413 mandati:
575 1390 659 1419 Diliges
671 1390 744 1413 Deum
757 1397 784 1413 ex
797 1394 843 1414 toto
855 1391 933 1414 corde.

190 1436 258 1465 Quod
275 1437 371 1459 alterum
389 1437 523 1459 mandatum
541 1438 563 1459 in
580 1437 651 1459 altero
668 1441 708 1460 est.

190 1483 252 1512 Quae
270 1484 361 1506 caritate
379 1483 494 1511 diligenda
512 1484 564 1506 sint.

390 1530 513 1553 DisTichm
530 1530 629 1552 XXVIII.

87 1575 139 1599 CAr.
156 1576 171 1599 1.
190 1577 212 1599 Si
229 1576 338 1599 iubemur
355 1581 426 1600 totum
445 1578 576 1605 proximum
595 1577 689 1605 diligere
707 1579 729 1599 et
745 1583 787 1599 nos
804 1579 870 1599 totos.

147 1623 170 1645 II.
188 1622 271 1651 Quod³
280 1624 302 1645 in
312 1623 431 1645 dilectione
441 1623 539 1651 proximi
548 1622 673 1645 includitur
682 1622 771 1645 dilectio
783 1623 933 1651 Angelorum.

139 1669 172 1692 Ill.

134 1715 170 1738 IV.

191 1669 247 1697 Quis
263 1670 291 1691 sit
307 1670 434 1698 prosimus.

189 1715 278 1744 Quibus
295 1715 370 1738 modis
388 1715 470 1738 dicitur
487 1717 613 1744 proximus.

396 1763 519 1785 Disnxcno
536 1763 619 1785 XXIX.

87 1809 140 1833 CAP.
157 1810 172 1832 1.
189 1810 221 1832 De
238 1810 319 1833 ordine
337 1810 461 1839 diligendi,
480 1810 536 1839 quid
553 1811 628 1838 prius,
647 1810 704 1839 quId
721 1813 773 1839 post
782 1809 798 1833 ⁴.

146 1855 170 1878 II.
188 1856 221 1878 An
239 1861 320 1878 omnes
337 1856 442 1878 homines
459 1856 544 1884 pariter
561 1855 672 1884 diligendi
689 1859 742 1879 sunt
750 1855 767 1878 ⁵.

139 1902 171 1925 Ill.
189 1902 221 1925 De
238 1902 350 1931 gradIbus
367 1903 472 1925 caritatis.

401 1949 525 1972 Disrixcwo
543 1950 618 1972 XXX.

88 1996 140 2020 CAP.
158 2003 244 2020 cxicuu.
263 1998 285 2019 Si
303 1998 385 2020 melius
402 2000 436 2020 est
452 1997 547 2026 diligere
566 1998 670 2020 inimicos
687 2003 757 2026 quam
777 1999 870 2021 amicos.

396 2043 520 2066 Dtsnxcno
537 2043 620 2066 XXXI.

90 2089 142 2113 CAP.
160 2090 174 2112 l.
191 2090 214 2112 Si
232 2091 313 2113 caritas
330 2091 400 2113 semel
419 2090 494 2113 hahita
512 2091 634 2113 amittatur.

149 2137 173 2160 11.
190 2138 265 2166 Quare
283 2137 351 2165 fides,
369 2144 435 2166 spes,
448 2138 540 2160 seientia
553 2137 660 2160 dicuntur
677 2138 797 2165 evacuari,
809 2140 831 2160 et
843 2144 888 2160 non
901 2144 934 2160 ca-

245 2185 312 2211 ritas,
331 2190 384 2206 cuni
401 2187 422 2206 et
439 2185 488 2212 ipsa
506 2185 534 2206 sit
551 2190 577 2206 ex
595 2189 667 2212 parte.

141 2231 174 2253 lll.
192 2231 214 2253 Si
232 2230 334 2254 ClirIstus
352 2231 456 2253 ordinem
474 2231 584 2259 diligendi
602 2232 715 2259 servavit,
734 2237 803 2260 quem
822 2237 863 2254 nos
871 2231 888 2254 ὃ.

394 2278 517 2300 Disnxcno
534 2278 627 2300 XXXII.

91 2324 143 2348 Car.
162 2324 175 2347 l.
194 2325 226 2347 De
243 2326 334 2347 caritate
352 2325 399 2347 Dei.

151 2372 174 2394 lI.
193 2371 315 2400 Quomodo
334 2372 394 2395 Deus
411 2372 494 2395 dicitur
506 2373 580 2400 magis
598 2372 703 2401 diligere,
721 2373 759 2395 vel
777 2373 853 2395 minus
865 2373 936 2401 hunc,

247 2418 282 2440 vel
300 2418 371 2440 illum.

145 2466 177 2488 lll.
195 2465 261 2494 Quod
279 2464 399 2493 dupliciter
416 2465 556 2493 inspicienda
574 2469 608 2488 est
625 2465 715 2488 dilectio
731 2466 779 2488 Dei.

155 2627 162 2641 1
180 2627 227 2649 Iloc
245 2627 370 2655 capitulum
390 2627 410 2648 in
428 2626 509 2653 codd.y
527 2630 621 2654 excepto
640 2626 669 2653 D,
687 2627 803 2648 omittitur.

154 2665 163 2680 ²
180 2665 252 2688 cndu.
271 2666 368 2687 011οΡ
385 2664 536 2695 sufficiebam.

155 2704 165 2719 3
182 2705 220 2727 Ed.
243 2706 247 2726 1
269 2708 289 2726 01
308 2704 375 2726 wilti.
394 2705 410 2726 ll
422 2705 426 2726 1
438 2704 455 2726 K
468 2704 486 2732 Q
504 2703 536 2727 δῖ.

156 2743 164 2758 ⁴
181 2744 220 2766 Ed.
238 2745 251 2766 9
268 2747 290 2766 et
307 2744 373 2766 codd.
393 2744 409 2766 I)
421 2744 460 2765 Isti
471 2743 488 2765 Ix‘
502 2744 543 2771 DQ
559 2742 684 2772 posterius.

155 2782 165 2797 ⁵
182 2783 222 2805 Ed.
239 2783 252 2805 9
271 2789 323 2805 runi
342 2783 455 2804 nonnullis
473 2782 539 2804 rodd.
558 2781 610 2804 sint.
629 2781 714 2804 Dvimle
730 2782 793 2804 solus
806 2782 856 2805 cod.
869 2782 887 2805 D
900 2782 937 2805 ad-

94 2821 126 2844 dit
143 2822 186 2843 lim·
203 2822 340 2850 capitulum:
360 2821 391 2844 De
406 2820 545 2850 Jmm‘milms
564 2820 629 2843 hunis
645 2822 666 2843 e!
683 2821 759 2844 vialis.

155 2860 164 2875 ⁶
181 2860 236 2883 Cod.
254 2861 272 2889 Q
289 2861 310 2883 e!
326 2866 376 2883 nos.

157 2899 166 2914 ⁷
183 2900 229 2922 lloc
247 2901 370 2928 capitulum
389 2901 499 2922 omittitur
517 2901 537 2922 iu
557 2899 663 2928 pluribus
680 2899 747 2922 codd.

157 2937 167 2953 Β
183 2938 238 2961 Edu.
261 2939 282 2966 ly
301 2940 314 2960 {t
333 2938 391 2961 bono
409 2939 497 2961 addunt
514 2938 558 2961 hm·
576 2938 680 2966 virtutes,
695 2942 715 2961 et
728 2939 835 2962 omittunt
848 2940 868 2961 e!
885 2942 936 2961 ante

96 2977 119 3000 in
137 2977 236 3001 Clu-isto.

959 334 961 348 1

1034 268 1071 290 IV.
1089 268 1111 290 Si
1129 269 1180 296 quis
1197 269 1271 296 magis
1296 268 1332 290 x'el
1359 268 1434 290 minus
1452 267 1553 295 diligitur
1571 273 1583 290 a
1601 268 1648 290 Deo
1665 274 1711 290 uno
1730 271 1833 297 tempore

1147 321 1216 343 quam
1234 315 1285 337 alio.

1045 362 1072 384 V.
1090 362 1112 384 Si
1130 362 1190 385 Deus
1208 362 1237 385 ab
1254 365 1346 385 aeterno
1364 363 1440 385 dilexit
1457 362 1570 391 reprobos
1579 362 1597 385 ⁷.

1292 409 1416 432 Disrmcno
1433 409 1533 432 XXXIII.

989 454 1041 477 Car.
1060 455 1074 477 I.
1093 455 1124 477 De
1142 458 1241 484 quatuor
1258 455 1382 478 virtutibus
1399 454 1573 483 principalibus.

1051 502 1074 524 Il.
1093 501 1192 524 UtrumS
1209 505 1231 524 et
1248 503 1270 524 in
1288 501 1376 524 Christo
1394 502 1477 524 suerint
1494 504 1516 524 et
1533 503 1555 524 in
1573 502 1666 530 Angelis
1684 503 1734 525 sint.

1043 548 1074 570 III.
1092 548 1124 570 De
1141 548 1223 570 usibus
1239 554 1328 570 eorum.

1290 594 1414 617 Dis-memo
1432 595 1539 618 XXXIV.

990 639 1042 663 CAr.
1060 640 1075 662 1.
1093 640 1125 663 De
1142 644 1231 669 septem
1249 641 1315 663 donis
1332 640 1430 669 Spiritus
1447 643 1526 664 sancti.

1051 688 1074 710 II.
1093 688 1172 710 Utrum
1191 689 1235 710 sint
1252 689 1360 716 virtutes,
1377 691 1399 710 et
1415 689 1459 711 sint
1477 689 1498 711 in
1516 690 1616 717 Angelis.

1043 735 1075 756 Ill.

1039 781 1076 804 IV.
1094 781 1126 803 De
1144 782 1253 804 timorum
1271 781 1415 804 distinctione
1425 781 1441 804 ⁹.

1093 734 1174 757 Utrum
1192 735 1213 756 in
1231 734 1320 757 Christo
1338 735 1428 757 fuerint.

1046 827 1074 849 V.
1092 827 1124 849 De
1141 830 1203 850 casto
1221 831 1243 850 et
1259 828 1336 850 servili
1354 831 1375 850 et
1392 829 1476 851 initiali.

1038 875 1074 897 Vl.

1029 921 1075 943 Vll.

1093 875 1143 903 Quo
1153 874 1173 889 1⁰
1189 875 1294 897 differant
1311 877 1387 898 castus
1404 879 1426 898 et
1443 876 1539 898 servilis.

1093 921 1161 950 Quod
1178 922 1246 944 timor
1262 922 1352 944 servilis
1364 925 1384 945 et
1397 922 1487 945 initialis
1499 923 1606 946 dicuntur
1617 924 1707 946 initium
1718 922 1734 937 ¹¹
1748 923 1839 951 sapien-

1148 969 1204 997 tiae,
1222 969 1263 992 sed
1281 969 1418 993 differenter.

1022 1015 1076 1037 VIII.

1036 1061 1075 1084 IX.

1095 1015 1217 1044 Quomodo
1235 1018 1310 1038 castus
1327 1017 1395 1038 timor
1411 1019 1531 1044 permanet
1547 1017 1569 1038 in
1587 1019 1713 1039 aeternum.

1094 1062 1116 1084 Si
1134 1062 1202 1084 timor
1219 1068 1320 1091 poenae,
1339 1063 1378 1091 qui
1396 1063 1438 1085 fuit
1454 1063 1475 1084 in
1497 1062 1599 1091 Christo,
1625 1063 1666 1085 suit
1691 1057 1780 1086 servilis
1802 1063 1839 1085 vel

1148 1109 1245 1132 initialis.

1295 1156 1418 1179 DisTchio
1436 1156 1534 1179 XXXV.

990 1201 1042 1225 CAP.
1061 1203 1075 1224 l.
1093 1202 1125 1224 De
1143 1203 1253 1231 sapientia
1270 1204 1292 1225 et
1309 1203 1415 1232 seientia,
1433 1209 1479 1232 quo
1490 1203 1508 1217 ¹2
1526 1202 1637 1226 differant.

1051 1249 1074 1271 ll.
1093 1249 1115 1271 lu
1133 1255 1180 1278 quo
1197 1249 1287 1272 disserat
1305 1250 1415 1277 sapientia
1433 1249 1463 1272 ab
1480 1250 1602 1272 intellectu.

1042 1296 1074 1318 III.
1092 1296 1173 1319 Utrum
1191 1297 1317 1319 intellectus
1333 1300 1355 1319 et
1371 1297 1464 1319 scientia
1475 1315 1480 1325 ,
1498 1303 1558 1326 quae
1574 1298 1632 1319 inter
1642 1297 1701 1320 dona
1719 1303 1839 1320 numeran-

1148 1345 1196 1371 tur,
1214 1343 1259 1366 sint
1275 1343 1311 1365 illa
1329 1349 1389 1372 quae
1407 1343 1539 1366 naturaliter
1557 1335 1721 1366 habet'homo.

1292 1391 1414 1413 Dis’rmcno
1432 1391 1538 1413 XXXVI.

990 1435 1041 1459 CAP.
1060 1437 1074 1458 l.
1092 1437 1124 1459 De
1142 1438 1282 1459 connexione
1300 1438 1422 1466 virtutum,
1442 1444 1502 1466 quae.
1520 1444 1564 1460 non
1583 1441 1726 1466 separantur.

1050 1484 1073 1505 ll.
1092 1484 1125 1505 An
1143 1487 1237 1506 cunctae
1255 1484 1351 1506 virtutes
1368 1490 1435 1512 pares
1452 1485 1507 1512 sint,
1526 1485 1546 1506 in
1566 1490 1714 1513 quocumque
1731 1487 1791 1508 sunt.

1043 1530 1074 1552 Ill.
1093 1529 1215 1558 Quomodo
1233 1531 1254 1551 in
1272 1531 1364 1552 caritate
1382 1533 1427 1552 tota
1445 1530 1480 1552 lex
1498 1530 1590 1558 pendet.

1290 1577 1413 1600 Οιετικοτιο
1430 1577 1544 1599 XXXVII.

991 1623 1042 1646 CAP.
1062 1624 1076 1646 I.
1095 1624 1126 1646 De
1144 1624 1224 1646 decem
1243 1624 1371 1652 mandatis,
1389 1623 1508 1652 quomodo
1524 1624 1681 1647 contineantur
1698 1625 1720 1647 in
1739 1624 1838 1648 duobus.

1052 1671 1074 1693 II.
1093 1672 1169 1699 Quare
1186 1671 1273 1693 Idolum
1291 1671 1345 1693 nihil
1363 1677 1413 1693 esse
1430 1672 1451 1693 in
1470 1671 1558 1694 mundo
1576 1671 1665 1695 dicitur.

1043 1718 1076 1740 lll.
1094 1718 1170 1746 Quare
1187 1719 1209 1740 in
1227 1718 1312 1746 Spiritu
1330 1722 1408 1741 sancto
1434 1719 1528 1747 proprie
1553 1718 1636 1741 dicitur
1661 1719 1709 1742 fieri
1732 1720 1837 1743 remissio

1148 1768 1303 1792 peccatorum.

1038 1811 1075 1834 IV.
1093 1812 1124 1834 De
1141 1817 1210 1834 sensu
1227 1812 1338 1840 spirituali
1356 1815 1377 1834 et
1395 1813 1479 1835 carnali
1496 1812 1571 1840 Legis.

1047 1858 1075 1880 V.
1094 1858 1125 1880 De
1142 1858 1210 1880 furto.

1039 1905 1076 1927 Vl.
1094 1905 1125 1928 De
1143 1905 1271 1928 mendacio.

1284 1952 1407 1975 Disnnc'rto
1424 1953 1548 1975 XXXVIII.

991 1998 1043 2022 CAP.
1061 1999 1076 2021 1.
1094 1999 1125 2021 De
1144 1999 1225 2027 triplici
1243 2005 1327 2027 genere
1345 1999 1466 2022 mendacii.

1052 2046 1075 2068 ll.
1093 2046 1125 2068 De
1142 2045 1220 2068 octo¹³
1237 2045 1360 2074 speciebus
1377 2046 1497 2069 mendacii,

1043 2092 1074 2114 lll.
1093 2092 1152 2121 Quid
1170 2093 1198 2115 sit
1215 2093 1312 2115 mentiri.

1040 2138 1076 2160 IV.
1095 2139 1162 2167 Quod
1179 2145 1248 2161 omne
1266 2139 1412 2161 mendacium
1429 2142 1550 2167 peccatum
1567 2140 1607 2168 sIt,
1623 2140 1673 2162 sive
1689 2140 1773 2169 prosit,
1789 2140 1839 2163 sive

1152 2192 1196 2208 non
1208 2185 1238 2214 ¹⁴,
1256 2189 1278 2209 et
1295 2193 1373 2215 quare.

1048 2232 1074 2254 V.
1092 2233 1115 2254 ln
1133 2232 1218 2261 quibus
1235 2233 1306 2256 rebus
1324 2239 1377 2256 cum
1394 2234 1496 2261 periculo
1514 2236 1615 2262 erratur,
1633 2234 1670 2256 vei
1688 2240 1740 2257 non.

1293 2280 1416 2303 Dtsnncrio
1433 2281 1540 2303 XXXIX.

993 2325 1045 2349 CAr.
1063 2326 1078 2349 I.

1054 2373 1077 2396 II.
1095 2374 1128 2395 An
1145 2374 1173 2396 sit
1191 2374 1318 2401 periurium
1336 2373 1399 2402 quod
1417 2380 1461 2396 non
1479 2378 1513 2397 est
1530 2374 1686 2397 mendacium.

1096 2326 1128 2349 De
1145 2327 1254 2354 periurio.

1047 2419 1079 2441 lIl.
1097 2420 1128 2442 De
1145 2420 1226 2448 trIplici
1245 2420 1314 2442 modo
1332 2420 1434 2448 periurii.

1042 2466 1078 2488 IV.
1096 2467 1129 2488 An
1147 2467 1228 2489 iuratio
1246 2467 1274 2489 sit
1291 2467 1385 2489 malum.

1055 2626 1065 2641 ⁹
1082 2626 1136 2649 Cod.
1155 2627 1172 2649 1)
1189 2627 1222 2649 De
1239 2627 1332 2650 timoris
1349 2627 1506 2656 distinctione,
1526 2628 1562 2651 ed.
1581 2629 1589 2651 1
1611 2628 1644 2652 De
1664 2628 1758 2658 timore,
1778 2636 1838 2659 quae

993 2669 1015 2688 et
1031 2666 1053 2688 in
1071 2672 1118 2695 seq.
1136 2673 1186 2695 cap.
1204 2670 1255 2689 ante
1273 2667 1336 2689 casto
1354 2667 1417 2689 addit
1433 2667 1523 2690 timore.

1057 2704 1075 2719 ¹0
1092 2704 1165 2728 Codd.
1184 2706 1200 2727 11
1212 2706 1217 2727 Ι
1229 2706 1244 2727 L
1255 2705 1273 2728 Μ
1284 2706 1302 2734 Q
1322 2705 1452 2734 Quomodo.

1057 2743 1075 2758 ¹¹
1094 2744 1171 2766 l‘lures
1188 2744 1255 2766 cortu.
1272 2744 1423 2774 prim-imum.

1058 2783 1076 2797 ¹‘-⁷
1093 2782 1165 2805 Codd.
1183 2784 1199 2805 ll
1212 2784 1229 2805 li
1241 2784 1259 2812 Q
1277 2783 1406 2813 quomodo,
1427 2784 1494 2807 codd.
1512 2785 1556 2807 BD
1574 2784 1599 2808 in
1616 2791 1669 2814 quo.

1058 2821 1076 2836 ¹³
1093 2822 1178 2847 Codd..
1195 2823 1296 2850 exeeptis
1314 2822 1360 2845 11Μ
1373 2823 1400 2851 Ρ,
1420 2829 1542 2851 perperam
1559 2824 1652 2853 septem.

1056 2859 1074 2875 ¹⁴
1092 2861 1196 2883 Nonnulli
1215 2861 1282 2883 codd.
1300 2864 1407 2890 repetunt
1421 2862 1505 2891 prosit.
