2166 3366
123 2249 228 2268 Conclusio.

227 194 283 222 750

226 272 254 300 in
276 271 365 309 patria
387 269 465 298 nulla
492 268 544 297 erit
566 266 731 295 infirmitas:
754 273 821 302 ergo
842 263 920 292 nulla
948 262 1001 291 erit
1029 262 1075 290 do·

227 326 328 347 norum
344 316 494 345 necessitas
508 322 558 343 nec
573 313 695 342 utilitas.
710 312 736 340 Si
759 311 843 348 igitur
859 310 896 339 ibi
916 313 1073 343 manerent,

228 365 351 398 videtur,
373 362 449 400 quod
470 364 562 390 essent
583 361 698 389 frustra.

307 412 332 439 2.
355 411 435 444 item,
457 409 542 443 dona,
563 410 595 436 ut
616 407 721 435 dictum
748 409 789 434 est
811 405 890 442 prius
906 404 925 439 ¹,
947 407 1012 433 sunt
1039 403 1075 432 ad

227 462 306 488 actus
323 457 441 490 medios3
457 456 504 485 sed
527 455 553 483 in
570 454 659 492 patria
680 461 777 481 omnes
791 456 870 481 actus
889 451 976 480 nostri
992 453 1076 480 erunt

227 505 341 543 perfecti
363 507 390 533 et
411 502 545 532 ultimati:
574 510 627 530 non
649 504 732 529 erunt
754 500 838 537 igitur
866 500 893 527 in
919 498 1009 535 patria
1030 498 1076 526 lia-

228 553 303 581 bitus
318 552 470 584 donorum
486 549 534 579 sed
556 549 649 586 potius
663 547 822 576 transibunt
837 546 864 574 in
887 545 1000 574 babitus
1016 545 1077 573 bea-

228 600 389 629 titudinum.

309 646 335 675 3.
356 646 440 678 Item,
462 644 618 681 specialiter
640 642 798 671 ostenditur
820 641 854 670 de
880 641 953 669 dono
976 640 1078 669 intelte-

230 699 312 723 ctus:
342 693 363 722 si
393 692 466 721 enim
495 699 545 728 per
577 691 682 719 donum
712 688 869 717 intellectu-s·
901 687 1077 724 cognoscitur

230 741 304 770 Deus
325 740 356 768 in
378 739 515 768 creaturis
536 741 563 766 et
576 746 628 774 per
650 735 829 769 creaturas²;
851 743 914 764 cum
937 734 965 763 in
987 734 1078 771 patria

231 790 413 825 cognoscatur
445 786 519 814 Deus
548 785 574 812 in
597 792 648 813 sua
676 782 813 816 essentia,
843 781 973 815 videtur,
1002 780 1077 817 quod

231 835 335 864 donum
366 833 523 862 intellectus
551 840 605 860 non
636 834 746 859 maneat
773 830 800 858 in
830 829 877 858 illa
905 828 1077 857 heatitudine

231 889 350 911 summa.

311 930 337 957 lt.
360 929 440 962 Item,
455 927 585 956 obiicitur
604 926 639 955 de
654 925 726 954 dono
741 924 870 958 consilii,
893 923 959 961 quia
973 923 1078 951 donum

232 977 338 1007 consilii
354 979 395 1005 est
416 975 570 1004 dubitantis
585 977 611 1003 et
633 972 799 1002 conferentis
812 972 836 1000 ³:
860 972 882 1000 si
903 979 969 1008 ergo
992 971 1019 998 in
1034 978 1080 1007 pa-

232 1027 285 1056 tria
305 1033 360 1054 non
381 1024 434 1053 erit
449 1023 573 1052 defectus
595 1020 776 1050 dubitationis
793 1027 844 1048 nec
865 1019 1003 1048 decursus
1029 1018 1082 1047 col-

232 1072 355 1107 lationis,
377 1079 444 1108 ergo
465 1069 590 1103 videtur,
612 1067 686 1105 quod
710 1067 815 1096 donum
832 1066 949 1095 consilii
967 1066 1003 1094 ibi
1026 1074 1079 1094 non

232 1121 335 1150 habeat
356 1118 482 1156 reperiri.

313 1169 338 1196 -.3.
362 1167 441 1198 item,
463 1165 568 1194 donum
582 1162 769 1200 fortitudinis
785 1161 899 1198 expedit
920 1169 971 1189 nos
985 1160 1021 1188 ad
1036 1168 1080 1197 pe-

233 1215 322 1244 ricula
343 1212 506 1242 sustinenda
518 1211 542 1245 '¹3
561 1210 608 1239 sed
633 1210 659 1238 in
682 1209 728 1237 illa
743 1208 915 1237 beatitudine
930 1215 984 1235 non
999 1210 1083 1236 erunt

234 1261 372 1300 pericula:
396 1267 463 1296 ergo
484 1261 535 1287 etc.

314 1309 339 1336 6.
362 1307 444 1337 item,
459 1304 589 1333 obiicitur
604 1303 639 1332 de
654 1303 726 1331 dono
741 1301 892 1330 scientiae:
915 1301 981 1338 quia
1000 1300 1083 1329 scien-

235 1356 273 1384 tia
294 1355 374 1384 docet
400 1351 587 1381 «conversari
611 1350 641 1378 in
658 1349 751 1377 mettio
773 1348 903 1377 nationis
923 1355 1037 1384 pravae
1059 1350 1084 1375 et

232 1410 389 1441 perversae
400 1412 428 1434 »,
450 1399 605 1429 secundum
628 1397 701 1435 quod
722 1396 843 1425 babetur
858 1395 884 1423 in
907 1394 1083 1423 distinctione

236 1448 360 1487 sequenti
373 1448 394 1481 ⁵3
418 1447 465 1476 sed
488 1446 514 1474 in
530 1445 621 1483 patria
640 1452 696 1473 non
713 1443 765 1472 erit
784 1442 859 1471 natio
874 1450 962 1479 prava
983 1444 1010 1470 et
1025 1448 1085 1477 per-

236 1504 330 1530 versa,
346 1502 409 1524 cum
426 1502 482 1531 qua
496 1493 531 1522 sit
546 1490 783 1521 conversandum:
806 1497 872 1525 ergo
887 1497 941 1517 non
964 1488 1085 1522 videtur,

236 1544 310 1583 quod
332 1543 369 1572 ibi
391 1549 504 1571 manere
526 1540 626 1569 debeat
647 1538 776 1568 scientiae
797 1537 911 1566 donum.

316 1592 341 1619 7.
363 1590 447 1623 item,
468 1588 574 1617 donum
594 1586 712 1624 pietatis
733 1587 775 1613 est
796 1584 831 1614 ad
858 1583 1085 1620 compatiendum

237 1638 367 1676 proximo
381 1637 406 1670 ⁰3
428 1635 476 1664 sed
499 1635 525 1662 in
548 1633 638 1671 patria
659 1635 774 1669 propter
800 1638 939 1660 summam
962 1629 1087 1667 impassi-

237 1685 372 1714 bilitatem
394 1682 472 1711 nulla
486 1680 587 1718 poterit
609 1687 669 1708 esse
688 1678 855 1715 compassio:
879 1680 929 1705 aut
949 1685 1016 1714 ergo
1032 1685 1085 1706 non

238 1732 290 1762 erit
312 1731 347 1759 ibi
368 1730 478 1768 pietas,
501 1731 549 1757 aut
570 1727 648 1756 nulla
669 1727 722 1755 erit
744 1726 819 1754 illius
840 1725 904 1754 doni
929 1724 1044 1753 utilitas.

318 1779 343 1807 8.
366 1778 446 1811 Item,
469 1776 573 1804 donum
597 1773 711 1802 timoris
733 1776 774 1801 est
795 1772 830 1801 ad
853 1771 1054 1800 retrahendum
1071 1780 1087 1800 a

240 1826 351 1858 malo⁷;
374 1825 400 1852 in
422 1823 513 1860 patria
538 1825 632 1850 autem
655 1820 733 1848 nulla
763 1819 865 1856 poterit
886 1826 947 1847 esse
975 1818 1010 1846 ad
1032 1826 1088 1846 ma-

240 1873 297 1901 lum
321 1870 488 1907 obliquatio:
511 1877 577 1905 ergo
600 1867 723 1901 videtur,
745 1866 820 1903 quod
847 1865 959 1893 omnino
981 1864 1028 1892 fiat
1050 1864 1087 1892 ibi

242 1918 356 1947 timoris
378 1916 530 1945 evacuatio.

556 1999 768 2021 CONCLUSIO.

244 2075 326 2103 Dona
342 2073 472 2110 Spiritus
486 2072 584 2100 astricti
604 2070 762 2099 manebunt
779 2069 807 2097 in
820 2068 938 2106 patria,
957 2068 1008 2096 sed
1022 2076 1089 2096 cum

301 2120 416 2150 actibus
437 2117 695 2150 excellentioribus,
717 2124 807 2154 quam
828 2119 898 2143 sunt
919 2114 950 2143 in
971 2114 1029 2143 via.

322 2200 501 2228 RESPONDEo:
524 2196 694 2229 Dicendum,
716 2194 790 2232 quod
813 2194 919 2231 absque
941 2193 1043 2227 dubio.
1059 2192 1092 2221 si-

243 2251 289 2276 cut
310 2246 376 2275 dicit
404 2244 565 2273 Ambrosius
595 2246 622 2271 et
650 2241 815 2279 Magister⁸,
844 2241 917 2269 dona
939 2240 1092 2269 manebunt

244 2295 270 2322 in
293 2293 397 2331 patria,
419 2294 613 2320 verumtamen
636 2289 791 2318 secundum
813 2287 964 2316 nobiliores
991 2290 1018 2315 et
1046 2294 1092 2315 ex-

244 2341 418 2371 cellentiores
440 2346 509 2367 usus
530 2341 557 2366 et
578 2340 672 2369 actus,
698 2343 783 2373 quam
805 2335 860 2363 sint
881 2334 908 2362 in
939 2334 999 2367 via,
1020 2333 1093 2362 sicut

245 2386 344 2425 prius*³
366 2386 471 2414 dictum
494 2384 545 2412 fuit
567 2383 601 2412 de
622 2382 812 2411 cardinalibus
833 2380 993 2410 virtutibus.

904 183 1156 213 SENTENTIARUM
1178 182 1239 211 LlB.
1262 181 1301 209 lll.

1213 261 1243 289 Et
1263 259 1291 288 sz'
1312 263 1343 287 tu
1372 266 1515 297 qucteras,
1544 265 1615 295 quae
1644 257 1679 286 sit
1700 257 1801 285 horum
1831 256 1979 284 habituum

1131 307 1296 341 necessitas,
1319 313 1383 334 cum
1405 305 1441 333 ad
1464 305 1614 341 perfectam
1636 303 1837 332 beatitudinem
1859 302 1979 332 sufficiat
1991 308 2050 327 Datur
2063 308 2117 326 ratio.

1131 355 1219 384 Deum
1243 353 1339 382 videre
1354 355 1381 381 et
1401 359 1497 380 amare
1522 354 1549 380 et
1570 354 1664 380 tenere
1679 350 1814 388 perfectez,
1840 350 1981 378 attenden-

1132 402 1200 430 dum
1222 404 1264 429 est
1288 399 1324 428 ad
1347 399 1411 433 boc,
1440 398 1515 436 quod
1538 398 1625 426 multo
1655 397 1767 426 maioris
1792 397 1980 427 abundantiae

1132 453 1173 478 est
1194 447 1327 485 perfectio
1347 446 1462 484 gloriae
1484 453 1567 482 quam
1591 445 1723 482 perfectio
1735 444 1872 482 9ra-tiae‚·
1894 444 1981 481 perfe-

1132 496 1186 525 ctio
1207 498 1301 523 autem
1322 493 1441 531 qratiae
1462 493 1568 521 ratione
1596 499 1663 520 suae
1692 491 1833 529 dignitatis
1862 494 1889 520 et
1916 491 1982 520 emi-

1133 542 1241 571 nentiae
1257 541 1355 569 tribuit
1374 540 1479 568 bomini
1501 547 1598 567 omnes
1613 530 1728 567 babitus
1740 538 1872 567 facientes
1887 538 1920 567 ad
1944 539 1982 567 in-

1133 589 1289 626 tegritatem
1312 587 1435 616 iustitiae
1450 586 1606 615 secundum
1622 585 1858 622 comparationem
1874 586 1982 614 variam

1133 637 1167 665 ad
1191 639 1269 664 actus
1288 638 1316 664 et
1337 634 1457 669 obiecta,
1479 637 1506 662 et
1520 633 1675 662 secundum
1698 635 1787 661 status
1805 636 1831 661 et
1853 635 1984 669 opportu-

1134 685 1249 717 nitates,
1271 691 1343 720 quae
1372 681 1553 719 reperiuntur
1575 681 1602 709 in
1624 684 1699 709 statu
1720 680 1799 708 viae:
1823 680 1911 708 multo
1937 680 1984 716 igi-

1135 734 1181 760 tur
1203 730 1302 758 fortius
1322 729 1436 766 yloria,
1458 735 1530 765 quae
1552 727 1645 756 reddit
1666 728 1791 756 animum
1818 735 1868 764 per
1890 726 1983 755 omnia

1135 778 1298 807 deiformem
1320 780 1347 805 et
1362 776 1441 804 bonis
1463 775 1594 803 omnibus
1608 775 1798 803 abundantem
1821 777 1847 803 et
1862 774 1889 802 in
1905 774 1982 803 nullo

1135 825 1325 857 deficientem,
1346 823 1460 852 habitus
1481 823 1617 860 perfectos
1630 822 1647 837 ¹⁰
1672 822 1700 850 in
1721 822 1814 851 anima
1835 822 1923 859 exigit
1945 829 1986 850 re-

1135 872 1220 909 periri
1243 871 1398 900 secundum
1428 877 1538 898 omnem
1562 869 1650 906 ipsius
1678 869 1923 906 comparationem.
1955 869 1985 897 Et

1136 922 1284 957 propterea
1305 918 1427 946 virtutes
1449 920 1476 946 et
1491 917 1569 945 (lona
1591 919 1618 945 et
1633 916 1824 945 beatitudines
1845 919 1983 953 quantum

1136 966 1171 995 ad
1193 973 1289 994 omnes
1317 964 1445 998 habitus,
1474 964 1520 1001 qui
1550 966 1615 992 sunt
1637 963 1664 991 in
1691 966 1765 992 statu
1787 963 1847 992 viae
1875 966 1902 991 et
1929 971 1985 991 non

1137 1014 1240 1043 habent
1261 1013 1328 1050 quid
1344 1011 1491 1041 essentiale
1514 1019 1673 1048 repugnans
1688 1010 1848 1047 perfectioni
1868 1010 1985 1047 gloriae,

1137 1062 1164 1090 in
1181 1062 1239 1098 ipsa
1259 1060 1357 1097 ‚qloria
1373 1059 1558 1096 perficiuntur
1576 1062 1603 1087 et
1618 1061 1862 1089 consummantum
1878 1061 1905 1086 et
1919 1058 1985 1094 quia

1137 1108 1230 1137 omnia
1245 1107 1322 1135 dona
1343 1110 1408 1135 sunt
1423 1105 1601 1140 huiusmodi,
1617 1105 1688 1134 sicut
1703 1109 1789 1142 patet,
1812 1105 1878 1142 quia
1892 1105 1987 1134 omnia

1138 1155 1252 1184 fuerunt
1273 1154 1301 1182 in
1319 1153 1444 1187 Christo,
1462 1153 1487 1181 in
1504 1161 1560 1190 quo
1581 1152 1633 1181 fuit.
1652 1152 1790 1189 perfectae
1809 1151 1989 1180 beatitudinis

1139 1200 1297 1238 plenitudo:
1311 1200 1375 1228 hinc
1387 1203 1442 1233 est,
1454 1199 1529 1236 quod
1542 1199 1743 1227 rationabiliter
1758 1198 1860 1227 dicitur
1876 1201 1902 1227 et
1918 1206 1991 1227 com-

1140 1247 1262 1276 muniter
1284 1250 1403 1281 tenetur,
1430 1246 1505 1283 quod
1528 1246 1600 1274 dona
1628 1246 1654 1274 in
1677 1246 1766 1283 patria
1795 1254 1849 1274 non
1873 1254 1988 1275 evacua-

1140 1295 1255 1329 buntur,
1278 1294 1326 1322 sed
1350 1293 1500 1331 perfectius
1523 1293 1714 1322 remanebunt.
1741 1310 1779 1313 ——
1804 1293 1880 1322 Unde
1909 1293 1990 1321 ratio-

1140 1350 1204 1375 nes.
1227 1349 1299 1378 quae
1320 1341 1373 1369 hoc
1394 1340 1559 1374 ostendunt,
1582 1340 1775 1369 concedendae
1797 1343 1870 1369 sunt.

1223 1389 1247 1416 l.
1270 1387 1307 1416 Ad
1330 1387 1399 1415 illud
1422 1395 1488 1424 ergo
1510 1387 1585 1424 quod
1607 1387 1699 1424 primo
1727 1387 1858 1415 obiicitur
1880 1386 1906 1415 in
1928 1395 1990 1415 con·
2001 1393 2073 1412 Salutio
2085 1398 2117 1416 op·
2163 1389 2164 1393 ’

1142 1435 1278 1469 trarium,
1300 1435 1375 1472 quod
1397 1434 1469 1463 dona
1492 1437 1557 1463 sunt
1571 1434 1606 1462 ad
1629 1434 1802 1467 sanandum3
1823 1418 2112 1468 dicendum‚¹³⁰⁵¹¹⁰‘⁰”¹'

1142 1483 1217 1520 quod
1241 1482 1378 1519 perfectae
1407 1481 1559 1510 medicinae
1588 1489 1657 1510 usus
1679 1484 1721 1510 est
1745 1489 1799 1509 non
1827 1484 1934 1509 tantum
1963 1481 1991 1510 in

1143 1529 1316 1559 restituendo
1338 1529 1493 1563 sanitatem„
1519 1528 1568 1557 sed
1590 1528 1672 1556 etiam
1696 1528 1722 1556 in
1741 1528 1949 1565 praeservando
1964 1531 1991 1557 et

1144 1576 1332 1606 continuando
1349 1575 1379 1604 ¹¹.
1402 1575 1478 1604 Unde
1494 1575 1567 1604 dona
1582 1575 1608 1603 in
1630 1578 1704 1603 statu
1726 1575 1906 1603 innocentiae
1927 1575 1991 1604 fuis·
2004 1580 2119 1600 Notandum.
2164 1569 2166 1595 ἓ

1144 1627 1205 1654 sent
1225 1624 1259 1652 ad
1282 1623 1427 1652 sanitatem
1451 1622 1701 1659 praeservandam,
1723 1622 1750 1650 in
1765 1625 1840 1651 statu
1860 1630 1928 1651 vero
1942 1632 1993 1652 na-

1145 1676 1231 1701 turae
1246 1671 1346 1708 lapsae
1361 1673 1426 1699 sunt
1440 1670 1474 1700 ad
1497 1670 1643 1698 sanitatem
1660 1670 1859 1707 reparandam,
1875 1670 1901 1698 in
1917 1673 1991 1699 statu

1145 1727 1212 1748 vero
1224 1718 1339 1756 ytoriae
1354 1721 1437 1746 erunt
1451 1717 1484 1745 ad
1502 1717 1647 1746 sanitatem
1665 1717 1881 1745 continuandam
1897 1725 1994 1754 perpe-

1145 1770 1201 1794 tuo.
1219 1766 1290 1794 Licet
1304 1765 1377 1793 enim
1395 1765 1420 1793 in
1441 1764 1488 1792 illo
1503 1767 1577 1793 statu
1592 1772 1646 1792 non
1661 1764 1697 1792 sit
1711 1764 1894 1800 aegritudinis
1910 1772 1989 1793 cura-

1146 1814 1198 1847 tio,
1220 1816 1261 1841 est
1278 1816 1368 1841 tamen
1384 1812 1411 1840 in
1428 1812 1475 1840 illo
1490 1811 1675 1848 sempiternae
1697 1810 1795 1839 salutis
1814 1811 1992 1840 continuatio.

1225 1861 1251 1888 ἓ.
1273 1860 1309 1887 Ad
1334 1859 1402 1887 illud
1426 1858 1501 1896 quod
1523 1858 1665 1891 obiicitur,
1687 1858 1761 1894 quod
1785 1858 1857 1886 dona
1878 1859 1993 1887 suntad

1145 1910 1225 1936 actus
1246 1906 1365 1939 medios⁷
1381 1909 1407 1933 et
1428 1913 1525 1934 omnes
1540 1908 1619 1933 actus
1633 1904 1737 1941 gloriae
1756 1907 1839 1933 erunt
1860 1904 1991 1941 perfecti;

1146 1953 1312 1987 dicendum,
1334 1952 1408 1989 qnod
1432 1952 1503 1980 sicut
1519 1952 1544 1979 in
1568 1954 1640 1980 statu
1663 1951 1728 1979 viae
1743 1951 1884 1988 quoddam
1907 1959 1995 1989 genus

1146 2001 1239 2038 operis
1260 2000 1393 2037 dignitate
1416 2003 1443 2028 et
1464 2002 1527 2027 actu
1550 1999 1670 2027 alterum
1699 1999 1851 2033 antecellit,
1880 1999 1919 2028 sic
1941 2000 1994 2028 erit

1146 2051 1173 2076 et
1196 2047 1221 2075 in
1244 2050 1318 2076 statu
1338 2046 1467 2084 9loriae;
1489 2046 1561 2074 sicut
1582 2045 1664 2074 etiam
1686 2053 1835 2082 possumus
1857 2046 1952 2075 videre
1966 2046 1993 2074 in

1147 2093 1282 2122 membris
1301 2093 1427 2122 eiusdem
1443 2093 1576 2130 corporis.
1600 2092 1675 2121 Unde
1691 2092 1762 2121 sicut
1784 2092 1911 2121 membra
1925 2092 1996 2121 eius-

1148 2142 1211 2170 dem
1233 2141 1359 2177 corporis
1380 2140 1473 2168 omnia
1488 2140 1610 2177 perfecta
1631 2143 1729 2173 erunt,
1751 2143 1778 2168 et
1799 2142 1889 2168 tamen
1906 2148 1994 2168 unum

1149 2190 1307 2218 membrum
1324 2188 1532 2226 quodammodo
1553 2187 1737 2216 excellentius
1755 2187 1843 2216 altero
1864 2187 1997 2216 iudicabi-

1149 2240 1208 2271 tur,
1230 2236 1302 2264 sicut
1323 2234 1422 2264 oculus
1443 2234 1625 2263 excellentior
1645 2234 1730 2270 pede:
1753 2233 1792 2262 sic
1813 2234 1896 2262 etiam
1918 2233 1995 2262 intel-

1149 2283 1291 2320 ligendum
1314 2286 1356 2311 est
1378 2283 1404 2310 in
1433 2282 1539 2319 patria,
1561 2281 1636 2318 quod
1664 2284 1743 2309 actus
1767 2280 1929 2314 virtutum,
1951 2280 1998 2309 do-

1149 2338 1257 2359 norum
1279 2333 1306 2358 et
1328 2328 1540 2358 beatitudinum
1563 2328 1666 2356 ibidem
1687 2335 1784 2356 omnes
1803 2327 1997 2364 perficientur;

1151 2381 1178 2407 et
1194 2381 1283 2406 tamen
1301 2376 1369 2405 nihil
1386 2375 1555 2412 prohibebit,
1577 2375 1652 2412 quod
1663 2374 1684 2387 ¹²
1701 2378 1837 2412 quantum
1853 2375 1888 2403 ad
1910 2382 1998 2411 genus

308 2489 315 2503 ¹
334 2490 379 2511 Art.
402 2489 418 2510 l.
437 2494 459 2516 q.
482 2488 499 2508 1.

308 2529 317 2543 2
335 2528 379 2550 Cir.
400 2527 457 2549 infra
481 2527 511 2549 lit.
530 2526 641 2553 Magistri.
664 2524 684 2546 d.
712 2523 808 2545 XXXV.
828 2529 847 2544 c.
871 2523 895 2550 2,

247 2572 316 2590 ment.
334 2574 356 2596 q.
375 2567 396 2589 3.

309 2606 319 2621 ³³
336 2605 467 2629 Secundum
485 2605 668 2631 Damascenum3
687 2602 740 2624 vide
757 2602 813 2624 infra
832 2601 854 2623 d.
872 2601 908 2623 35.
927 2607 949 2629 q.
972 2600 988 2622 t..
1006 2606 1055 2628 arg.
1074 2600 1094 2621 ⁶2.

248 2646 276 2669 ad
295 2651 376 2674 oppos.
398 2656 430 2660 —
446 2645 489 2666 Pro
512 2642 621 2666 obiicitur
641 2641 691 2664 cod.
710 2641 728 2663 U
750 2640 887 2663 ostenditur.
906 2640 954 2661 Mox
973 2645 1015 2667 pro
1032 2637 1096 2661 dnbi-

250 2685 345 2708 tationz's
357 2684 424 2707 codd.
442 2683 485 2705 UZ
503 2681 636 2709 dubietatis,
657 2684 678 2703 et
696 2687 738 2709 pro
750 2680 865 2703 decursus
888 2678 955 2701 codd.
974 2679 1005 2700 {L
1016 2678 1057 2700 Rs
1068 2684 1093 2699 aa

248 2725 363 2754 defectus,
382 2723 435 2746 edd.
453 2722 576 2746 discursus
600 2722 648 2747 (cfr.
671 2726 740 2748 supra
759 2726 811 2748 pag.
830 2719 886 2747 686,
906 2721 957 2740 nota
976 2718 1015 2746 2.).

311 2763 320 2777 ⁴
337 2762 381 2785 Ctr.
399 2763 455 2784 infra
474 2762 496 2784 d.
514 2761 551 2783 35.
570 2768 592 2789 q.
612 2760 633 2782 3.

311 2802 321 2817 5
337 2803 377 2824 Lit.
396 2801 507 2829 Magistri,
525 2807 544 2823 c.
567 2800 584 2822 1.
602 2799 646 2821 Csr.
665 2798 719 2821 ibid.
737 2797 865 2820 Commerui.
883 2803 904 2825 q.
924 2797 944 2818 2.
968 2796 1097 2823 Respicitur

250 2842 304 2863 nnn.
323 2842 347 2868 2,
369 2841 402 2863 15.

311 2880 321 2894 6
338 2880 365 2902 Ut
383 2879 509 2902 ostenditur
526 2878 582 2900 infra
602 2877 623 2899 d.
643 2877 678 2899 353,
697 2883 719 2905 q.
737 2876 758 2897 6.
776 2887 808 2892 -—
824 2876 874 2897 Mox
892 2880 934 2902 pro
950 2872 1035 2903 poterit
1046 2872 1096 2895 cod.

251 2918 269 2940 R
289 2917 358 2940 debet.

312 2956 322 2970 ⁷
342 2956 406 2978 prov.
429 2956 467 2984 15,
486 2956 530 2977 27:
549 2956 590 2977 Per
607 2956 712 2976 timorem
731 2957 807 2976 autem
829 2952 919 2974 Domini
937 2951 1035 2974 declinat
1052 2956 1099 2972 on]-

252 2995 286 3016 nis
304 3001 315 3016 a
334 2994 401 3016 malo.

918 2525 939 2544 et
957 2521 1012 2543 ibid.
1030 2520 1095 2543 Com-

1217 2479 1226 2494 8
1242 2480 1282 2502 llic
1299 2486 1317 2501 c.
1337 2480 1357 2501 2.
1376 2482 1397 2501 et
1415 2479 1439 2506 3,
1458 2477 1497 2500 ubi
1514 2479 1583 2500 etiam
1601 2477 1715 2499 Ambrosii
1733 2476 1803 2499 verba
1823 2476 1943 2500 habentur.

1214 2519 1224 2533 ⁴³
1242 2519 1295 2540 Dist.
1313 2518 1350 2540 33.
1369 2524 1390 2546 q.
1408 2518 1429 2539 6.
1443 2529 1473 2532 -»
1485 2517 1533 2538 Mox
1552 2522 1594 2544 pro
1612 2516 1642 2539 Et
1658 2515 1680 2539 si
1692 2517 1717 2538 tu
1729 2522 1832 2545 quaeras
1844 2515 1909 2545 [edd.
1922 2514 1999 2545 dicas]

1153 2559 1204 2581 cod.
1222 2558 1239 2580 Ο
1257 2558 1287 2581 Et
1303 2557 1324 2580 si
1340 2557 1393 2587 quis
1409 2557 1516 2586 quaerat.
1535 2556 1603 2578 Paulo
1622 2556 1715 2578 inferius
1734 2561 1775 2583 pro
1791 2554 1902 2584 perfectio
1919 2555 1999 2577 autem

1153 2598 1204 2621 cod.
1222 2599 1241 2620 li
1260 2603 1315 2620 cnm
1332 2602 1388 2625 erqo
1404 2594 1521 2625 perfectio.

1217 2636 1235 2650 ¹⁰
1253 2636 1324 2659 Codd.
1343 2636 1360 2657 ll
1371 2635 1388 2657 U
1399 2635 1417 2656 V
1428 2635 1445 2656 Y
1455 2635 1471 2656 Z
1480 2641 1506 2656 aa
1517 2634 1548 2656 bb
1564 2632 1720 2663 perfectionis.
1738 2633 1833 2655 Inferius
1846 2638 1889 2660 pro
1900 2631 1957 2662 quid
1967 2638 2000 2654 es-

1153 2674 1250 2698 sentiale
1267 2675 1318 2696 cod.
1337 2674 1355 2695 K
1374 2679 1422 2696 esse
1439 2672 1568 2695 essentiale.
1850 2682 1853 2684 -

1217 2714 1234 2728 ¹¹
1253 2715 1342 2741 August
1357 2731 1361 2741 ,
1380 2713 1481 2735 Enarrut.
1498 2713 1519 2733 in
1539 2712 1572 2733 vs.
1590 2711 1611 2733 7.
1629 2717 1650 2733 n.
1674 2711 1714 2732 lO:
1733 2710 1781 2732 Duo
1793 2713 1846 2732 sunt
1862 2709 1935 2731 officia
1955 2715 1999 2731 mc-

1154 2754 1255 2781 dicinnc,
1273 2758 1344 2775 unum
1363 2758 1409 2780 quo
1426 2754 1518 2773 sanatur
1535 2750 1667 2777 infirmitas,
1686 2749 1782 2771 alterum
1799 2754 1844 2776 quo
1862 2748 1946 2769 sanitas
1963 2754 2001 2770 cu-
2018 2753 2023 2758 ·

1154 2792 1258 2815 stoditur.
1275 2804 1307 2808 --
1324 2791 1355 2813 Dc
1374 2791 1484 2818 proposit.
1507 2796 1555 2818 seq.
1582 2790 1621 2811 cfr.
1648 2789 1670 2810 ll.
1688 2788 1748 2810 Sent.
1766 2787 1788 2809 d.
1806 2787 1842 2808 29.
1860 2793 1880 2808 u.
1899 2787 1919 2808 3.
1938 2794 1959 2815 q.
1980 2787 1999 2808 l.

1155 2838 1203 2860 seq.
1222 2844 1251 2847 —
1269 2832 1321 2853 Post
1336 2836 1409 2858 pauca
1427 2835 1470 2857 pro
1488 2827 1649 2858 reparandum
1665 2827 1716 2849 cod.
1735 2826 1753 2847 K
1772 2825 1967 2854 recuperandam.

1218 2870 1237 2884 ¹2
1255 2870 1327 2892 Codd.
1340 2870 1361 2891 X
1371 2869 1389 2891 Y
1402 2868 1466 2898 (J'uin.
1480 2868 1548 2890 Paulo
1560 2870 1611 2889 ante
1623 2872 1665 2894 pro
1675 2864 1829 2894 perficientur
1840 2865 1918 2892 plures
1931 2865 1998 2887 codd.

1154 2908 1325 2939 perficiuntur,
1345 2908 1398 2930 cdd.
1415 2906 1577 2937 perficiantur.
1595 2904 1658 2928 circa
1676 2904 1744 2925 finem
1763 2903 1829 2926 solut.
1848 2910 1890 2931 pro
1908 2905 1929 2926 et
1951 2910 2001 2933 ope-

1155 2955 1212 2971 rum
1229 2947 1296 2970 codd.
1314 2948 1331 2969 Α
1343 2947 1361 2968 Κ
1379 2947 1401 2969 et
1417 2944 1594 2975 operationum,
1614 2946 1635 2965 et
1652 2942 1750 2964 subinde
1763 2943 1847 2969 pariter
1864 2949 1907 2970 pro
1925 2942 2001 2971 operis

1156 2988 1206 3010 cod.
1226 2987 1246 3009 X
1264 2985 1406 3015 operationis
1415 2993 1424 3013 ,·
1442 2985 1535 3006 demum
1554 2988 1595 3010 pro
1613 2981 1723 3010 anteponi
1739 2981 1790 3004 cod.
1807 2982 1824 3003 Α
1841 2981 1962 3011 praeponi.
