2166 3366
239 249 353 286 Propter
374 250 448 286 quod
471 253 550 283 nota,
572 250 646 286 quod
674 250 793 286 Spiritus
825 254 937 280 sanctus
959 251 1005 279 ali-

0 302 105 334 monnau
121 304 148 322 111-
161 296 272 333 quando
294 300 426 333 operatur
448 300 478 324 ut
494 296 641 333 Spiritus,
664 297 814 334 aliquando
831 301 860 326 ut
874 302 1004 326 sauctus.

44 331 117 348 ⁵²¹⁰⁰²¹⁰
160 344 235 372 Tunc
257 343 370 381 quidem
393 347 525 380 operatur
540 347 571 372 ut
587 344 734 381 Spiritus,
756 345 868 381 quando
883 353 954 382 opus
969 345 1005 373 fa-

160 391 196 420 cit
217 399 303 428 supra
324 395 473 425 naturam3
494 394 559 419 tunc
582 394 613 419 ut
641 391 760 428 Spiritus
790 395 912 419 sauctus
943 399 1005 428 ope-

161 440 254 470 ratur.
276 445 339 466 cum
362 446 415 466 non
437 437 500 466 tacit
522 437 612 466 solum
641 446 712 474 opus
739 445 824 475 supra
854 441 1003 472 naturam,

159 486 207 515 sed
229 486 311 515 etiam
333 485 483 514 sanctificat
506 484 591 518 illud,
614 492 700 521 supra
719 485 793 521 quod
809 488 950 521 operatur.
965 502 1004 505 —

158 533 225 562 Dico
246 533 346 569 igitur,
367 532 440 569 quod
464 532 490 560 in
506 531 683 567 conceptione
698 531 784 560 solius
800 531 856 559 Filii
872 531 936 565 Dei,
955 531 1001 568 qui

158 583 200 609 est
220 580 337 608 Sanctus
365 579 545 612 Sanctorum,
568 587 620 607 non
643 578 734 606 solum
756 582 888 615 operatus
909 582 949 607 est
973 582 1003 607 ut

158 627 304 664 Spiritus,
326 626 375 655 sed
397 629 427 654 ut
453 626 572 663 Spiritus
602 629 732 654 sanctita.
765 626 792 653 ln
824 625 1002 662 conceptione

158 683 240 709 vero,
261 683 316 712 qua
338 675 451 703 loannes
473 677 514 702 est
535 676 699 710 conceptus.
722 673 779 701 sive
801 672 881 701 beata
904 672 1002 708 Virgo,

157 725 288 760 operatus
310 725 351 749 est
372 724 404 749 ut
426 720 557 758 Spiritus
579 724 685 748 tantum
699 720 725 753 1;
748 719 809 748 ideo
832 719 891 747 sola
919 719 1002 755 Virgo

157 770 240 798 Maria
262 770 364 799 dicitur
386 769 544 805 concepisse
560 768 594 797 de
609 768 712 805 Spiritu
735 770 837 795 sancto.
854 766 1002 802 Propterea

156 817 262 846 nullius
289 817 476 854 conceptionis
508 815 708 844 solemnitatem
738 813 860 842 celebrat
883 811 1001 840 Ecclesia

155 866 206 895 nisi
229 865 315 894 solius
337 864 393 892 Filii
416 863 464 891 Dei
487 863 512 890 in
535 861 746 890 Annuntiatione
769 860 864 888 beatae
881 858 1001 894 Virginis

154 912 262 940 Mariae.

231 961 299 989 Sunt
332 963 422 987 tamen
455 957 556 995 aliqui,
589 956 694 993 quiex
721 953 831 991 speciali
855 952 1000 981 devotione

14 1009 141 1056 wnssssnfssssi‘}
154 1007 296 1037 celebrant
311 1005 517 1042 conceptionem
534 1004 629 1032 beatae
645 1001 781 1038 Virginis,
796 1009 866 1038 quos
881 1008 930 1028 nec
945 1007 1001 1027 om-

16 1055 37 1074 Β·
51 1056 74 1075 Μ·
89 1056 112 1074 V·
156 1053 242 1083 nin02
265 1053 390 1082 laudare
411 1060 460 1080 nec
482 1050 653 1087 simpliciter
674 1048 765 1077 audeo
784 1045 999 1084 reprehendere.

17 1102 57 1121 ΝΜ
69 1103 144 1144 Ἓωῗῑηῦ
157 1102 214 1130 Non
236 1100 348 1129 omnino
376 1097 542 1136 approbare
562 1096 668 1129 audeo,
691 1103 741 1132 pro
762 1102 794 1123 eo
815 1093 890 1131 quod
912 1093 999 1121 sancti

16 1131 72 1150 appro
87 1132 111 1144 a*
157 1148 266 1182 Patres,
287 1146 334 1184 qui
349 1146 417 1174 alias
433 1144 620 1174 solemnitates
636 1142 768 1179 Virginis,
784 1141 888 1178 Spiritu
904 1143 999 1169 sancto

154 1195 293 1228 dictante,
315 1195 487 1225 statuerunt,
509 1191 556 1228 qui
586 1190 669 1219 etiam
692 1189 783 1226 magni
805 1191 943 1216 amatores
972 1190 999 1215 et

153 1245 330 1271 veneratores
352 1239 447 1268 beatae
476 1238 597 1275 Virginis
628 1237 759 1271 fuerunt,
790 1234 997 1271 conceptionem

156 1288 275 1325 Virginis
296 1287 478 1316 solemnizare
498 1294 552 1314 non
574 1285 768 1313 decreverunt.
792 1282 891 1311 Beatus
913 1282 995 1310 etiam

156 1334 352 1369 Bernardusss,
374 1334 543 1371 praecipuus
565 1331 685 1367 Virginis
706 1333 813 1358 amator
835 1333 862 1358 et
884 1329 997 1357 lionoris

150 1383 211 1411 eius
238 1381 357 1416 zelator,
390 1380 450 1408 illos
482 1378 677 1416 reprehendit,
709 1377 756 1414 qui
789 1375 995 1413 conceptionem

151 1429 271 1466 Virginis
292 1428 441 1457 celebrant.
463 1427 571 1455 Statuta
602 1425 683 1453 etiam
717 1423 884 1453 universalis
910 1422 997 1451 Eccle-

151 1476 206 1504 siae
228 1475 262 1504 de
283 1476 447 1503 Sanctorum
470 1472 679 1502 celebritatibus
694 1471 786 1500 onmia
801 1470 916 1499 fundata
931 1473 997 1498 sunt

150 1530 235 1559 super
257 1522 446 1555 sanctitatem,
473 1524 505 1549 ut
527 1520 604 1548 nullo
635 1519 680 1547 die
711 1527 762 1556 pro
783 1518 877 1555 aliquo
898 1517 996 1545 Sancto

153 1569 328 1602 solemnizet,
350 1568 376 1596 in
399 1576 454 1605 quo
477 1567 520 1596 vel
543 1575 593 1604 pro
615 1575 670 1604 quo
693 1574 810 1603 persona
833 1568 926 1593 sancta
942 1572 995 1592 non

149 1616 249 1650 fuerit,
272 1616 316 1644 cui
339 1616 428 1644 honor
452 1615 496 1643 ille
517 1614 651 1643 defertur.
667 1613 692 1641 Si
708 1621 774 1649 ergo
789 1612 920 1641 sanctitas
942 1620 995 1639 non

150 1662 202 1691 tuit
222 1663 249 1691 in
271 1663 383 1699 Virgine
404 1665 467 1690 ante
489 1662 597 1690 animae
617 1661 798 1694 infusionem,
815 1668 868 1689 nou
885 1660 995 1689 videtur

149 1717 352 1746 usquequaque
367 1716 497 1737 securum
513 1708 699 1745 conceptionis
714 1707 789 1736 illius
804 1708 887 1737 etiam
899 1708 996 1737 solem-

22 1755 137 1799 Nffiggffie-
149 1755 263 1784 nitatem
291 1755 441 1784 celebrare.
463 1771 501 1775 —
522 1755 579 1783 Non
601 1755 684 1783 etiam
706 1755 796 1783 audeo
822 1755 934 1783 omniuo
954 1763 996 1782 re-

147 1801 340 1839 prehendere,
362 1801 443 1839 quia,
466 1805 496 1830 ut
517 1802 631 1839 quidam
655 1801 766 1833 dicunt.
798 1802 866 1830 haec
898 1801 995 1830 solem-

150 1850 221 1878 nitas
242 1849 376 1878 celebrari
406 1857 459 1877 non
489 1849 578 1886 coepit
600 1849 722 1877 bumana
744 1848 916 1883 inventione,
945 1848 993 1877 sed

149 1896 242 1925 divina
263 1896 473 1930 reveladone',
495 1895 569 1933 quod
592 1895 613 1924 si
637 1903 736 1924 verum
758 1899 815 1929 est,
834 1895 892 1924 sine
908 1895 994 1924 dubio

151 1943 254 1972 bonum
277 1947 319 1972 est
340 1943 521 1972 solemnizare
541 1943 567 1971 in
582 1943 643 1971 eius
658 1943 843 1979 conceptione.
859 1943 912 1971 Sed
927 1943 993 1980 quia

12 121 13 134 i

12 155 14 175 1

11 199 14 215 l

11 233 13 274 ἶ

42 557 56 565 ιι

750 173 833 201 DlST.
856 173 895 201 lit.
920 173 946 201 t).
969 174 985 201 1.
1007 174 1079 202 ΑΒΤ.
1103 175 1119 202 Ι.
1142 176 1278 212 ΟΠᾹΕΞΤ.
1302 177 1317 204 1.
1872 180 1907 209 63

1062 253 1113 281 hoc
1135 253 1326 282 authenticum
1349 263 1402 283 non
1424 259 1480 290 est,
1496 264 1550 284 non
1566 257 1760 293 compellimur
1775 258 1907 292 credere3

1061 299 1126 336 quia
1147 300 1228 328 etiam
1252 304 1347 330 contra
1369 301 1453 330 fidem
1475 306 1580 331 rectam
1601 312 1654 332 non
1677 308 1733 338 est,
1756 312 1809 332 non
1835 313 1909 334 com-

1062 346 1194 383 pellimur
1217 355 1327 384 negare.
1859 345 1862 348 ’

1140 393 1229 422 Potest
1251 395 1333 423 etiam
1362 402 1438 428 esse,
1460 396 1534 433 quod
1558 396 1603 424 illa
1625 397 1785 426 solemnitas
1813 398 1905 435 potius
1927 406 1969 423 Alio
1983 406 2037 424 modo

1061 441 1181 469 refertur
1203 441 1238 469 ad
1260 442 1333 470 diem
1356 442 1580 472 sanctificationis
1605 452 1689 481 quam
1711 445 1906 482 conceptionis.
1919 429 2038 471 {3353}ssss-

1062 488 1091 516 Et
1112 489 1242 525 quoniam
1266 489 1325 517 dies
1346 490 1532 526 conceptionis
1551 491 1603 519 suit
1618 494 1708 523 certa,
1730 495 1757 520 et
1772 492 1831 520 dies
1846 500 1906 521 san-

1061 535 1373 569 ctificationisincerta,
1395 540 1426 565 ut
1448 537 1551 573 patebit
1574 538 1682 571 infra⁵‚
1704 538 1766 567 ideo
1797 547 1850 567 nou
1874 539 1908 567 ir-

1060 582 1261 611 rationabiliter
1293 583 1453 612 solemnitas
1485 583 1539 612 diei
1569 584 1793 616 sanctificationis
1822 586 1905 614 statui

1059 629 1148 666 potuit
1171 629 1196 657 in
1213 629 1256 657 die
1272 630 1474 666 conceptionis;
1495 638 1544 659 nec
1561 631 1714 666 immerito,
1731 632 1796 669 quia
1811 641 1907 669 quam-

1059 676 1101 703 vis
1122 676 1307 712 conceptionis
1329 676 1402 705 diem
1424 685 1478 705 non
1499 681 1624 713 oporteat
1639 678 1790 712 celebrari,
1808 688 1858 716 pro
1872 687 1905 708 eo

1059 722 1133 759 quod
1157 730 1209 750 non
1232 722 1283 750 l'uit
1304 723 1447 751 sanctitas
1463 724 1493 751 in
1508 728 1657 761 concepto,
1681 730 1797 762 possunt
1813 729 1904 755 tamen
1919 733 2026 752 Distinctio.

1059 769 1342 806 irreprehensibiliter
1363 770 1488 806 gaudere
1513 775 1623 800 sanctae
1648 772 1772 807 animae,
1798 781 1849 809 pro
1873 781 1906 802 eo

1060 816 1163 844 scilicet
1178 816 1252 853 quod
1274 819 1339 844 tunc
1361 815 1529 845 iuelzoatttuz
1545 821 1593 846 est.
1610 818 1677 854 Quis
1698 819 1770 847 enim
1787 820 1905 849 audiens

1059 863 1216 900 Virginem,
1238 863 1273 891 de
1294 871 1349 900 qua
1371 863 1446 892 salus
1467 864 1549 892 totius
1566 865 1660 893 mundi
1679 866 1828 902 processit,
1843 875 1904 895 cou-
1919 873 2033 893 Notandum.

1059 914 1183 948 ceptam,
1205 911 1308 947 gratias
1338 911 1393 939 Deo
1424 911 1570 940 exsolvere
1602 912 1722 949 negligat
1750 916 1777 941 et
1798 913 1905 942 omittat

1058 958 1206 986 exsultare
1228 958 1258 985 in
1280 958 1336 985 Deo
1358 957 1489 986 saltaturi
1508 958 1602 991 suo⁵,
1625 959 1676 987 nisi
1699 960 1745 996 qui
1768 967 1831 996 erga
1849 960 1904 996 glo-

1058 1005 1160 1033 riosam
1192 1005 1333 1041 Virginem
1366 1004 1458 1033 minus
1490 1004 1588 1033 devote
1620 1005 1740 1034 afficitur
1767 1010 1793 1035 et
1816 1007 1903 1043 inagIs

1057 1052 1214 1081 considerat
1232 1052 1402 1088 praesentia
1428 1060 1511 1089 quam
1544 1051 1669 1089 sutura,
1703 1052 1790 1090 magis
1821 1054 1904 1082 etiam

1057 1099 1214 1127 considerat
1237 1099 1304 1127 boui
1317 1098 1460 1136 defectum
1474 1107 1558 1136 quain
1574 1098 1825 1136 sumtamentzim?
1848 1101 1904 1129 Ete-

1056 1146 1113 1174 nim
1135 1146 1158 1174 si
1181 1145 1255 1174 filius
1276 1146 1350 1182 regis
1372 1145 1491 1174 claudus
1514 1149 1660 1180 nascatur,
1683 1147 1730 1183 qui
1750 1147 1785 1175 sit
1799 1155 1815 1175 a
1830 1147 1903 1175 clau-

1056 1193 1192 1221 dicatione
1216 1201 1348 1230 processu
1371 1193 1504 1230 temporis
1527 1193 1708 1228 liberandus;
1731 1202 1783 1222 non
1805 1197 1847 1222 est
1868 1194 1903 1222 de

1056 1239 1256 1269 claudicatione
1288 1240 1456 1271 dolendum.
1489 1240 1536 1268 sed
1570 1240 1662 1276 potius
1693 1240 1727 1269 de
1760 1241 1901 1269 nativitate

1055 1287 1244 1324 gaudendum.
1267 1287 1318 1315 Per
1341 1287 1414 1315 bunc
1436 1286 1551 1315 modum
1574 1287 1594 1315 si
1618 1287 1681 1324 quis
1714 1287 1739 1315 in
1772 1287 1816 1316 die
1842 1295 1903 1316 con-

1055 1334 1189 1371 ceptionis
1220 1334 1281 1362 eius
1303 1334 1478 1367 solemnizet,
1500 1334 1646 1362 attendens
1668 1335 1756 1370 magis
1775 1334 1903 1371 sanctifi-

1054 1381 1196 1410 cationem
1217 1380 1356 1418 futuram
1372 1389 1454 1418 quam
1472 1381 1684 1418 conceptionem
1702 1385 1900 1418 praesentem,

1054 1436 1108 1456 non
1131 1428 1242 1457 videtur
1264 1427 1365 1465 dignus
1386 1428 1537 1465 redargui3
1569 1431 1596 1457 et
1628 1428 1689 1457 ideo
1718 1428 1796 1463 dixi,
1825 1429 1900 1466 quod

1054 1475 1123 1503 tales
1145 1483 1194 1503 nec
1215 1474 1384 1511 vituperare
1405 1474 1495 1503 audeo
1516 1482 1566 1503 nec
1587 1475 1720 1504 latidum.

1133 1521 1222 1549 Credo
1253 1524 1344 1550 tamen
1376 1524 1403 1550 et
1431 1521 1539 1550 conlido
1568 1522 1602 1550 de
1624 1522 1736 1558 Virgine
1762 1522 2043 1570 gloriosafflnilgglqsno-

1054 1568 1171 1606 quodsi
1198 1569 1260 1605 quis
1293 1569 1363 1597 banc
1394 1568 1597 1597 solemnitatem
1629 1569 1751 1597 celebrat
1780 1578 1833 1597 non
1864 1578 1900 1598 ex
1938 1554 2007 1571 2³¹¹&

1053 1623 1148 1644 amore
1174 1615 1338 1646 novitatis⁷.
1360 1615 1409 1644 sed
1431 1616 1523 1652 potius
1545 1624 1580 1644 ex
1596 1616 1742 1644 devotione
1765 1616 1900 1653 Virginis,

1053 1670 1107 1690 non
1128 1662 1245 1691 credens
1273 1662 1356 1691 etiam
1389 1666 1485 1691 contra
1511 1662 1581 1691 illud
1612 1663 1686 1700 quod
1719 1663 1780 1692 elici
1810 1666 1900 1700 potest

1053 1717 1088 1738 ex
1110 1717 1189 1737 sacra
1220 1709 1382 1745 Scriptura3
1408 1709 1484 1746 quod
1506 1709 1652 1738 benedicta
1674 1709 1757 1746 Virgo
1780 1710 1899 1738 devotio-

1053 1764 1115 1784 nem
1138 1756 1198 1784 eius
1219 1758 1361 1793 acceptat;
1383 1759 1409 1784 et
1430 1756 1452 1784 si
1473 1756 1579 1793 aliquid
1601 1760 1642 1785 est
1661 1756 1896 1793 reprehensibile,

1053 1810 1149 1839 spero,
1171 1803 1246 1839 quod
1268 1802 1343 1839 apud
1367 1803 1470 1831 iustum
1494 1803 1614 1831 Iudicem
1634 1796 1794 1840 dignabitur
1816 1811 1900 1832 excu-

1052 1857 1122 1878 sare.
1145 1849 1197 1878 Nec
1221 1849 1285 1878 huic
1306 1849 1419 1878 obviant
1440 1849 1513 1878 dicta
1535 1850 1676 1878 Bernardi.
1707 1850 1799 1879 Potius
1824 1851 1898 1878 enim

1052 1897 1168 1925 intendit
1189 1896 1341 1925 excludere
1369 1904 1511 1931 errorem,
1544 1904 1577 1925 ne
1609 1896 1672 1934 quis
1694 1896 1789 1925 credat
1811 1897 1899 1933 Virgi-

1050 1951 1113 1971 nem
1135 1942 1333 1972 sanctiticatau]
1356 1943 1384 1971 in
1405 1943 1599 1980 conceptione,
1621 1950 1706 1980 quam
1722 1951 1788 1980 erga
1811 1943 1899 1981 Virgi-

211 2073 217 2087 ¹
237 2073 279 2095 Pro
291 2073 384 2095 trintum
396 2072 463 2094 codd.
476 2073 492 2094 A
501 2072 519 2094 T
528 2072 546 2093 V
559 2078 681 2100 perperam
693 2073 798 2101 sanctus,
813 2072 876 2101 quod
888 2073 992 2101 sphalma

147 2112 198 2134 cod.
218 2112 232 2133 F
249 2112 364 2140 corrigere
382 2112 459 2134 nititur
476 2111 583 2140 ponendo
594 2117 641 2134 nou
659 2113 686 2134 ut
698 2111 802 2142 Spiritus
815 2113 919 2135 sanctus.
937 2112 993 2134 Sub-

147 2150 199 2173 inde
217 2156 259 2178 pro
276 2150 404 2179 Propterea
421 2149 473 2172 edd.
492 2149 624 2173 Praeterea.

209 2189 219 2204 ²
236 2188 291 2212 Cod.
311 2190 328 2211 G
345 2188 488 2218 simpliciter.
503 2189 648 2217 Aliquantulo
661 2189 754 2211 interius
767 2196 809 2217 pro
826 2189 927 2213 dictante
938 2190 991 2212 edd.

147 2228 241 2252 docente
258 2232 279 2250 et
296 2234 348 2250 mox
366 2227 498 2251 docuerunt
515 2234 557 2256 pro
574 2227 734 2251 decret-erunt.

209 2266 218 2281 Β
236 2267 304 2295 Epist.
326 2265 375 2289 174.
393 2273 414 2289 11.
437 2267 459 2289 l:
479 2266 543 2289 Unde
561 2267 673 2289 miramur
684 2268 750 2295 satis,
763 2267 818 2296 quid
831 2268 907 2289 visum
925 2268 992 2290 suerit

148 2307 191 2328 hoc
217 2309 320 2334 tempore
345 2305 485 2334 quibusdam
512 2308 615 2328 vestrum
644 2306 744 2328 votuisse
773 2308 863 2328 mutare
891 2307 991 2329 colorem

148 2345 274 2372 optimum,
293 2350 376 2366 novam
394 2343 525 2366 inducendo
543 2344 706 2372 celebritatem,
724 2350 795 2373 quam
807 2345 863 2367 ritus
880 2345 992 2367 Ecclesiae

148 2383 230 2411 nescit,
259 2389 303 2405 non
332 2382 415 2410 probat
437 2383 506 2410 ratio,
536 2389 579 2405 non
604 2383 750 2405 commendat
777 2384 869 2412 antiqua
893 2383 990 2406 traditio.

149 2421 265 2450 Numquid
283 2421 386 2444 Patribus
403 2421 516 2443 doctiores
534 2426 572 2444 aut
591 2421 721 2444 devotiores
742 2423 842 2444 sumus?
863 2422 991 2445 Periculose

147 2461 317 2489 praesumimus
338 2460 451 2489 quidquid
473 2461 577 2487 ipsorum
603 2461 624 2482 in
651 2460 733 2483 talibus
758 2461 878 2489 prudentia
906 2463 992 2489 praete-

149 2500 184 2522 riit
201 2503 244 2522 etc.
268 2511 300 2515 —
324 2499 393 2521 Paulo
419 2499 513 2522 interius
538 2505 580 2527 pro
598 2498 717 2522 cntebrmtt
736 2500 802 2522 codd.
821 2500 861 2521 EF
873 2500 890 2521 V
902 2500 991 2522 WXY

145 2537 299 2562 celebrabant.

208 2576 217 2591 ⁴
235 2577 293 2598 lutet·
310 2582 380 2604 opera
398 2577 498 2598 Ausclmi
517 2577 557 2599 trin
584 2578 731 2599 inveniuntur
756 2578 866 2605 opuscula
889 2577 917 2599 de
934 2578 990 2600 sesto

148 2616 307 2638 immaculatae
323 2614 482 2643 Conceptionis
500 2617 623 2643 trac-tantia,
637 2622 696 2644 quae
709 2615 876 2638 inscribuntur:
894 2616 923 2639 de
935 2616 990 2638 Con-

148 2655 252 2682 ceptione
270 2655 293 2676 B.
312 2655 393 2676 Mariae
412 2654 485 2682 Virg.;
504 2654 637 2676 Miraculum
656 2654 683 2676 dc
696 2653 849 2682 Conceptione
867 2655 890 2677 B.
909 2655 990 2677 Mariae

148 2694 224 2722 Vir-g.;
242 2694 362 2716 Tractatus
387 2693 415 2716 de
441 2693 594 2721 Cone-optione
614 2694 636 2716 B.
664 2694 745 2715 lilariac
764 2694 825 2721 virg.
846 2694 896 2717 Duo
914 2695 989 2722 priora

146 2737 217 2760 agunt
235 2733 263 2755 de
285 2733 376 2755 historia
395 2732 568 2755 innodat-tionis
587 2733 654 2754 buius
681 2732 744 2760 t‹·sti;
763 2733 819 2755 tertii
839 2736 918 2755 auctor
935 2733 989 2755 cele-

146 2771 273 2794 brationem
292 2772 360 2794 buius
377 2772 433 2800 testi,
452 2778 511 2800 quac
529 2775 582 2794 tunc
601 2772 711 2800 temporis
728 2772 749 2794 in
776 2778 820 2794 non
839 2773 918 2800 paucis
936 2772 990 2795 locis

148 2810 244 2833 diminui
261 2811 297 2833 vel
323 2817 412 2834 cessare
438 2811 566 2839 inceperat,
584 2811 662 2833 fovere
685 2813 706 2833 ct
723 2817 808 2839 augere
827 2811 929 2833 intendit.
948 2811 988 2833 ista

147 2850 266 2878 opuscula,
284 2850 328 2872 iam
347 2850 385 2872 diu
399 2852 422 2871 ut
435 2850 511 2878 spuria
530 2850 618 2877 agudta,
637 2850 719 2871 nostris
736 2849 879 2877 temporibus
891 2853 989 2878 cognato

147 2889 262 2916 Ausclmi,
287 2888 390 2911 ciusdem
417 2889 528 2917 nominis,
555 2888 704 2916 audientum-3
731 2889 770 2917 qui
795 2889 851 2911 atter
868 2890 989 2911 Anselmus

148 2927 219 2954 (tit-'5
236 2927 308 2950 abbas
325 2928 346 2949 in
364 2931 478 2950 conventu
497 2928 599 2950 Romanu
618 2928 639 2949 S.
659 2927 746 2955 Sabae,
769 2927 898 2950 1121-1149
916 2927 988 2950 abbas

146 2967 167 2988 in
181 2967 202 2988 S.
216 2966 407 2995 titinnindsbury,
426 2967 514 2989 interim
535 2967 661 2989 tiso-1138
679 2967 803 2994 episcopus
820 2966 986 2995 Londincnsis),

1050 2076 1074 2095 ut
1098 2079 1125 2096 ex
1150 2073 1243 2101 epistola
1270 2073 1299 2095 ab
1317 2072 1399 2095 abbate
1423 2072 1515 2095 Osbcrt«
1530 2073 1559 2095 cle
1576 2072 1641 2095 Clare
1658 2079 1678 2095 a.
1697 2073 1756 2095 1128
1774 2073 1803 2095 ad
1820 2074 1897 2101 ipsum

1048 2112 1099 2134 data
1125 2116 1236 2140 apparet,
1261 2115 1369 2134 strenuus
1394 2115 1553 2139 propugnator
1579 2116 1601 2133 et
1627 2112 1701 2134 fautor
1719 2112 1760 2134 suit
1777 2113 1898 2134 memorati

1048 2151 1097 2174 testi
1115 2151 1165 2178 (cfr.
1183 2151 1295 2179 Epistolae
1314 2150 1417 2173 Not-berti
1436 2150 1464 2172 de
1482 2151 1580 2178 Losinga
1597 2154 1640 2173 etc.
1658 2151 1710 2173 edit.
1729 2158 1740 2173 a
1764 2151 1820 2173 Rob.
1843 2152 1896 2173 Ans-

1050 2193 1139 2219 trutter,
1162 2191 1233 2213 Lond.
1256 2190 1337 2219 1846).
1351 2190 1373 2212 111
1391 2190 1482 2213 duobus
1494 2190 1611 2218 prioribus
1624 2192 1719 2213 istorum
1731 2191 1895 2218 opusculorum

1048 2233 1159 2257 narratur,
1178 2229 1269 2251 cuidam
1287 2229 1375 2257 abbati,
1394 2230 1469 2252 Elsino
1488 2230 1614 2258 (Helsuinoj
1628 2230 1731 2257 nomine,
1744 2230 1766 2251 in
1785 2230 1841 2252 mari
1859 2236 1896 2257 pe-

1048 2268 1151 2291 riclitanti
1162 2287 1167 2296 ,
1186 2269 1303 2297 quendam
1321 2268 1490 2296 pontificalibus
1516 2268 1619 2291 vestibus
1636 2272 1744 2290 ornatum
1761 2269 1896 2296 apparuisse

1049 2313 1149 2336 eumque
1174 2307 1274 2329 salvasse
1300 2313 1325 2329 ea
1352 2306 1492 2334 conditione,
1519 2310 1543 2329 ut
1569 2306 1695 2329 celebraret
1721 2307 1796 2328 Matris
1813 2306 1895 2330 Christi

1048 2345 1207 2374 Couceptionis
1225 2347 1307 2368 testum
1325 2349 1387 2368 sexto
1415 2345 1467 2367 ldus
1485 2345 1625 2368 Decembris.
1644 2358 1673 2361 —
1691 2345 1806 2373 Bcrnard.y
1825 2346 1893 2373 Epist.

1051 2385 1102 2407 174.
1121 2391 1142 2407 n.
1160 2385 1185 2412 6,
1204 2385 1262 2406 lianc
1279 2385 1412 2407 relationem
1430 2385 1555 2412 respiciens
1580 2385 1621 2407 ait:
1646 2384 1691 2406 Sed
1709 2384 1824 2412 profertur
1840 2385 1896 2407 scri-

1049 2427 1114 2451 ptum
1133 2430 1257 2451 supernae,
1285 2427 1308 2445 ut
1332 2425 1408 2451 aiunt,
1433 2424 1591 2451 revelationis;
1617 2424 1682 2452 quasi
1708 2426 1730 2446 et
1755 2424 1832 2452 quivis
1849 2430 1894 2446 non

1049 2465 1117 2491 queat
1129 2463 1240 2490 seriptum
1253 2468 1325 2491 aeque
1339 2463 1474 2490 producere,
1488 2463 1509 2484 in
1522 2468 1569 2491 quo
1583 2463 1654 2490 Virgo
1666 2462 1771 2485 videatur
1783 2463 1805 2485 id
1818 2463 1894 2490 ipsum

1047 2501 1157 2523 mandare
1175 2504 1196 2523 et
1213 2501 1241 2523 de
1259 2501 1393 2529 parentibus
1410 2502 1464 2529 suis,
1482 2501 1542 2523 iuxta
1557 2501 1646 2523 Domini
1665 2501 1799 2524 mandatum
1816 2501 1894 2524 dicen-

1047 2541 1086 2562 tis:
1104 2539 1201 2562 Honora
1226 2540 1319 2569 patrem
1339 2541 1408 2563 tuum
1433 2541 1455 2562 et
1473 2541 1575 2562 nzatrem
1592 2541 1658 2563 tuam
1683 2540 1763 2569 (1511011.
1782 2541 1818 2569 20,
1841 2541 1892 2569 12).

1048 2579 1097 2607 lpse
1115 2579 1168 2600 1111111
1187 2579 1250 2601 facile
1269 2579 1398 2607 persuadeo
1415 2580 1506 2607 scriptis
1526 2578 1609 2602 talibus
1627 2585 1671 2601 non
1690 2580 1790 2608 moveri,
1808 2579 1893 2608 quibus

1048 2624 1089 2640 nec
1106 2618 1162 2640 ratio
1179 2617 1335 2646 suppeditare,
1353 2624 1394 2640 nec
1412 2621 1471 2640 certa
1489 2619 1604 2641 invenitur
1622 2618 1698 2640 faxere
1715 2619 1838 2641 auctoritas
1850 2621 1892 2641 etc.

1046 2668 1078 2672 —
1094 2657 1163 2679 Paulo
1180 2657 1287 2684 superius
1305 2662 1347 2684 pro
1365 2662 1477 2680 secuawn
1494 2657 1561 2679 codd.
1580 2657 1597 2679 Α
1608 2657 1625 2679 T
1636 2657 1654 2679 U
1665 2657 1684 2679 V
1695 2657 1714 2679 X
1732 2663 1856 2685 securam,
1871 2660 1893 2680 et

1047 2695 1146 2717 subinde
1163 2702 1205 2723 pro
1218 2695 1373 2724 conceptionis
1386 2695 1450 2718 iltius
1462 2695 1533 2718 elsam
1545 2695 1716 2719 solemnitatem
1729 2696 1795 2718 codd.
1809 2697 1824 2718 Ε
1835 2696 1851 2718 U
1863 2696 1892 2718 W

1047 2734 1218 2763 conceptionem
1231 2734 1295 2757 illins
1307 2734 1459 2757 solemnitate.
1474 2735 1541 2757 Paulo
1554 2735 1648 2757 interius
1665 2742 1707 2763 pro
1718 2741 1806 2765 nequi-e
1823 2735 1891 2758 codd.

1047 2772 1094 2795 ΜΟ
1111 2773 1236 2803 neqliyere.

1109 2811 1119 2826 ⁵
1136 2812 1175 2834 llic
1192 2818 1213 2841 q.
1232 2812 1252 2835 3.
1270 2825 1301 2829 —
1318 2813 1463 2842 Aliquantulo
1482 2813 1575 2836 interius
1594 2820 1635 2842 pro
1653 2813 1677 2837 in
1695 2815 1803 2843 concepto
1822 2814 1889 2837 codd.

1047 2851 1065 2872 Μ
1076 2850 1093 2873 Ο
1110 2850 1135 2874 in
1152 2851 1308 2881 conceptione.

1108 2889 1117 2904 ⁶
1135 2890 1263 2918 iit-spicum·
1280 2891 1333 2913 Luc.
1356 2891 1373 2919 t,
1392 2890 1428 2913 47.

1108 2929 1163 2950 71111
1182 2929 1232 2952 cod.
1252 2930 1278 2957 tt,
1296 2930 1331 2952 alii
1357 2930 1424 2953 codd.
1450 2929 1593 2959 nativitatis,
1619 2930 1671 2953 edd.
1698 2931 1817 2955 vanitatis.
1841 2931 1889 2954 Mox

1046 2974 1087 2997 pro
1104 2974 1150 2990 nou
1169 2967 1266 2991 credens
1283 2967 1353 2991 etiam
1372 2969 1421 2992 Vat.
1438 2975 1487 2992 11011.
1504 2969 1601 2993 credens
1618 2976 1674 2993 esse.
