2166 3366
15 560 117 581 notandum
120 573 124 578 .

16 1677 80 1693 emona
98 1673 125 1692 di-

11 1696 38 1716 cis
47 1696 90 1715 duo.

0 2198 2 2210 ι
24 2192 78 2215 Argg.
106 2197 126 2210 ro

0 2216 128 2239 imma}-

767 195 849 224 DlST.
872 196 902 224 X.
923 196 995 224 ART.
1018 196 1036 224 1.
1057 197 1192 233 QUAEST.
1215 197 1254 225 ΙΙΙ.

138 276 230 311 posset
251 273 342 302 resisti
364 272 403 301 illi
419 273 501 301 modo
515 273 660 309 arguendi.
676 272 733 300 Non
748 272 820 301 enirn
837 273 978 310 sequitur:

139 321 235 349 Petrus
256 323 297 348 est
318 319 511 353 individuum,
532 319 687 348 seeundum
708 319 782 356 quod
805 319 850 348 hic
878 320 977 347 homo:

137 374 203 403 ergo
224 369 265 395 est
286 366 481 399 individuum,
503 366 658 395 secundum
679 365 753 402 quod
775 366 868 393 homo.

217 414 242 441 ⁹2.
264 412 302 441 Ad
324 412 394 440 illud
416 412 490 449 quod
512 412 657 445 obiicitur,
677 411 752 449 quod
773 411 919 446 Christus,
941 420 980 440 se-

138 459 261 488 cundum
283 459 358 496 quod
380 459 476 493 Ιιοιιιο,
490 462 531 487 est
546 466 591 487 res
611 458 748 495 completa
768 459 843 486 omni
862 458 980 495 comple-

138 505 229 538 tione;
259 505 425 538 dicendum,
453 504 528 541 quod
557 511 656 533 verum
678 507 720 533 est
740 504 774 533 de
795 504 979 542 completione

137 552 287 585 absoluta,
310 551 344 580 de
365 551 547 588 completione
579 555 672 580 antem
703 551 877 588 respectiva,
907 559 978 588 quae

137 602 179 628 est
199 598 318 635 dignitas
339 597 622 635 superexcellentiae,
637 598 782 626 veritatem
804 606 857 626 non
880 598 979 632 habet3

137 653 201 674 nam
223 645 346 673 humana
367 648 468 672 natura
483 644 509 672 in
525 644 635 672 Christo
649 652 703 672 non
718 648 760 673 est
774 644 978 673 nobilissimum

137 692 212 726 eius,
234 692 305 720 sicut
326 692 353 719 in
375 691 437 719 aliis
459 691 628 720 hominihus.
650 691 703 720 Nec
718 699 753 720 ex
768 692 821 720 hoc
836 692 979 728 sequitur,

137 738 212 775 quod
233 738 324 766 minor
346 738 381 766 sit
397 738 517 774 dignitas
538 738 564 765 in
586 737 711 771 Christo,
733 738 888 766 secundum
904 738 977 775 quod

137 785 232 819 homo,
254 792 338 822 quam
361 784 388 812 in
410 784 471 813 aliis
492 784 664 818 hominibus,
686 788 799 821 propter
821 784 888 817 hoc,
914 784 980 821 quia

137 831 184 860 illa
198 831 317 868 dignitas
338 835 566 868 recompensatur
581 839 631 868 per
646 831 807 867 dignitatem
827 831 980 867 impropor-

138 878 305 906 tionabiliter
326 877 500 906 nobiliorem.
521 878 606 906 Multo
627 878 699 906 enim
716 877 836 906 nobilius
857 880 899 906 est
919 885 979 906 esse

136 932 283 961 personam
312 924 509 961 personalitate
541 927 653 953 aeterna
678 932 761 961 quam
784 924 980 961 personalitate

136 974 229 1000 ereata
241 971 260 999 ¹.

215 1017 241 1046 3.
262 1017 300 1046 Ad
322 1017 391 1045 illud
415 1017 489 1054 quod
510 1017 651 1051 obiicitur,
673 1017 748 1054 quod
770 1017 836 1045 unio
851 1026 901 1054 per
922 1026 981 1054 gra-

138 1064 203 1093 tiam
225 1072 279 1092 non
302 1064 373 1092 tollit
388 1063 548 1100 dignitatem
565 1071 715 1100 personae;
730 1063 889 1098 dicendum,
905 1065 979 1101 quod

136 1119 190 1140 non
211 1114 253 1140 est
274 1110 379 1143 simile,
411 1111 490 1147 quia,
522 1110 650 1147 quamvis
678 1110 770 1138 anima
791 1118 841 1147 per
862 1111 979 1147 gratiam

136 1158 250 1186 uniatur
270 1157 309 1186 rei
332 1157 467 1194 digniori,
482 1156 586 1185 scilicet
607 1157 678 1191 Deo,
700 1165 754 1185 non
771 1160 861 1185 tamen
884 1158 980 1186 unitur

136 1204 238 1233 unione
258 1203 411 1237 naturali,
430 1203 477 1232 sed
495 1203 582 1240 magis
602 1203 791 1237 volzmtaria;
812 1211 862 1232 nec
883 1204 980 1232 unitur

137 1251 164 1279 in
185 1251 328 1279 unitatem
349 1249 532 1288 hypostasis,
554 1250 601 1279 sed
625 1250 652 1278 in
681 1249 915 1287 conformitatem
936 1259 981 1278 vo-

137 1297 268 1326 luntatis.
300 1297 332 1326 Et
361 1297 423 1326 ideo
454 1305 508 1325 non
537 1300 579 1326 est
610 1305 738 1331 necesse,
764 1298 897 1334 Spiritum
920 1306 980 1327 esse

137 1344 220 1372 unius
251 1351 386 1380 personae
418 1351 481 1372 eum
514 1343 622 1377 anima,
644 1352 729 1380 quam
757 1344 908 1378 inhabitat,
930 1344 979 1373 sed

136 1390 285 1419 conformis
307 1390 466 1419 voluntatis.
488 1390 545 1418 Non
568 1391 606 1419 sie
627 1393 720 1419 autem
743 1394 784 1419 est
806 1390 832 1418 in
854 1391 979 1424 Christo,

136 1437 164 1465 in
185 1444 240 1474 quo
261 1437 414 1473 personalis
435 1437 502 1465 unio
523 1440 564 1465 est
576 1436 595 1464 2.

214 1484 240 1512 [ι.
263 1483 302 1512 Ad
324 1483 392 1511 illud
415 1483 490 1520 quod
512 1483 657 1518 obiicitur,
679 1483 754 1520 quod
785 1484 914 1520 quamvis
935 1492 980 1512 na-

139 1534 201 1558 tura
222 1529 316 1558 divina
337 1530 373 1558 sit
393 1530 471 1558 unita
500 1530 654 1563 humanae,
677 1533 768 1557 tamen
790 1529 917 1558 Christus
938 1532 980 1558 est

137 1584 268 1613 persona,
283 1576 437 1604 secundum
453 1576 527 1612 quod
543 1575 633 1608 Deus;
647 1575 813 1610 dicendum,
835 1576 909 1612 quod
925 1583 979 1604 non

137 1626 179 1651 est
199 1622 304 1656 simile,
326 1622 429 1658 duplici
461 1630 496 1650 ex
528 1629 626 1651 causa:
649 1629 767 1657 persona
788 1622 900 1658 quidem
923 1622 979 1650 duo

138 1669 219 1703 dicit,
240 1669 344 1698 scilicet
371 1668 567 1707 hypostasim,
598 1669 625 1697 in
654 1677 709 1706 qua
737 1672 778 1697 est
801 1669 977 1697 substantia³

137 1716 221 1745 totins
242 1724 301 1744 esse
322 1716 377 1750 rei,
399 1719 426 1744 et
443 1715 654 1752 proprietatem
673 1715 914 1752 supereminentis
939 1715 980 1743 di-

1822 199 1877 227 229

1036 274 1179 311 ynitatis;
1199 277 1226 303 et
1247 274 1274 303 in
1296 275 1343 303 illa
1373 275 1453 303 beata
1477 275 1580 304 unione
1601 278 1754 312 utrumque
1776 276 1878 304 horum

1039 321 1178 357 reperitur
1206 321 1233 349 in
1259 321 1383 356 Christo,
1412 322 1566 350 secundum
1595 322 1670 359 quod
1699 322 1780 351 Deus.
1809 322 1876 350 Nam

1037 366 1202 404 hypostasis
1229 368 1332 396 (limina
1359 372 1400 397 est
1422 368 1483 402 illa,
1506 368 1532 396 in
1558 377 1614 405 qua
1639 368 1876 398 substantificatur

1036 417 1124 441 totum
1147 422 1206 442 esse
1226 414 1344 449 Christi,
1365 423 1419 443 non
1442 415 1579 449 humana;
1604 415 1773 452 proprietas
1793 416 1876 444 etiam

1036 459 1191 496 diynz'tatis
1213 460 1283 489 inest
1304 460 1343 488 illi
1365 461 1519 490 secundum
1542 461 1617 490 illam
1639 465 1784 495 naturam,
1806 470 1876 499 quae

1036 513 1090 533 non
1111 509 1198 541 potest
1220 506 1293 534 uniri
1322 507 1457 543 digniori;
1485 511 1637 545 utrumque
1658 512 1752 537 autem
1775 509 1875 537 horum

1036 551 1129 580 deficit
1150 552 1289 581 humanae
1317 557 1448 587 naturae,
1477 555 1607 590 quoniam
1630 554 1690 591 ipsa
1711 554 1878 583 substantifi-

1036 601 1116 626 catur
1139 599 1165 626 in
1195 599 1335 635 hypostasi
1364 600 1487 628 atterius
1514 605 1646 633 naturae,
1667 605 1781 638 propter
1802 602 1877 638 quod

1036 645 1157 681 quodam
1180 645 1263 673 modo
1284 646 1386 674 dicitur
1406 655 1524 683 verqere
1545 647 1574 675 in
1590 648 1757 681 aeeidens;⁴
1780 649 1877 676 unitur

1036 691 1119 719 etiam
1140 691 1272 728 (Ityniori
1293 696 1427 721 naturae.
1450 693 1479 721 Et
1501 693 1562 721 ideo
1583 702 1617 722 ex
1635 695 1693 730 ipsa
1715 695 1757 723 sni
1776 695 1877 723 unione

1036 741 1064 766 et
1091 738 1231 766 nobilitate
1260 742 1335 767 carel
1363 740 1530 776 proprietate
1552 749 1686 777 personae
1717 742 1877 769 seezmdam

1035 792 1081 818 se,
1103 785 1232 821 quamvis
1252 793 1306 813 non
1322 789 1427 819 careat,
1443 786 1527 814 immo
1543 786 1642 815 habeat
1664 787 1690 815 in
1705 791 1876 815 assumente.

1116 832 1141 859 5.
1163 831 1201 859 Ad
1224 831 1292 859 illud
1315 832 1390 868 qnod
1412 832 1555 867 obiicitur,
1571 833 1669 869 quodsi
1692 833 1814 862 Verbum
1837 834 1880 861 di-

1037 878 1159 906 mitteret
1180 878 1332 906 humanam
1354 882 1499 913 naturam,
1520 880 1595 916 quod
1617 880 1705 913 lesus,
1723 880 1878 909 secundum

1037 924 1111 961 quod
1134 925 1229 958 homo,
1251 929 1323 953 esset
1345 933 1462 961 persona
1470 936 1477 959 3
1496 926 1662 959 dicendum,
1683 927 1756 964 quod
1780 935 1878 955 verum

1038 974 1093 1006 est,
1116 971 1181 1008 qnia
1203 975 1268 1000 tunc
1300 972 1347 1000 illa
1375 976 1476 1000 natura
1508 973 1624 1001 haberet
1646 973 1739 1001 aliurn
1760 974 1879 1002 modam

1037 1018 1193 1051 exsistendi;
1213 1026 1267 1046 non
1289 1019 1363 1046 enim
1384 1022 1456 1047 esset
1477 1019 1555 1047 unita
1569 1019 1614 1047 alii
1630 1020 1747 1056 digniori
1770 1028 1819 1049 nec
1835 1020 1880 1048 ha-

1038 1064 1116 1093 beret
1137 1064 1313 1101 suppositum
1335 1065 1451 1093 alterius
1478 1069 1604 1094 naturae.
1626 1066 1703 1095 Nunc
1724 1070 1817 1095 autem
1839 1070 1880 1095 est

1038 1118 1052 1139 e
1074 1111 1228 1145 contrari03
1250 1112 1298 1140 et⁵
1317 1111 1343 1139 in
1366 1111 1412 1139 illo
1434 1120 1568 1149 processu
1583 1112 1660 1141 nulla
1675 1116 1716 1141 est
1731 1114 1880 1142 necessitas

1038 1157 1191 1191 inserendi,
1213 1157 1278 1194 quia
1299 1166 1354 1186 non
1382 1162 1511 1187 servatur
1542 1160 1732 1188 convenientia
1754 1160 1880 1189 similitu-

1038 1204 1119 1232 dinis.
1143 1204 1172 1232 Et
1192 1204 1221 1232 si
1241 1208 1272 1232 tu
1294 1204 1434 1238 obiicias,
1455 1205 1529 1241 quod
1551 1205 1629 1234 nulla
1650 1206 1769 1243 dignitas
1790 1215 1880 1236 accre-

1037 1250 1103 1284 scit3
1124 1250 1288 1285 dicendum.
1310 1251 1384 1288 quod
1407 1251 1453 1280 ille
1475 1252 1558 1280 homo
1573 1252 1608 1280 sit
1629 1260 1762 1289 persona,
1784 1261 1880 1282 secun-

1037 1297 1104 1325 dum
1128 1297 1202 1334 quod
1232 1296 1329 1331 liomo,
1356 1298 1408 1326 hoc
1435 1306 1489 1326 non
1515 1302 1556 1327 est
1584 1302 1698 1336 propter
1726 1300 1879 1337 dignitatis

1037 1348 1231 1378 crementum,
1257 1344 1305 1373 sed
1334 1348 1448 1381 propter
1468 1345 1693 1374 minorationem
1715 1354 1749 1374 ex
1773 1347 1819 1375 illa
1841 1355 1880 1376 se-

1037 1391 1195 1427 paratione,
1216 1391 1282 1428 quia
1303 1394 1368 1420 tunc
1393 1394 1494 1419 natura
1519 1392 1566 1420 illa
1587 1392 1664 1428 prius
1692 1393 1807 1422 haberet
1828 1402 1879 1431 pro

1037 1437 1180 1474 supposito
1201 1445 1347 1473 personam
1370 1442 1534 1472 aeternam,
1556 1447 1629 1467 nunc
1644 1442 1736 1468 autem
1759 1443 1820 1476 post
1841 1448 1880 1469 εε-

1037 1484 1207 1520 parationem
1231 1484 1334 1513 habet⁶
1355 1492 1501 1521 personam
1518 1485 1712 1521 temporalem.
1734 1486 1818 1514 Multo
1833 1495 1880 1515 au-

1037 1533 1091 1558 tem
1113 1530 1224 1567 dignius
1246 1534 1287 1559 est
1309 1530 1412 1559 habere
1432 1539 1579 1568 personam
1601 1535 1742 1560 aeternam
1763 1533 1879 1562 alterius

1037 1580 1152 1605 naturae
1185 1585 1268 1614 quam
1302 1585 1447 1613 personam
1481 1579 1660 1614 temporalem
1694 1579 1745 1608 sibi
1767 1580 1878 1609 omnino

1036 1624 1254 1652 connaturalem.
1287 1623 1354 1652 Nam
1385 1624 1473 1661 primo
1502 1625 1583 1653 modo
1605 1632 1722 1662 persona
1743 1626 1878 1661 faciebat,

1036 1669 1127 1706 ipsum
1150 1677 1215 1698 vere
1243 1669 1298 1698 dici
1325 1673 1352 1698 et
1373 1678 1433 1698 esse
1455 1670 1560 1705 Deum,
1582 1672 1704 1700 secundo
1730 1673 1812 1700 modo
1833 1672 1880 1701 ho-

1036 1716 1139 1744 minem
1161 1723 1265 1752 purum
1276 1716 1293 1743 ⁷.

897 1813 1059 1850 QUAESTto
1080 1814 1120 1841 ιιι.

408 1899 512 1928 Utrum
534 1898 605 1928 liaeo
625 1899 663 1927 sit
683 1908 771 1928 vera:
795 1899 941 1934 Christus,
961 1899 1122 1928 secandum
1143 1900 1220 1938 qaod
1242 1899 1335 1934 homo,
1357 1904 1398 1929 est
1419 1901 1615 1930 individuam.

215 1998 307 2026 Tertio
334 1998 480 2035 quaeritur
507 1997 542 2026 de
568 1998 634 2026 hac:
657 1998 802 2032 Christus,
824 1998 978 2027 secundum

137 2044 212 2082 quod
234 2045 336 2078 homo,
365 2047 406 2073 est
428 2044 614 2073 individuum.
636 2045 667 2073 Et
687 2044 763 2081 quod
783 2052 851 2073 vera
871 2044 922 2079 sit,
943 2044 980 2073 vi-

137 2091 227 2120 detur.

218 2139 241 2166 ¹1.
262 2137 389 2166 Christus
410 2140 452 2166 est
472 2137 599 2175 aliquid,
621 2137 777 2166 secundum
791 2137 866 2174 quod
882 2137 979 2172 homo,

138 2184 210 2214 sicut
230 2184 356 2212 habitum
372 2187 414 2213 est
435 2184 461 2212 in
478 2184 709 2221 praecedentibus
719 2184 737 2218 ⁸,
759 2187 807 2212 aut
828 2192 895 2221 ergo
909 2184 980 2222 quid

138 2230 317 2264 universale,
338 2234 387 2259 aut
400 2231 472 2269 qu-z'zt
484 2230 655 2268 sinyzdarae
670 2231 717 2259 sed
734 2238 788 2259 non
803 2230 979 2264 universale,

138 2277 203 2315 quia
230 2277 418 2306 Damascenus
439 2277 520 2312 dicit,
542 2277 617 2314 quod
644 2277 749 2306 «Filius
777 2277 825 2306 Dei
847 2277 980 2306 assumsit

138 2324 290 2352 humanam
305 2327 434 2352 naturam
450 2324 481 2352 in
500 2328 637 2357 atomo»,
659 2324 711 2352 hoc
725 2327 767 2352 est
782 2324 809 2352 in
830 2324 979 2360 singulari,

138 2373 166 2399 et
186 2370 238 2399 hoc
258 2373 300 2399 est
320 2370 511 2399 individuum:
534 2378 600 2407 ergo
621 2374 672 2402 etc.

1115 1999 1141 2026 ⁹2.
1163 1999 1246 2033 item,
1268 1998 1408 2033 Christus,
1424 2000 1578 2028 secundum
1594 2000 1667 2037 quod
1684 2001 1775 2035 homo,
1797 2001 1880 2030 habet

1036 2045 1236 2082 proprietates.
1258 2053 1379 2081 quarum
1401 2045 1775 2084 collectionemimpossibile
1796 2051 1838 2076 est
1852 2048 1879 2077 in

1035 2091 1090 2119 alio
1112 2092 1235 2128 reperire
1243 2102 1250 2125 ;
1273 2091 1324 2120 hoc
1346 2096 1438 2121 autem
1461 2096 1502 2121 est
1516 2101 1575 2121 esse
1590 2093 1793 2128 individuum,
1809 2095 1881 2123 sicut

1036 2141 1110 2174 patet
1133 2146 1182 2174 per
1209 2138 1423 2167 notificationem
1456 2139 1620 2173 individui,
1641 2148 1725 2176 quam
1751 2141 1798 2169 dat
1820 2141 1881 2169 Por-

1036 2184 1188 2221 phyrius9:
1217 2194 1229 2210 (ι
1241 2184 1419 2213 individuum
1451 2188 1492 2213 est
1523 2186 1597 2222 quod
1630 2189 1735 2214 constat
1762 2194 1798 2215 ex
1820 2195 1881 2224 pro-

1036 2230 1216 2267 prietatibus,
1239 2239 1360 2267 quarum
1383 2231 1571 2260 collectionem
1599 2232 1769 2269 impossibile
1790 2236 1832 2261 est
1853 2233 1880 2261 in

1035 2278 1089 2306 alio
1111 2278 1235 2314 reperire
1245 2289 1273 2312 »;
1294 2278 1343 2307 sed
1365 2278 1416 2306 hoc
1431 2279 1558 2307 convenit
1579 2279 1702 2313 Christo,
1724 2280 1880 2308 secundum

1036 2324 1110 2361 quod
1133 2324 1231 2352 homo:
1253 2332 1320 2360 ergo
1341 2328 1391 2353 etc.

1115 2370 1141 2398 3.
1163 2370 1243 2404 item,
1264 2370 1404 2405 Christus,
1426 2371 1582 2400 secundum
1597 2372 1671 2408 quod
1687 2372 1785 2407 homo,
1804 2381 1881 2410 prae-

201 2502 208 2516 ¹
226 2501 271 2525 Csr.
288 2508 358 2529 supra
376 2502 399 2524 d.
416 2502 438 2524 5.
455 2508 475 2524 a.
494 2503 514 2524 2.
533 2509 555 2530 q.
573 2503 594 2524 2.
612 2502 640 2524 nd
663 2503 680 2524 1.
697 2506 720 2525 et
737 2503 756 2524 2.
771 2515 801 2518 —
813 2503 933 2531 Aliquanto
945 2509 980 2525 su-

140 2542 217 2569 perius
234 2544 285 2568 post
301 2540 362 2564 sicut
373 2540 423 2563 cod.
441 2542 458 2562 Α
476 2541 588 2563 interserit
599 2542 642 2568 est,
662 2545 684 2563 et
701 2544 752 2569 post
768 2548 852 2569 pauca,
870 2542 916 2564 scil.
929 2545 981 2569 post

139 2578 269 2602 secundam
281 2578 354 2608 quod,
369 2578 419 2600 cod.
437 2579 452 2600 S
464 2578 542 2601 subdit
558 2578 604 2601 ille.
622 2579 707 2601 Deinde
725 2585 766 2607 pro
778 2579 835 2608 quia
846 2579 887 2602 itta
905 2579 980 2609 diani-

140 2618 176 2640 las
193 2617 260 2639 codd.
278 2618 322 2638 AG
333 2617 377 2638 ΚΝ
388 2617 446 2639 Ubb
463 2617 570 2640 exhibent
580 2617 644 2646 quod
659 2617 701 2640 itta
717 2617 832 2646 diquitas,
852 2620 874 2639 et
885 2617 980 2640 denium

139 2662 182 2684 pro
198 2655 336 2679 nobiliorem
359 2657 380 2678 in
398 2656 466 2678 codd.
483 2656 526 2677 GZ
544 2656 589 2683 (bb
606 2663 618 2678 a
642 2656 742 2679 secunda
764 2657 847 2686 manu)
870 2658 981 2685 scriptum

140 2697 175 2718 est
189 2694 361 2723 monitantem,
381 2695 403 2716 in
421 2694 487 2717 codd.
505 2694 534 2717 W
545 2695 565 2717 X
583 2694 720 2724 diqniorem.

202 2734 211 2747 ²
231 2733 288 2756 Vide
305 2740 374 2761 supra
393 2733 414 2755 d.
433 2734 454 2755 2.
472 2740 492 2755 a.
510 2734 530 2755 3.
549 2739 571 2762 q.
590 2734 610 2755 2.
622 2745 654 2749 —
671 2734 739 2756 Paulo
756 2735 862 2762 superius
879 2740 921 2762 pro
933 2734 981 2764 Spi-

140 2771 214 2794 ritum
232 2772 292 2798 (scil.
310 2774 427 2800 sanctum)
445 2772 498 2794 edd.
513 2772 532 2800 Ι,
550 2773 564 2794 2
579 2778 630 2794 cum
648 2773 727 2800 paucis
738 2772 805 2795 codd.
823 2772 912 2802 ipsum,
932 2773 981 2795 Vnt.

140 2810 219 2840 ipsam
237 2810 318 2833 Deum.

203 2848 213 2863 ³
229 2848 284 2871 Cod.
303 2850 320 2871 Α
337 2848 396 2871 hene
418 2848 583 2872 substantiatio
605 2847 853 2879 [substantificatio?]‚
876 2850 927 2873 cod.
952 2850 982 2873 bb

141 2887 291 2915 sustentatio,
312 2888 361 2910 Vnt.
373 2887 529 2911 subsistentia.
547 2887 592 2910 Csr.
610 2894 679 2915 snpra
697 2887 719 2910 d.
737 2887 758 2910 5.
776 2894 796 2910 a.
809 2888 829 2910 2.
847 2895 869 2917 q.
883 2889 903 2911 2.
921 2889 984 2911 scho-

143 2926 196 2948 lion.
214 2926 263 2948 Mox
279 2932 321 2954 pro
334 2925 400 2949 beata
412 2926 466 2948 edd.
479 2932 542 2949 vera.
556 2926 641 2948 Deinde
654 2929 705 2954 post
716 2925 919 2956 substantificatur
931 2927 984 2950 edd.

142 2970 196 2987 cum
213 2965 263 2987 cod.
281 2971 307 2987 ce
325 2966 400 2993 inopte
417 2965 506 2987 addunt
522 2965 545 2988 in
562 2965 684 2994 hypostasi
698 2965 797 2988 alterius
814 2967 921 2989 naturae.

1100 2502 1108 2517 ⁴
1127 2503 1183 2525 Vide
1201 2509 1270 2530 supra
1289 2509 1342 2530 pag.
1361 2502 1409 2532 155,
1423 2506 1473 2526 nota
1492 2504 1513 2526 6.
1524 2504 1631 2526 —Paulo
1649 2505 1742 2527 inferius
1753 2507 1806 2533 post
1816 2505 1882 2528 caret

1038 2542 1088 2564 Vat.
1106 2543 1184 2564 inserit
1200 2542 1227 2564 et.

1100 2580 1109 2595 ⁵
1127 2580 1174 2602 Vnt.
1193 2581 1214 2602 el
1230 2579 1286 2603 ideo.

1099 2618 1109 2633 ⁶
1127 2619 1176 2641 Vnt.
1189 2617 1291 2641 haberet.
1304 2619 1387 2641 Eadem
1403 2619 1452 2641 Vat.
1470 2620 1539 2647 paulo
1551 2620 1657 2648 superius
1671 2623 1722 2643 ante
1733 2620 1763 2643 sit
1777 2627 1882 2650 persona

1038 2657 1121 2683 (codd.
1139 2657 1197 2679 lLN
1209 2658 1287 2680 TZna
1304 2657 1331 2687 fit
1345 2658 1463 2686 persona)
1482 2659 1586 2681 interiicit
1602 2665 1673 2688 cum.-
1689 2660 1711 2681 in
1724 2659 1775 2682 cod.
1794 2660 1811 2682 U
1829 2660 1882 2688 legi-

1039 2698 1074 2718 tur
1091 2695 1154 2725 quod
1175 2695 1217 2719 etsi
1233 2695 1302 2719 ltomo
1324 2695 1363 2719 itte
1385 2699 1426 2719 ete.
1444 2695 1507 2719 Circa
1527 2696 1595 2719 onem
1613 2697 1679 2720 solut.
1703 2698 1751 2720 Vat.
1774 2699 1881 2721 voculam

1038 2733 1082 2757 sibi
1098 2735 1195 2757 mutavit
1211 2735 1233 2756 in
1249 2734 1302 2758 sive.

1101 2773 1111 2788 ⁷
1130 2773 1186 2796 Vide
1203 2774 1305 2796 scholion
1323 2774 1351 2796 nd
1369 2774 1545 2802 praecedentem
1563 2778 1650 2803 quaest.

1102 2812 1111 2827 ⁸
1129 2813 1181 2835 nist.
1199 2813 1220 2835 6.
1237 2819 1257 2835 a.
1280 2813 1297 2835 l.
1314 2819 1336 2842 q.
1355 2813 1376 2835 3.
1393 2825 1424 2829 —
1441 2813 1472 2835 De
1489 2813 1549 2836 dicto
1567 2813 1700 2837 Damasceni
1718 2814 1763 2840 (ΙΙΙ.
1782 2814 1810 2837 de
1827 2815 1881 2838 Fide

1040 2851 1129 2873 orthod.
1147 2858 1166 2873 c.
1185 2852 1229 2879 ΙΙ.)
1248 2851 1300 2873 vide
1317 2858 1386 2880 supra
1405 2858 1457 2880 pag.
1477 2851 1521 2880 15,
1539 2854 1589 2874 nota
1607 2852 1628 2875 5.

1102 2889 1112 2904 ⁹
1130 2890 1160 2912 De
1179 2890 1309 2913 praedit-ab.
1326 2896 1345 2913 e.
1357 2890 1385 2913 tte
1396 2889 1488 2920 Specie,
1503 2891 1524 2913 in
1538 2891 1588 2914 nne.
1602 2892 1623 2914 ln
1641 2891 1729 2915 maiori
1740 2893 1789 2916 Vnt.
1806 2893 1881 2921 inepte

1041 2929 1122 2950 omittit
1139 2927 1216 2952 homo.

1892 283 2006 302 Notandum.

1893 983 2008 1002 Notandum.
