2166 3366
129 561 194 578 Cultus
210 560 245 578 Dei

136 584 246 606 intelligitur

138 607 244 631 dupliciter.

139 747 245 765 Conclusio.

133 1068 204 1094 Solutio
217 1073 250 1090 op-

133 1094 242 1115 posnorum.

129 1122 249 1148 Quadruplex

145 1148 232 1164 seri'llus.

134 1262 247 1281 Notandum.

135 1686 247 1704 Notandum.

122 1875 164 1894 Alia
173 1875 249 1893 solutio.

575 278 590 297 c
598 277 614 297 ο
622 277 642 297 N
650 277 665 296 c
674 277 689 296 L
697 276 715 296 U
724 276 737 296 s
745 276 753 295 1
762 275 786 296 o.

261 365 367 395 Latrict
376 388 385 399 ,
406 363 548 392 intellecta
567 371 623 400 pro
639 361 742 390 habitu.
751 384 759 395 ,
775 364 817 389 est
837 359 955 389 habitus
976 359 1105 388 virtutis.

339 459 514 486 RESPONDEO:
542 456 712 489 Dicendum,
734 455 809 492 quod
842 454 951 487 latria,
983 456 1014 481 ut
1045 452 1107 481 vult

259 505 430 542 Augustinus
443 504 461 538 ¹,
485 503 608 532 nominat
629 502 698 531 illud
727 510 782 539 quo
807 501 908 530 colitur
934 500 1024 533 Deus3
1050 507 1106 536 quo

259 556 352 581 autem
374 551 475 580 colitur
497 551 586 585 Deus,
608 550 660 578 hoc
682 552 772 586 potest
793 548 907 584 intelligi
940 546 1105 584 dupliciter:

259 602 308 628 aut
329 599 401 627 sicut
421 602 507 631 actu,
523 601 572 626 aut
593 597 664 626 sicut
680 595 790 624 habitu.
806 595 869 624 Ideo
884 602 985 623 nomen
1008 593 1106 622 latriae

259 645 409 683 aequivoce
439 644 542 673 dicitur
581 647 607 672 et
639 643 790 680 aliquando
821 645 875 671 stat
903 649 955 678 pro
987 640 1106 673 habitu,

259 692 410 729 aliquando
432 699 483 728 pro
503 694 581 719 actu.
598 690 756 718 Secundum
773 692 867 717 autem
890 688 965 725 quod
988 690 1041 716 stat
1058 695 1108 723 pro

260 738 362 767 habitu
383 739 471 775 ipsius
492 737 614 771 animae,
637 736 799 764 habilitante
830 735 917 772 ipsam
941 734 976 763 ad
999 734 1107 763 cultum

260 786 325 820 Dei,
347 786 385 815 sic
407 788 448 814 est
469 784 582 813 habitus
603 783 740 816 virtutis,
764 783 790 810 in
812 784 948 819 quantum
972 784 1013 810 est
1034 780 1109 809 circa

261 832 365 861 bonum
389 835 415 860 et
435 831 547 860 difficile
569 833 596 859 et
617 829 792 858 meritorium
814 833 841 857 et
862 828 897 857 ad
924 828 1043 857 salutem
1065 834 1109 855 ne-

261 879 428 912 cessarimm
442 882 469 907 et
484 878 558 907 circa
579 876 740 905 huiusmodi
763 883 849 912 opera
870 874 1022 912 praecipue
1048 882 1110 902 con-

262 926 333 955 sistit
354 925 466 954 virtutis
488 925 609 953 habitus.
631 941 668 944 —
692 924 722 952 Et
745 923 806 951 ideo
829 925 894 951 sunt
915 921 1110 951 concedendae

261 974 396 1008 rationes,
417 980 488 1010 quae
511 973 562 1001 hoc
584 971 742 1000 ostendunt.

346 1021 367 1048 l.
389 1020 427 1048 Ad
444 1019 513 1047 illud
529 1027 595 1055 ergo
611 1018 686 1055 quod
708 1017 853 1051 obiicitur,
875 1016 949 1054 quod
966 1016 1048 1044 latria
1069 1018 1110 1044 est

263 1067 400 1101 servitus;
422 1066 589 1100 dicendum,
610 1065 685 1102 quod
701 1068 742 1093 est
757 1065 887 1098 servitus,
909 1072 965 1101 qua
987 1063 1109 1092 servitur

263 1114 390 1148 homiui,
410 1117 437 1143 et
459 1118 500 1143 est
522 1113 655 1147 servitus,
688 1121 743 1150 qua
774 1112 897 1140 servitur
921 1112 995 1143 Deo,-
1016 1114 1043 1140 et
1065 1111 1109 1139 ite-

262 1170 341 1196 rum³
364 1165 405 1190 est
426 1161 547 1189 servitus
567 1159 763 1192 necessitatis,
780 1162 807 1187 et
828 1161 870 1187 est
885 1159 1022 1192 servitus,
1038 1166 1110 1194 quae

262 1212 304 1238 est
324 1217 359 1237 ex
382 1217 465 1236 mera
495 1207 649 1235 voluntate.
681 1206 833 1234 Dicendum
857 1213 936 1242 ergo,
958 1204 1033 1241 quod
1055 1212 1111 1233 ser-

263 1256 338 1284 vitus
360 1255 421 1289 illa,
453 1263 525 1292 quae
557 1254 587 1282 fit
619 1253 731 1281 lion'ziiti
750 1261 785 1280 eac
805 1252 989 1285 necessitate,
1016 1251 1110 1288 aliquo

263 1302 345 1331 modo
366 1302 481 1338 derogat
509 1300 630 1329 hominis
652 1300 788 1332 libertati;
817 1302 844 1328 et
865 1299 928 1327 ideo
950 1307 1003 1327 non
1026 1298 1110 1326 habet

261 1350 288 1378 in
311 1357 339 1378 se
361 1348 555 1377 excellentiam
578 1347 699 1376 virtutis.
721 1347 860 1380 Servitus,
882 1353 953 1383 quae
968 1353 1004 1373 ex
1027 1353 1111 1373 mera

260 1396 407 1424 volmzcctte
429 1395 459 1423 fit
482 1396 552 1428 Deo,
585 1394 662 1431 ponit
693 1394 834 1422 hominem
858 1393 885 1421 in
907 1395 980 1421 statu
1002 1392 1110 1426 altiori.

261 1446 287 1472 et
309 1446 384 1471 tanto
407 1442 494 1479 magis
515 1441 580 1470 facit
602 1441 744 1469 hominem
770 1440 907 1474 liberum,
929 1443 1034 1477 quanto
1056 1448 1112 1467 ma-

261 1490 302 1527 gis
323 1490 434 1525 elongat
454 1489 596 1517 hominem
628 1496 645 1516 a
676 1490 789 1525 peccato
801 1487 818 1514 2.
852 1487 882 1515 Et
904 1486 967 1515 talis
993 1490 1035 1515 est
1056 1494 1111 1515 ser-

262 1537 336 1566 vitus
360 1537 464 1565 latriae.
488 1536 517 1564 Et
538 1535 601 1563 ideo
615 1535 683 1563 nihil
702 1534 817 1571 impedit
838 1533 901 1562 talis
923 1533 1059 1568 servitus,
1077 1533 1112 1561 la-

263 1585 345 1613 triam
368 1583 472 1612 habere
494 1583 630 1611 rationem
652 1582 764 1610 virtutis
786 1581 947 1617 completae.

343 1633 368 1659 32.
390 1631 429 1659 Ad
451 1630 521 1658 illud
543 1629 618 1667 quod
640 1629 783 1663 obiicitur,
805 1628 881 1665 quod
897 1628 978 1656 latria
999 1631 1041 1656 est
1056 1627 1112 1656 cul-

264 1683 308 1708 tus
330 1679 378 1708 soli
402 1679 458 1706 Deo
482 1677 606 1711 debitus;
621 1677 782 1710 dicendum,
804 1676 879 1713 quod
895 1675 1007 1703 habitus
1029 1682 1112 1712 saepe

263 1726 436 1755 definiuntur
458 1732 508 1762 per
523 1728 602 1753 actus
623 1727 651 1752 et
672 1722 889 1755 ilotificant11r³;
910 1722 959 1751 sed
982 1722 1034 1751 hoc
1057 1724 1111 1750 non

263 1776 305 1802 est
336 1772 556 1810 praedicatione·
573 1770 738 1803 essentiali,
772 1770 819 1798 sed
842 1768 980 1802 causatu
1001 1772 1027 1797 et
1049 1769 1111 1797 ideo

264 1829 318 1849 non
340 1820 483 1857 sequitur,
506 1818 581 1856 quod
604 1818 696 1852 latria,
719 1818 741 1846 si
763 1817 798 1845 sit
823 1816 936 1849 cultus,
959 1816 1034 1853 quod
1056 1824 1111 1844 non

263 1868 298 1896 sit
319 1867 445 1896 liabitas.
466 1883 505 1887 ——
526 1866 620 1894 Posset
648 1868 740 1893 tamen
763 1864 830 1899 dici,
862 1867 894 1892 ut
916 1864 1010 1900 prius,
1035 1863 1110 1900 quod

264 1909 346 1943 latria
367 1913 518 1951 ¹aliquando
539 1912 675 1949 accipitur
704 1920 755 1949 pro
781 1914 865 1944 aetio,
887 1910 1038 1948 aliquando
1060 1918 1111 1947 pro

935 187 1188 216 SENTENTIARUM
1209 186 1269 214 ΜΒ.
1291 186 1332 214 111.

1164 263 1280 298 habitu,
1303 264 1374 293 sicut
1396 264 1449 292 hoc
1473 263 1635 300 frequenter
1656 263 1797 300 reperitur
1818 263 1845 290 in
1867 262 2011 291 habitibus

1163 314 1191 340 et
1211 311 1320 340 actibus
1341 311 1466 345 animae,
1489 318 1561 347 quae
1582 310 1686 339 habent
1707 318 1794 338 unum
1818 318 1919 338 nomen
1940 318 2012 338 corn-

1163 366 1256 387 rnune.
1280 358 1355 387 Unde
1388 357 1595 394 Philosophus*
1618 358 1768 395 aliquando
1790 357 1889 394 accipit
1910 365 2010 385 nomen

1164 405 1322 433 intellectus
1344 414 1395 442 pro
1418 404 1535 439 habitu,
1557 404 1709 441 aliquando
1742 413 1791 441 pro
1810 404 1957 441 potentia;
1978 404 2012 432 si-

1163 452 1266 481 militer
1289 452 1451 486 Anselmus,
1472 452 1665 485 voluntatmm
1698 451 1796 480 eodem
1819 452 1901 480 modo
1923 453 2012 488 Augu-

1164 499 1254 527 stinus
1275 501 1302 527 et
1323 498 1367 526 alii
1393 498 1520 527 doctores
1541 501 1661 526 utuntur
1683 498 1795 526 nomine
1817 498 1932 526 latriae.

1244 545 1270 573 3.
1293 546 1331 573 Ad
1353 545 1424 573 illud
1456 545 1531 582 quod
1559 545 1705 579 obiicitur,
1732 545 1805 582 quod
1837 545 1917 573 latria
1938 545 2012 573 idem

1165 596 1207 621 est
1227 592 1300 630 quod
1324 593 1427 629 pietas:
1450 592 1616 626 dicendum,
1638 592 1728 628 quod,
1751 592 1822 621 sicut
1844 592 1910 621 dicit
1924 594 2013 629 Augu-

1165 640 1255 668 stinus
1277 639 1384 667 decimo
1406 639 1441 667 de
1473 638 1587 667 Civitate
1618 639 1668 667 Dei
1681 639 1700 673 ⁵,
1720 639 1815 675 pietas
1837 639 1940 667 dicitur
1968 639 2014 667 tri-

1166 686 1283 724 pliciter.
1305 686 1363 714 Uno
1385 685 1467 714 modo
1489 686 1577 722 pietas
1599 686 1672 714 idem
1694 690 1736 714 est
1757 686 1831 723 quod
1855 685 2011 720 theosebia,

1166 736 1193 762 et
1213 733 1252 761 sic
1274 733 1347 761 idem
1370 735 1411 761 est
1432 732 1506 769 quod
1529 732 1622 761 cultus
1643 732 1707 766 Dei;
1729 732 1784 761 alio
1806 733 1888 761 modo
1911 733 2014 762 dicitur

1166 780 1254 817 pietas
1276 779 1404 818 officium
1423 779 1596 816 parentibus
1628 778 1806 812 exliibictmu
1828 780 1909 808 tertio
1930 780 2013 809 modo

1167 828 1269 856 dicitur
1291 827 1378 864 pietas
1399 826 1624 860 misericordia,
1647 835 1718 864 quae
1744 827 1882 864 proximis
1904 827 1931 855 in
1953 835 2016 864 ope-

1167 874 1245 902 ribus
1267 873 1427 902 exhibetur.
1460 873 1499 901 De
1531 873 1574 901 his
1606 877 1699 902 autem
1733 873 1835 902 dicitur
1857 873 2014 902 secundum

1168 921 1246 958 prius
1268 924 1294 949 et
1316 921 1455 957 posterius
1477 924 1504 949 et
1525 920 1679 949 secundum
1703 921 1844 957 quandam
1877 921 2012 949 rationem

1167 968 1324 1005 analogiae,
1347 968 1501 996 secundum
1525 968 1599 1005 quod
1629 968 1731 996 dicitur
1753 968 1876 1003 ibidem,
1898 968 1961 1005 quia
1986 969 2013 996 in

1167 1015 1298 1044 omnibus
1319 1019 1361 1043 est
1382 1015 1475 1043 cultus
1497 1015 1560 1049 Dei3
1583 1015 1775 1051 principaliter
1798 1018 1888 1043 tamen
1912 1015 2015 1044 dicitur

1168 1063 1202 1092 de
1224 1062 1305 1090 cultu
1326 1062 1439 1096 diuino,
1464 1062 1488 1090 id
1512 1064 1554 1090 est
1575 1062 1610 1090 de
1632 1061 1679 1090 illa
1701 1062 1821 1096 virtute,
1836 1070 1892 1099 qua
1914 1063 2015 1091 colitur

1168 1110 1250 1139 Deus.
1274 1110 1304 1138 Et
1326 1109 1365 1138 sic
1386 1112 1473 1146 patet,
1496 1109 1570 1146 quod
1590 1109 1685 1145 pietas
1712 1109 1867 1137 secundum
1890 1109 2015 1138 diversas

1167 1157 1340 1194 acceptiones
1357 1159 1446 1194 potest
1460 1165 1519 1184 esse
1534 1156 1609 1184 idem
1626 1156 1701 1193 quod
1718 1156 1799 1184 latria
1820 1160 1847 1184 et
1866 1155 1985 1194 differre
1999 1165 2015 1185 a

1168 1205 1256 1233 latria.
1268 1221 1307 1224 -—
1318 1204 1386 1232 Cum
1402 1207 1495 1232 autem
1512 1203 1630 1237 dicitur,
1645 1203 1720 1240 quod
1737 1204 1824 1240 pietas
1840 1207 1881 1232 est
1895 1203 2015 1237 donum,

1168 1252 1368 1288 aequivocatur
1389 1251 1499 1288 pietatis
1520 1258 1631 1278 nomen.
1653 1250 1691 1278 lbi
1713 1251 1788 1279 enim
1804 1259 1858 1278 non
1880 1251 2016 1288 accipitur

1169 1299 1256 1336 pietas
1278 1306 1329 1335 pro
1350 1298 1454 1326 virtute
1476 1297 1539 1331 illa,
1561 1305 1616 1334 qua
1637 1297 1739 1326 colitur
1761 1297 1835 1326 Deus
1846 1298 1863 1325 ⁶.

1246 1345 1273 1373 [ι.
1296 1345 1334 1372 Ad
1357 1344 1427 1372 illud
1443 1344 1518 1381 quod
1534 1344 1673 1378 obiicitur,
1689 1344 1764 1381 quod
1780 1345 1903 1373 revereri
1926 1344 2014 1373 Deum

1168 1395 1210 1421 est
1231 1391 1319 1428 ipsius
1340 1391 1464 1425 timoris;
1486 1390 1654 1424 dicendum,
1684 1391 1760 1427 quod
1791 1391 1954 1419 reverentia
1976 1399 2017 1420 re-

1168 1438 1276 1476 peritur
1298 1441 1355 1466 tam
1377 1438 1404 1465 in
1427 1436 1534 1465 ltonore
1555 1445 1640 1474 quam
1663 1437 1690 1465 in
1713 1437 1832 1471 timore,
1848 1437 1914 1474 quia
1936 1438 1961 1466 in
1985 1438 2017 1466 ti-

1168 1494 1248 1513 more
1270 1488 1311 1513 est
1332 1484 1448 1513 resilitio
1463 1484 1489 1512 in
1509 1484 1652 1521 propriam
1668 1484 1851 1521 parvitatenn
1866 1484 1893 1512 in
1910 1483 2017 1513 honore

1168 1541 1235 1561 vero
1257 1536 1298 1561 est
1320 1531 1476 1560 testificatio
1497 1531 1541 1560 vel
1556 1531 1692 1560 exhibitio
1708 1531 1827 1560 alicuius
1843 1532 2017 1562 testificantis

1169 1583 1195 1608 et
1216 1579 1371 1616 profitentis
1393 1578 1482 1615 ipsam
1505 1578 1686 1606 maiestatem.
1709 1578 1879 1606 Reverentia
1900 1582 2014 1613 autem,

1169 1634 1241 1664 quae
1262 1630 1304 1655 est
1325 1625 1448 1659 latriae,
1471 1626 1563 1662 potius
1585 1629 1627 1654 est
1648 1624 1767 1653 lionoris
1782 1633 1866 1662 quam
1890 1625 2016 1654 timoris.

1169 1674 1250 1701 -Et
1265 1673 1304 1702 sic
1317 1676 1408 1709 patet,
1430 1672 1571 1709 quomodo
1593 1671 1686 1700 differt
1707 1680 1723 1700 a
1747 1672 1860 1706 timore,
1882 1676 1909 1701 et
1931 1680 2019 1710 quare

1169 1721 1253 1750 etiam
1272 1720 1353 1749 latria
1374 1727 1428 1748 non
1450 1723 1491 1748 est
1512 1719 1633 1753 donum,
1650 1719 1722 1748 sicut
1737 1719 1828 1748 timor.
1845 1720 1930 1756 Magis
1945 1720 2017 1749 enim

1170 1769 1253 1796 habet
1275 1767 1410 1796 rationem
1427 1766 1562 1799 virtutis,
1585 1774 1649 1795 cum
1672 1766 1753 1794 latria
1775 1767 1906 1795 consistat
1923 1767 1951 1795 in
1972 1775 2021 1796 ex-

1169 1815 1318 1849 hibitione,
1341 1814 1428 1842 timor
1450 1814 1478 1842 in
1494 1813 1661 1848 resilitione3
1676 1817 1703 1842 et
1718 1813 1758 1842 sic
1776 1813 1856 1842 latria
1872 1814 1936 1851 plus
1958 1823 2019 1843 con-

1169 1862 1241 1890 sistit
1262 1862 1289 1890 in
1310 1861 1437 1895 actione,
1453 1861 1536 1889 timor
1552 1861 1579 1889 in
1590 1861 1737 1897 passione.
1762 1861 1792 1889 Et
1806 1861 1875 1890 haec
1897 1865 1938 1890 est
1960 1870 2017 1890 una

1170 1908 1326 1937 differentia
1341 1908 1480 1936 donorum
1499 1908 1534 1936 ad
1552 1908 1682 1942 virtutes,
1697 1912 1729 1936 ut
1744 1907 1877 1937 inferius⁷
1897 1908 2019 1945 patefiet.

1006 2024 1271 2061 SOHOLION.

328 2145 341 2167 1.
360 2145 446 2167 Nomen
465 2143 537 2166 latria
555 2143 671 2171 tripliciter
688 2143 834 2170 intelligitur:
848 2142 922 2169 primo
936 2146 977 2168 pro
990 2141 1051 2163 cultu
1065 2140 1111 2162 Deo

264 2185 372 2212 praestito
390 2190 431 2211 per
447 2182 589 2206 celeriorem.
611 2184 687 2203 actum
705 2182 754 2203 sivc
771 2180 905 2203 servitutem
925 2179 963 2205 (ita
981 2180 1003 2201 in
1026 2180 1042 2201 1.
1061 2185 1109 2206 arg.

264 2223 294 2246 ad
311 2222 414 2251 oppos),
433 2225 454 2244 ct
472 2225 525 2244 tunc
543 2227 586 2243 nou
610 2224 644 2243 cst
666 2220 754 2247 virtus,
777 2219 819 2241 scd
836 2218 936 2241 materia
954 2219 1060 2246 x·irtutis;
1077 2224 1111 2240 se-

264 2262 340 2285 cuudo
358 2268 400 2290 pro
418 2262 473 2284 ticli«.
490 2260 613 2288 infirmor-e,
628 2260 692 2282 tertio
710 2265 752 2287 pro
770 2258 863 2287 habitu,
884 2262 908 2281 ut
924 2259 1046 2286 exponitur
1057 2264 1110 2280 cum

265 2301 372 2324 sententia
392 2301 508 2323 communi
527 2300 548 2321 iu
567 2305 630 2326 corp.

327 2340 351 2362 11.
369 2340 429 2362 Alex.
449 2339 508 2367 flat,
526 2340 547 2361 S.
566 2345 588 2366 p.
608 2338 638 2360 111.
657 2345 678 2366 q.
698 2338 734 2359 30.
753 2343 782 2359 m.
814 2337 830 2359 1.
856 2343 875 2359 a.
899 2337 915 2358 1.
933 2336 946 2365 (ξ.
965 2336 984 2358 3.
1004 2348 1034 2351 —
1051 2336 1110 2358 Scot.

1168 2140 1240 2167 tangit
1256 2139 1321 2167 plura
1339 2138 1368 2160 de
1387 2139 1429 2160 huc
1447 2141 1469 2160 et
1481 2145 1545 2166 seqq.
1559 2144 1596 2166 qq.
1610 2139 1632 2160 in
1645 2141 1744 2167 utroque
1757 2138 1847 2166 Scripto
1861 2139 1897 2161 bic
1909 2145 1930 2167 q.
1946 2139 2019 2161 unica.

1167 2191 1197 2195 —
1215 2179 1236 2200 S.
1256 2178 1351 2206 'l'hom.‚
1370 2178 1406 2199 hic
1424 2184 1446 2206 q.
1469 2178 1486 2199 l.
1505 2184 1524 2199 a.
1541 2177 1558 2199 l.
1571 2178 1717 2206 quaestiunc„
1736 2177 1740 2198 1
1756 2184 1760 2205 ;
1780 2177 1801 2199 S.
1820 2177 1842 2199 ll.
1863 2177 1884 2199 ll.
1903 2184 1925 2206 q.
1945 2178 1981 2199 81.
2000 2184 2020 2200 a.

1168 2218 1188 2239 2.
1207 2218 1233 2245 3,
1252 2224 1273 2246 q.
1293 2216 1329 2238 84.
1348 2223 1367 2239 a.
1387 2217 1407 2238 2.
1425 2228 1456 2232 —
1474 2216 1496 2238 Β.
1515 2216 1614 2244 Athen,
1638 2217 1674 2238 hic
1700 2223 1719 2238 a.
1746 2217 1767 2238 2.
1793 2228 1825 2232 —
1847 2217 1904 2239 Petr.
1923 2223 1935 2239 a
1953 2217 2019 2245 Tar.‚

1168 2258 1204 2279 hic
1221 2263 1242 2285 q.
1265 2257 1282 2278 1.
1301 2263 1320 2278 a.
1343 2257 1360 2278 l.
1378 2257 1520 2285 quaestiunc.
1540 2256 1559 2277 2.
1578 2268 1608 2271 —
1625 2255 1731 2278 Richard.
1749 2262 1760 2277 a
1780 2255 1850 2282 Med..
1869 2257 1906 2278 hic
1923 2262 1943 2278 a.
1963 2256 1983 2278 1.
1996 2262 2020 2284 q.

1172 2296 1188 2317 l.
1205 2307 1237 2312 —-
1254 2295 1328 2323 :Egid
1346 2295 1385 2323 R.y
1405 2295 1440 2316 bic
1458 2301 1479 2323 q.
1502 2295 1519 2316 l.
1538 2301 1557 2316 a.
1580 2295 1596 2317 1.
1614 2307 1644 2310 -
1663 2294 1777 2322 Durand.‚
1796 2295 1832 2316 bic
1850 2301 1871 2323 q.
1892 2295 1912 2316 i.
1926 2306 1955 2310 —
1968 2295 2020 2316 Dio-

1168 2341 1217 2362 nys.
1235 2334 1310 2357 Carth.
1328 2336 1350 2356 ct
1367 2334 1423 2361 Biel,
1443 2333 1470 2355 de
1489 2334 1530 2355 hac
1548 2337 1569 2355 et
1582 2340 1646 2362 seqq.
1665 2340 1704 2362 qq.
1723 2334 1759 2356 bic
1777 2340 1798 2362 q.
1818 2334 1891 2356 unica.

329 2526 335 2540 ¹
356 2526 413 2548 victe
430 2526 466 2547 hic
483 2531 548 2553 argg.
565 2536 597 2540 —
615 2524 646 2546 De
663 2524 806 2546 distinctione
829 2523 919 2545 habitus
941 2526 962 2545 et
979 2525 1043 2544 actus
1060 2521 1113 2543 vide

266 2567 363 2593 Aristot,
382 2566 403 2587 11.
428 2565 455 2587 de
479 2565 570 2591 Anima,
590 2566 640 2586 text.
664 2564 684 2585 2.
705 2563 725 2585 53.
743 2566 764 2585 εἰ
787 2562 823 2584 21.
847 2563 880 2589 (c.
907 2563 924 2584 1.
942 2564 1008 2590 seq).
1021 2573 1052 2577 —
1065 2561 1113 2583 Mox

266 2612 308 2633 pro
324 2605 399 2634 potest
415 2603 513 2632 intelliqi
530 2603 580 2625 cod.
599 2603 615 2624 N
633 2603 707 2631 potest
723 2607 778 2624 esse.

327 2644 336 2658 ’ἓ
355 2643 398 2666 Cfr.
417 2644 476 2665 loan.
494 2643 518 2669 8,
538 2643 574 2664 32.
592 2648 670 2670 scqq.;
684 2641 749 2663 Rom.
767 2641 791 2668 (3,
814 2640 846 2662 15.
865 2647 929 2668 seqq.
948 2652 977 2655 —
995 2640 1064 2661 Paulo
1077 2645 1114 2661 su-

266 2684 344 2711 perius
361 2686 411 2710 post
430 2681 537 2705 Servitus
555 2680 621 2703 codd.
642 2680 657 2702 U
669 2680 700 2702 bb
717 2680 841 2701 subiiciunt
858 2680 950 2705 utilem,
969 2684 1011 2706 pro
1029 2684 1075 2706 quo
1091 2678 1112 2699 in

266 2723 333 2745 codd.
352 2722 386 2744 {K
397 2728 423 2743 aa
441 2728 453 2743 a
471 2721 571 2743 svcuudn
591 2726 659 2742 mauu
678 2719 825 2741 substitutum
843 2722 877 2740 est
895 2710 955 2741 vero.

328 2761 337 2776 ³
355 2762 452 2787 Ariston,
470 2760 505 2782 IV.
524 2760 593 2781 Ethic..
612 2765 630 2780 c.
650 2760 675 2780 2:
699 2758 792 2780 Habitus
814 2757 987 2785 operationibus
1005 2756 1114 2779 definitur

266 2805 287 2823 et
304 2802 330 2822 its
348 2806 447 2829 quorum
467 2799 557 2821 habitus
574 2803 614 2820 cst.
627 2810 659 2814 —
671 2798 702 2819 Dc
715 2797 884 2825 praedicatione
902 2796 1014 2818 essenii-dli
1027 2798 1049 2817 et
1061 2802 1115 2817 cau-

267 2840 306 2863 suli
324 2840 377 2862 vide
395 2846 463 2867 supra
482 2839 504 2860 d.
522 2839 543 2860 7.
562 2845 581 2860 a.
604 2839 619 2859 l.
638 2844 660 2866 q.
683 2838 699 2859 1.

329 2878 338 2893 ⁴
355 2878 415 2900 Libr.
434 2879 456 2900 ll.
475 2878 503 2900 de
521 2878 613 2904 Anima,
632 2879 682 2898 text.
696 2877 732 2897 21.
751 2876 784 2903 (c.
798 2876 829 2899 2.)
847 2878 869 2897 et
886 2875 919 2896 lll.
932 2878 984 2897 text.
1003 2875 1023 2895 2.
1042 2880 1114 2902 seqq>y
1132 2885 1136 2889 ·

267 2921 318 2940 text.
341 2919 372 2940 18.
392 2924 455 2946 seqq.
475 2920 525 2939 tcxt.
545 2917 580 2938 39.
600 2922 641 2938 ncc
659 2922 702 2937 uon
722 2918 772 2937 text.
792 2914 827 2936 46,
845 2920 908 2942 seqq.
928 2914 959 2938 (c.
981 2913 1001 2935 4.
1019 2920 1074 2941 ειη,
1095 2919 1114 2935 c.

268 2957 288 2978 8.
306 2957 389 2985 seqq).
401 2968 432 2972 —-
445 2956 475 2977 De
493 2956 611 2981 Auselmo,
633 2955 672 2983 qui
691 2961 743 2976 mox
765 2958 916 2979 memoratur,
940 2952 993 2974 vide
1020 2955 1073 2974 tom.
1092 2952 1114 2973 ll.

267 3001 321 3023 pag.
340 2995 392 3022 601,
411 2994 495 3016 not-116.

1234 2520 1243 2535 ⁵
1260 2520 1315 2548 Cup.
1338 2521 1354 2541 l.
1373 2526 1394 2541 n.
1413 2520 1438 2541 3:
1461 2528 1470 2539 iz
1488 2520 1559 2540 Pietas
1577 2524 1677 2547 quoque
1693 2518 1786 2546 proprie
1805 2518 1842 2540 Dei
1866 2518 1940 2540 cultus
1957 2518 2021 2540 intel-

1170 2560 1209 2588 ligi
1227 2560 1306 2582 solet...
1325 2560 1384 2581 llaec
1402 2562 1476 2580 tamon
1495 2561 1517 2580 ct
1533 2565 1586 2586 erga
1612 2560 1718 2585 parentes
1739 2558 1840 2579 officiose
1864 2556 1941 2578 haberi
1968 2556 2021 2578 dici-

1171 2602 1214 2621 tur.
1234 2599 1293 2620 More
1311 2603 1387 2621 nutem
1405 2598 1468 2625 vulgi
1486 2598 1529 2619 hoc
1542 2603 1625 2619 nomen
1643 2598 1710 2619 etium
1729 2598 1750 2618 in
1764 2596 1873 2624 oporibus
1892 2596 2021 2617 misericor-

1171 2639 1222 2661 diae
1240 2639 1408 2666 frequentatum
1427 2637 1488 2665 quod
1507 2636 1558 2658 ideo
1576 2636 1674 2658 arbitror
1691 2636 1807 2662 evenisse,
1826 2635 1878 2663 quia
1898 2635 1953 2656 hacc
1972 2634 2020 2656 fieri

1172 2678 1294 2705 praecipu.»
1313 2677 1373 2698 Deus.
1391 2676 1484 2698 mundat
1500 2681 1573 2703 eaque
1595 2675 1637 2697 sibi
1657 2675 1691 2696 vel
1711 2681 1752 2702 pro
1769 2673 1886 2696 sacrificiis
1908 2673 1943 2695 vel
1964 2679 2019 2701 prae

1172 2716 1287 2739 sacrificiis
1306 2716 1395 2743 placere
1415 2717 1508 2736 testatur
1519 2722 1538 2736 n.

1235 2755 1244 2769 ⁶
1261 2754 1304 2777 Cl'r.
1323 2755 1379 2776 infru
1397 2754 1418 2776 d.
1438 2753 1474 2775 35.
1493 2760 1514 2781 q.
1533 2754 1553 2775 6.
1572 2765 1602 2768 —
1621 2753 1688 2774 Paulo
1711 2752 1817 2779 superius
1840 2754 1891 2778 post
1913 2751 2021 2780 aequiuo-

1172 2795 1241 2817 cutur
1266 2793 1317 2816 cod.
1347 2793 1377 2815 bb
1400 2792 1478 2815 subdit
1505 2791 1550 2819 ibi,
1575 2797 1644 2820 quam
1673 2791 1791 2812 lectionem
1815 2796 1859 2811 nou
1889 2791 1955 2816 pauci
1984 2790 2019 2811 ulii

1172 2833 1239 2855 codd.
1258 2838 1380 2860 perperam
1393 2834 1564 2853 commutarunt
1575 2832 1597 2852 in
1610 2829 1779 2859 aequivocatur
1796 2828 1921 2858 impietatis
1931 2837 1940 2857 ;
1952 2835 2020 2856 supc-

1173 2873 1220 2894 rius
1237 2872 1304 2893 ctiam
1324 2878 1365 2899 pro
1383 2870 1406 2892 id
1423 2871 1467 2898 est,
1487 2870 1549 2899 quod
1568 2870 1631 2891 multi
1649 2868 1716 2891 codd.
1735 2869 1853 2894 omittunt,
1872 2867 1922 2889 cod.
1942 2868 1958 2889 l<
1978 2867 2019 2890 sci-

1174 2910 1239 2938 licet,
1259 2910 1326 2932 codd.
1346 2912 1361 2931 A
1374 2910 1390 2931 U
1408 2910 1437 2932 et.

1234 2950 1243 2964 ⁷
1263 2950 1315 2971 Disl.
1334 2949 1370 2971 34.
1395 2956 1416 2976 p.
1441 2949 1453 2970 l.
1478 2955 1497 2970 a.
1519 2950 1536 2969 1.
1560 2953 1581 2975 q.
1604 2947 1621 2968 1.
1639 2959 1670 2962 -
1688 2946 1729 2968 pro
1751 2945 1843 2974 patefiet
1866 2945 1933 2967 codd.
1953 2945 1968 2966 li
1989 2944 2020 2967 bb

1170 2988 1264 3019 palebil.
1283 2989 1403 3017 Aliquanto
1421 2987 1528 3015 superius
1545 2992 1587 3014 pro
1602 2985 1745 3015 parvitatem
1764 2985 1812 3006 Vat.
1833 2983 1951 3006 vilitatem.

2034 640 2097 658 Pietas
2109 640 2143 659 dici

2026 662 2057 705 ἷ-ἒὲ-
2079 663 2143 687 triplici

2034 1675 2146 1694 Notandum.
2153 1679 2154 1684 ¹
