2166 3366
877 168 960 196 DIST.
983 168 1024 197 Vl.
1046 168 1152 198 DUBIA.

150 247 235 281 vinis3
266 250 390 275 assumta
410 249 452 275 est
473 246 498 274 in
522 246 655 274 unitatem
678 253 827 282 personae,
849 246 923 283 quod
945 253 988 274 ne-

149 293 249 322 farium
269 296 311 321 est
332 293 424 321 dicere
436 293 452 320 ¹.
485 293 514 321 Et
545 292 668 326 iterum,
691 300 754 321 6661
776 292 869 329 aliqua
896 293 989 321 anima

150 340 246 368 unitur
276 339 332 368 Deo
360 347 409 376 per
429 339 579 367 voluntatis
600 338 835 373 conformitatem,
857 342 884 367 et
911 338 988 367 nullo

149 386 231 414 inodo
251 394 286 414 ex
310 386 362 414 1106
382 390 488 414 crescat
510 386 535 413 in
552 385 683 413 Trinitate
705 392 840 413 numerus
861 393 989 421 persona-

148 440 231 465 rum;
262 431 402 468 quaelibet
422 431 514 459 anima
534 435 628 460 sancta
649 435 841 460 assumeretur
861 440 876 459 a
898 432 988 460 Verbo

149 478 175 506 in
197 478 329 507 unitatem
362 485 513 514 personae:
542 486 608 513 ergo
629 477 745 514 quilibet
773 478 889 506 Sanctus
917 481 989 506 esset

148 525 236 559 Deus,
258 525 332 561 quod
354 525 468 561 quidem
491 524 583 553 dicere
605 528 646 553 est
666 525 779 552 omnino
800 533 975 561 perversum.

227 572 257 600 Et
279 574 426 608 propterea
451 571 502 599 iste
524 571 624 599 modus
645 571 770 605 dicendi,
792 571 864 600 sicut
885 579 920 600 ex
950 572 989 599 lit-

37 617 228 655 epqoimurtera⁹
257 617 412 654 colligitur,
433 617 598 654 repudiatus
618 621 659 645 est
681 622 810 654 tanquam
834 625 968 646 erroneus
980 629 987 652 ;

23 657 109 675 '⁰¹²¹”¹⁰'
148 672 198 693 nec
229 664 399 693 credendum
431 667 487 698 est,
517 664 677 700 Magistrum
699 663 784 692 fuisse
806 663 841 691 (16
862 663 989 699 opinione

33 720 135 747 Excusatur
148 711 214 745 ista,
236 718 286 739 nec
307 711 400 739 dicere
421 710 473 739 hoc
494 710 643 738 asserendo
665 710 707 738 vel
730 710 925 747 approbando,
940 710 987 738 sed

39 746 114 767 '‘¹⁵¹⁸''
146 757 264 786 aliorum
279 757 435 794 opinionem
452 757 601 785 recitando.
617 757 688 785 Hanc
703 761 796 785 autem
815 757 971 793 opinionem
982 779 988 791 ‚

146 804 217 832 sicut
237 807 264 832 et
284 804 368 837 alias,
391 811 440 832 nec
461 804 574 831 omnino
595 803 726 840 reprobat
745 811 794 832 666
819 803 930 831 omnino
944 811 989 839 ap-

147 850 252 886 probat.
268 850 394 878 Nondum
410 850 482 878 enim
499 850 637 878 claruerat
651 850 711 877 eius
726 849 844 883 falsitas,
867 849 989 877 maxime

145 904 209 925 cum
231 897 359 925 videatur
382 904 466 933 super
482 896 567 924 verba
582 896 744 924 Sanctorum
760 903 820 924 esse
842 895 956 924 fundata
969 895 987 923 ³.

498 988 566 1017 Dus.
587 988 628 1016 lll.

225 1083 289 1111 116111
312 1082 459 1119 quaeritur
480 1081 514 1110 de
535 1081 587 1109 hoc
608 1081 682 1118 quod
706 1081 789 1110 dicit:
812 1081 910 1109 Multis
931 1090 987 1110 mo-

146 1129 192 1158 dis
214 1128 345 1157 habitum
366 1128 493 1156 dicimus
513 1131 563 1156 616.
588 1127 679 1156 Primo
693 1128 766 1156 enim
782 1128 927 1164 distinguit
942 1128 987 1156 ha-

147 1176 234 1205 bitum
258 1175 284 1203 in
307 1175 359 1203 tria
381 1175 521 1207 membra;
543 1174 666 1202 secundo
688 1182 754 1202 vero
775 1174 919 1211 distinguit
934 1175 987 1203 alia

146 1221 320 1251 distinctione
340 1229 390 1258 per
411 1225 532 1258 quatuor
554 1221 693 1249 membra:
711 1221 795 1258 igitur
811 1221 853 1249 vel
876 1229 931 1249 una
946 1225 987 1249 est

145 1267 314 1306 superflua,
344 1268 386 1296 vel
408 1268 495 1296 altera
517 1267 672 1295 diminuta.
693 1284 731 1288 —
753 1268 835 1301 ltem,
857 1268 986 1296 videntur

145 1316 238 1353 aliqua
260 1315 386 1344 membra
407 1315 545 1343 secundae
564 1314 708 1343 divisionis
721 1322 782 1343 esse
797 1315 986 1351 impossibilia.

144 1362 215 1390 Dicit
235 1361 326 1395 enim,
357 1361 430 1398 quod
457 1361 601 1398 quaedam
623 1361 764 1388 accedunt
779 1360 804 1394 ⁴,
825 1369 899 1399 quae
926 1369 987 1389 mu-

147 1412 225 1441 tant,
246 1408 297 1436 sed
323 1416 380 1435 non
411 1411 582 1440 mutantur,
603 1407 679 1435 sicut
699 1407 853 1443 sapientia.
876 1407 929 1435 l-loc
951 1407 987 1435 vi-

147 1455 229 1483 detur
249 1462 309 1483 esse
324 1454 509 1490 impossibile,
531 1455 608 1490 quia,
630 1454 651 1482 si
673 1461 709 1482 ex
731 1454 825 1490 aliquo
845 1454 986 1482 accidente

146 1501 310 1530 adveniente
325 1504 450 1529 mutatur
469 1500 641 1533 subiectum,
656 1500 783 1534 videtur,
804 1501 878 1537 quod
894 1501 984 1537 ipsum

147 1548 234 1576 multo
255 1547 343 1584 magis
365 1547 464 1575 debeat
485 1547 537 1575 dici
561 1550 711 1581 mutatum,
733 1547 798 1584 quia
819 1547 854 1575 de
874 1551 935 1575 ente
955 1548 986 1575 in

143 1593 273 1630 potentia
293 1593 324 1621 fit
344 1602 394 1621 ens
415 1593 445 1621 in
466 1597 543 1621 actu.
565 1609 603 1613 —
624 1593 707 1627 item,
728 1593 804 1621 aliud
827 1594 985 1622 membrum

145 1640 288 1674 similiter,
305 1640 377 1677 quod
394 1640 475 1673 dicit,
491 1639 564 1676 quod
580 1640 725 1677 quaedam
740 1640 896 1673 accedunt,
912 1649 986 1678 quae

143 1695 193 1715 666
224 1690 340 1715 mutant
376 1695 427 1714 nec
461 1690 633 1719 mutantur,
667 1687 779 1715 videtur
807 1687 984 1723 impossibile.

146 1732 217 1760 Nihil
239 1733 312 1761 enim
341 1740 444 1760 novum
467 1733 572 1769 acquiri
595 1735 684 1769 potest
706 1733 764 1761 sine
785 1733 878 1769 aliqua
900 1737 986 1761 muta-

147 1779 219 1807 tione
239 1779 438 1816 acquiremis,
461 1779 504 1808 vel
530 1779 686 1817 acquisiti:
718 1787 784 1816 ergo
815 1779 985 1816 impossibile

144 1829 200 1860 est,
222 1825 296 1862 quod
318 1825 412 1862 aliqua
433 1826 589 1854 differentia
611 1825 723 1854 habitus
745 1826 939 1854 introducatur
958 1826 984 1854 in

143 1881 217 1906 esse,
239 1873 314 1909 qua⁵
338 1880 392 1900 non
414 1872 461 1900 fiat
483 1873 598 1900 mutatio
614 1872 639 1900 in
662 1873 771 1906 habim,
792 1873 835 1901 vel
858 1873 984 1901 habente.

224 1919 401 1947 RESPONnEo:
435 1918 603 1952 Dicendum,
631 1919 705 1955 quod
729 1919 919 1955 August1nus⁶
948 1919 985 1947 di-

31 1971 86 2012 itu-:fii
94 1976 132 1997 m
144 1965 259 2002 stinguit
281 1965 405 1993 habitum
428 1965 594 2002 dupliciter:
616 1973 672 1994 uno
692 1965 773 1994 modo
788 1966 814 1993 in
829 1974 858 1994 se
874 1974 922 2002 per
938 1966 985 1994 dif-

16 1995 133 2044 gggnffis‘frni:
145 2012 274 2041 serentias
295 2012 438 2049 proprias,
453 2019 525 2048 quae
540 2012 691 2048 respiciunt
706 2012 832 2040 habitum
848 2017 982 2049 quantum

16 2041 97 2064 ''nme'‘
144 2058 185 2086 ad
204 2066 271 2086 esse.
294 2058 324 2086 Et
346 2058 413 2086 istae
435 2062 499 2086 sunt
519 2061 584 2087 tres.
606 2058 694 2087 Omne
714 2058 787 2087 enim
810 2058 882 2095 quod
904 2059 986 2087 habe-

145 2108 206 2139 tur,
238 2108 286 2133 aut
311 2104 430 2133 liabetur
451 2104 592 2138 imerius,
613 2107 662 2133 aut
683 2105 827 2138 exterius,
849 2108 898 2133 aut
915 2114 985 2142 par-

146 2150 197 2178 tim
217 2150 358 2184 interius,
377 2150 490 2187 partim
512 2151 647 2179 emerius.
670 2151 695 2178 Si
711 2151 827 2179 omnino
842 2151 984 2184 interius:

207 2314 213 2329 ¹
233 2314 277 2337 Csr.
294 2321 363 2342 supra
381 2315 403 2337 d.
424 2315 442 2337 1.
466 2315 520 2337 dub.
539 2314 560 2337 4.
578 2310 607 2331 —'
624 2315 667 2337 Pro
689 2317 797 2338 assumta
822 2317 856 2338 ese
880 2316 930 2347 Yat.
948 2322 983 2339 as-

144 2354 222 2375 sumta
239 2355 304 2376 esset.

206 2391 216 2405 ²
233 2392 273 2413 Hic
290 2397 309 2413 c.
328 2391 348 2413 4.
367 2398 413 2420 seq.
432 2395 454 2414 et
471 2392 492 2414 d.
511 2392 555 2414 Vll.
574 2398 593 2414 c.
610 2393 630 2414 2.
649 2399 696 2421 seq.
708 2404 738 2409 —-
751 2393 799 2415 Mox
817 2399 859 2421 pro
876 2393 983 2422 repudia-

145 2431 182 2452 tus
199 2430 249 2451 cod.
269 2430 285 2452 U
302 2430 470 2459 repudiandus,

206 2468 215 2483 ³
233 2468 290 2491 Vide
307 2475 375 2496 supra
393 2476 412 2491 a.
433 2470 450 2491 1.
470 2476 491 2498 q.
510 2470 530 2491 3.
546 2482 578 2486 —
594 2470 626 2492 De
644 2471 686 2492 boc
704 2470 774 2492 dubio
792 2471 830 2493 cfr.
848 2472 872 2493 B,
890 2471 981 2499 Albcrt„

145 2508 180 2530 iiic
192 2514 211 2530 a.
224 2508 248 2535 8;
261 2508 283 2529 S.
297 2508 386 2535 Tuom,
404 2509 439 2530 hic
456 2509 514 2530 circa
532 2509 574 2536 lit.;
594 2510 698 2531 Richard.
716 2516 727 2531 a
747 2510 810 2536 Med„
824 2511 859 2532 1116
871 2512 929 2532 circu
951 2511 980 2532 lit¹

206 2546 215 2560 ⁴
233 2545 304 2568 Codd.
322 2546 364 2568 UZ
382 2546 414 2569 bb
431 2550 452 2569 et
469 2547 504 2568 alii
523 2548 559 2569 hic
575 2550 596 2569 et
613 2548 682 2576 paulo
704 2549 797 2571 inscrius
813 2548 923 2572 accidunt
939 2556 981 2577 pro

144 2583 263 2607 accedunt.
282 2585 330 2606 Mox
349 2591 390 2612 pro
407 2584 463 2614 quia
480 2584 501 2607 si
518 2585 608 2612 plurimi
626 2585 693 2608 codd.
710 2587 791 2609 vitiose
808 2586 864 2616 quia
881 2587 930 2610 etsi.

205 2623 215 2637 ⁵
233 2623 274 2645 Pro
292 2629 339 2652 qua
356 2623 408 2645 cdd.
426 2622 488 2652 quod
505 2627 527 2645 ct
542 2623 641 2646 subinde
658 2623 682 2646 in
699 2624 779 2647 habitu
796 2631 838 2653 pro
855 2625 879 2648 in
896 2625 980 2648 nabitu.

205 2661 215 2676 ὅ
231 2662 292 2684 Libr.
311 2662 340 2684 83
357 2662 398 2691 Qq.
417 2669 439 2691 q.
457 2662 494 2684 73.
512 2668 533 2684 n.
556 2663 586 2690 l.‚
605 2663 664 2685 unde
681 2666 770 2685 sumtus
782 2667 815 2686 est
827 2667 899 2686 textus
914 2665 982 2686 huius

145 2700 215 2723 dubii.

206 2740 216 2754 ⁷
233 2739 288 2768 Cap.
305 2740 332 2763 de
348 2739 444 2763 Habere.
464 2741 494 2762 Dc
517 2740 766 2769 Postpraedicamentss
792 2742 920 2764 Aristoteles
938 2744 979 2764 tra-

145 2782 187 2801 ctat
204 2780 225 2801 in
244 2780 306 2802 tertia
324 2783 387 2807 parte
404 2780 438 2801 sui
456 2779 520 2806 libri,
538 2780 576 2808 qui
595 2779 724 2801 inscribitur
739 2780 766 2802 tle
785 2780 980 2803 l‘raedicamcntis.

146 2818 266 2846 Postquam
284 2819 305 2839 in
323 2819 395 2846 prima
414 2819 478 2840 istius
495 2818 544 2840 libri
563 2822 626 2846 parte
643 2819 689 2845 ogit
706 2818 734 2840 de
751 2818 981 2847 Antepraedicamen-

144 2855 173 2879 Iis
190 2857 203 2878 i.
221 2862 240 2878 e.
258 2856 287 2878 de
304 2856 442 2884 quibusdam
459 2857 584 2884 suppositis
601 2856 628 2877 ad
648 2856 883 2879 l'racdicamcntorum
902 2857 981 2879 doctri-

146 2900 196 2916 nam
215 2894 382 2917 conterentibus
400 2901 421 2917 ν.
438 2901 472 2923 gr.
491 2895 519 2916 ‹lo
537 2895 666 2917 (1611616066
684 2896 875 2923 aequivocorum,
903 2897 981 2918 univo-

145 2938 224 2955 corum
241 2935 290 2961 etc„
307 2937 329 2955 et
346 2934 367 2955 in
385 2934 484 2955 secunda
508 2933 536 2955 de
562 2933 760 2956 Praedicnmenlzls
777 2934 790 2955 i.
807 2940 826 2955 e.
844 2934 979 2962 substantia,

1831 171 1883 199 165

1044 246 1082 275 sic
1104 246 1222 275 dicimus
1245 247 1369 275 habitum
1392 247 1515 281 animae,
1537 250 1568 276 ut
1589 247 1729 276 scientiam
1756 251 1783 276 et
1807 248 1885 276 disci-

1045 292 1156 329 plinam.
1179 293 1205 321 Si
1227 293 1344 321 omnino
1375 293 1524 327 exterius,·
1554 294 1593 323 sic
1618 294 1737 323 dicimus
1759 294 1883 322 habitum

1044 347 1141 367 eorum
1163 347 1234 376 quae
1255 339 1380 368 exterius
1401 340 1510 376 corpori
1534 341 1792 375 accommodantur,
1814 340 1886 369 sicut

1044 393 1104 414 esse
1127 385 1255 414 vestitum
1278 389 1304 414 et
1324 386 1486 415 calceatum.
1508 387 1533 415 Si
1560 387 1687 424 quodam
1714 387 1798 415 modo
1820 387 1886 415 inte-

1044 431 1127 465 rius,
1148 436 1173 460 et
1194 433 1322 470 quodam
1343 433 1427 461 modo
1448 433 1597 466 externis,-
1612 433 1649 462 sic
1665 433 1784 462 dicimus
1798 433 1884 462 alium

1046 478 1099 506 alio
1131 479 1292 507 validiorem
1326 479 1367 507 vel
1399 479 1549 508 fortiorem.
1584 480 1612 507 Et
1641 480 1691 508 hoc
1712 480 1790 517 quasi
1813 483 1886 509 tenet

1046 525 1169 553 medium
1192 526 1263 554 inter
1284 526 1453 554 differentias
1475 526 1545 554 duas
1566 527 1645 563 prius
1666 527 1777 563 positas.
1800 527 1830 555 Et
1850 527 1886 555 ad
1900 532 2014 551 Notandum-

1047 571 1112 599 istas
1136 576 1191 600 tres
1206 572 1375 600 differentias
1390 573 1485 601 reduci
1501 576 1617 609 possunt
1636 576 1740 610 septem
1757 573 1795 601 illi
1812 574 1885 602 modi

1047 617 1182 651 habendi,
1204 626 1274 654 quos
1295 618 1416 654 assignat
1438 618 1621 655 Philosophus
1642 619 1667 647 in
1684 619 1886 656 Postpraedica-

1046 664 1147 692 mentis
1157 664 1175 691 ⁷.

1124 710 1176 738 Sed
1198 710 1264 747 quia
1285 711 1335 739 iste
1361 711 1461 739 modus
1482 711 1668 748 distinguendi
1691 721 1791 749 parum
1813 713 1886 742 valet
1918 718 2014 736 Secundus

1899 741 1964 759 modus
1987 742 2014 759 di-

1045 756 1080 784 ad
1103 757 1292 793 propositum,
1315 757 1376 785 ideo
1407 758 1492 786 sumit
1523 759 1692 795 Augustinus
1723 759 1808 787 alium
1833 768 1886 788 mo-
1898 764 2005 806 stingueuldn

1045 802 1113 830 dum
1135 802 1322 839 distinguendi
1346 812 1395 840 per
1417 807 1537 840 quatuor
1555 805 1696 839 membra,
1712 806 1759 841 qui
1775 805 1886 842 respicit
1898 792 1957 829 21⁰3ss
1960 793 1983 811 ⁰⁸³
1992 794 2006 806 ι’

1045 848 1136 885 ipsum
1159 849 1285 877 habitum
1308 853 1444 886 quantum
1466 850 1507 878 ad
1524 850 1598 887 sieri.
1632 851 1662 879 Et
1693 851 1761 880 haec
1787 851 1885 880 divisio

1045 899 1086 923 est
1117 896 1353 930 quadrimembris
1385 897 1538 925 secundum
1569 901 1689 934 quatuor
1711 898 1887 926 combinatio-

1045 941 1116 969 nes⁸
1145 941 1313 971 sufficientes
1340 946 1367 971 et
1394 943 1575 971 immediatas.
1608 944 1695 972 Omne
1716 944 1789 972 enim
1811 944 1885 981 quod

1044 988 1150 1016 accedit
1171 988 1267 1023 alicui,
1289 993 1338 1017 aut
1358 993 1453 1017 mutat
1475 993 1589 1018 tantam
1610 994 1635 1018 et
1655 999 1712 1018 uon
1734 995 1885 1025 mutatur,

1046 1035 1118 1063 sicut
1139 1035 1293 1072 sapientia;
1315 1039 1363 1064 aut
1384 1040 1479 1064 mutat
1500 1040 1525 1065 ct
1548 1041 1701 1071 mutatur,
1726 1041 1757 1066 ut
1788 1038 1886 1073 cibus;

1044 1085 1093 1109 aut
1113 1090 1163 1110 666
1185 1085 1280 1110 mutat
1299 1091 1350 1110 666
1371 1087 1523 1117 mutatur,
1545 1087 1576 1112 ut
1607 1084 1726 1118 anulus3
1749 1088 1797 1113 aut
1825 1093 1886 1112 mu-

1045 1131 1142 1161 tatur,
1165 1129 1213 1157 sed
1234 1137 1292 1156 ozon
1313 1133 1422 1162 initiat,
1446 1133 1477 1157 ut
1499 1130 1702 1158 vestimentum.
1718 1147 1755 1151 —
1771 1131 1801 1159 Et
1817 1131 1885 1160 illud

1044 1178 1175 1211 quartum
1200 1175 1356 1203 membrum
1381 1176 1453 1204 valet
1473 1176 1508 1205 ad
1523 1177 1712 1213 propositum,
1728 1181 1755 1205 et
1769 1186 1818 1214 per
1834 1178 1885 1206 1106
1898 1182 2026 1224 ἑλιξῠὲὲῃξῠίε-

1044 1224 1118 1257 patet
1140 1222 1282 1257 responsio
1296 1222 1331 1250 ad
1347 1222 1469 1259 primum
1485 1223 1633 1251 obiectum.
1649 1224 1718 1252 Istae
1732 1224 1805 1252 enim
1821 1232 1886 1261 qua-

1044 1270 1107 1296 tuor
1129 1267 1301 1297 differentiae
1323 1269 1498 1297 reducuntur
1519 1270 1552 1298 ad
1576 1270 1637 1298 illas
1660 1273 1734 1303 tres;
1756 1270 1817 1299 ideo
1836 1278 1886 1300 nec

1044 1314 1111 1343 istae
1133 1318 1198 1343 sunt
1220 1315 1395 1352 superfluae,
1417 1323 1467 1344 nec
1489 1316 1552 1344 illae
1574 1316 1734 1345 diminutae.
1757 1314 1761 1320 ⁴

1122 1361 1160 1390 Ad
1183 1361 1252 1390 illud
1274 1363 1347 1399 quod
1370 1362 1514 1397 obiicitur,
1536 1364 1610 1400 quod
1633 1364 1767 1401 sapientia
1782 1367 2007 1397 6161111,Αᾱ”]·οῑ)ῐ-

1044 1408 1091 1436 sed
1121 1416 1173 1436 non
1206 1411 1349 1442 mutatur;
1371 1408 1536 1443 dicendum,
1558 1410 1632 1446 quod
1654 1410 1688 1438 ad
1711 1410 1781 1444 hoc,
1809 1411 1883 1447 quod

1043 1454 1106 1490 quis
1128 1454 1176 1482 fiat
1195 1454 1332 1491 sapienta,
1364 1456 1505 1483 concurrit
1526 1455 1660 1492 sapientia
1680 1460 1772 1484 creata
1793 1460 1819 1485 et
1847 1457 1885 1486 in-

1043 1504 1151 1535 creata,
1166 1501 1237 1530 sicut
1251 1501 1286 1529 ad
1308 1501 1375 1534 hoc,
1397 1502 1470 1538 quod
1486 1502 1533 1530 fiat
1544 1506 1666 1539 graciis,
1681 1503 1822 1531 concurrit
1843 1511 1884 1531 ca-

1043 1547 1110 1575 ritas
1132 1550 1224 1576 creata
1244 1551 1271 1575 et
1293 1547 1422 1576 increata.
1444 1548 1513 1576 Cum
1534 1552 1627 1577 autem
1656 1549 1825 1585 Augustinus
1847 1549 1885 1577 di-

1043 1593 1095 1625 cit,
1116 1594 1190 1630 quod
1217 1594 1378 1630 «sapientia
1409 1602 1462 1622 non
1491 1598 1617 1623 mutatur
1632 1606 1661 1629 »3
1681 1603 1734 1623 non
1756 1595 1884 1632 intelligit

1043 1639 1078 1668 de
1099 1640 1233 1676 sapientia
1255 1644 1371 1674 creata,
1393 1648 1464 1677 quae
1485 1645 1527 1669 est
1547 1642 1674 1670 accidens
1695 1642 1819 1676 animae,
1834 1643 1882 1671 sed

1043 1686 1077 1714 de
1099 1686 1232 1722 sapientia
1253 1686 1394 1715 increata.
1406 1703 1444 1707 —
1456 1688 1487 1715 Et
1501 1688 1553 1716 1106
1567 1688 1726 1725 frequenter
1741 1689 1884 1718 adverten-
1896 1693 2011 1735 drgoffigiffi

1043 1733 1110 1761 dum
1133 1737 1174 1761 est
1195 1733 1222 1761 in
1245 1733 1337 1762 verbis
1359 1734 1517 1770 Augustini,
1539 1742 1602 1763 cum
1627 1735 1749 1772 loquitur
1777 1736 1811 1764 de
1839 1745 1884 1765 sa·
1963 1732 1972 1741 ⁰
2006 1731 2010 1735 ⁴

1039 1780 1152 1816 pientia
1173 1783 1199 1809 et
1218 1781 1337 1817 qratia,
1359 1781 1424 1817 quia
1446 1781 1528 1809 modo
1543 1781 1666 1818 loquitur
1681 1782 1716 1810 de
1730 1782 1882 1818 increata,

1042 1827 1125 1855 modo
1146 1827 1180 1855 de
1202 1831 1310 1855 creata.
1332 1844 1372 1848 —
1392 1827 1481 1856 Potest
1502 1828 1584 1856 etiam
1617 1829 1668 1857 1106
1699 1830 1816 1858 verbum
1846 1830 1883 1858 in·
1895 1837 1961 1856 Aliter-

1043 1872 1126 1909 telligi
1149 1873 1183 1901 de
1205 1873 1339 1909 sapientia
1360 1877 1468 1902 ereata.
1497 1874 1549 1903 Sed
1582 1878 1647 1903 tunc
1678 1883 1732 1903 non
1760 1875 1883 1913 loquitur

1042 1919 1212 1956 Augustinus
1233 1920 1267 1948 de
1283 1928 1460 1957 quocumque
1475 1928 1575 1957 genere
1595 1922 1770 1956 mutationis,
1785 1922 1833 1951 sed
1848 1923 1883 1952 de

1042 1966 1089 1994 illa
1111 1967 1277 2001 mutatione,
1299 1975 1370 2004 quae
1392 1970 1433 1995 est
1453 1967 1488 1996 de
1509 1975 1565 1996 una
1592 1968 1770 2005 dispositione
1792 1969 1826 1997 ad
1847 1969 1883 1997 al-

1041 2016 1146 2047 teram,
1176 2016 1272 2049 utpote
1303 2013 1337 2042 de
1369 2014 1537 2049 mutatione,
1568 2022 1640 2051 quae
1665 2018 1705 2043 est
1727 2016 1881 2044 secundum

1040 2059 1178 2093 formam;
1199 2064 1226 2088 et
1247 2064 1313 2088 tunc
1335 2068 1387 2088 non
1405 2060 1488 2089 babet
1502 2061 1660 2089 instantiam
1676 2061 1702 2089 in
1717 2062 1881 2098 sapientia,

1040 2106 1106 2142 quia
1125 2105 1271 2142 sapientia
1293 2105 1420 2134 accidens
1441 2114 1494 2134 non
1517 2107 1668 2142 alteratur,
1689 2108 1816 2145 quamvis
1836 2117 1882 2137 sa-

1036 2151 1120 2188 piens
1141 2152 1295 2180 secundum
1318 2152 1392 2180 illam
1414 2153 1548 2181 alteretur
1561 2153 1580 2181 ⁹.

1040 2318 1174 2345 quantitate,
1193 2317 1312 2344 relatione,
1338 2318 1425 2339 actione
1449 2320 1471 2340 et
1497 2318 1615 2346 passione;
1640 2319 1661 2339 in
1680 2318 1755 2345 tertia,
1782 2321 1805 2340 ut
1827 2318 1879 2340 dixi-

1040 2361 1102 2383 mus,
1121 2356 1167 2383 agit
1184 2355 1211 2377 dc
1234 2355 1485 2384 Postpraedicamentis
1502 2357 1515 2378 i.
1542 2363 1560 2378 e.
1586 2356 1613 2378 de
1639 2356 1777 2385 quibusdum
1802 2363 1878 2379 conse-

1039 2394 1163 2422 quentibus
1175 2394 1203 2415 ad
1215 2395 1263 2421 ipsa
1277 2394 1459 2422 praedicamento
1472 2401 1494 2417 v.
1508 2401 1542 2422 gr.
1555 2395 1583 2417 de
1595 2396 1746 2423 oppositione,
1758 2395 1786 2417 de
1800 2397 1877 2423 priori,

1039 2433 1119 2460 simul,
1137 2432 1221 2455 habere
1233 2437 1274 2455 cte.
1293 2433 1348 2455 Octo
1360 2434 1398 2462 qui
1411 2434 1432 2455 in
1451 2440 1500 2461 cap.
1513 2433 1540 2456 de
1554 2433 1644 2456 Habere
1656 2434 1800 2461 assignantur
1817 2434 1878 2456 modi

1039 2471 1137 2493 habendi
1154 2478 1165 2493 a
1185 2472 1249 2493 Petro
1267 2472 1365 2499 llispano
1383 2473 1426 2494 hoc
1444 2472 1540 2494 disticho
1557 2473 1727 2499 exprimuntur:

1039 2510 1149 2532 Affectum
1167 2509 1310 2539 [qualitatem
1328 2517 1350 2532 v.
1369 2517 1402 2538 gr.
1420 2510 1540 2540 virtutem]
1558 2514 1680 2539 quantum,
1704 2512 1824 2539 vestitum,
1843 2511 1879 2534 dic

1132 2549 1195 2571 velut
1211 2556 1293 2571 aurum
1312 2548 1417 2578 [anulum
1435 2550 1456 2571 in
1475 2548 1565 2578 digito]

1039 2587 1179 2614 Membrum,
1197 2591 1327 2610 contentum
1346 2588 1378 2616 [in
1397 2587 1478 2616 vase],
1497 2593 1639 2615 possessum,
1660 2588 1695 2609 vir
1713 2588 1839 2610 mulierem.

1101 2626 1132 2648 De
1149 2629 1230 2648 octavo
1248 2627 1330 2648 horum
1344 2626 1465 2648 modorum
1483 2627 1571 2647 Aristot.
1585 2626 1715 2654 profitetur,
1728 2627 1791 2655 quod
1812 2635 1821 2646 α
1832 2633 1878 2650 610-

1038 2664 1082 2686 dus
1099 2665 1249 2687 alienissimus
1266 2667 1300 2686 est
1323 2665 1373 2686 eius
1398 2664 1460 2693 quod
1485 2667 1519 2686 est
1543 2664 1644 2692 habere‚·
1665 2665 1717 2686 611111
1735 2665 1796 2687 enim
1814 2665 1876 2687 aliud

1039 2709 1132 2725 uxorem
1150 2703 1233 2725 habere
1250 2703 1416 2731 significamur,
1430 2709 1498 2732 quam
1512 2703 1573 2731 quod
1587 2703 1746 2727 cohabitant».
1758 2716 1789 2721 -
1805 2704 1876 2727 Codd.

1038 2744 1054 2764 Λ
1065 2742 1080 2764 F
1093 2742 1097 2763 l
1108 2742 1123 2764 L
1134 2742 1149 2763 Ν
1167 2749 1193 2763 aa
1211 2742 1234 2764 in
1252 2741 1458 2765 Praedicumentis.

1100 2779 1110 2794 ⁸
1126 2779 1197 2802 Codd.
1216 2780 1233 2802 Μ
1245 2780 1262 2801 O
1280 2779 1428 2802 conditiones.
1441 2780 1489 2802 Mox
1502 2786 1544 2808 pro
1557 2780 1630 2803 Omne
1648 2781 1714 2803 codd.
1727 2782 1743 2803 Α
1755 2782 1770 2803 Β
1780 2781 1796 2804 C
1807 2782 1848 2804 DE
1858 2782 1875 2804 Μ

1039 2818 1081 2840 ΟΖ
1099 2825 1124 2840 cc
1141 2819 1210 2846 Esse,
1230 2819 1283 2840 cdd.
1301 2819 1355 2841 Hoc.
1368 2819 1469 2841 Subinde
1482 2826 1523 2847 pro
1535 2819 1622 2842 accedit
1639 2820 1705 2842 codd.
1723 2820 1740 2842 N
1751 2821 1767 2842 U
1785 2820 1876 2844 accidit.

1099 2856 1109 2871 ⁹
1126 2857 1170 2878 Cir.
1188 2857 1201 2878 l.
1220 2858 1279 2878 Sent.
1297 2857 1318 2878 d.
1337 2856 1373 2878 37.
1392 2863 1413 2885 p.
1431 2857 1453 2879 ll.
1481 2857 1535 2879 dub.
1554 2858 1574 2880 2,
1600 2861 1622 2880 et
1640 2857 1660 2880 4.
1677 2870 1708 2875 -
1725 2858 1796 2881 Codd.
1814 2859 1875 2881 Aut

1038 2895 1053 2916 L
1064 2895 1080 2916 N
1091 2895 1108 2916 T
1120 2895 1136 2917 U
1153 2902 1179 2916 aa
1197 2895 1326 2918 secundum
1343 2895 1422 2924 illum,
1442 2896 1492 2918 cod.
1507 2897 1521 2918 F
1532 2896 1661 2920 secundum
1672 2897 1739 2920 iliad.
1756 2898 1876 2926 Aliquanto

1037 2934 1130 2956 inferius
1147 2940 1189 2962 pro
1206 2934 1267 2957 Haec
1285 2934 1407 2964 [alti-ratio]
1424 2936 1503 2958 autem
1521 2936 1612 2964 plurimi
1629 2936 1696 2958 codd.
1719 2936 1767 2959 Hoc
1789 2937 1875 2959 autem.
