2166 3366
283 196 339 225 VIII

283 281 308 303 r.‚
327 274 410 296 deiude
427 273 468 295 col.
489 274 512 295 I:
530 272 593 295 Deus
610 272 700 298 autem,
725 270 767 300 qai
788 269 851 292 dives
868 270 901 292 est
921 272 963 291 etc.
988 268 1128 290 Distinctioni

283 322 410 348 vigesimae
427 320 505 342 tertiae
523 319 686 347 praemittitur:
704 316 787 345 Incipit
798 315 902 339 secunda
918 320 975 344 pars
988 313 1050 337 tertii
1067 313 1128 336 libri.

285 367 343 391 Cum
355 372 410 389 cero
422 372 498 396 supra
514 364 621 388 habitum
633 365 666 387 est
677 366 719 386 etc.
736 363 812 385 Desin.
826 363 861 384 sol.
880 362 919 384 198
938 364 962 383 ut
974 362 995 383 in
1011 361 1087 387 editis;
1100 360 1130 382 ad

284 415 370 437 calcem
387 413 550 441 subiungitur:
569 410 672 440 Emplicit
684 409 766 433 tertius
784 408 848 432 liber.
862 421 892 424 ⁷-
903 408 958 431 Cod.
976 408 1076 435 optimae
1092 413 1130 429 no-

284 464 319 484 tae
336 464 358 483 et
375 467 386 483 a
399 460 465 482 nobis
482 460 504 481 in
517 458 628 487 eligendis
645 456 780 480 lectionibus
797 455 939 478 variantibus
956 456 1064 477 continuo
1076 460 1131 476 con-

284 508 363 529 sultus.
378 519 407 522 »-
420 507 482 533 Sign.
500 505 526 526 T.

348 555 384 576 28.
402 551 507 580 Venetiis,
521 552 543 574 111
553 551 691 574 bibliotheca
701 550 831 577 SeminarIi,
842 549 892 571 cod.
903 549 930 571 ΜΔ
943 549 974 570 111.
985 549 1021 570 29.
1032 547 1130 570 membr.

284 602 305 623 in
324 600 361 622 sol.
380 605 439 622 saec.
457 598 513 621 XIII.
536 600 626 620 exeunt.
644 598 723 625 Incipit
743 597 781 619 101.
800 597 807 618 1
830 603 847 618 r.
866 596 907 617 col.
933 596 953 617 1.
971 599 996 617 ut
1018 596 1040 617 in
1057 594 1130 616 editis.

284 648 382 670 Desinit:
405 646 435 669 sit
454 645 531 668 omnis
551 644 628 668 honor
649 645 669 667 et
686 643 765 674 pluria
781 649 823 672 per
841 642 932 673 infinita
948 641 1029 665 secula
1045 640 1132 664 seculo-

284 699 347 716 rum.
365 692 447 715 Amen.
465 690 570 719 Empticit
588 690 645 713 tiber
662 689 746 713 tertius
767 689 852 719 fratris
870 689 1037 712 Bonaventure
1061 693 1132 717 super

284 739 410 764 sententiis.
429 739 515 761 Deinde
528 739 625 766 scriptor
637 738 696 760 XIV.
710 743 768 759 saec.
787 736 883 759 subiecit
902 736 1002 758 tabulam
1020 735 1132 763 quaestio-

285 793 352 815 num,
371 792 441 815 quam
459 786 559 813 explevit
576 792 618 813 per
635 784 720 807 verba:
739 783 879 813 Empticiunt
890 782 952 805 tituli
967 781 1133 812 quaestionum

286 833 349 857 tertii
366 832 421 856 libri
436 832 608 856 sententiarum
625 830 756 854 secundum
773 830 874 859 fi'atrem
894 829 1089 852 Bonaventuram
1106 827 1133 851 de

285 881 374 905 Balneo
392 880 454 910 repis
471 879 562 903 ordinis
578 878 684 908 fratrum
701 875 842 905 minorum,
854 878 874 900 et
891 877 947 899 sunt
963 876 1011 899 in...
1030 888 1061 891 —
1077 875 1132 898 Cod.

287 929 394 956 antiquus
414 930 436 949 et
456 927 541 953 honus,
554 929 630 948 tamen
648 925 725 947 multis
736 925 757 946 in
777 924 831 946 Iocis
849 929 893 945 non
905 925 966 945 caret
983 923 1054 951 vitiis,
1071 929 1134 950 prae-

287 975 364 997 sertim
382 973 477 996 saltibus
494 972 524 995 ob
542 972 703 995 homoteleuta.
729 971 751 993 111
779 970 880 993 secunda
906 970 974 992 huius
995 969 1045 991 libri
1072 972 1135 996 parte

286 1021 354 1044 valde
372 1021 478 1043 convenit
494 1025 547 1042 eum
565 1019 633 1041 codd.
651 1018 720 1040 lLaa
738 1017 774 1046 (n.
793 1018 813 1039 8.
832 1018 853 1039 9.
876 1017 927 1045 I2.).
943 1028 973 1032 -
986 1017 1048 1044 Sign.
1067 1015 1094 1038 V.

698 1105 723 1127 11.

491 1175 595 1205 Codices
616 1183 633 1205 a
654 1174 730 1204 nobis
747 1182 801 1203 non
821 1172 924 1203 collati.

351 1257 388 1278 29.
406 1254 580 1279 Ambianorum
597 1255 618 1277 in
637 1254 718 1282 Gallia,
736 1253 874 1275 bibliotheca
887 1251 999 1279 Civitatis,
1018 1250 1068 1273 eod.
1082 1250 1135 1272 223.

288 1303 387 1326 membr.
400 1304 421 1325 iu
440 1303 476 1325 Iol.
489 1308 548 1325 saec.
561 1302 616 1324 XIII.
635 1301 657 1323 In
674 1301 787 1329 principio
800 1300 976 1328 praemittuntur
988 1298 1056 1320 index
1069 1304 1137 1326 quae-

289 1351 389 1372 stionum
401 1353 422 1372 et
434 1350 475 1372 alia
489 1349 597 1372 nonnulla
609 1348 638 1371 ad
651 1349 712 1370 hunc
724 1348 816 1370 tertium
828 1347 913 1369 lIbrum
927 1337 1059 1374 spectantia.
1071 1344 1136 1367 Com-

286 1398 412 1419 mentarius
430 1397 508 1424 incipit
519 1396 556 1419 sol.
575 1396 588 1418 5
606 1402 628 1418 v.
641 1396 687 1418 sic:
705 1394 824 1423 Incipiunt
839 1393 971 1423 questiones
989 1392 1075 1422 fratris
1094 1392 1136 1415 Bo-

287 1444 418 1466 naventure
429 1448 501 1472 super
514 1441 602 1465 librum
614 1441 708 1464 tertium
721 1439 900 1463 sententiarum.
915 1439 976 1462 Deits
989 1440 1082 1467 autem,
1097 1437 1138 1467 qui

287 1489 350 1513 clines
366 1491 401 1512 est
417 1492 459 1512 etc.
478 1490 551 1511 Desin.
570 1488 607 1511 sol.
626 1489 670 1510 272
684 1494 705 1510 r.
724 1487 766 1510 001.
785 1488 810 1509 2;
828 1486 859 1509 sit
875 1485 952 1509 omnis
964 1485 1040 1508 honor
1052 1486 1073 1508 et
1088 1484 1137 1515 ylo-

288 1536 326 1560 ria
342 1542 384 1566 per
401 1535 494 1566 infinita
510 1535 591 1559 secula
607 1535 754 1558 secutarum.
771 1534 853 1557 Amen.

352 1584 388 1606 30.
406 1582 555 1606 Barcinonae
566 1583 588 1604 in
602 1582 716 1609 Hispania,
731 1582 751 1603 in
764 1581 864 1603 Archivo
876 1586 975 1602 coronae
987 1586 1070 1608 regum
1082 1580 1138 1601 Ara-

288 1631 438 1659 gonensium,
457 1629 508 1652 cod.
527 1630 569 1657 33,
587 1634 657 1657 quem
675 1630 719 1650 inm
738 1628 896 1650 recensuimus
915 1631 968 1649 tom.
986 1627 1010 1648 lI.
1029 1632 1082 1654 pag.
1100 1626 1138 1647 IX.

289 1683 310 1699 n.
329 1676 366 1699 34.

352 1724 389 1746 3I.
406 1722 542 1750 Bruaeeltis,
561 1723 584 1744 in
602 1722 724 1745 biblioteca
741 1722 816 1749 regia,
834 1720 885 1743 cod.
904 1720 972 1742 3431.
995 1719 1094 1742 membr.
1117 1720 1139 1741 in

288 1771 326 1793 101.
345 1771 367 1792 111
385 1771 448 1792 initio
466 1772 501 1792 est
516 1769 594 1792 tabula
612 1769 789 1797 quaestionum,
808 1767 988 1790 commentarius
1005 1767 1083 1794 incipit
1101 1766 1138 1788 101.

290 1818 303 1840 3
321 1824 347 1847 r.‚
368 1818 404 1840 cui
422 1817 521 1845 scriptor
544 1816 677 1844 posterioris
695 1815 806 1842 temporis
823 1814 955 1842 praemisit:
976 1813 1000 1836 D.
1018 1813 1142 1836 Bonaven-

291 1866 349 1888 tura
365 1864 390 1887 in
407 1864 447 1886 III.
465 1862 644 1886 sententiarum.
665 1862 725 1885 Deus
742 1862 835 1889 autem,
855 1860 897 1891 qui
912 1860 975 1883 dives
991 1861 1027 1883 est
1042 1864 1084 1883 etc.
1101 1860 1141 1882 De-

290 1912 332 1933 sin.
350 1914 375 1933 ut
392 1910 485 1932 in'edit.
504 1909 590 1931 Deinde
607 1909 681 1937 prima
705 1914 787 1930 manus
811 1907 945 1935 subiungit:
971 1906 1077 1936 Explicit
1098 1908 1141 1929 ter-

292 1956 338 1980 tius
355 1956 527 1980 sententiarum
546 1954 631 1984 fratris
651 1955 817 1978 Bonaventure
840 1953 948 1977 Doctoris
966 1952 1085 1983 seraphici
1103 1959 1142 1976 sa-

292 2009 332 2027 cre
351 2002 487 2032 Theclae-ie,
507 2002 611 2032 scriptus
629 2003 651 2025 et
665 2001 748 2032 finitus
765 2007 829 2024 anno
841 2000 937 2023 Domini
949 1998 1030 2028 1486,
1050 2005 1142 2023 nouem-

292 2048 341 2073 bris
358 2049 394 2072 die
411 2049 487 2073 tertia.

356 2097 393 2119 32.
410 2095 557 2126 Burdigalae
574 2097 596 2118 in
614 2096 696 2123 Gallia,
723 2095 860 2117 bibliotheca
886 2094 1000 2122 Civitatis,
1018 2094 1070 2116 cod.
1089 2094 1141 2115 136.

294 2144 393 2167 membr.
412 2145 434 2166 in
452 2144 489 2166 101.
511 2150 570 2166 saec.
596 2143 656 2165 XIV.
676 2144 744 2170 Incip.
763 2143 800 2165 101.
818 2143 832 2165 5
850 2148 867 2164 r.
885 2145 938 2170 post
955 2141 1056 2165 tabulam
1075 2147 1143 2170 quae-

293 2192 394 2214 stionum
412 2194 434 2213 et
450 2191 523 2213 desin.
540 2191 578 2213 sol.
597 2191 641 2212 207
660 2197 677 2212 r.
696 2193 719 2212 ut
738 2191 758 2211 in
776 2190 854 2216 editis,
873 2189 926 2211 inde
943 2188 1064 2211 subiicitur
1075 2188 1143 2211 index

294 2244 372 2260 rerum
390 2237 534 2265 alphabetico
550 2237 622 2260 modo
640 2237 777 2264 dispositus,
795 2236 835 2258 scd
854 2236 955 2258 mutilus.

358 2285 394 2307 33.
413 2283 554 2312 Cracoviae,
581 2285 604 2306 in
622 2283 759 2306 bibliotheca
785 2283 954 2310 Univeisitatis,
981 2283 1008 2304 M.
1034 2282 1056 2304 S.
1078 2281 1143 2304 1247.

294 2333 320 2354 A.
338 2332 363 2354 Α.
382 2332 418 2354 VI.
437 2332 457 2353 3.
480 2332 579 2354 chartac..
597 2331 618 2352 in
637 2331 674 2352 101.
692 2337 751 2353 saec.
765 2330 815 2352 XV.
828 2333 880 2358 post
897 2329 1051 2352 medietatem.
1065 2329 1118 2356 Pag.
1136 2329 1140 2350 I

295 2379 450 2407 praemittitur
475 2378 553 2401 titulus
575 2378 610 2400 his
627 2377 719 2399 verbis:
738 2376 860 2405 Scriptum
876 2375 1018 2398 venerabilis
1034 2374 1146 2405 magistri

295 2430 363 2447 sacre
377 2423 465 2453 paqine
489 2422 574 2452 fratris
598 2423 763 2445 Bonaeenture
784 2421 875 2445 ordinis
891 2421 999 2450 fratrum
1015 2420 1144 2443 minorum.

296 2471 359 2493 Deus
377 2471 470 2498 autem,
489 2469 532 2499 qni
548 2469 610 2493 dives
627 2470 662 2492 est
683 2473 725 2491 etc.
749 2469 824 2491 Desin.
852 2475 904 2496 pag.
927 2468 986 2490 725:
1009 2467 1090 2491 secula
1111 2473 1146 2490 se-

297 2517 416 2541 culorum.
434 2517 516 2539 Amen.
534 2516 572 2539 Sil
588 2515 642 2539 taus
668 2516 722 2538 Deo.
748 2515 855 2544 Erplieit
879 2514 962 2537 tertius
988 2513 1045 2537 liber
1061 2513 1146 2543 fra-tris

298 2564 464 2586 Bonarentnre
481 2569 553 2592 super
569 2562 703 2586 sententias.
721 2563 830 2591 Sequitur
847 2562 914 2584 index
932 2562 1100 2590 quaestionum.

361 2609 398 2632 34.
416 2609 516 2637 Ibidem,
537 2610 564 2632 M.
582 2610 604 2631 S.
627 2609 691 2631 1251.
710 2611 734 2631 Λ.
752 2611 777 2630 Α.
796 2609 823 2630 V.
842 2609 878 2630 33.
890 2609 989 2630 chartac.
1007 2607 1078 2629 insol.
1092 2607 1147 2629 11101-

299 2657 332 2685 pit
349 2662 402 2684 pag.
422 2657 429 2677 1
452 2656 495 2678 sub
514 2656 592 2678 titulo:
606 2656 771 2678 Bonauenture
783 2661 855 2684 super
867 2654 948 2682 tertio,
968 2656 990 2676 et
1008 2653 1080 2676 desin.
1093 2659 1147 2681 pag.

299 2703 343 2725 939
363 2707 386 2725 ut
403 2703 424 2724 in
443 2702 516 2724 editis.
534 2702 646 2724 Additur:
665 2701 770 2731 Explicit
786 2701 868 2724 tertius
884 2700 970 2730 fratris
981 2701 1148 2724 Bonaventure

299 2749 390 2773 ordinis
406 2748 514 2778 fratrum
530 2748 653 2771 minorum
670 2754 742 2777 super
759 2747 892 2771 sententias.
912 2747 980 2769 1442.

363 2797 400 2818 35.
419 2795 541 2818 Dunelmii
556 2796 578 2817 in
597 2795 689 2823 Anglia,
708 2795 759 2817 cod.
779 2795 801 2816 Β.
816 2795 828 2816 14
843 2795 879 2817 24.
892 2794 991 2816 membr.
1003 2794 1025 2816 in
1039 2794 1075 2816 101.
1088 2799 1147 2816 saec.

300 2844 359 2867 XIV.
379 2844 458 2871 Incipit
474 2846 496 2865 et
520 2842 592 2865 desin.
615 2845 638 2864 ut
655 2843 677 2863 in
695 2842 768 2864 editis.
787 2842 911 2869 lnseriptus
928 2844 976 2864 est:
996 2840 1075 2864 Tertia
1090 2845 1149 2870 pars

300 2892 473 2915 Bonarenture.

365 2938 401 2959 36.
422 2936 546 2965 Erforcliae
563 2937 586 2958 in
605 2936 721 2962 Borussia,
734 2935 870 2957 bibliotheca
889 2936 964 2962 regia,
983 2935 1084 2956 collectio
1098 2936 1149 2956 Am-

301 2985 418 3012 ploniana,
446 2984 496 3006 cod.
525 2984 580 3011 122,
610 2988 679 3011 quem
708 2983 753 3004 iam
781 2981 947 3009 descripsimus
974 2984 1027 3003 ton).
1054 2981 1068 3003 l.
1094 2987 1148 3009 pag.

1034 188 1279 218 PROLEGOMENA

1186 266 1309 294 LXXVIII,
1328 272 1349 287 n.
1368 265 1404 287 40.
1426 264 1609 287 Commentarius
1626 264 1648 285 in
1667 263 1759 284 tertium
1776 262 1860 284 librum
1877 262 1955 289 incipit
1972 262 2031 284 circa

1186 313 1333 335 medietatem
1350 313 1485 340 voluminis,
1502 311 1636 339 praemissis
1652 311 1688 332 his
1703 309 1782 332 verbis
1794 315 1806 331 a
1818 315 1887 331 manu
1900 315 1959 331 saec.
1972 309 2032 330 XIV.

1187 361 1297 382 exaratis:
1315 360 1383 383 Hanc
1407 359 1514 389 primum
1539 359 1560 381 et
1585 358 1681 381 tertium
1703 357 1869 380 Bonaventure
1886 356 1941 379 emit
1956 355 2033 385 frater

1191 405 1331 428 Willtelmus
1348 405 1372 428 in
1391 404 1485 428 Oaeont'a
1510 410 1554 433 pro
1580 405 1696 428 conventu
1723 402 1902 433 Duysbarqensi
1918 402 2032 425 ordinis...

1188 452 1272 481 (cetera
1289 452 1362 474 verba
1378 456 1431 475 sunt
1448 452 1547 481 abrasa).
1561 452 1614 475 Inde
1628 452 1670 474 col.
1689 453 1697 474 1
1710 458 1715 473 :
1729 451 1791 474 Deus
1807 452 1899 478 autem,
1920 450 1961 479 qni
1971 449 2035 473 dives

1188 501 1221 522 est
1238 502 1280 522 etc.
1297 499 1373 521 Desin.
1385 502 1410 522 ut
1421 500 1443 521 in
1455 499 1528 521 editis.
1541 499 1588 521 Fini
1600 499 1707 521 additur:
1725 498 1893 521 Bonauentura
1906 502 1977 526 super
1988 496 2034 525 pri-

1188 551 1255 568 mum
1280 546 1302 568 et
1326 545 1422 568 tertium
1446 545 1618 568 sententiarum
1642 544 1727 574 finiris
1756 543 1876 567 tif't'tltetmz‘
1900 543 1983 566 Krane
2008 542 2035 565 de

1189 591 1335 622 Duysburgylt
1358 591 1448 615 ordinis
1470 591 1578 621 fratrum
1594 592 1723 615 minorum.
1742 592 1794 614 Post
1812 592 1868 613 haec
1885 591 1989 618 sequitur
2006 591 2036 611 ta-

1189 639 1243 661 bula
1260 640 1434 668 quaestionum,
1452 638 1482 660 ad
1499 639 1565 660 cuius
1582 638 1668 661 calcem
1685 638 1848 666 subiungitur:
1865 637 2036 660 Bonaventura

1189 692 1261 716 super
1285 685 1392 715 primum
1416 686 1438 708 et
1462 685 1558 708 tertium
1583 685 1767 712 sententiarum,
1796 686 1817 707 et
1840 684 1942 714 pertinet
1961 684 2036 710 fratri

1194 732 1318 756 iif'illielmo
1334 732 1417 755 Krone
1434 731 1461 755 cle
1478 730 1624 761 Duysburqh
1640 731 1780 754 Provinciae
1798 731 1915 754 Coloniae.

1254 779 1290 801 37.
1308 778 1431 808 Erlanyen
1448 779 1470 800 in
1488 778 1596 806 Bavaria,
1620 778 1670 800 cod.
1696 777 1748 799 348.
1766 778 1864 800 membr.
1882 779 1904 800 in
1921 778 1958 800 sol.
1977 783 2036 800 saec.

1191 825 1250 848 XIV.
1268 826 1366 853 ineunt.,
1385 825 1479 847 mutilus
1496 825 1517 846 in
1542 824 1655 852 principio
1673 826 1695 846 et
1712 825 1733 845 111
1751 824 1810 852 sine,
1829 825 1907 852 incipit
1924 825 1985 846 enim
2002 823 2037 846 di-

1191 873 1265 894 stinct.
1279 873 1299 894 I.
1318 878 1338 894 a.
1358 873 1377 894 I.
1394 878 1416 900 q.
1428 872 1449 893 3.
1468 871 1497 893 ad
1514 877 1620 899 argum.;
1638 871 1710 893 desin.
1728 870 1825 893 distinet.
1844 869 1881 892 40.
1897 870 1952 892 dub.
1971 871 1991 892 2.
2006 870 2039 892 his

1191 919 1285 941 verbis:
1302 918 1360 948 quia
1376 917 1525 946 manifestior
1542 918 1593 940 erat
1610 919 1632 940 et
1647 916 1793 945 sensibilior,
1814 918 1835 939 et
1855 917 1926 940 etiam
1937 916 2039 940 iudaei...

1255 966 1292 988 38.
1311 965 1455 991 Florentiae,
1468 965 1606 987 bibliotheca
1618 965 1879 987 Mediceo-Laurenaana
1888 983 1893 992 ‚
1904 965 1955 987 cod.
1967 964 2039 987 Fesul.

1158 1045 1161 1048 Ι
1191 1012 1280 1035 LXXII.
1298 1012 1396 1034 membr.
1414 1013 1436 1034 in
1453 1012 1490 1034 101.
1509 1018 1568 1034 saec.
1587 1012 1642 1040 XV,
1669 1012 1790 1039 splendide
1808 1012 1958 1039 conscriptus.
1976 1012 2042 1035 Prae-

1192 1060 1302 1082 mittitur:
1320 1058 1403 1088 Incipit
1420 1058 1502 1081 tertias
1520 1058 1578 1081 liber
1594 1059 1761 1081 Bonaremm-t’
1777 1064 1850 1087 super
1861 1057 1988 1087 sententiis,
2003 1064 2040 1082 or-

1192 1106 1254 1129 dinis
1277 1105 1385 1135 &atrum
1410 1106 1539 1129 minorum.
1564 1106 1674 1129 Feliciter
1696 1105 1783 1135 incipit.
1801 1106 1864 1129 Deus
1882 1107 1974 1135 autem,
1999 1106 2042 1136 qui

1192 1152 1254 1176 clives
1271 1153 1363 1175 estete.
1382 1153 1456 1175 Desin.
1474 1153 1511 1175 fol.
1530 1152 1569 1175 241
1592 1159 1609 1175 r.
1628 1153 1670 1175 col.
1688 1154 1708 1174 2.
1727 1153 1783 1175 l-line
1801 1152 1935 1175 subiicitur:
1956 1151 2041 1181 Expli-

1193 1200 1224 1223 cit
1240 1199 1298 1223 liber
1314 1200 1481 1223 Bonaventure
1502 1199 1554 1229 (alia
1572 1206 1654 1222 manus
1672 1200 1768 1228 addidit)
1786 1206 1859 1229 super
1876 1199 1973 1222 tertium
1988 1205 2041 1222 sen-

1193 1247 1329 1270 tentiarum.

1257 1294 1294 1316 39.
1306 1293 1400 1322 Ibidem,
1416 1294 1553 1316 bibliotheca
1565 1293 1695 1321 Nationalis,
1708 1294 1760 1316 cod.
1772 1294 1795 1316 B.
1810 1294 1847 1316 IX.
1862 1294 1928 1316 I780.
1941 1293 2040 1316 membr.

1193 1343 1216 1364 in
1234 1341 1254 1364 4.
1273 1348 1338 1369 parv.
1364 1347 1424 1363 saec.
1442 1341 1502 1363 XIV.
1527 1341 1612 1363 ineunt.
1636 1341 1681 1363 Fol.
1704 1341 1747 1363 179
1765 1348 1783 1363 r.
1801 1341 1842 1363 col.
1863 1342 1882 1363 I.
1899 1340 1943 1363 sub
1960 1340 2042 1363 titulo:

1194 1388 1313 1418 Incipiunt
1329 1388 1428 1411 articuli
1441 1387 1497 1418 fidei
1512 1387 1615 1411 distincti
1630 1388 1761 1411 secundum
1782 1387 1962 1411 humanitatem.
1986 1387 2042 1411 Con-

1194 1436 1249 1458 tinet
1266 1435 1393 1462 sragmenta
1411 1437 1510 1457 extracta
1528 1441 1539 1456 a
1552 1434 1723 1457 Commentario
1734 1435 1805 1456 sancti
1818 1434 1992 1456 Bonaventurae
2004 1439 2040 1456 su-

1195 1488 1237 1510 per
1253 1481 1338 1503 librum
1356 1481 1448 1503 tertium
1465 1481 1638 1503 sententiarum.

1260 1527 1296 1549 40.
1315 1526 1410 1550 Graecii
1426 1528 1447 1549 in
1465 1527 1544 1555 Stiria,
1569 1526 1706 1549 bibliotheca
1728 1527 1897 1553 Universitatis,
1920 1526 1971 1549 cod.
1990 1525 2042 1548 277.

1196 1574 1295 1597 membr.
1313 1575 1335 1597 in
1353 1574 1390 1596 101.
1408 1580 1468 1597 saec.
1486 1574 1540 1596 XIII.
1558 1576 1648 1597 exeunt.
1666 1574 1745 1602 Incipit
1762 1576 1784 1596 et
1800 1574 1883 1596 desinit
1900 1576 1924 1596 ut
1935 1575 1957 1596 in
1970 1574 2043 1597 editis.

1196 1623 1244 1644 Fini
1261 1622 1368 1644 additur:
1386 1620 1493 1651 Empticit
1516 1620 1574 1644 liber
1598 1620 1689 1644 tertius.
1715 1621 1864 1650 Prosequitur
1880 1621 1956 1644 tabula
1974 1627 2046 1650 quae-

1196 1671 1308 1697 stionum,
1327 1675 1386 1698 quae
1403 1670 1436 1691 sic
1453 1668 1549 1691 desinit:
1566 1667 1707 1697 Empticiunt
1723 1667 1900 1691 terminationes
1916 1668 1978 1691 tertii
1991 1667 2045 1691 libri

1197 1715 1347 1746 questionum
1364 1714 1475 1745 maqistti
1490 1715 1665 1738 Bonaventure.

1261 1762 1298 1785 41.
1315 1761 1409 1791 Hispali
1420 1763 1442 1784 in
1455 1762 1573 1790 Hispania,
1587 1761 1725 1784 bibliotheca
1737 1760 1886 1789 Columbina,
1899 1762 1942 1784 Est.
1956 1768 1977 1789 y.
1991 1762 2045 1784 129.

1197 1815 1219 1831 11.
1237 1809 1280 1837 50,
1298 1809 1349 1831 cod.
1367 1808 1466 1830 membr.
1489 1808 1511 1829 in
1530 1807 1550 1829 4.
1563 1814 1622 1830 saec.
1639 1808 1698 1830 XIV.
1716 1808 1814 1834 ineunt.,
1832 1808 1882 1830 sine
1898 1808 1991 1830 nomine
2008 1813 2046 1830 au-

1198 1856 1273 1878 ctoris.
1292 1855 1371 1883 Incipit
1387 1855 1425 1877 sol.
1445 1855 1452 1876 1
1474 1860 1492 1876 r.
1516 1858 1538 1876 et
1553 1854 1626 1876 desin.
1644 1854 1666 1876 in
1685 1854 1729 1876 fine
1746 1856 1771 1876 ut
1787 1854 1809 1875 in
1827 1853 1900 1876 editis.

1262 1902 1298 1924 42.
1317 1901 1421 1931 Lipsiae,
1440 1901 1577 1924 bibliotheca
1596 1901 1764 1929 Universitatis,
1778 1900 1830 1923 cod.
1842 1900 1894 1923 494.
1907 1902 2006 1924 chartac.
2023 1902 2046 1923 in

1201 1950 1239 1972 101.
1258 1950 1327 1977 Incip.
1346 1950 1383 1971 101.
1401 1950 1415 1971 2
1432 1955 1464 1976 r.‚
1482 1949 1555 1971 desin.
1574 1951 1598 1971 ut
1615 1949 1636 1970 in
1654 1948 1727 1970 editis.
1740 1948 1833 1975 Legitur
1849 1948 1871 1969 in
1890 1947 1948 1970 fine:
1965 1947 2046 1976 Expli-

1199 1996 1229 2020 cit
1244 1996 1327 2020 tertius
1344 1996 1429 2026 fratris
1446 1996 1612 2019 Bonaventure
1629 2001 1701 2024 super
1717 1994 1837 2018 sententiis
1846 2003 1855 2023 ,·
1872 2000 1935 2018 anno
1951 1994 2048 2018 Domini

1198 2044 1269 2067 LXX
1284 2043 1373 2072 (I470).
1392 2044 1500 2072 Sequitur
1523 2042 1609 2070 duplex
1625 2041 1715 2070 tabula,
1732 2042 1781 2064 scil.
1798 2042 1959 2070 quaestionum
1975 2043 1998 2064 et
2013 2047 2048 2064 re-

1199 2097 1262 2118 rum;
1282 2092 1339 2113 haec
1356 2090 1499 2118 alphabetica
1517 2089 1626 2112 methodo
1643 2092 1677 2111 est
1695 2089 1812 2117 disposita.

1265 2138 1300 2160 43.
1317 2136 1430 2165 Lomttm',
1447 2138 1469 2159 in
1483 2136 1619 2159 bibliotheca
1632 2136 1716 2158 Musaei
1734 2136 1868 2163 Britannici,
1886 2135 1972 2158 collect.
1985 2135 2048 2163 regia

1201 2185 1251 2208 cod.
1265 2185 1294 2207 X.
1307 2184 1330 2207 C.
1345 2185 1385 2212 12,
1399 2184 1496 2206 membr.
1510 2185 1533 2205 in
1546 2184 1582 2205 101.
1595 2190 1654 2206 saec.
1672 2183 1731 2205 XIV.
1745 2184 1830 2205 ineunt.
1843 2183 1921 2210 Incipit
1934 2188 2049 2205 commen-

1202 2233 1271 2255 tarius
1283 2232 1320 2253 sol.
1333 2231 1362 2253 22
1375 2237 1393 2253 ι’.
1406 2230 1495 2259 absque
1507 2230 1552 2252 ullo
1564 2229 1640 2252 titulo:
1653 2229 1717 2252 Deus
1728 2230 1816 2256 autem,
1832 2228 1874 2258 qui
1884 2228 1947 2251 dives
1960 2229 1993 2251 est
2006 2231 2048 2251 etc.

1202 2279 1277 2301 Desin.
1296 2279 1332 2301 101.
1351 2278 1395 2300 200
1408 2284 1431 2299 ν.
1443 2277 1485 2299 col.
1498 2278 1523 2304 2,
1536 2277 1573 2299 cui
1586 2262 1660 2304 prima
1674 2282 1756 2298 manus
1778 2275 1876 2298 subiecit
1887 2276 1944 2298 haec
1960 2275 2033 2298 verba
2044 2281 2050 2298 :

1202 2325 1309 2356 Empttctt
1325 2324 1383 2348 tiber
1400 2324 1483 2347 tertius
1499 2323 1585 2353 fratris
1601 2323 1665 2346 Bone
1682 2324 1796 2346 aventure
1813 2328 1886 2352 super
1896 2322 2024 2345 sententiis.

1267 2371 1302 2394 44.
1320 2371 1441 2395 Massiliae
1458 2372 1480 2392 in
1497 2370 1579 2397 Gallia,
1593 2369 1730 2392 bibliotheca
1747 2369 1861 2398 Civitatis,
1875 2370 1930 2397 Reg.
1945 2370 1967 2392 E.
1980 2376 2000 2391 a.
2013 2370 2049 2392 23.

1203 2419 1253 2442 cod.
1272 2418 1371 2441 membr.
1389 2419 1411 2440 in
1429 2418 1467 2440 tol.
1484 2423 1544 2439 saec.
1556 2417 1607 2439 XV.
1620 2416 1790 2439 Commentario
1808 2417 1961 2444 praemittitur
1973 2415 2050 2438 tabula

1203 2467 1377 2496 quaestionum,
1404 2472 1464 2494 quae
1484 2464 1584 2487 excurrit
1601 2470 1674 2492 usque
1691 2463 1721 2485 ad
1738 2463 1906 2485 distinctionem
1925 2463 1961 2484 36.
1980 2469 2002 2491 q.
2021 2463 2050 2485 3:

1204 2516 1277 2536 cetera
1296 2514 1348 2534 sunt
1365 2512 1445 2534 avulsa
1468 2517 1512 2533 una
1531 2516 1583 2533 cum
1601 2510 1699 2538 prologo
1717 2512 1738 2531 et
1755 2510 1818 2531 initio
1835 2509 1955 2531 divisionis
1977 2511 2052 2531 textus

1184 2578 1186 2580 .
1204 2561 1292 2588 primae
1310 2559 1467 2582 distinctionis.
1486 2558 1564 2585 Incipit
1580 2558 1641 2579 enim
1658 2563 1670 2578 a
1688 2556 1781 2579 verbis:
1798 2555 1925 2585 vivificavit
1942 2554 2050 2582 Gltrz‘sto,

1204 2609 1226 2630 et
1243 2606 1351 2630 Christus
1368 2611 1411 2629 nos
1428 2604 1554 2635 vivificavit
1570 2603 1713 2627 assumendo
1725 2603 1821 2626 vitam...
1837 2603 1938 2625 Tabulae
1954 2608 2050 2630 praepo-

1204 2657 1290 2677 nuntur
1308 2655 1364 2676 haec
1389 2652 1477 2675 verba:
1504 2650 1595 2674 Tabula
1612 2651 1777 2673 Bonaventure
1793 2649 1841 2672 sive
1858 2648 1921 2672 tituli
1936 2648 2050 2678 quaestio-

1204 2707 1263 2724 num
1275 2706 1348 2729 super
1360 2699 1456 2722 tertium
1466 2697 1639 2721 sententiarum
1650 2696 1731 2727 incipit
1741 2696 1840 2726 feliciter
1855 2695 1904 2718 sive
1926 2695 2049 2725 incipiunt.

1204 2747 1239 2770 Ad
1256 2747 1342 2769 calcem
1359 2746 1517 2768 commentarii
1535 2744 1688 2767 subiiciunmr
1704 2744 1761 2765 haec
1777 2742 1865 2765 verba:
1882 2741 1951 2764 Liber
1968 2741 2050 2765 tertius

1204 2794 1289 2823 fratris
1306 2794 1472 2816 Bonaventure
1488 2798 1560 2821 snper
1576 2790 1695 2814 sententiis
1711 2789 1759 2813 exit
1774 2788 1880 2818 feliciter.
1897 2788 1971 2811 Finis.

1270 2840 1305 2862 45.
1323 2839 1472 2869 Moyuntiae,
1485 2839 1622 2861 bibliotheca
1634 2837 1745 2863 Civitatis,
1759 2836 1810 2858 cod.
1823 2842 1844 2857 n.
1864 2836 1872 2857 1
1883 2836 1900 2857 1.
1918 2836 2015 2858 chartac.
2028 2836 2051 2857 111

1206 2888 1243 2909 101.
1261 2893 1320 2909 saec.
1339 2886 1389 2908 XV.
1408 2886 1453 2908 Fol.
1472 2886 1485 2907 2
1503 2891 1520 2907 r.
1539 2888 1573 2907 est
1590 2884 1665 2906 tabula
1692 2883 1852 2911 quaestionum
1879 2882 1971 2909 mutiIa;
1990 2888 2052 2904 com-

1207 2934 1331 2955 mentarius
1355 2933 1432 2959 incipit
1456 2932 1492 2953 tot.
1510 2932 1523 2953 6
1541 2937 1571 2958 r.‚
1589 2931 1611 2952 in
1630 2935 1676 2958 quo
1694 2930 1761 2951 etiam
1779 2929 1887 2951 nonnulla
1904 2928 1993 2951 desunt.
2011 2928 2051 2950 De-

1207 2981 1259 3002 sinit
1275 2980 1348 3007 enim,
1365 2985 1405 3001 seu
1424 2979 1500 3006 potius
1525 2976 1601 2999 deficit
1618 2976 1714 2998 distinct.
1734 2975 1769 2997 40.
1787 2974 1843 2997 dub.
1862 2975 1882 2997 3.
1901 2975 1936 2997 his
1957 2974 2051 2996 verbis:
