2166 3366
770 171 852 199 DIST.
875 172 917 200 lX.
938 173 1010 200 ART.
1032 173 1061 200 Il.
1083 173 1218 209 QUAEST.
1241 173 1258 200 1.

214 250 242 278 [ι.
263 250 300 278 Ad
323 249 394 278 illud
415 249 490 286 quod
511 249 656 283 obiicitur,
677 248 752 285 quod
767 256 838 285 opus
854 249 981 285 sequitur

139 297 333 326 credulitatem
356 299 383 324 et
403 296 599 329 intentionem3
628 295 794 329 dicendum,
815 295 889 331 quod
912 295 981 323 illud

138 351 236 372 verum
259 346 301 372 est
328 343 354 370 in
392 342 435 371 his
466 349 538 379 quae
570 350 623 370 non
645 344 710 370 sunt
732 341 805 369 mala
826 341 981 370 secundum

138 398 186 424 se,
208 389 233 418 in
256 389 317 418 aliis
337 392 449 423 autem,
471 388 542 417 sicut
573 391 714 417 ostensum
737 391 779 416 est
810 387 837 415 in
860 388 983 416 secundo

119 436 211 465 .libro
223 436 243 470 ¹,
264 444 317 464 non
341 435 424 464 habet
455 435 608 463 veritatem.
643 434 817 467 Praeterea,
847 434 906 470 ipsa
928 441 984 462 cre-

139 482 258 516 dulitas,
279 490 335 519 qua
356 481 460 516 credit,
483 481 557 509 hunc
579 488 639 509 esse
660 480 819 514 Christum,
835 480 984 509 temeraria

1828 173 1884 202 213

1039 254 1094 281 est.
1116 254 1142 278 et
1164 250 1225 278 ideo
1246 250 1281 278 ad
1303 258 1374 287 opus
1396 251 1575 280 temerarium
1598 251 1725 285 deducit,
1747 254 1778 280 ut
1809 251 1884 280 hunc

1039 305 1120 333 quem
1145 297 1251 331 videat,
1273 297 1378 325 adoret.
1401 298 1470 334 Quia
1491 298 1564 326 enim
1587 298 1613 326 in
1630 298 1795 326 credulitate
1810 301 1837 327 et
1857 299 1883 326 in

1040 341 1189 370 intentione
1211 350 1265 370 non
1287 343 1377 371 solum
1400 343 1473 372 cadit
1494 344 1637 378 Christus,
1659 344 1707 372 sed
1730 344 1813 372 etiam
1841 344 1884 373 hic

1039 396 1122 424 quem
1145 388 1232 422 videt,
1254 389 1315 417 ideo
1337 389 1449 418 honoris
1470 390 1606 418 exhibitio
1627 390 1721 427 aliquo
1743 391 1825 419 modo
1841 391 1884 419 de-

1041 434 1207 462 terminatur
1228 435 1263 463 ad
1286 436 1368 463 hunc.
1391 436 1454 464 Ideo
1475 444 1525 465 nec
1543 440 1617 465 recta
1639 437 1690 465 suit
1710 437 1825 466 intentio
1840 437 1884 466 vel

1040 480 1206 515 credulitas,
1228 489 1278 510 nec
1300 485 1375 510 recta
1396 486 1437 511 est
1459 483 1584 512 adoratio
1600 484 1618 511 ².

861 578 1096 612 ARTICULUS
1124 579 1160 611 11.

671 672 711 699 De
732 671 798 708 ipsa
819 671 912 700 latria
932 671 1093 700 secundum
1115 671 1190 700 illud
1209 672 1286 709 quod
1306 676 1354 700 esc.

216 771 423 808 Consequenter
444 770 590 807 quaeritur
612 769 646 798 de
678 769 800 798 secundo
821 769 983 806 principali,

139 817 267 846 videlicet
288 817 322 846 de
344 817 404 854 ipsa
436 817 516 845 latria
557 816 713 845 secundum
739 816 809 845 illud
838 817 912 854 quod
935 819 983 845 est.

139 864 170 893 Et
190 864 264 892 circa
285 863 337 892 hoc
358 866 534 900 quaeruntur
555 867 683 900 quatuor.

216 910 308 938 Primo
329 909 489 947 quaeritur,
522 913 620 939 utrum
652 909 733 938 latria
763 909 798 938 sit
829 909 856 938 in
882 917 983 947 genere

138 956 258 985 virtutis.

1100 769 1245 804 Secundo,
1274 773 1370 799 utrum
1403 771 1438 800 sit
1466 771 1556 800 virtus
1577 773 1732 809 generalis,
1759 774 1801 802 vel
1823 782 1885 811 spe-

1040 816 1125 844 cialis.

1100 863 1191 891 Tertio
1212 864 1370 900 quaeritur,
1393 868 1489 893 utrum
1512 865 1593 894 latria
1621 866 1655 894 sit
1688 867 1777 895 virtus
1798 867 1885 895 cardi-

1039 909 1123 943 nalis,
1146 910 1189 938 vel
1211 910 1373 947 theologica.

1098 956 1202 993 Quarto
1214 957 1368 993 quaeritur,
1380 960 1477 986 utrum
1493 958 1527 986 sit
1540 958 1628 987 virtus
1641 959 1752 988 diversa
1768 968 1784 988 a
1799 960 1885 989 dulia.

914 1054 1076 1090 QUAESTlO
1098 1054 1115 1082 1.

713 1140 818 1169 Utrum
841 1140 933 1169 latria
953 1140 992 1168 sit
1012 1140 1043 1168 in
1061 1149 1166 1177 genere
1186 1141 1315 1169 virtutis.

216 1238 294 1267 Circa
309 1239 433 1276 primum
449 1239 487 1267 sic
503 1238 666 1275 proceditur
681 1241 707 1267 et
718 1239 874 1275 quaeritur,
886 1242 983 1267 utrum

139 1285 219 1313 latria
240 1285 274 1313 sit
295 1285 322 1313 in
344 1293 445 1321 genere
467 1285 588 1313 virtutis.
611 1285 642 1313 Et
664 1285 739 1321 quod
761 1285 816 1319 sic,
839 1284 959 1313 videtur.

219 1333 243 1360 1.
265 1331 390 1360 Reddere
411 1331 516 1360 homini
548 1331 623 1369 quod
652 1339 735 1360 suum
758 1335 815 1366 est,
843 1335 884 1360 est
905 1335 984 1360 actus

14 1378 287 1409 mamemvirtutiffl:
317 1386 384 1415 ergo
416 1378 438 1407 si
469 1378 583 1407 maioris
615 1378 659 1407 vel
687 1378 812 1415 aequalis
843 1378 984 1415 dignitatis

137 1428 179 1454 est
199 1425 256 1454 Deo
277 1425 396 1454 reddere
427 1425 503 1462 quod
531 1433 615 1454 suum
637 1428 694 1460 est,
716 1425 769 1454 erit
799 1425 884 1462 igitur
905 1429 984 1454 actus

138 1472 258 1501 virtutis.
280 1472 333 1501 Sed
355 1480 404 1509 per
426 1471 536 1500 latriam
558 1472 703 1500 reddimus
725 1472 780 1500 Deo
802 1472 877 1509 quod
899 1479 983 1500 suum

137 1523 197 1554 est,
219 1520 324 1548 scilicet
343 1519 529 1548 reverentiam
550 1522 577 1547 et
592 1519 739 1548 honorem:
755 1527 822 1556 ergo
837 1519 916 1547 latria
932 1519 985 1547 vir-

139 1569 184 1595 tus
205 1569 255 1595 est.

217 1614 243 1641 ⁰2.
266 1613 347 1647 item,
369 1612 443 1641 circa
464 1620 550 1649 opera
572 1612 723 1641 laudabilia
744 1615 770 1640 et
786 1611 909 1640 difficilia
929 1620 985 1640 ma-

139 1660 214 1688 xime
236 1659 360 1688 consistit
381 1659 505 1693 virtus⁴;
529 1659 576 1687 sed
606 1658 697 1687 colere
725 1658 814 1687 Deum
844 1662 885 1687 est
905 1661 984 1687 actus

138 1706 315 1740 huiusmodi,
347 1709 374 1734 et
402 1705 454 1734 hot:
485 1708 527 1734 est
558 1705 790 1742 ipsius.latriae:
813 1713 881 1742 ergo
902 1705 984 1734 latria

138 1756 179 1781 est
200 1753 299 1781 virtus.

217 1799 243 1828 3.
265 1799 346 1834 ltem,
369 1799 459 1827 virtus
492 1799 616 1827 maxime
649 1799 806 1827 necessaria
837 1801 879 1827 est
910 1798 984 1827 circa

137 1854 223 1884 opera
244 1845 386 1875 meritoria
407 1846 479 1874 vitae
494 1849 622 1874 aeternae
635 1845 644 1858 ⁵
653 1856 661 1880 3
683 1845 731 1874 sed
747 1845 836 1874 Deum
851 1845 942 1874 colere
957 1848 983 1873 et

138 1892 256 1921 adorare
276 1895 318 1921 est
349 1892 524 1920 meritorium
555 1892 626 1920 vitae
652 1895 799 1926 aeternae,
820 1894 847 1920 et
868 1891 920 1920 hoc
942 1894 983 1920 est

139 1940 226 1977 ipsius
247 1939 358 1967 latriae:
381 1947 448 1976 ergo
469 1941 520 1967 etc.

215 1987 242 2015 [ι.
265 1986 347 2021 item,
369 1986 442 2014 circa
469 1994 554 2023 opera
582 1986 723 2023 praecepti
754 1986 877 2015 maxime
899 1986 983 2014 habet

137 2041 198 2062 esse
219 2033 324 2066 virtus;
346 2033 395 2062 sed
417 2033 505 2061 Deum
522 2033 613 2062 colere
634 2036 660 2062 et
674 2033 792 2062 adorare
808 2035 849 2061 est
864 2033 890 2061 in
906 2040 983 2070 prae-

138 2080 251 2117 cept0⁶2
277 2088 343 2116 ergo
364 2080 438 2108 circa
459 2079 511 2108 hoc
537 2080 660 2108 maxime
688 2079 772 2108 habet
793 2087 854 2108 esse
875 2080 982 2114 virtus;

138 2130 165 2155 et
185 2126 237 2154 hoc
257 2129 299 2154 est
321 2126 408 2163 ipsius
430 2125 542 2154 latriae:
565 2133 631 2163 ergo
652 2128 703 2155 etc.

216 2173 268 2201 San
290 2181 414 2202 CONTRA:
440 2174 464 2201 1.
485 2173 671 2210 Augustinus,
693 2173 802 2202 decimo
818 2173 852 2202 de
868 2173 983 2202 Civitate

201 2294 208 2308 ¹
228 2294 283 2317 Dist.
301 2293 337 2316 40.
355 2300 375 2316 a,
397 2294 414 2316 1.
432 2300 455 2323 q.
477 2295 494 2316 ι.
512 2306 542 2310 —
560 2294 608 2316 Mox
631 2297 683 2323 post
707 2295 780 2318 credit
800 2295 854 2318 edd.
876 2296 985 2324 supplent

138 2332 214 2356 homo.
234 2333 275 2355 Pro
293 2333 432 2361 Praeterea,
453 2333 504 2362 ipsa
521 2332 662 2362 credulitas,
682 2340 728 2363 qua
747 2334 797 2356 cod.
811 2335 827 2356 Α
840 2335 893 2363 Ipsa
905 2334 984 2364 primu.

138 2371 280 2399 credulitas,
299 2378 367 2401 quae.
386 2371 472 2394 Deinde
490 2378 532 2400 pro
550 2378 619 2401 quem
637 2371 713 2395 vident
730 2373 780 2395 Vat.
798 2379 868 2403 quem
885 2373 952 2396 videt.

201 2410 211 2424 ²
229 2410 287 2432 Vide
304 2411 406 2432 scholion
424 2411 452 2433 ad
471 2411 646 2438 praecedentem
665 2415 752 2440 quaest.

199 2449 209 2464 ³
226 2450 278 2472 Scit.
295 2450 398 2471 iustitiae.
416 2449 460 2471 Cfr.
478 2449 534 2471 infra
553 2456 575 2478 q.
593 2450 614 2472 3.
632 2453 654 2472 et
671 2450 692 2472 d.
711 2450 747 2472 33.
766 2457 788 2479 q.
806 2450 826 2472 4.

200 2488 208 2503 ⁴
228 2489 254 2511 Ut
270 2489 368 2511 insinuat
384 2489 481 2516 Aristot.‚
495 2489 517 2511 lt.
536 2489 605 2511 Ethic.
617 2496 636 2512 c.
655 2490 676 2511 3.
689 2490 733 2512 Ctr.
752 2492 805 2512 tom.
820 2490 843 2512 ΙΙ.
862 2497 914 2518 pag.
927 2490 986 2518 572„

138 2530 188 2550 nota
207 2528 228 2550 2.

199 2566 210 2581 ⁵
226 2566 294 2594 Nam,
312 2569 336 2588 ut
353 2567 374 2588 in
392 2567 500 2594 August.,
519 2566 587 2589 xxn.
606 2567 634 2589 (le
646 2566 694 2589 civ.
712 2567 764 2595 Dei,
782 2574 800 2590 c.
819 2567 855 2590 24.
874 2574 894 2589 n.
913 2568 933 2589 3.
947 2568 984 2589 hu-

141 2605 222 2632 betur,
240 2605 335 2627 virtutes
353 2608 405 2627 sunt
421 2609 481 2627 artes
499 2605 556 2627 bem¹
574 2605 667 2627 vivendi
685 2608 707 2628 et
723 2606 752 2628 ad
771 2606 923 2628 immortalem
942 2607 986 2628 seli-

143 2644 232 2665 vitatem
251 2643 406 2670 perveniendi.
425 2643 469 2666 Cn.
487 2645 584 2672 Ariston,
604 2645 617 2666 Ι.
636 2645 705 2666 Ethic.
723 2651 741 2666 e.
764 2645 790 2666 ¹2
815 2651 863 2673 seq.

199 2681 209 2696 ⁶
227 2682 295 2704 Exod.
314 2682 353 2710 34,
376 2682 401 2704 14
413 2689 418 2710 ς
432 2683 523 2705 Denter.
541 2682 566 2710 5,
585 2683 605 2705 9.
624 2695 654 2699 —-
670 2682 759 2711 Maior,
780 2684 800 2705 in
818 2690 863 2712 qua
883 2689 924 2711 pro
942 2683 983 2706 Ιιιι-

139 2720 173 2744 !wt
189 2727 237 2744 esse
256 2721 307 2744 cod.
325 2721 356 2744 bb
373 2721 489 2744 substituit
507 2728 531 2745 se
548 2721 628 2750 habet,
646 2723 753 2745 convenit
769 2729 821 2745 cum
835 2724 872 2744 illo
885 2724 981 2751 „xi-istm„

140 2761 162 2781 ΙΙ.
181 2760 249 2782 lithic.
267 2767 286 2782 c.
309 2761 330 2782 1:
348 2761 435 2788 Legum
458 2761 540 2783 latores
556 2762 616 2783 enim
640 2762 703 2784 cives
719 2762 892 2784 assucsaeiendo
910 2762 982 2784 bonos

139 2798 248 2825 reddunt3
267 2800 368 2828 haecque
385 2802 419 2822 est
441 2801 621 2829 uniuscuiusque
639 2801 716 2828 legun]
735 2801 811 2823 latoris
827 2801 939 2823 voluntas.
952 2812 983 2817 —-

139 2837 180 2859 l'ro
197 2836 300 2860 adorare
317 2837 368 2860 cod.
386 2838 404 2860 K
422 2837 549 2862 honorare.

199 2875 209 2890 ⁷
226 2875 280 2904 Cap.
301 2877 319 2898 1.
337 2883 358 2898 n.
377 2877 403 2899 2:
420 2875 524 2905 Λατρεὶα
543 2883 621 2899 vero...
640 2880 678 2899 aut
700 2883 803 2904 semper,
822 2880 861 2899 aut
879 2881 923 2899 tam
941 2877 982 2899 sre-

139 2917 245 2942 quentcr,
264 2918 287 2936 ut
310 2921 368 2942 pene
390 2922 494 2943 semper,
513 2922 538 2937 va
561 2915 643 2937 (licitur
666 2916 764 2937 servitus
784 2919 826 2937 etc.
846 2928 874 2931 —
892 2916 923 2937 De
940 2915 982 2937 mi-

138 2952 193 2975 nori
209 2954 248 2975 cfr.
267 2954 321 2975 infra
341 2954 361 2976 ds
380 2954 416 2976 23.
435 2961 454 2976 a.
477 2954 493 2976 1.
512 2961 534 2982 q.
553 2954 573 2975 2.
592 2954 613 2975 in
631 2960 694 2981 corp.

1041 1239 1124 1267 Dei⁷:
1152 1250 1165 1265 «
1179 1239 1282 1268 Latrict
1304 1248 1430 1277 semper,
1452 1244 1500 1269 aut
1521 1241 1682 1278 frequenter
1707 1241 1809 1270 dicitur
1831 1250 1885 1271 ser·
1898 1250 1927 1269 Ad
1941 1250 2014 1274 opposi-

1042 1285 1129 1320 vitus‚
1145 1294 1216 1322 quae
1231 1286 1350 1323 pertinet
1371 1286 1405 1315 ad
1421 1286 1568 1315 colendum
1590 1287 1676 1316 Deum
1689 1298 1716 1322 »ς
1732 1288 1779 1317 sed
1795 1288 1885 1317 omnis

1042 1333 1148 1365 virtus,
1172 1336 1200 1361 ut
1222 1333 1312 1362 virtus
1334 1336 1389 1368 est,
1421 1334 1545 1362 consistit
1566 1334 1593 1362 in
1616 1334 1703 1363 libera
1726 1335 1883 1364 voluntate:

1041 1387 1108 1417 ergo
1130 1380 1207 1408 nulla
1229 1380 1318 1409 virtus
1339 1384 1381 1409 est
1401 1381 1531 1409 servitus.
1553 1382 1605 1410 Sed
1638 1382 1718 1410 latria
1740 1386 1781 1411 est
1802 1383 1886 1411 servi-

1042 1430 1102 1455 tus:
1126 1435 1192 1464 ergo
1214 1427 1295 1456 latria
1315 1436 1368 1456 non
1391 1431 1433 1457 est
1454 1428 1552 1457 virtus.

1121 1474 1138 1501 2
1160 1473 1245 1507 Item,
1268 1473 1348 1502 latria
1380 1474 1566 1503 communiter
1595 1475 1741 1503 definitur:
1770 1476 1887 1505 «Latria

1042 1523 1084 1548 est
1105 1519 1200 1548 cultus
1222 1520 1271 1548 soli
1295 1520 1350 1549 Deo
1372 1521 1483 1549 debitus
1504 1525 1531 1550 et
1552 1522 1696 1551 exhibitus
1708 1533 1734 1556 »‚
1749 1525 1776 1551 et
1790 1523 1888 1560 accipi-

1043 1569 1089 1594 tur
1110 1574 1145 1594 ex
1170 1566 1262 1595 verbis
1293 1567 1456 1603 Augustini,
1479 1567 1619 1602 ibidem⁸3
1644 1568 1693 1597 sed
1715 1568 1810 1596 cultus
1832 1577 1886 1597 non

1042 1616 1084 1641 est
1105 1613 1232 1648 habitus,
1255 1614 1303 1642 sed
1319 1622 1402 1642 usus:
1425 1615 1447 1642 si
1463 1623 1530 1652 ergo
1552 1615 1632 1643 latria
1653 1618 1695 1644 est
1709 1615 1815 1649 cultus,
1831 1624 1886 1644 non

1042 1664 1083 1688 est
1106 1660 1194 1688 virtus
1216 1661 1274 1689 sive
1297 1661 1424 1696 habitus,
1446 1661 1494 1690 sed
1517 1666 1617 1691 motus.

1121 1706 1145 1735 3.
1168 1707 1251 1742 ltem,
1275 1707 1356 1735 latria
1377 1711 1418 1736 est
1450 1708 1523 1736 idem
1546 1708 1621 1745 quod
1642 1708 1746 1745 pietas,
1769 1712 1799 1737 ut
1820 1709 1886 1738 dicit

1042 1754 1213 1790 Augustinus
1234 1754 1261 1782 in
1277 1754 1384 1782 decimo
1400 1754 1434 1783 de
1449 1754 1564 1783 Civitate
1586 1754 1634 1783 Dei
1646 1755 1669 1783 ⁹:
1697 1756 1810 1785 «Pietas
1827 1765 1887 1793 pro-

1042 1801 1101 1837 prie
1122 1800 1215 1829 cultus
1236 1801 1283 1829 Dei
1308 1801 1361 1830 dici
1384 1801 1462 1836 solet,
1484 1810 1567 1839 quam
1591 1802 1686 1831 Graeci
1714 1802 1886 1832 theosebiam

1042 1850 1140 1876 vocant
1151 1858 1182 1881 »;
1204 1847 1252 1876 sed
1275 1848 1362 1884 pietas
1393 1848 1549 1876 continetur
1578 1849 1649 1877 inter
1671 1849 1783 1878 habitus
1805 1850 1887 1877 dono-

1041 1902 1122 1922 rum:
1144 1901 1211 1930 ergo
1234 1894 1361 1929 videtur,
1393 1895 1467 1932 quod
1501 1895 1581 1924 latria
1610 1896 1702 1932 potius
1724 1896 1759 1925 sit
1781 1897 1885 1925 donum

1041 1948 1124 1977 quam
1148 1940 1259 1969 virtutis
1281 1941 1401 1970 habitus.
1619 1979 1622 1981 v

1120 1987 1146 2014 [ι.
1168 1986 1250 2021 Item,
1269 1987 1369 2015 ‘latriae
1391 1991 1432 2016 est
1446 1988 1535 2016 Deum
1552 1989 1690 2023 reve1·e1·i;
1713 1989 1761 2017 sed
1781 1989 1886 2017 donum

1041 2033 1149 2061 timoris
1181 2033 1245 2061 facit
1273 2042 1323 2062 nos
1345 2034 1467 2062 revereri
1491 2035 1579 2063 Deum
1594 2052 1633 2055 —
1647 2038 1688 2064 est
1709 2036 1781 2064 enim
1805 2036 1886 2064 timor

1042 2080 1214 2108 reverentiae
1223 2080 1241 2094 ¹⁰
1256 2096 1294 2100 —
1308 2088 1375 2117 ergo
1391 2081 1517 2115 videtur,
1533 2082 1607 2118 quod
1630 2085 1678 2110 aut
1694 2082 1774 2110 latria
1793 2090 1887 2119 super-

1041 2126 1121 2160 fluit,
1143 2130 1191 2154 aut
1213 2129 1254 2155 est
1275 2127 1348 2156 idem
1371 2128 1446 2165 quod
1468 2128 1562 2156 timor:
1579 2136 1646 2166 ergo
1667 2129 1748 2157 latria
1770 2138 1822 2157 non
1846 2133 1887 2158 est

1042 2174 1142 2203 virtus.

1103 2295 1113 2310 ⁸
1132 2296 1192 2318 Libr.
1211 2296 1238 2318 X.
1257 2296 1286 2318 (le
1303 2295 1351 2318 Civ.
1370 2296 1422 2324 Dei,
1440 2302 1458 2318 c.
1476 2297 1492 2318 1.
1506 2302 1527 2318 η,
1540 2297 1561 2318 2.
1574 2303 1634 2325 seq.;
1654 2297 1694 2319 cfr.
1714 2296 1740 2319 V.
1753 2303 1771 2319 c.
1794 2297 1832 2325 t5;
1851 2297 1885 2319 Vl.

1041 2341 1059 2357 c.
1082 2336 1104 2363 Ι;
1125 2336 1167 2358 vn.
1185 2342 1204 2358 c.
1223 2336 1264 2363 327
1284 2335 1343 2357 XlX.
1361 2342 1380 2357 c.
1402 2335 1435 2357 17.
1453 2348 1483 2352 -
1500 2335 1566 2363 Quod
1590 2336 1662 2357 rit-tus
1679 2336 1706 2357 sit
1724 2336 1826 2363 habitus,
1847 2336 1887 2358 (lo-

1041 2377 1076 2396 cet
1093 2375 1190 2401 Aristot.,
1214 2375 1235 2396 ll.
1259 2375 1329 2396 Ethic.
1350 2380 1369 2395 c.
1392 2374 1413 2396 5.
1432 2386 1461 2389 ——
1479 2374 1509 2396 De
1527 2374 1672 2396 conclusione
1695 2375 1734 2397 cfr.
1758 2375 1884 2404 Avicenna‚

1041 2413 1138 2440 ltletaph.
1156 2415 1182 2434 tr.
1204 2413 1236 2434 10.
1255 2419 1272 2434 c.
1292 2413 1316 2437 3,
1335 2412 1372 2433 uhi
1396 2413 1471 2440 agitur
1489 2412 1516 2434 de
1537 2412 1597 2434 cultu
1617 2413 1655 2434 Dei
1673 2416 1695 2435 et
1712 2412 1751 2434 ubi
1769 2414 1826 2436 inter
1843 2414 1885 2435 alia

1041 2452 1097 2473 haec
1115 2452 1273 2479 proteruntur:
1291 2451 1337 2472 llae
1354 2453 1430 2473 autem
1449 2451 1548 2473 actiones
1565 2454 1617 2473 sunt
1639 2452 1703 2479 quasi
1726 2451 1803 2473 divina
1822 2452 1885 2474 obse·

1041 2491 1106 2518 quia,
1125 2496 1184 2518 qum:
1202 2490 1352 2516 iniunguntm·
1374 2489 1516 2514 hominibus:
1539 2490 1632 2511 omnino
1654 2491 1714 2512 enim
1736 2494 1826 2518 oportet
1849 2492 1884 2513 hic

1040 2535 1090 2550 osse
1108 2529 1195 2556 aliqua,
1213 2528 1298 2556 quihus
1314 2529 1438 2550 excitentur
1457 2529 1572 2556 nomines;
1591 2529 1707 2550 excitantia
1734 2532 1809 2551 autum
1833 2533 1886 2552 suut

1041 2567 1076 2589 vol
1095 2571 1170 2588 motus
1192 2567 1227 2588 vol
1251 2567 1390 2594 privationes
1407 2571 1511 2589 mutuum
1535 2567 1643 2589 ducentes
1661 2568 1689 2589 ad
1711 2571 1794 2590 mutus,
1812 2569 1885 2591 Motus

1041 2612 1096 2628 voro
1113 2609 1165 2627 sunt
1183 2609 1207 2628 ut
1223 2606 1350 2632 orationes,
1369 2606 1508 2633 privationes
1525 2612 1581 2628 vero
1599 2609 1703 2628 motuum
1721 2610 1774 2628 sunt
1791 2611 1815 2629 ut
1832 2608 1886 2629 ieiu-

1041 2646 1104 2666 nium
1122 2648 1162 2666 etc.

1102 2683 1111 2697 9
1129 2684 1182 2710 Cap.
1206 2684 1222 2704 Ι.
1240 2690 1260 2705 n.
1280 2684 1299 2704 3.
1320 2684 1341 2704 ln
1358 2684 1485 2705 testimonio
1503 2684 1568 2705 allato
1582 2686 1653 2706 textus
1670 2684 1751 2711 origin.
1771 2690 1812 2712 pru
1825 2684 1884 2708 theo·

1040 2722 1127 2745 selmum
1153 2722 1242 2744 vxnihct
1260 2718 1381 2749 εὗσὲβειαν.
1404 2722 1506 2744 Advertit
1529 2726 1603 2745 {anu-n
1621 2723 1716 2750 August.
1735 2723 1797 2750 ibid„
1822 2724 1884 2752 quod

1040 2761 1069 2783 ud
1086 2760 1262 2788 signini-andum
1280 2761 1366 2781 cultum
1385 2760 1423 2781 Dei
1441 2761 1508 2782 ctiam
1528 2761 1621 2788 ‹it-anci,
1641 2769 1650 2780 ι
1664 2764 1688 2783 ut
1706 2760 1818 2783 distinctio
1836 2768 1885 2784 cer-

1041 2800 1083 2821 tior
1099 2803 1231 2827 appareret,
1253 2806 1296 2820 nnn
1316 2796 1440 2827 εΰσὲβειαν,
1458 2799 1521 2828 quod
1537 2806 1563 2821 ex
1582 2799 1642 2821 bono
1660 2800 1734 2827 cultu,
1753 2800 1793 2822 stul
1812 2799 1886 2822 omat-

1040 2837 1113 2865 βειαν,
1131 2837 1192 2865 quod
1216 2843 1242 2859 ex
1261 2838 1298 2859 1)νί
1317 2838 1376 2859 vultu
1399 2839 1552 2865 compositum
1575 2842 1678 2866 resonat,
1702 2839 1777 2861 dictu-e
1801 2839 1885 2861 malue-

1040 2879 1098 2898 runt.
1118 2888 1146 2892 -
1163 2876 1243 2904 Quoad
1267 2875 1381 2899 minorem
1404 2877 1457 2899 vide
1479 2877 1526 2899 lsai.
1549 2877 1582 2901 11.
1601 2878 1626 2905 2,
1644 2877 1682 2900 ubi
1702 2878 1760 2900 dona
1784 2879 1884 2906 Spiritus

1039 2915 1108 2937 sancti
1128 2918 1281 2937 recensentur.

1103 2954 1121 2968 ¹⁰
1138 2955 1181 2976 un:
1200 2955 1255 2977 infra
1274 2955 1296 2977 d.
1315 2954 1351 2977 34.
1370 2962 1392 2983 p.
1411 2955 1433 2978 ll.
1452 2962 1492 2983 per
1510 2958 1586 2978 totam.
