2166 3366
280 185 300 213 ll
736 179 891 208 ErisTom
913 179 953 206 Ss.
977 177 1093 205 DOMINI
1116 176 1233 204 Nossa!
1256 175 1374 204 LEoNJs
1397 174 1496 202 PAPAE
1518 173 1582 201 Xlll.

282 265 483 321 accepisse
530 266 717 305 testatum
758 259 964 303 volumus,
1008 258 1221 312 magnique
1262 254 1365 312 apud
1406 254 1493 296 Nos
1534 253 1670 295 haberi
1710 252 1887 297 labores,
1930 264 2029 307 quos

283 339 347 381 vel
381 338 431 380 ab
465 350 570 379 anno
604 348 781 377 innccctxx
815 332 988 388 religiosi
1022 332 1077 373 tui
1112 329 1271 372 Ordinis
1312 330 1404 377 viri,
1448 329 1487 370 in
1528 327 1750 383 Collegium
1785 326 1919 370 Sancti
1953 327 2030 368 Bo-

283 417 529 455 naventurae
564 410 712 455 coacti,
750 406 1013 464 pertulerunt,
1050 409 1093 447 ut
1126 405 1223 447 tanti
1258 402 1444 460 ponderis
1477 416 1598 459 opus,
1635 402 1869 444 auctoritate
1901 405 1967 443 tua
1992 401 2031 442 il-

283 488 330 530 lis
363 487 641 531 commissum,
678 485 862 525 accurate
897 479 1147 537 perficerent.
1183 478 1271 520 Nec
1311 477 1426 534 plane
1470 476 1617 519 Fidelis
1650 490 1673 519 a
1707 476 1848 518 Fanna
1886 474 2032 517 sodalis

284 564 338 605 tui
374 559 553 605 Ordinis,
589 558 762 600 hominis
795 556 959 598 seientia
983 567 1030 596 ac
1052 555 1199 610 pietate
1234 553 1400 608 spectati
1435 551 1520 593 laus
1553 549 1905 608 praetermittenda
1940 554 2029 597 est;

286 638 350 692 qui
390 634 618 690 conquisitis
651 631 821 687 undique
856 643 926 686 per
960 633 1085 671 totam
1120 627 1326 684 Europam
1361 625 1561 668 codicibus
1593 630 1633 668 et
1663 625 1713 667 ad
1747 627 1904 668 criticae
1939 625 2034 666 artis

286 709 446 766 regulas
490 707 790 763 diligentissime
836 705 989 747 exactis
1039 702 1160 758 longo
1210 701 1348 743 decem
1399 713 1596 742 annorum
1636 701 1764 756 spatio
1815 700 2034 742 certissima

286 784 446 827 editioni
481 781 680 825 curandae
715 783 975 822 monumenta
1009 778 1284 834 comparavit:
1328 788 1405 832 quo
1439 788 1461 817 0
1496 775 1599 816 vivis
1633 773 1806 822 sublato,
1844 772 2036 816 consoda-

286 859 366 901 leni
398 858 600 914 ignatium
633 855 754 898 „leiler
787 853 918 896 eidem
951 852 1159 895 suffectum
1194 852 1277 908 pari
1311 849 1440 893 studio
1475 848 1692 905 iisdemque
1726 848 1898 891 consiliis
1932 849 2036 890 inre

287 931 482 977 eiusmodi
516 929 693 987 gerenda
727 928 848 971 modo
881 929 1035 970 versari
1069 927 1321 982 agnovimus.
1348 951 1410 955 ——
1433 925 1520 967 Nec
1542 937 1641 966 vero
1676 927 1828 966 tantum
1864 915 2037 979 prudens

288 1010 327 1050 in
360 1020 495 1050 rerum
529 1004 775 1061 singularum
810 1002 964 1045 delectu
998 1000 1201 1049 iudicium,
1249 999 1320 1042 sed
1364 1004 1404 1042 et
1438 1003 1648 1042 accuratae
1682 1001 1818 1041 textus
1852 996 2039 1040 emenda-

288 1085 436 1130 tiones,
463 1085 580 1137 atque
604 1081 753 1136 optima
786 1077 989 1120 literarum
1023 1076 1151 1118 forma
1186 1076 1224 1116 in
1258 1075 1395 1131 primis
1418 1072 1737 1116 commendanda
1760 1076 1833 1115 est.
1859 1072 2039 1114 Maxime

290 1161 425 1200 autem
448 1155 593 1213 placuit
616 1154 877 1211 propositum,
915 1155 1161 1208 opportunas
1194 1148 1565 1191 animadversiones
1598 1161 1669 1190 seu
1692 1147 1841 1190 scholia
1875 1145 2040 1202 singulis

290 1232 399 1274 libris
432 1228 657 1275 adficiendi,
694 1231 736 1270 ut
776 1240 824 1269 ea
869 1223 1138 1269 doctrinarum
1188 1224 1397 1266 harmonia
1447 1222 1656 1265 manifeste
1700 1226 1912 1279 appareat,
1965 1233 2041 1278 qua

291 1305 579 1364 praecellentes
612 1303 697 1345 illas
730 1301 898 1344 duorum
922 1301 1142 1343 Doctorum
1165 1303 1322 1341 mentes
1342 1300 1553 1340 instructas
1593 1297 1713 1339 fuisse
1737 1300 1829 1339 ante
1853 1296 2038 1338 diximus.

291 1381 359 1423 EX
392 1393 470 1437 quo
503 1378 758 1435 exploratum
781 1377 903 1419 etiam
934 1379 995 1418 est
1027 1374 1269 1417 clarissimos
1302 1372 1424 1415 hosce
1463 1371 1789 1414 scholasticarum
1823 1370 2044 1428 disciplina-

292 1468 381 1498 rum
415 1453 642 1497 adsertores
676 1452 829 1508 peracri
864 1451 1048 1506 ingenio,
1084 1447 1245 1491 assiduo
1287 1446 1439 1495 studio,
1484 1447 1643 1502 magnis
1686 1445 1887 1488 laboribus
1926 1449 2043 1501 atque

293 1529 437 1587 vigiliis
470 1529 688 1585 pretiosum
722 1525 926 1568 doctrinae
960 1524 1192 1567 thesaurum
1226 1535 1249 1564 a
1283 1521 1527 1579 sapientibus
1576 1522 1827 1577 superiorum
1869 1519 2046 1562 saeculo-

293 1617 405 1653 rum,
441 1604 692 1660 potissimum
726 1614 824 1643 vero
858 1613 881 1642 a
916 1599 988 1642 SS.
1025 1598 1230 1641 Ecclesiae
1264 1597 1451 1639 Patribus
1485 1599 1797 1652 congregatum,
1834 1594 2045 1651 multisque

294 1678 424 1722 modis
466 1676 665 1721 cumulate
708 1679 887 1719 auctum
934 1674 1105 1731 posteris
1145 1671 1366 1715 tradidisse.
1402 1697 1464 1701 —
1498 1669 1751 1727 Quapropter
1784 1669 1890 1711 nullo
1925 1667 2046 1711 modo

296 1752 578 1801 dubitandum,
615 1752 708 1807 quin
741 1749 923 1793 catholici
957 1748 1193 1805 praesertim
1227 1748 1392 1789 iuvenes
1426 1747 1465 1787 in
1500 1757 1613 1802 spem
1647 1744 1853 1787 Ecclesiae
1886 1756 2047 1786 succre-

296 1832 473 1877 scentes,
510 1828 574 1884 qui
607 1825 658 1868 ad
692 1823 964 1882 philosophica
998 1836 1045 1865 ac
1078 1821 1303 1878 theologica
1338 1820 1466 1863 studia
1500 1818 1720 1862 secundum
1747 1818 1957 1875 Aquinatis
1980 1817 2049 1861 do-

297 1904 465 1946 ctrinam
510 1900 700 1944 sectanda
744 1913 787 1942 se
835 1898 1072 1946 conferunt,
1126 1894 1378 1953 perlegendis
1422 1895 1463 1938 S.
1508 1895 1819 1937 Bonaventurae
1863 1893 2049 1950 operibus

298 1978 510 2036 plurimam
544 1975 752 2019 utilitatem
785 1976 863 2016 sint
896 1973 1093 2021 hausturi,
1130 1976 1247 2028 atque
1281 1984 1335 2013 ex
1368 1969 1579 2012 amborum
1622 1969 1798 2025 scriptis,
1841 1969 1949 2024 quasi
1996 1980 2049 2010 ex

299 2053 521 2110 praecipuis
564 2049 905 2094 armamentariis,
952 2046 1107 2104 gladios
1150 2059 1198 2088 ac
1242 2045 1319 2088 tela
1364 2048 1524 2087 sumant
1573 2043 1713 2100 quibus
1757 2044 1795 2085 in
1845 2043 2049 2085 teterrimo

300 2126 403 2170 bello
436 2125 631 2168 adversus
664 2123 888 2167 Ecclesiam
922 2124 1127 2179 ipsamque
1162 2120 1380 2162 humanam
1414 2120 1648 2162 societatem
1682 2120 1885 2160 commoto
1912 2115 2050 2159 hostes

300 2213 491 2258 superare
525 2204 686 2242 strenue
720 2202 879 2254 queant.
915 2223 978 2227 ——
1012 2196 1127 2239 Haec
1160 2197 1313 2252 itaque,
1361 2207 1461 2251 quac
1503 2195 1751 2249 scripsimus
1796 2196 1837 2234 et
1869 2191 1960 2235 tibi,
1997 2190 2052 2233 di-

301 2276 402 2318 lecte
436 2274 512 2321 fili,
549 2278 589 2317 et
623 2273 824 2315 sodalibus
858 2273 912 2314 tui
946 2270 1105 2314 Ordinis
1149 2270 1327 2326 Collegio
1362 2269 1403 2311 S.
1441 2268 1752 2310 Bonaventurae
1786 2265 1950 2308 addictis
1984 2278 2053 2308 so-

302 2350 396 2393 latio
430 2353 547 2406 atque
598 2349 854 2390 incitamento
888 2347 966 2388 sint
1006 2350 1049 2388 ut
1082 2346 1309 2401 incoeptum
1349 2356 1449 2400 opus
1493 2341 1674 2384 alacriter
1717 2340 1928 2383 absolvere
1965 2352 2052 2396 per-

303 2428 413 2481 gant.
451 2424 698 2480 Praecipuae
732 2435 830 2464 vero
865 2420 1084 2463 dilectionis
1116 2420 1291 2462 Nostrae
1326 2421 1471 2461 testem
1505 2429 1552 2459 ac
1585 2415 1817 2458 caelestium
1841 2427 2052 2457 munerum

305 2500 526 2555 auspicem,
563 2496 838 2554 Apostolicam
872 2494 1189 2538 benedictionem
1229 2493 1295 2536 tibi
1331 2487 1447 2548 atque
1482 2492 1576 2548 ipsis
1609 2494 1865 2547 peramanter
1898 2490 1935 2530 in
1970 2488 2054 2530 Do-

306 2574 414 2615 mino
448 2574 709 2629 impertinnis.

434 2706 582 2748 Datum
616 2706 771 2748 Romae
805 2704 909 2762 apud
943 2705 984 2747 S.
1022 2704 1208 2749 Petrumi
1246 2701 1307 2745 die
1342 2716 1394 2744 xiii
1418 2700 1651 2744 Decembris
1678 2712 1783 2741 anno
1813 2711 2049 2739 unccctxxxv.

308 2780 573 2824 Pontificatus
606 2780 742 2822 Nostri
779 2779 946 2822 t{)etavo.

994 2932 1105 2975 LEO
1140 2932 1223 2974 PP.
1260 2930 1372 2973 Xffl.
