2166 3366
21 476 132 496 Notandum.

10 2658 130 2676 undameuta.

754 158 836 185 DtsT.
860 158 921 187 Vlll.
944 158 1017 186 ΛΒΤ.
1039 159 1067 187 11.
1090 159 1225 195 QUAEST.
1248 160 1287 187 111.

146 237 211 265 latio
232 240 326 265 autem
357 240 385 264 et
414 236 485 264 actio
516 244 552 264 ex
573 235 627 264 alia
659 238 685 264 et
706 235 760 263 alia
781 243 866 264 causa
886 235 989 264 habent

145 283 288 312 numerari
302 283 317 311 ¹.
341 283 371 311 Et
391 283 454 312 ideo
481 291 536 311 non
564 283 704 320 sequitur,
731 281 831 319 quodsi
852 282 990 318 plurifice-

145 333 192 358 tur
210 329 383 366 productio,
404 329 480 366 quod
502 329 678 366 plurificatur
697 328 811 364 filiatio.

225 378 250 405 ὃ.
272 376 311 405 Ad
333 376 403 405 illud
424 376 498 413 quod
520 376 650 404 obiicitur
671 375 784 409 ultimo,
800 375 875 412 quod
896 378 938 404 est
953 375 990 403 in-

146 424 271 461 telligere
292 423 452 452 filiationem
473 422 675 459 temporalem,
697 422 836 451 abstracta
857 421 989 450 filiatione

145 474 273 504 aeterna;
295 470 461 503 dicendum,
492 469 565 506 quod
599 469 651 497 hoc
672 476 726 496 non
754 472 796 497 est
816 472 931 505 propter
951 468 989 496 di-

145 517 304 546 versitatem
327 516 467 545 relationis
488 516 519 544 in
540 524 583 549 se,
605 515 654 544 sed
670 519 783 552 propter
797 514 988 543 diversitatem

144 568 346 601 respectawm
360 563 432 592 sicut
446 563 468 592 si
484 563 585 600 aliquis
600 563 635 591 sit
650 566 729 600 pater
743 563 883 596 duorum,
898 565 988 599 potest

1835 163 1888 190 195

1047 236 1162 273 intelligi
1184 244 1245 265 esse
1267 240 1346 274 pater
1367 238 1467 272 1101115,
1482 238 1520 266 ita
1534 239 1609 275 quod
1632 247 1684 267 non
1707 239 1840 273 alterius;
1862 243 1889 268 et

1046 283 1068 311 si
1090 283 1191 320 aliquis
1213 284 1341 313 videatur
1362 293 1378 313 a
1399 285 1526 319 duobus,
1547 290 1637 322 potest
1658 286 1773 323 intelligi
1800 287 1889 316 videri

1046 329 1081 358 ab
1103 338 1174 364 uno,
1197 331 1230 359 ita
1261 332 1333 368 quod
1358 340 1412 360 non
1443 332 1478 360 ab
1499 332 1562 361 alio.
1585 333 1624 361 Ex
1647 333 1699 362 hoc
1720 337 1812 362 tamen
1834 342 1889 362 non

1046 379 1136 412 potest
1157 377 1300 412 concludi,
1322 379 1396 415 quod
1419 379 1454 407 sit
1474 379 1622 408 diversitas
1637 380 1792 409 secundum
1816 389 1888 414 rem,

1046 422 1094 450 sed
1116 423 1271 451 secundum
1294 424 1446 452 rationem.
1468 425 1661 454 Diversitatem
1677 430 1771 455 autem
1793 434 1889 455 secun-

1046 468 1114 496 dum
1140 469 1283 497 rationem
1315 479 1382 499 voco
1413 471 1504 504 illam,
1526 480 1597 508 quae
1618 473 1708 501 solum
1731 476 1773 502 est
1794 482 1889 503 secun-

1045 516 1113 544 dum
1136 520 1292 554 respectum
1315 522 1341 546 et
1363 519 1606 555 comparationem.

883 677 1146 713 SOHOLION.

207 781 221 803 1.
239 781 325 803 Solutio
343 781 411 802 huius
427 780 566 809 quaestionis
584 786 628 802 non
646 783 708 802 caret
725 781 790 808 gravi
803 780 933 802 difficultate
947 786 988 802 nee

143 821 277 849 opinionum
295 820 425 842 diversitate.
442 820 499 841 inter
516 820 578 847 ipsos
595 819 732 847 catholicos,
751 821 911 847 praeterquam
924 818 988 847 quod

143 860 286 882 occasionem
304 858 367 881 dedit
383 859 465 886 origini
484 858 708 885 liaereticierroris,
734 858 773 886 qui
799 856 988 886 adoptiam'smus

142 901 248 925 vocatur,
266 897 296 920 de
313 903 359 926 quo
376 897 432 919 infra
450 896 473 919 d.
495 897 527 918 10.
546 903 566 918 a.
585 897 605 918 2.
624 902 645 924 q.
667 896 685 918 1.
703 897 785 923 agitur.
811 895 893 918 Contra
912 896 987 918 Nesto·

142 938 203 960 rium
219 938 318 964 constat,
336 936 398 964 quod
416 935 519 958 Christus
536 938 560 957 ut
577 934 614 958 Ιιὶο
632 936 712 962 1101110,
730 937 830 962 spectata
848 935 915 956 unius
931 940 987 956 suae

142 981 255 1004 personae
272 975 442 1001 constitutione,
461 976 494 996 est
511 980 571 996 unus
584 973 651 996 Filius
668 973 708 995 Dei
725 972 852 995 natmolls.
870 973 892 995 Si
910 977 986 995 autem

141 1014 225 1045 filiatio
242 1013 400 1036 consideratur
425 1016 449 1035 ut
466 1012 562 1040 relatio,
583 1015 603 1035 et
621 1013 738 1040 speciatim
756 1013 875 1040 quaeritur
893 1016 940 1035 tum
959 1012 987 1034 de

142 1051 255 1075 relatione
273 1052 371 1074 hominis
388 1051 468 1073 Christi
481 1051 509 1073 ad
523 1051 595 1073 Deum
609 1054 632 1073 ut
649 1057 717 1073 suum
735 1051 885 1079 principium,
897 1053 946 1073 tum
959 1050 987 1073 de

143 1091 262 1118 relatione,
280 1097 324 1120 qua
343 1089 446 1113 Christus
462 1090 559 1112 retertur
576 1089 606 1112 ad
623 1090 729 1117 Matrem3
746 1092 800 1112 tunc
817 1089 922 1112 diversae
939 1096 988 1111 sen-

142 1131 224 1154 tentiae
240 1133 331 1152 exortae
348 1132 407 1152 sunt.
429 1137 439 1149 a
452 1129 551 1157 Quidam
568 1129 709 1151 attendentes
734 1129 764 1151 ad
785 1135 884 1152 causam
901 1129 988 1151 filiatio-

142 1170 187 1198 nis,
205 1176 265 1198 quae
282 1172 316 1191 est
332 1170 449 1196 nativitas,
467 1172 556 1196 ponunt
572 1169 593 1190 in
606 1168 695 1191 Christo
707 1168 765 1190 (luas
782 1169 911 1196 filiationes,
930 1169 989 1191 sieut

141 1212 163 1232 et
180 1209 239 1231 duas
256 1209 397 1235 nativitates3
416 1208 452 1230 alii
469 1214 525 1230 vero
542 1207 683 1230 attendentes
700 1207 729 1230 ad
743 1206 878 1230 *subiectum
903 1207 988 1229 filiatio-

142 1248 189 1275 nis,
207 1247 270 1276 quod
287 1251 321 1269 est
337 1253 435 1275 persona
458 1246 494 1269 vel
520 1247 649 1274 hypostasis
665 1246 725 1274 Fuit,
743 1248 831 1274 ponunt
853 1252 922 1268 unam
940 1249 988 1268 tan-

141 1290 190 1309 tum
207 1286 351 1313 filiationem,
369 1286 427 1308 sicut
444 1289 465 1308 et
483 1291 552 1308 unam
571 1286 712 1313 hypostasim
731 1285 766 1306 vel
785 1291 907 1312 personam
922 1294 932 1305 ι»
949 1285 986 1312 (ita

142 1326 164 1348 S.
182 1325 318 1351 Thom.,s.
337 1325 368 1346 111.
386 1331 408 1354 q.
426 1324 463 1347 35.
481 1331 501 1347 a.
518 1324 557 1353 5.).
577 1324 638 1346 Hanc
659 1323 784 1345 secundam
807 1324 940 1346 sententiam
959 1327 988 1345 te-

141 1367 195 1386 nent
211 1364 351 1392 antiquiores
368 1364 514 1386 scholastici:
531 1364 592 1386 Alex.
611 1363 671 1389 ilai..
694 1363 717 1384 B.
735 1362 832 1391 Albert.‚
850 1363 872 1384 S.
891 1363 987 1391 Thom.,

142 1404 199 1426 Petr.
217 1410 229 1425 a
248 1403 300 1425 Tar.
317 1405 339 1425 et
357 1403 448 1430 Dionys.
471 1402 546 1426 Carth.
572 1409 625 1425 cum
653 1405 729 1424 nostro
753 1405 860 1429 auctore;
886 1408 986 1431 qimi-um

141 1442 316 1465 fundamentum
342 1442 468 1470 principale
485 1446 531 1469 est,
551 1441 639 1470 uquod
664 1441 792 1463 subiectum
820 1441 932 1463 filiationis
954 1444 987 1463 est

140 1482 190 1510 ipsa
207 1487 324 1510 persona,
345 1487 389 1503 non
409 1485 487 1503 natura
506 1481 547 1502 nisi
565 1481 651 1507 ratione
664 1486 775 1508 personae
789 1488 798 1500 ιι
814 1480 860 1507 (hic
872 1480 892 1501 in
906 1480 988 1508 corp).

141 1519 210 1542 Addit
227 1524 302 1542 tamen
320 1520 343 1542 S.
361 1519 444 1541 Thom.
463 1519 515 1546 (loc.
533 1519 595 1546 eit.):
616 1527 626 1538 er
643 1518 759 1546 Quantum
777 1518 805 1539 ad
823 1518 909 1546 aliquid
927 1522 988 1540 ntra-

141 1566 186 1588 qne
203 1559 281 1587 opinio
298 1558 353 1581 dicit
369 1564 458 1580 verum.
476 1558 532 1579 Nam
550 1558 567 1580 si
585 1557 729 1579 attendamus
746 1557 774 1579 ad
791 1557 903 1584 perfectas
920 1558 987 1579 ratio-

141 1604 182 1620 nes
199 1598 323 1625 filiationis,
341 1599 431 1625 oportet
447 1591 524 1619 dicere
542 1596 599 1618 duas
617 1596 735 1618 filiationes
747 1596 875 1618 secundum
894 1595 987 1618 dualita-

141 1641 187 1660 tem
205 1638 363 1663 nativitatum;
380 1637 398 1659 si
416 1639 491 1658 autem
509 1635 655 1658 attendamus
672 1635 700 1657 ad
718 1635 847 1657 subiectum
865 1635 985 1664 filiationis,

141 1675 204 1704 quod
221 1682 265 1697 non
284 1677 359 1703 potest
375 1681 424 1696 esse
447 1675 489 1696 nisi
514 1674 661 1702 suppositum
684 1676 815 1701 aeternum,
842 1679 886 1695 non
913 1676 987 1701 potest

140 1720 190 1737 esse
207 1715 229 1736 in
247 1713 336 1737 Christo
362 1712 460 1736 realiter
485 1713 526 1735 11151
551 1713 628 1735 filiatio
645 1715 735 1735 aeterna
753 1721 773 1734 ι».
791 1712 935 1734 Conveniunt
951 1713 985 1734 Ss.

141 1754 223 1776 Thom.
235 1755 257 1775 et
269 1753 353 1775 Bonav.
365 1753 434 1775 etiam
446 1753 467 1774 in
485 1752 597 1774 solutione
610 1753 630 1774 2.
643 1758 691 1779 arg.
705 1751 733 1773 ad
746 1752 891 1779 oppositum,
904 1751 986 1773 docen-

139 1795 185 1819 tes,
202 1791 283 1814 Filium
301 1791 341 1813 Dei
358 1790 492 1819 (Christum)
511 1790 589 1812 referri
606 1790 634 1812 ad
651 1790 745 1812 Matrem
762 1796 805 1812 non
819 1790 860 1812 nisi
872 1789 987 1812 relatione

139 1830 240 1854 rationis
257 1830 369 1853 filiationis
386 1830 532 1858 temporalis,
549 1830 577 1851 ita
596 1832 619 1851 ut
637 1829 816 1857 multiplicentur
837 1829 930 1858 quidem
952 1836 986 1852 re-

139 1869 246 1898 spectus,
266 1868 306 1891 sed
324 1874 368 1890 non
386 1867 462 1891 reales
480 1867 612 1891 relationes.
626 1868 681 1890 Nam
695 1876 705 1887 α
717 1874 744 1890 ex
763 1869 818 1895 hoc,
836 1868 900 1896 quod
918 1868 986 1890 Filius

139 1907 178 1929 Dei
196 1907 294 1929 refertur
310 1907 339 1929 ad
356 1907 461 1935 Matrem,
480 1913 523 1929 noo
541 1909 643 1935 oportet,
662 1906 725 1935 quod
742 1906 825 1929 habeat
849 1907 915 1928 aliam
934 1907 986 1928 filia-

139 1947 223 1968 tionem
241 1946 370 1969 secundum
392 1952 456 1974 rem,
480 1946 521 1968 sed
543 1946 613 1968 alium
638 1947 771 1975 respectum
796 1946 933 1968 relationis»
954 1945 985 1974 (S.

139 1986 237 2014 Thom.,
256 1986 292 2008 hic
308 1992 328 2008 a.
346 1985 368 2008 5.
385 1985 413 2007 ad
432 1986 471 2014 2.).

202 2024 301 2046 l‘rimam
319 2026 395 2046 autem
413 2024 544 2052 opinionem
563 2023 670 2046 Richard.
683 2030 694 2046 a
707 2023 764 2046 Med.
777 2023 824 2052 (hic
841 2030 860 2046 a.
879 2024 900 2046 2.
918 2030 940 2052 q.
953 2023 985 2052 2.)

1044 780 1077 801 sic
1093 780 1204 808 explicat:
1226 789 1235 800 α
1249 780 1375 802 Dicendum
1392 782 1441 803 sine.
1458 781 1598 809 praeiudicio
1609 800 1614 810 ,
1628 783 1689 811 quod
1703 784 1723 805 111
1737 783 1824 806 Christo
1836 788 1889 807 sunt

1045 819 1104 841 (luae
1122 819 1253 841 filiationes:
1272 826 1315 841 una
1335 823 1439 848 respectu
1458 821 1539 848 Patris,
1558 827 1617 849 quae
1636 828 1679 843 non
1698 823 1794 845 refertur
1807 823 1834 845 ad
1847 824 1888 845 illa·

1030 860 1113 884 trem.
1131 860 1151 879 et
1169 858 1211 879 alia
1229 859 1361 886 temporalis
1378 862 1483 887 respectu
1502 859 1590 887 Matris,
1609 867 1669 888 quae
1686 861 1783 884 refertur
1800 862 1828 883 ad
1847 862 1888 884 Ma-

1044 899 1114 924 trem,
1133 903 1192 925 quae
1209 897 1251 919 sibi
1269 898 1377 919 convenit
1394 899 1480 920 ratione
1497 899 1611 920 humanae
1628 902 1721 922 naturae
1734 908 1754 922 n.
1772 900 1797 922 Et
1815 901 1835 922 in
1853 907 1890 923 so-

1044 935 1082 956 lut.
1101 935 1129 957 ad
1149 934 1169 957 4.
1187 935 1253 963 dicit,
1271 935 1402 958 filiationem
1419 939 1441 958 et
1458 937 1589 959 relationem
1615 940 1721 965 respectu
1747 938 1821 960 Mau-is
1840 946 1889 961 esse

1044 973 1139 996 realem.
1158 974 1308 997 Nihilominus
1325 981 1377 996 cum
1396 976 1476 997 ceteris
1493 976 1542 997 vult
1558 975 1596 1003 (ad
1619 977 1659 1004 l.)‚
1677 977 1728 998 hine
1746 978 1839 1000 minime
1857 985 1890 1000 se-

1044 1013 1083 1041 qui
1101 1019 1215 1040 errorem,
1235 1013 1297 1042 quod
1315 1016 1409 1041 propter
1427 1014 1485 1036 duas
1502 1014 1620 1037 filiationes
1637 1016 1658 1037 in
1677 1015 1765 1038 Christo
1782 1018 1825 1039 sint
1843 1017 1889 1039 duo

1045 1051 1090 1074 filii.
1108 1051 1169 1073 Duas
1185 1051 1310 1081 filiationes
1327 1051 1402 1075 reales
1419 1053 1440 1074 in
1459 1052 1547 1075 Christo
1565 1060 1628 1081 esse,
1646 1054 1713 1076 docet
1729 1056 1796 1077 etiam
1809 1056 1890 1078 Scotus

1044 1091 1091 1115 (hic
1107 1091 1129 1112 in
1148 1094 1245 1119 utroque
1262 1092 1350 1119 Scripto
1368 1098 1389 1120 q.
1412 1092 1438 1120 l.)
1457 1095 1478 1114 et
1496 1093 1571 1120 arguit
1595 1095 1672 1115 contra
1699 1094 1753 1115 illud
1775 1095 1889 1117 set-undae

1044 1129 1157 1157 opinionis
1175 1129 1363 1158 fundamentum,
1381 1130 1444 1158 quod
1462 1130 1539 1153 filiatio
1557 1132 1584 1153 sit
1597 1132 1689 1159 proprie
1701 1138 1831 1161 personae,
1845 1139 1888 1155 non

1044 1172 1150 1196 naturae,
1168 1170 1282 1198 simulque
1300 1169 1428 1196 contendit.
1453 1171 1585 1192 relationem
1612 1171 1725 1193 filiationis
1749 1172 1778 1193 ati
1796 1173 1888 1195 Matrem

1043 1213 1094 1229 esse
1110 1207 1207 1235 reatem,
1227 1214 1296 1236 quam
1315 1209 1463 1230 assertionem
1482 1209 1566 1231 Suarez
1585 1209 1615 1236 (in
1642 1216 1663 1237 p.
1690 1211 1719 1232 111.
1742 1211 1805 1233 Sum.
1829 1214 1842 1233 1.
1867 1212 1889 1233 11.

1043 1245 1103 1274 disp.
1125 1246 1158 1268 12.
1175 1249 1228 1268 sect.
1248 1247 1277 1275 2.)
1292 1247 1346 1269 dicit
1357 1254 1407 1269 esse
1424 1248 1557 1270 sententiam
1571 1248 1731 1275 theologorum
1749 1251 1889 1272 eomimmio-

1043 1291 1100 1307 rem.
1123 1285 1180 1307 Huic
1201 1286 1340 1313 suffragatur
1358 1293 1451 1314 quoquc
1468 1287 1542 1314 AEgid.
1561 1287 1597 1313 R.,
1616 1288 1654 1316 qui
1673 1289 1728 1315 ipsis
1746 1289 1767 1310 S.
1786 1289 1889 1311 Thomae

1044 1324 1161 1351 principiis
1174 1324 1250 1346 nititur
1262 1326 1395 1346 sententiam
1407 1326 1442 1347 sui
1456 1326 1557 1353 magistri
1575 1330 1685 1348 evertere.
1704 1327 1775 1348 Etiam
1788 1328 1888 1349 Durand.

1044 1369 1124 1390 reapse
1141 1363 1238 1389 eandem
1255 1363 1317 1385 viam
1335 1364 1450 1392 sequitur,
1476 1364 1525 1386 licet
1551 1364 1629 1386 verbis
1655 1365 1753 1387 mediam
1772 1367 1888 1394 quandam

1043 1402 1177 1424 sententiam
1195 1408 1219 1424 se
1237 1403 1301 1430 sequi
1320 1403 1460 1430 profiteatur.
1477 1403 1516 1424 Ast
1534 1403 1600 1425 Henr.
1618 1403 1690 1426 Gand.
1717 1404 1808 1432 (Quodl.
1827 1404 1847 1427 4.
1866 1412 1888 1434 q.

1044 1440 1074 1468 3.)
1092 1441 1187 1463 asserit:
1207 1441 1300 1463 «Unica
1326 1445 1360 1463 est
1377 1441 1443 1463 realis
1460 1441 1537 1463 relatio
1556 1442 1667 1464 filiationis
1686 1443 1707 1464 in
1726 1443 1779 1465 Filio
1798 1443 1836 1465 Dei
1859 1444 1888 1466 ad

1043 1479 1101 1501 duas
1118 1480 1277 1507 generationes
1293 1482 1315 1501 et
1333 1480 1459 1502 mutivitates
1471 1487 1492 1508 ιη
1508 1484 1530 1502 et
1546 1480 1664 1509 subiungit
1680 1482 1708 1503 ad
1730 1482 1887 1509 explicandam

1043 1524 1108 1540 suam
1127 1519 1271 1546 opinionem,
1293 1527 1302 1538 ι
1316 1518 1378 1547 quod
1402 1519 1450 1546 ipsa
1469 1519 1544 1541 filiatio
1560 1520 1657 1542 aeterna
1676 1520 1704 1542 de
1721 1527 1781 1542 novo
1797 1522 1889 1549 respicit

1044 1557 1136 1579 Matrem
1155 1560 1249 1585 propter
1266 1563 1350 1579 novam
1368 1558 1489 1580 viaturam.

1106 1596 1128 1618 11.
1148 1596 1237 1618 Praeter
1254 1596 1373 1618 laudatos:
1391 1597 1451 1618 Alex.
1470 1597 1530 1625 Hah,
1547 1598 1568 1619 S.
1587 1604 1609 1625 p.
1628 1598 1659 1620 111.
1678 1605 1700 1627 q.
1719 1599 1754 1620 10.
1772 1605 1802 1621 m.
1821 1599 1842 1621 3.
1859 1612 1888 1615 —

1043 1634 1066 1656 B.
1084 1634 1181 1661 Albert.‚
1200 1635 1236 1657 hic
1253 1642 1273 1657 a.
1292 1636 1312 1656 2.
1329 1647 1362 1652 —
1379 1636 1438 1658 l'etr.
1454 1642 1466 1657 n
1484 1636 1550 1664 Tar.y
1568 1637 1605 1658 hic
1622 1643 1643 1665 q.
1662 1637 1683 1659 3.
1701 1644 1720 1659 a.
1739 1638 1760 1660 2.
1772 1638 1887 1666 —.Egid.

1043 1673 1080 1701 K,
1093 1674 1129 1695 hic
1140 1680 1162 1702 q.
1176 1674 1196 1695 3.
1209 1680 1228 1695 a.
1242 1674 1262 1696 2.
1275 1677 1296 1696 et
1309 1674 1364 1696 dub.
1382 1674 1418 1696 iat.
1441 1675 1481 1696 1-5.
1499 1687 1530 1691 -
1547 1676 1638 1702 Dionys.
1657 1675 1745 1703 Carta,
1763 1677 1799 1699 hic
1810 1684 1832 1705 q.
1845 1678 1866 1699 2.

1106 1713 1136 1734 lll.
1154 1713 1258 1741 Sequens
1277 1713 1317 1741 (3.)
1335 1714 1438 1742 quaestio
1456 1715 1503 1742 agit
1520 1721 1564 1736 non
1583 1717 1659 1737 eontra
1679 1716 1830 1743 Adoptianos,
1849 1717 1887 1744 qui

1043 1754 1127 1779 negant
1143 1751 1270 1778 Christum,
1288 1755 1402 1780 quatenus
1418 1749 1551 1781 esshomo,
1569 1760 1619 1775 esse
1636 1753 1724 1776 Filium
1738 1754 1780 1777 Dei
1790 1756 1889 1777 natura-

1043 1789 1087 1813 lem
1106 1790 1144 1817 (de
1161 1797 1207 1819 quo
1225 1790 1264 1813 cfr.
1282 1791 1338 1812 infra
1357 1791 1379 1813 d.
1400 1791 1434 1813 10.
1452 1798 1471 1813 a.
1485 1792 1506 1813 2.
1519 1798 1541 1820 q.
1561 1792 1602 1821 1.),
1620 1792 1661 1814 sed
1680 1794 1772 1820 proprie
1788 1793 1816 1815 de
1828 1792 1889 1815 Chri-

1042 1830 1069 1852 sti
1086 1829 1207 1852 nativitate
1224 1829 1350 1858 temporali
1367 1833 1471 1857 respectu
1489 1831 1576 1858 Matris,
1598 1831 1627 1852 de
1645 1837 1689 1859 qua
1708 1832 1752 1853 iam
1774 1832 1839 1859 plura
1858 1832 1888 1854 di-

1042 1871 1076 1890 cta
1094 1871 1147 1891 sunt
1158 1875 1227 1897 supra
1246 1869 1268 1891 d.
1287 1868 1308 1890 4.
1326 1875 1346 1890 a.
1364 1869 1384 1891 3.
1403 1875 1425 1898 q.
1445 1869 1529 1891 =t-3.-
1545 1870 1636 1892 Plurimi
1653 1871 1739 1899 antiqui
1757 1871 1888 1894 Scholastici

1042 1908 1101 1929 hanc
1117 1912 1166 1929 rem
1184 1909 1271 1929 tanturn
1289 1909 1385 1934 tangunt
1401 1907 1423 1928 in
1442 1908 1586 1935 quaestione,
1605 1911 1681 1930 utrum
1700 1909 1721 1930 in
1739 1908 1828 1931 Christo
1845 1910 1889 1931 sint

1043 1946 1102 1968 duae
1120 1946 1247 1967 nativitates
1260 1945 1309 1973 (cfr.
1327 1947 1363 1968 hle
1376 1952 1397 1974 q.
1420 1946 1455 1975 i.).
1468 1946 1589 1974 Speciatim
1603 1946 1631 1969 de
1644 1947 1692 1975 ipsa
1705 1951 1815 1970 tractant:
1827 1949 1887 1971 Alex.

1042 1985 1103 2011 Hah,
1121 1985 1142 2006 S.
1161 1991 1183 2012 p.
1202 1985 1232 2006 111.
1250 1991 1272 2013 q.
1292 1985 1327 2007 10.
1347 1991 1377 2007 m.
1395 1985 1416 2007 5.
1435 1992 1454 2007 a.
1472 1986 1494 2007 2.
1512 1998 1542 2001 —
1560 1986 1633 2014 .¹ngd.
1652 1987 1690 2014 R,
1703 1987 1739 2009 hic
1750 1993 1772 2016 q.
1790 1988 1810 2009 3.
1828 1994 1848 2010 a.
1867 1988 1887 2010 3.

1043 2023 1188 2045 -Richard
1206 2030 1218 2045 a
1240 2023 1311 2052 Med,
1329 2024 1365 2046 hie
1382 2030 1402 2046 a.
1422 2025 1442 2046 2.
1460 2031 1482 2053 q.
1502 2025 1522 2046 3.
1541 2037 1572 2040 —
1588 2025 1682 2053 Dionys.
1695 2025 1779 2054 Carth,
1796 2026 1838 2048 loc.
1855 2027 1885 2048 cit

897 2125 1060 2162 QUAESTlO
1082 2125 1121 2153 itt.

456 2211 559 2240 Utrum
583 2210 716 2240 Christus
736 2211 776 2240 sit
794 2211 875 2248 silius
895 2211 1047 2240 naturalis
1068 2212 1182 2240 ratione
1206 2212 1358 2250 utriusque
1381 2205 1565 2245 nativitatis,

744 2262 874 2291 videlieet
894 2262 1061 2300 temporalis
1082 2266 1108 2291 et
1127 2267 1270 2291 aeternae.

216 2361 308 2390 Tertio
328 2361 492 2398 quaeritur,
515 2364 611 2390 utrum
633 2361 762 2390 Christus
783 2361 819 2390 sit
841 2361 915 2390 1111115
936 2369 982 2389 na-

138 2408 237 2437 turalis
258 2408 365 2437 ratione
386 2408 534 2446 utriusque
555 2407 722 2443 nativitatis,
754 2409 884 2438 videlicet
914 2411 981 2437 tem-

139 2455 241 2492 poralis
261 2459 288 2484 et
308 2458 445 2484 aeternae.
467 2455 498 2483 Et
519 2455 593 2492 quod
622 2455 677 2489 sic,
699 2455 819 2484 videtur.
842 2455 880 2484 De
902 2463 981 2492 gene-

138 2502 244 2530 ratione
265 2502 337 2530 enim
360 2505 480 2529 aeterna
501 2510 554 2530 non
576 2505 617 2530 est
645 2502 780 2536 dubium,
812 2502 846 2530 de
869 2510 982 2538 genera-

138 2548 211 2576 tione
232 2556 297 2576 vero
319 2547 473 2584 temporati
493 2548 649 2576 ostenditur
671 2548 718 2577 sic.

218 2596 241 2622 1.
264 2594 315 2631 Qui
337 2594 487 2623 conformis
507 2598 549 2623 est
580 2594 607 2623 in
638 2598 739 2623 natura
760 2595 801 2629 ei,
822 2603 838 2622 a
863 2603 919 2632 qno
940 2602 983 2631 ge-

137 2645 265 2675 neratur,
286 2644 328 2669 est
359 2641 434 2669 filius
466 2641 636 2675 naturalis²3
668 2641 716 2670 sed
746 2641 829 2670 Filius
853 2641 899 2670 Dei
921 2649 983 2669 con-

138 2687 234 2716 formis
255 2692 296 2716 est
317 2687 433 2722 Mariae,
454 2696 489 2716 ex
521 2696 576 2725 qua
603 2692 645 2717 est
667 2691 762 2717 natus:
786 2696 853 2725 ergo
874 2690 916 2716 est
939 2696 983 2715 na-

138 2734 236 2762 turalis
259 2734 334 2763 1111115
355 2735 451 2772 ipsius.

201 2866 206 2880 ¹
225 2865 269 2889 Cir.
287 2873 349 2894 corp.
367 2871 454 2896 quaest.
474 2868 542 2890 huius
558 2872 580 2890 01
598 2874 704 2895 praee-30.

198 2905 208 2919 ²
224 2905 269 2928 Cfr.
281 2912 350 2934 supra
363 2906 393 2928 lit.
412 2906 521 2934 Magistri,
539 2906 561 2928 (1.
579 2906 614 2928 tv.
632 2913 650 2928 e.
670 2907 690 2928 2.
709 2910 729 2928 et
747 2905 906 2928 Commenta.
930 2906 946 2927 l.
960 2912 982 2933 (1.

138 2945 158 2966 2.
175 2944 219 2966 Csr.
237 2945 304 2966 etiam
322 2948 376 2967 tom⁴
395 2945 418 2967 ll.
437 2951 490 2973 pag.
509 2944 565 2972 479,
585 2948 634 2966 nota
658 2945 675 2966 l.
695 2957 725 2960 —
740 2944 788 2966 Vat.
808 2945 843 2966 hic
860 2947 881 2965 net
899 2945 982 2971 pariter

1117 2362 1144 2389 2.
1166 2361 1248 2394 Item,
1270 2361 1317 2397 (1111
1340 2361 1426 2389 trahit
1447 2365 1574 2389 naturam
1598 2361 1633 2389 ah
1654 2369 1701 2394 eo.
1723 2370 1739 2389 a
1761 2370 1816 2398 (1110
1844 2370 1886 2398 ge-

1040 2411 1170 2441 neratur,
1192 2411 1234 2436 est
1254 2407 1330 2436 1111115
1352 2408 1503 2441 naturalis;
1524 2408 1572 2436 setl
1588 2408 1716 2436 Christus
1742 2416 1757 2436 a
1773 2409 1884 2445 Virgine

1039 2457 1168 2483 naturam
1191 2455 1276 2485 traxit
1299 2454 1466 2482 humanam:
1489 2462 1556 2491 ergo
1577 2458 1621 2483 est
1647 2454 1721 2483 filius
1750 2455 1885 2484 naturalis

1041 2501 1128 2538 ipsius
1150 2501 1279 2537 Virginis

1120 2547 1145 2575 3.
1169 2547 1250 2581 item,
1273 2550 1372 2575 natura
1393 2550 1437 2575 est
1458 2547 1624 2584 principium
1649 2548 1686 2576 rei
1710 2548 1838 2584 genitae³
1859 2552 1886 2577 et

1040 2594 1180 2623 filiationis
1201 2594 1327 2622 eiusdem
1350 2602 1384 2622 ex
1408 2597 1486 2630 parte
1515 2594 1641 2623 mulieris
1663 2603 1699 2623 ex
1722 2595 1788 2628 hoc,
1810 2596 1884 2632 quod

1040 2641 1174 2678 concipit,
1197 2641 1284 2669 nutrit
1305 2645 1332 2669 et
1354 2641 1441 2677 parit;
1463 2643 1490 2669 et
1511 2641 1562 2669 hoc
1584 2644 1671 2669 totum
1688 2641 1791 2678 Virgini
1815 2650 1885 2671 com-

1041 2688 1108 2724 petit
1131 2690 1257 2724 respectu
1280 2687 1396 2715 Christi:
1420 2695 1486 2723 ergo
1507 2687 1634 2717 Christus
1666 2691 1707 2717 est
1729 2689 1789 2717 eius
1812 2689 1885 2718 filius

1042 2733 1186 2762 naturalis.

1041 2866 1061 2887 in
1080 2872 1127 2894 seq.
1145 2872 1193 2893 arg.
1211 2867 1245 2888 est
1261 2871 1312 2888 etus
1335 2865 1399 2895 filius
1422 2866 1548 2889 naturalis.
1577 2867 1645 2889 l‘auio
1668 2869 1775 2895 superius
1793 2875 1835 2896 pro
1854 2868 1885 2891 De

1039 2903 1189 2933 qenerntionc
1206 2904 1268 2927 enim
1285 2905 1336 2927 cod.
1356 2905 1372 2927 U
1393 2905 1423 2927 De
1439 2905 1590 2934 ⁸‹lenm-atione
1607 2905 1664 2929 eiits.

1104 2943 1114 2958 ³
1131 2943 1178 2965 Cod
1197 2944 1214 2965 Λ
1230 2945 1363 2973 ueneratur.
