<?xml version="1.0" encoding="UTF-8"?>
<!DOCTYPE html PUBLIC "-//W3C//DTD XHTML 1.0 Transitional//EN"
    "http://www.w3.org/TR/xhtml1/DTD/xhtml1-transitional.dtd">
<html xmlns="http://www.w3.org/1999/xhtml" xml:lang="en" lang="en">
 <head>
  <title>
</title>
<meta http-equiv="Content-Type" content="text/html;charset=utf-8" />
  <meta name='ocr-system' content='tesseract 3.04.00' />
  <meta name='ocr-capabilities' content='ocr_page ocr_carea ocr_par ocr_line ocrx_word'/>
</head>
<body>
  <div class='ocr_page' id='page_1' title='image "./doctorisseraphic03bona_0595.png"; bbox 0 0 2166 3366; ppageno 0'>
   <div class='ocr_carea' id='block_1_1' title="bbox 9 1102 142 1122">
    <p class='ocr_par' dir='ltr' id='par_1_1' title="bbox 9 1102 142 1122">
     <span class='ocr_line' id='line_1_1' title="bbox 9 1102 142 1122; baseline 0 -1"><span class='ocrx_word' id='word_1_1' title='bbox 9 1102 142 1122; x_wconf 72' lang='lat' dir='ltr'>Fundamenta.</span> 
     </span>
    </p>
   </div>
   <div class='ocr_carea' id='block_1_2' title="bbox 742 175 1300 213">
    <p class='ocr_par' dir='ltr' id='par_1_2' title="bbox 742 175 1300 213">
     <span class='ocr_line' id='line_1_2' title="bbox 742 175 1300 213; baseline 0.002 -10"><span class='ocrx_word' id='word_1_2' title='bbox 742 175 824 203; x_wconf 81' lang='lat' dir='ltr'>DtsT.</span> <span class='ocrx_word' id='word_1_3' title='bbox 848 176 936 205; x_wconf 80' lang='lat' dir='ltr'>xxvi.</span> <span class='ocrx_word' id='word_1_4' title='bbox 959 176 1031 205; x_wconf 74' lang='grc' dir='ltr'>ΛΒΤ.</span> <span class='ocrx_word' id='word_1_5' title='bbox 1053 176 1080 204; x_wconf 87' lang='grc' dir='ltr'>ΙΙ.</span> <span class='ocrx_word' id='word_1_6' title='bbox 1103 176 1238 213; x_wconf 70' lang='lat' dir='ltr'>QUAEST.</span> <span class='ocrx_word' id='word_1_7' title='bbox 1262 177 1300 205; x_wconf 89' lang='grc' dir='ltr'><strong>ΙΙΙ.</strong></span> 
     </span>
    </p>
   </div>
   <div class='ocr_carea' id='block_1_3' title="bbox 144 252 991 569">
    <p class='ocr_par' dir='ltr' id='par_1_3' title="bbox 144 252 991 569">
     <span class='ocr_line' id='line_1_3' title="bbox 149 252 991 286; baseline 0.004 -6"><span class='ocrx_word' id='word_1_8' title='bbox 149 261 212 281; x_wconf 70' lang='lat' dir='ltr'>tiae.</span> <span class='ocrx_word' id='word_1_9' title='bbox 235 252 336 281; x_wconf 89' lang='lat' dir='ltr'>lntueri</span> <span class='ocrx_word' id='word_1_10' title='bbox 358 255 451 281; x_wconf 87' lang='lat' dir='ltr'>autem</span> <span class='ocrx_word' id='word_1_11' title='bbox 475 252 573 281; x_wconf 83' lang='lat' dir='ltr'>merita</span> <span class='ocrx_word' id='word_1_12' title='bbox 594 252 771 281; x_wconf 89' lang='lat' dir='ltr'>attribuendo</span> <span class='ocrx_word' id='word_1_13' title='bbox 791 253 861 286; x_wconf 70' lang='lat' dir='ltr'>sibi,</span> <span class='ocrx_word' id='word_1_14' title='bbox 884 254 934 282; x_wconf 87' lang='lat' dir='ltr'>hoc</span> <span class='ocrx_word' id='word_1_15' title='bbox 950 257 991 283; x_wconf 86' lang='lat' dir='ltr'>est</span> 
     </span>
     <span class='ocr_line' id='line_1_4' title="bbox 149 298 990 337; baseline 0.001 -10"><span class='ocrx_word' id='word_1_16' title='bbox 149 299 297 336; x_wconf 76' lang='lat' dir='ltr'>superbiae</span> <span class='ocrx_word' id='word_1_17' title='bbox 322 302 349 327; x_wconf 90' lang='lat' dir='ltr'>et</span> <span class='ocrx_word' id='word_1_18' title='bbox 370 299 512 333; x_wconf 87' lang='lat' dir='ltr'>vanitatis;</span> <span class='ocrx_word' id='word_1_19' title='bbox 533 302 560 328; x_wconf 91' lang='lat' dir='ltr'>et</span> <span class='ocrx_word' id='word_1_20' title='bbox 582 298 620 328; x_wconf 87' lang='lat' dir='ltr'>sic</span> <span class='ocrx_word' id='word_1_21' title='bbox 647 299 789 327; x_wconf 75' lang='lat' dir='ltr'>intuentur</span> <span class='ocrx_word' id='word_1_22' title='bbox 804 299 927 336; x_wconf 80' lang='lat' dir='ltr'>superbi,</span> <span class='ocrx_word' id='word_1_23' title='bbox 943 300 990 337; x_wconf 82' lang='lat' dir='ltr'>qui</span> 
     </span>
     <span class='ocr_line' id='line_1_5' title="bbox 149 345 991 379; baseline 0.001 -5"><span class='ocrx_word' id='word_1_24' title='bbox 149 345 259 375; x_wconf 86' lang='lat' dir='ltr'>dicunt:</span> <span class='ocrx_word' id='word_1_25' title='bbox 282 346 389 374; x_wconf 81' lang='lat' dir='ltr'>Manus</span> <span class='ocrx_word' id='word_1_26' title='bbox 420 350 523 374; x_wconf 74' lang='lat' dir='ltr'>nostra</span> <span class='ocrx_word' id='word_1_27' title='bbox 555 345 687 379; x_wconf 71' lang='lat' dir='ltr'>excelsa,</span> <span class='ocrx_word' id='word_1_28' title='bbox 709 349 734 374; x_wconf 81' lang='lat' dir='ltr'>et</span> <span class='ocrx_word' id='word_1_29' title='bbox 764 354 820 374; x_wconf 79' lang='lat' dir='ltr'>non</span> <span class='ocrx_word' id='word_1_30' title='bbox 850 347 991 375; x_wconf 76' lang='lat' dir='ltr'><em>Dominus</em></span> 
     </span>
     <span class='ocr_line' id='line_1_6' title="bbox 148 391 989 429; baseline 0 -8"><span class='ocrx_word' id='word_1_31' title='bbox 148 392 217 429; x_wconf 73' lang='lat' dir='ltr'>fecit</span> <span class='ocrx_word' id='word_1_32' title='bbox 232 391 301 421; x_wconf 73' lang='lat' dir='ltr'>liaeo</span> <span class='ocrx_word' id='word_1_33' title='bbox 316 392 416 421; x_wconf 74' lang='lat' dir='ltr'>omnia</span> <span class='ocrx_word' id='word_1_34' title='bbox 429 392 447 420; x_wconf 89' lang='lat'>¹.</span> <span class='ocrx_word' id='word_1_35' title='bbox 463 392 563 421; x_wconf 79' lang='lat' dir='ltr'>Contra</span> <span class='ocrx_word' id='word_1_36' title='bbox 577 400 647 429; x_wconf 78' lang='lat' dir='ltr'>quos</span> <span class='ocrx_word' id='word_1_37' title='bbox 662 392 765 421; x_wconf 84' lang='lat' dir='ltr'>dicitur</span> <span class='ocrx_word' id='word_1_38' title='bbox 785 392 989 421; x_wconf 81' lang='lat' dir='ltr'>Deuteronomii</span> 
     </span>
     <span class='ocr_line' id='line_1_7' title="bbox 149 438 988 476; baseline 0 -9"><span class='ocrx_word' id='word_1_39' title='bbox 149 446 238 467; x_wconf 89' lang='lat' dir='ltr'>nono:</span> <span class='ocrx_word' id='word_1_40' title='bbox 262 438 303 467; x_wconf 82' lang='lat' dir='ltr'>Ne</span> <span class='ocrx_word' id='word_1_41' title='bbox 324 439 407 468; x_wconf 74' lang='lat' dir='ltr'>dicas</span> <span class='ocrx_word' id='word_1_42' title='bbox 428 439 458 467; x_wconf 75' lang='lat' dir='ltr'>z&#39;n</span> <span class='ocrx_word' id='word_1_43' title='bbox 490 438 576 467; x_wconf 81' lang='lat' dir='ltr'>corde</span> <span class='ocrx_word' id='word_1_44' title='bbox 608 442 671 467; x_wconf 79' lang='lat' dir='ltr'>tao:</span> <span class='ocrx_word' id='word_1_45' title='bbox 694 439 818 476; x_wconf 77' lang='lat' dir='ltr'>Propter</span> <span class='ocrx_word' id='word_1_46' title='bbox 845 439 988 467; x_wconf 73' lang='lat' dir='ltr'>iustitiam</span> 
     </span>
     <span class='ocr_line' id='line_1_8' title="bbox 148 485 990 518; baseline -0.001 -4"><span class='ocrx_word' id='word_1_47' title='bbox 148 493 243 514; x_wconf 82' lang='lat' dir='ltr'>meam</span> <span class='ocrx_word' id='word_1_48' title='bbox 265 486 430 514; x_wconf 71' lang='lat' dir='ltr'>introduxit</span> <span class='ocrx_word' id='word_1_49' title='bbox 451 494 495 514; x_wconf 83' lang='lat' dir='ltr'>me</span> <span class='ocrx_word' id='word_1_50' title='bbox 519 485 678 518; x_wconf 55' lang='lat' dir='ltr'>Donatius,</span> <span class='ocrx_word' id='word_1_51' title='bbox 710 489 742 513; x_wconf 82' lang='lat' dir='ltr'>ut</span> <span class='ocrx_word' id='word_1_52' title='bbox 775 489 885 514; x_wconf 80' lang='lat' dir='ltr'>terram</span> <span class='ocrx_word' id='word_1_53' title='bbox 915 485 990 514; x_wconf 75' lang='lat' dir='ltr'>lianc</span> 
     </span>
     <span class='ocr_line' id='line_1_9' title="bbox 144 531 991 569; baseline 0 -9"><span class='ocrx_word' id='word_1_54' title='bbox 144 532 330 569; x_wconf 70' lang='lat' dir='ltr'>possiderem.</span> <span class='ocrx_word' id='word_1_55' title='bbox 353 531 453 560; x_wconf 90' lang='lat' dir='ltr'>Intueri</span> <span class='ocrx_word' id='word_1_56' title='bbox 480 535 573 560; x_wconf 90' lang='lat' dir='ltr'>autem</span> <span class='ocrx_word' id='word_1_57' title='bbox 608 531 704 560; x_wconf 85' lang='lat' dir='ltr'>merita</span> <span class='ocrx_word' id='word_1_58' title='bbox 728 531 873 560; x_wconf 84' lang='lat' dir='ltr'>referendo</span> <span class='ocrx_word' id='word_1_59' title='bbox 894 532 928 560; x_wconf 91' lang='lat' dir='ltr'>ad</span> <span class='ocrx_word' id='word_1_60' title='bbox 951 532 991 560; x_wconf 81' lang='grc' dir='ltr'>(Ιί-</span> 
     </span>
    </p>
   </div>
   <div class='ocr_carea' id='block_1_4' title="bbox 1017 255 1021 426">
    <p class='ocr_par' dir='ltr' id='par_1_4' title="bbox 1017 255 1021 426">
     <span class='ocr_line' id='line_1_10' title="bbox 1017 255 1021 426; baseline 0 2940"><span class='ocrx_word' id='word_1_61' title='bbox 1017 255 1021 426; x_wconf 95' lang='lat' dir='ltr'> </span> 
     </span>
    </p>
   </div>
   <div class='ocr_carea' id='block_1_5' title="bbox 1017 430 1020 568">
    <p class='ocr_par' dir='ltr' id='par_1_5' title="bbox 1017 430 1020 568">
     <span class='ocr_line' id='line_1_11' title="bbox 1017 430 1020 568; baseline 0 0"><span class='ocrx_word' id='word_1_62' title='bbox 1017 430 1020 568; x_wconf 95' lang='lat' dir='ltr'> </span> 
     </span>
    </p>
   </div>
   <div class='ocr_carea' id='block_1_6' title="bbox 1839 179 1894 207">
    <p class='ocr_par' dir='ltr' id='par_1_6' title="bbox 1839 179 1894 207">
     <span class='ocr_line' id='line_1_12' title="bbox 1839 179 1894 207; baseline 0 0"><span class='ocrx_word' id='word_1_63' title='bbox 1839 179 1894 207; x_wconf 80' lang='grc'>573</span> 
     </span>
    </p>
   </div>
   <div class='ocr_carea' id='block_1_7' title="bbox 1045 254 1895 562">
    <p class='ocr_par' dir='ltr' id='par_1_7' title="bbox 1045 254 1895 562">
     <span class='ocr_line' id='line_1_13' title="bbox 1049 254 1892 291; baseline 0.002 -9"><span class='ocrx_word' id='word_1_64' title='bbox 1049 254 1148 283; x_wconf 76' lang='lat' dir='ltr'>vinam</span> <span class='ocrx_word' id='word_1_65' title='bbox 1179 254 1330 291; x_wconf 66' lang='lat' dir='ltr'>qratiam,</span> <span class='ocrx_word' id='word_1_66' title='bbox 1363 255 1413 284; x_wconf 83' lang='lat' dir='ltr'>hoc</span> <span class='ocrx_word' id='word_1_67' title='bbox 1445 258 1486 283; x_wconf 85' lang='lat' dir='ltr'>est</span> <span class='ocrx_word' id='word_1_68' title='bbox 1520 255 1685 284; x_wconf 88' lang='lat' dir='ltr'>humilitatis</span> <span class='ocrx_word' id='word_1_69' title='bbox 1707 258 1733 284; x_wconf 88' lang='lat' dir='ltr'>et</span> <span class='ocrx_word' id='word_1_70' title='bbox 1757 256 1892 289; x_wconf 86' lang='lat' dir='ltr'>veritatis;</span> 
     </span>
     <span class='ocr_line' id='line_1_14' title="bbox 1048 301 1894 339; baseline 0.002 -10"><span class='ocrx_word' id='word_1_71' title='bbox 1048 303 1075 329; x_wconf 90' lang='lat' dir='ltr'>et</span> <span class='ocrx_word' id='word_1_72' title='bbox 1097 301 1148 330; x_wconf 87' lang='lat' dir='ltr'>hoc</span> <span class='ocrx_word' id='word_1_73' title='bbox 1170 301 1252 329; x_wconf 91' lang='lat' dir='ltr'>modo</span> <span class='ocrx_word' id='word_1_74' title='bbox 1274 304 1366 330; x_wconf 89' lang='lat' dir='ltr'>motus</span> <span class='ocrx_word' id='word_1_75' title='bbox 1388 302 1444 339; x_wconf 82' lang='lat' dir='ltr'>spei</span> <span class='ocrx_word' id='word_1_76' title='bbox 1467 310 1502 330; x_wconf 87' lang='lat' dir='ltr'>ex</span> <span class='ocrx_word' id='word_1_77' title='bbox 1527 301 1627 330; x_wconf 87' lang='lat' dir='ltr'>intuitu</span> <span class='ocrx_word' id='word_1_78' title='bbox 1660 302 1824 331; x_wconf 86' lang='lat' dir='ltr'>meritorum</span> <span class='ocrx_word' id='word_1_79' title='bbox 1848 303 1894 331; x_wconf 86' lang='lat' dir='ltr'>ha-</span> 
     </span>
     <span class='ocr_line' id='line_1_15' title="bbox 1049 346 1894 385; baseline 0.004 -10"><span class='ocrx_word' id='word_1_80' title='bbox 1049 346 1093 375; x_wconf 89' lang='lat' dir='ltr'>bet</span> <span class='ocrx_word' id='word_1_81' title='bbox 1115 347 1198 381; x_wconf 90' lang='lat' dir='ltr'>oriri;</span> <span class='ocrx_word' id='word_1_82' title='bbox 1220 356 1269 384; x_wconf 86' lang='lat' dir='ltr'>per</span> <span class='ocrx_word' id='word_1_83' title='bbox 1290 355 1373 385; x_wconf 86' lang='lat' dir='ltr'>quem</span> <span class='ocrx_word' id='word_1_84' title='bbox 1397 348 1510 376; x_wconf 88' lang='lat' dir='ltr'>modum</span> <span class='ocrx_word' id='word_1_85' title='bbox 1533 349 1694 377; x_wconf 75' lang='lat' dir='ltr'>intuebatur</span> <span class='ocrx_word' id='word_1_86' title='bbox 1716 349 1817 378; x_wconf 78' lang='lat' dir='ltr'>Paulus</span> <span class='ocrx_word' id='word_1_87' title='bbox 1840 357 1894 378; x_wconf 90' lang='lat' dir='ltr'>me-</span> 
     </span>
     <span class='ocr_line' id='line_1_16' title="bbox 1049 393 1895 432; baseline 0.004 -11"><span class='ocrx_word' id='word_1_88' title='bbox 1049 393 1101 422; x_wconf 87' lang='lat' dir='ltr'>rila</span> <span class='ocrx_word' id='word_1_89' title='bbox 1113 401 1172 427; x_wconf 86' lang='lat' dir='ltr'>sua,</span> <span class='ocrx_word' id='word_1_90' title='bbox 1185 394 1292 430; x_wconf 79' lang='lat' dir='ltr'>primae</span> <span class='ocrx_word' id='word_1_91' title='bbox 1306 394 1340 422; x_wconf 92' lang='lat' dir='ltr'>ad</span> <span class='ocrx_word' id='word_1_92' title='bbox 1357 394 1513 424; x_wconf 77' lang='lat' dir='ltr'>Corinthios</span> <span class='ocrx_word' id='word_1_93' title='bbox 1528 395 1636 424; x_wconf 88' lang='lat' dir='ltr'>decimo</span> <span class='ocrx_word' id='word_1_94' title='bbox 1651 396 1748 432; x_wconf 88' lang='lat' dir='ltr'>quinto</span> <span class='ocrx_word' id='word_1_95' title='bbox 1761 395 1783 423; x_wconf 85' lang='lat'>²:</span> <span class='ocrx_word' id='word_1_96' title='bbox 1798 395 1895 424; x_wconf 74' lang='lat' dir='ltr'>Aban-</span> 
     </span>
     <span class='ocr_line' id='line_1_17' title="bbox 1048 439 1895 479; baseline 0.005 -12"><span class='ocrx_word' id='word_1_97' title='bbox 1048 439 1169 468; x_wconf 65' lang='lat' dir='ltr'>amicius</span> <span class='ocrx_word' id='word_1_98' title='bbox 1200 440 1333 468; x_wconf 71' lang='lat' dir='ltr'>omnibus</span> <span class='ocrx_word' id='word_1_99' title='bbox 1361 440 1513 474; x_wconf 55' lang='lat' dir='ltr'>[alwinum</span> <span class='ocrx_word' id='word_1_100' title='bbox 1550 450 1606 469; x_wconf 67' lang='grc' dir='ltr'>ἠοη</span> <span class='ocrx_word' id='word_1_101' title='bbox 1635 446 1733 470; x_wconf 80' lang='lat' dir='ltr'>autem</span> <span class='ocrx_word' id='word_1_102' title='bbox 1756 451 1823 479; x_wconf 70' lang='lat' dir='ltr'>eqo,</span> <span class='ocrx_word' id='word_1_103' title='bbox 1845 443 1895 471; x_wconf 74' lang='lat' dir='ltr'>secl</span> 
     </span>
     <span class='ocr_line' id='line_1_18' title="bbox 1045 486 1892 525; baseline 0.005 -11"><span class='ocrx_word' id='word_1_104' title='bbox 1045 486 1149 523; x_wconf 72' lang='lat' dir='ltr'>yratz&#39;a</span> <span class='ocrx_word' id='word_1_105' title='bbox 1172 487 1225 515; x_wconf 77' lang='lat' dir='ltr'>Dei</span> <span class='ocrx_word' id='word_1_106' title='bbox 1244 495 1365 515; x_wconf 80' lang='lat' dir='ltr'>mec-am.</span> <span class='ocrx_word' id='word_1_107' title='bbox 1387 504 1425 507; x_wconf 92' lang='lat'>——</span> <span class='ocrx_word' id='word_1_108' title='bbox 1446 487 1502 516; x_wconf 75' lang='lat' dir='ltr'>Alia</span> <span class='ocrx_word' id='word_1_109' title='bbox 1525 496 1606 521; x_wconf 78' lang='lat' dir='ltr'>vero,</span> <span class='ocrx_word' id='word_1_110' title='bbox 1628 496 1700 525; x_wconf 86' lang='lat' dir='ltr'>quae</span> <span class='ocrx_word' id='word_1_111' title='bbox 1721 488 1892 518; x_wconf 80' lang='lat' dir='ltr'>obiiciantur</span> 
     </span>
     <span class='ocr_line' id='line_1_19' title="bbox 1048 532 1393 562; baseline 0.003 -2"><span class='ocrx_word' id='word_1_112' title='bbox 1048 532 1114 561; x_wconf 84' lang='lat' dir='ltr'>satis</span> <span class='ocrx_word' id='word_1_113' title='bbox 1135 536 1200 561; x_wconf 91' lang='lat' dir='ltr'>sunt</span> <span class='ocrx_word' id='word_1_114' title='bbox 1222 533 1365 562; x_wconf 82' lang='lat' dir='ltr'>manifesta</span> <span class='ocrx_word' id='word_1_115' title='bbox 1376 533 1393 561; x_wconf 81' lang='lat'>³.</span> 
     </span>
    </p>
   </div>
   <div class='ocr_carea' id='block_1_8' title="bbox 903 630 1125 667">
    <p class='ocr_par' dir='ltr' id='par_1_8' title="bbox 903 630 1125 667">
     <span class='ocr_line' id='line_1_20' title="bbox 903 630 1125 667; baseline -0.005 -8"><span class='ocrx_word' id='word_1_116' title='bbox 903 630 1064 667; x_wconf 60' lang='lat' dir='ltr'>Quasssrto</span> <span class='ocrx_word' id='word_1_117' title='bbox 1087 631 1125 659; x_wconf 91' lang='grc' dir='ltr'>ιιι.</span> 
     </span>
    </p>
   </div>
   <div class='ocr_carea' id='block_1_9' title="bbox 473 716 1565 753">
    <p class='ocr_par' dir='ltr' id='par_1_9' title="bbox 473 716 1565 753">
     <span class='ocr_line' id='line_1_21' title="bbox 473 716 1565 753; baseline 0.003 -10"><span class='ocrx_word' id='word_1_118' title='bbox 473 716 576 744; x_wconf 78' lang='lat' dir='ltr'>[stram</span> <span class='ocrx_word' id='word_1_119' title='bbox 597 724 661 753; x_wconf 70' lang='lat' dir='ltr'>spe-5</span> <span class='ocrx_word' id='word_1_120' title='bbox 681 716 840 753; x_wconf 70' lang='lat' dir='ltr'>praecedat</span> <span class='ocrx_word' id='word_1_121' title='bbox 861 717 1013 745; x_wconf 77' lang='lat' dir='ltr'>caritatem</span> <span class='ocrx_word' id='word_1_122' title='bbox 1036 717 1137 746; x_wconf 75' lang='lat' dir='ltr'>ordine</span> <span class='ocrx_word' id='word_1_123' title='bbox 1157 721 1302 751; x_wconf 64' lang='lat' dir='ltr'>natante,</span> <span class='ocrx_word' id='word_1_124' title='bbox 1324 726 1363 746; x_wconf 79' lang='lat' dir='ltr'>aa</span> <span class='ocrx_word' id='word_1_125' title='bbox 1386 726 1400 745; x_wconf 81' lang='lat' dir='ltr'>e</span> <span class='ocrx_word' id='word_1_126' title='bbox 1420 726 1565 747; x_wconf 77' lang='lat' dir='ltr'>converso.</span> 
     </span>
    </p>
   </div>
   <div class='ocr_carea' id='block_1_10' title="bbox 144 815 989 1926">
    <p class='ocr_par' dir='ltr' id='par_1_10' title="bbox 147 815 988 1040">
     <span class='ocr_line' id='line_1_22' title="bbox 225 815 988 853; baseline -0.001 -9"><span class='ocrx_word' id='word_1_127' title='bbox 225 815 317 844; x_wconf 88' lang='lat' dir='ltr'>Tertio</span> <span class='ocrx_word' id='word_1_128' title='bbox 348 815 493 853; x_wconf 83' lang='lat' dir='ltr'>quaeritur</span> <span class='ocrx_word' id='word_1_129' title='bbox 521 816 555 844; x_wconf 86' lang='lat' dir='ltr'>de</span> <span class='ocrx_word' id='word_1_130' title='bbox 593 822 641 852; x_wconf 87' lang='lat' dir='ltr'>spe</span> <span class='ocrx_word' id='word_1_131' title='bbox 672 823 722 852; x_wconf 88' lang='lat' dir='ltr'>per</span> <span class='ocrx_word' id='word_1_132' title='bbox 754 816 988 852; x_wconf 78' lang='lat' dir='ltr'>comparationem</span> 
     </span>
     <span class='ocr_line' id='line_1_23' title="bbox 147 862 988 899; baseline 0 -8"><span class='ocrx_word' id='word_1_133' title='bbox 147 862 182 892; x_wconf 90' lang='lat' dir='ltr'>ad</span> <span class='ocrx_word' id='word_1_134' title='bbox 204 862 330 891; x_wconf 90' lang='lat' dir='ltr'>habitum</span> <span class='ocrx_word' id='word_1_135' title='bbox 352 862 489 895; x_wconf 85' lang='lat' dir='ltr'>caritatis,</span> <span class='ocrx_word' id='word_1_136' title='bbox 520 865 547 891; x_wconf 92' lang='lat' dir='ltr'>et</span> <span class='ocrx_word' id='word_1_137' title='bbox 574 865 616 891; x_wconf 89' lang='lat' dir='ltr'>est</span> <span class='ocrx_word' id='word_1_138' title='bbox 641 862 778 899; x_wconf 51' lang='lat' dir='ltr'>(molestie.</span> <span class='ocrx_word' id='word_1_139' title='bbox 807 866 902 891; x_wconf 88' lang='lat' dir='ltr'>utrum</span> <span class='ocrx_word' id='word_1_140' title='bbox 926 870 988 899; x_wconf 87' lang='lat' dir='ltr'>spes</span> 
     </span>
     <span class='ocr_line' id='line_1_24' title="bbox 147 909 988 946; baseline 0 -8"><span class='ocrx_word' id='word_1_141' title='bbox 147 909 296 946; x_wconf 81' lang='lat' dir='ltr'>praecedat</span> <span class='ocrx_word' id='word_1_142' title='bbox 316 909 459 938; x_wconf 82' lang='lat' dir='ltr'>caritatem</span> <span class='ocrx_word' id='word_1_143' title='bbox 481 909 579 938; x_wconf 84' lang='lat' dir='ltr'>ordine</span> <span class='ocrx_word' id='word_1_144' title='bbox 599 912 725 943; x_wconf 85' lang='lat' dir='ltr'>naturae,</span> <span class='ocrx_word' id='word_1_145' title='bbox 748 917 781 937; x_wconf 88' lang='lat' dir='ltr'>an</span> <span class='ocrx_word' id='word_1_146' title='bbox 803 917 818 937; x_wconf 89' lang='lat' dir='ltr'>e</span> <span class='ocrx_word' id='word_1_147' title='bbox 839 917 988 943; x_wconf 67' lang='lat' dir='ltr'>conversog</span> 
     </span>
     <span class='ocr_line' id='line_1_25' title="bbox 148 955 988 993; baseline 0 -9"><span class='ocrx_word' id='word_1_148' title='bbox 148 959 175 985; x_wconf 91' lang='lat' dir='ltr'>et</span> <span class='ocrx_word' id='word_1_149' title='bbox 196 955 337 993; x_wconf 87' lang='lat' dir='ltr'>loquimur</span> <span class='ocrx_word' id='word_1_150' title='bbox 359 955 403 984; x_wconf 89' lang='lat' dir='ltr'>hic</span> <span class='ocrx_word' id='word_1_151' title='bbox 435 955 469 984; x_wconf 91' lang='lat' dir='ltr'>de</span> <span class='ocrx_word' id='word_1_152' title='bbox 501 955 642 984; x_wconf 84' lang='lat' dir='ltr'>habitibus</span> <span class='ocrx_word' id='word_1_153' title='bbox 674 955 700 984; x_wconf 89' lang='lat' dir='ltr'>in</span> <span class='ocrx_word' id='word_1_154' title='bbox 727 956 932 993; x_wconf 88' lang='lat' dir='ltr'>comparatione</span> <span class='ocrx_word' id='word_1_155' title='bbox 954 956 988 984; x_wconf 87' lang='lat' dir='ltr'>ad</span> 
     </span>
     <span class='ocr_line' id='line_1_26' title="bbox 147 1002 791 1040; baseline -0.003 -9"><span class='ocrx_word' id='word_1_156' title='bbox 147 1004 233 1031; x_wconf 86' lang='lat' dir='ltr'>actus.</span> <span class='ocrx_word' id='word_1_157' title='bbox 257 1002 287 1031; x_wconf 85' lang='lat' dir='ltr'>Et</span> <span class='ocrx_word' id='word_1_158' title='bbox 308 1002 381 1040; x_wconf 88' lang='lat' dir='ltr'>quod</span> <span class='ocrx_word' id='word_1_159' title='bbox 404 1009 468 1039; x_wconf 87' lang='lat' dir='ltr'>spes</span> <span class='ocrx_word' id='word_1_160' title='bbox 489 1002 649 1039; x_wconf 76' lang='lat' dir='ltr'>praecedat,</span> <span class='ocrx_word' id='word_1_161' title='bbox 673 1002 791 1031; x_wconf 82' lang='lat' dir='ltr'>videtur.</span> 
     </span>
    </p>

    <p class='ocr_par' dir='ltr' id='par_1_11' title="bbox 146 1048 989 1273">
     <span class='ocr_line' id='line_1_27' title="bbox 227 1048 989 1086; baseline 0 -9"><span class='ocrx_word' id='word_1_162' title='bbox 227 1050 251 1077; x_wconf 87' lang='lat'>1.</span> <span class='ocrx_word' id='word_1_163' title='bbox 274 1050 363 1086; x_wconf 89' lang='lat' dir='ltr'>Super</span> <span class='ocrx_word' id='word_1_164' title='bbox 385 1049 455 1078; x_wconf 92' lang='lat' dir='ltr'>illud</span> <span class='ocrx_word' id='word_1_165' title='bbox 477 1049 604 1078; x_wconf 85' lang='lat' dir='ltr'>Matthaei</span> <span class='ocrx_word' id='word_1_166' title='bbox 621 1049 748 1086; x_wconf 74' lang='lat' dir='ltr'>primo‘:</span> <span class='ocrx_word' id='word_1_167' title='bbox 773 1048 926 1077; x_wconf 70' lang='lat' dir='ltr'>Abraham</span> <span class='ocrx_word' id='word_1_168' title='bbox 945 1058 989 1085; x_wconf 48' lang='lat' dir='ltr'>,qe-</span> 
     </span>
     <span class='ocr_line' id='line_1_28' title="bbox 148 1095 989 1133; baseline 0.001 -9"><span class='ocrx_word' id='word_1_169' title='bbox 148 1096 213 1125; x_wconf 74' lang='lat' dir='ltr'>mtit</span> <span class='ocrx_word' id='word_1_170' title='bbox 228 1096 325 1130; x_wconf 77' lang='lat' dir='ltr'>Isaac,</span> <span class='ocrx_word' id='word_1_171' title='bbox 341 1096 428 1124; x_wconf 80' lang='lat' dir='ltr'><em>Isaac</em></span> <span class='ocrx_word' id='word_1_172' title='bbox 439 1095 540 1133; x_wconf 62' lang='lat' dir='ltr'>genuit</span> <span class='ocrx_word' id='word_1_173' title='bbox 556 1095 641 1124; x_wconf 75' lang='lat' dir='ltr'>Iacob</span> <span class='ocrx_word' id='word_1_174' title='bbox 646 1106 656 1129; x_wconf 90' lang='lat'><em>;</em></span> <span class='ocrx_word' id='word_1_175' title='bbox 668 1096 771 1129; x_wconf 59' lang='lat' dir='ltr'>(dossa,</span> <span class='ocrx_word' id='word_1_176' title='bbox 784 1096 810 1124; x_wconf 86' lang='lat' dir='ltr'>id</span> <span class='ocrx_word' id='word_1_177' title='bbox 826 1099 875 1126; x_wconf 87' lang='lat' dir='ltr'>est.</span> <span class='ocrx_word' id='word_1_178' title='bbox 896 1107 907 1121; x_wconf 74' lang='lat' dir='ltr'>u</span> <span class='ocrx_word' id='word_1_179' title='bbox 921 1096 989 1125; x_wconf 85' lang='lat' dir='ltr'>tides</span> 
     </span>
     <span class='ocr_line' id='line_1_29' title="bbox 146 1143 989 1180; baseline 0 -9"><span class='ocrx_word' id='word_1_180' title='bbox 146 1146 260 1180; x_wconf 88' lang='lat' dir='ltr'>generat</span> <span class='ocrx_word' id='word_1_181' title='bbox 281 1149 375 1180; x_wconf 84' lang='lat' dir='ltr'>spem,</span> <span class='ocrx_word' id='word_1_182' title='bbox 396 1150 459 1180; x_wconf 90' lang='lat' dir='ltr'>spes</span> <span class='ocrx_word' id='word_1_183' title='bbox 480 1146 597 1179; x_wconf 84' lang='lat' dir='ltr'>generat</span> <span class='ocrx_word' id='word_1_184' title='bbox 618 1143 761 1172; x_wconf 86' lang='lat' dir='ltr'>caritatem</span> <span class='ocrx_word' id='word_1_185' title='bbox 774 1153 799 1170; x_wconf 79' lang='lat'>»2</span> <span class='ocrx_word' id='word_1_186' title='bbox 822 1150 888 1179; x_wconf 86' lang='lat' dir='ltr'>ergo</span> <span class='ocrx_word' id='word_1_187' title='bbox 909 1143 930 1171; x_wconf 87' lang='lat' dir='ltr'>si</span> <span class='ocrx_word' id='word_1_188' title='bbox 947 1151 989 1179; x_wconf 85' lang='lat' dir='ltr'>ge-</span> 
     </span>
     <span class='ocr_line' id='line_1_30' title="bbox 146 1189 988 1226; baseline 0 -8"><span class='ocrx_word' id='word_1_189' title='bbox 146 1197 247 1219; x_wconf 84' lang='lat' dir='ltr'>nerans</span> <span class='ocrx_word' id='word_1_190' title='bbox 268 1189 422 1218; x_wconf 89' lang='lat' dir='ltr'>secundum</span> <span class='ocrx_word' id='word_1_191' title='bbox 444 1189 571 1218; x_wconf 85' lang='lat' dir='ltr'>ordinem</span> <span class='ocrx_word' id='word_1_192' title='bbox 604 1192 720 1218; x_wconf 82' lang='lat' dir='ltr'>naturae</span> <span class='ocrx_word' id='word_1_193' title='bbox 748 1189 827 1226; x_wconf 88' lang='lat' dir='ltr'>prius</span> <span class='ocrx_word' id='word_1_194' title='bbox 848 1192 890 1218; x_wconf 90' lang='lat' dir='ltr'>est</span> <span class='ocrx_word' id='word_1_195' title='bbox 911 1197 988 1226; x_wconf 79' lang='lat' dir='ltr'>gene-</span> 
     </span>
     <span class='ocr_line' id='line_1_31' title="bbox 146 1236 948 1273; baseline -0.001 -8"><span class='ocrx_word' id='word_1_196' title='bbox 146 1239 215 1271; x_wconf 87' lang='lat' dir='ltr'>rato,</span> <span class='ocrx_word' id='word_1_197' title='bbox 236 1243 348 1265; x_wconf 89' lang='lat' dir='ltr'>necesse</span> <span class='ocrx_word' id='word_1_198' title='bbox 369 1239 422 1270; x_wconf 78' lang='lat' dir='ltr'>est,</span> <span class='ocrx_word' id='word_1_199' title='bbox 444 1236 519 1273; x_wconf 88' lang='lat' dir='ltr'>quod</span> <span class='ocrx_word' id='word_1_200' title='bbox 541 1244 604 1273; x_wconf 88' lang='lat' dir='ltr'>spes</span> <span class='ocrx_word' id='word_1_201' title='bbox 626 1236 774 1273; x_wconf 81' lang='lat' dir='ltr'>praecedat</span> <span class='ocrx_word' id='word_1_202' title='bbox 796 1236 948 1265; x_wconf 85' lang='lat' dir='ltr'>caritatem.</span> 
     </span>
    </p>

    <p class='ocr_par' dir='ltr' id='par_1_12' title="bbox 144 1282 989 1648">
     <span class='ocr_line' id='line_1_32' title="bbox 224 1282 988 1320; baseline -0.001 -9"><span class='ocrx_word' id='word_1_203' title='bbox 224 1284 249 1311; x_wconf 72' lang='lat'>2.</span> <span class='ocrx_word' id='word_1_204' title='bbox 273 1283 354 1317; x_wconf 85' lang='lat' dir='ltr'>item,</span> <span class='ocrx_word' id='word_1_205' title='bbox 376 1283 545 1312; x_wconf 80' lang='lat' dir='ltr'>constructio</span> <span class='ocrx_word' id='word_1_206' title='bbox 566 1282 682 1312; x_wconf 77' lang='lat' dir='ltr'>aedilicii</span> <span class='ocrx_word' id='word_1_207' title='bbox 706 1282 859 1320; x_wconf 85' lang='lat' dir='ltr'>spiritualis</span> <span class='ocrx_word' id='word_1_208' title='bbox 890 1282 988 1311; x_wconf 87' lang='lat' dir='ltr'>similis</span> 
     </span>
     <span class='ocr_line' id='line_1_33' title="bbox 144 1329 986 1364; baseline -0.001 -5"><span class='ocrx_word' id='word_1_209' title='bbox 144 1332 186 1359; x_wconf 85' lang='lat' dir='ltr'>est</span> <span class='ocrx_word' id='word_1_210' title='bbox 207 1329 333 1359; x_wconf 83' lang='lat' dir='ltr'>aedilicio</span> <span class='ocrx_word' id='word_1_211' title='bbox 355 1329 507 1364; x_wconf 69' lang='lat' dir='ltr'>materiali3</span> <span class='ocrx_word' id='word_1_212' title='bbox 528 1329 576 1358; x_wconf 88' lang='lat' dir='ltr'>sed</span> <span class='ocrx_word' id='word_1_213' title='bbox 599 1329 626 1357; x_wconf 91' lang='lat' dir='ltr'>in</span> <span class='ocrx_word' id='word_1_214' title='bbox 642 1329 767 1358; x_wconf 84' lang='lat' dir='ltr'>aedificio</span> <span class='ocrx_word' id='word_1_215' title='bbox 783 1329 917 1358; x_wconf 83' lang='lat' dir='ltr'>materiali</span> <span class='ocrx_word' id='word_1_216' title='bbox 934 1337 986 1358; x_wconf 86' lang='lat' dir='ltr'>non</span> 
     </span>
     <span class='ocr_line' id='line_1_34' title="bbox 145 1376 989 1413; baseline -0.001 -8"><span class='ocrx_word' id='word_1_217' title='bbox 145 1376 236 1406; x_wconf 88' lang='lat' dir='ltr'>solum</span> <span class='ocrx_word' id='word_1_218' title='bbox 257 1376 470 1405; x_wconf 80' lang='lat' dir='ltr'>fundamentum</span> <span class='ocrx_word' id='word_1_219' title='bbox 493 1376 634 1413; x_wconf 84' lang='lat' dir='ltr'>praecedit</span> <span class='ocrx_word' id='word_1_220' title='bbox 665 1376 783 1405; x_wconf 84' lang='lat' dir='ltr'>aedificii</span> <span class='ocrx_word' id='word_1_221' title='bbox 805 1376 989 1413; x_wconf 88' lang='lat' dir='ltr'>complemen-</span> 
     </span>
     <span class='ocr_line' id='line_1_35' title="bbox 146 1423 985 1460; baseline -0.001 -8"><span class='ocrx_word' id='word_1_222' title='bbox 146 1426 221 1458; x_wconf 85' lang='lat' dir='ltr'>tum,</span> <span class='ocrx_word' id='word_1_223' title='bbox 243 1423 289 1452; x_wconf 88' lang='lat' dir='ltr'>sed</span> <span class='ocrx_word' id='word_1_224' title='bbox 313 1423 395 1452; x_wconf 85' lang='lat' dir='ltr'>etiam</span> <span class='ocrx_word' id='word_1_225' title='bbox 419 1423 509 1460; x_wconf 81' lang='lat' dir='ltr'>paries</span> <span class='ocrx_word' id='word_1_226' title='bbox 535 1423 690 1451; x_wconf 82' lang='lat' dir='ltr'>secundum</span> <span class='ocrx_word' id='word_1_227' title='bbox 724 1427 829 1451; x_wconf 84' lang='lat' dir='ltr'>rectum</span> <span class='ocrx_word' id='word_1_228' title='bbox 860 1423 985 1451; x_wconf 82' lang='lat' dir='ltr'>ordinem</span> 
     </span>
     <span class='ocr_line' id='line_1_36' title="bbox 145 1469 987 1506; baseline -0.001 -8"><span class='ocrx_word' id='word_1_229' title='bbox 145 1470 283 1498; x_wconf 86' lang='lat' dir='ltr'>antecedit</span> <span class='ocrx_word' id='word_1_230' title='bbox 305 1469 395 1506; x_wconf 84' lang='lat' dir='ltr'>ipsum</span> <span class='ocrx_word' id='word_1_231' title='bbox 423 1472 540 1498; x_wconf 84' lang='lat' dir='ltr'>tectum:</span> <span class='ocrx_word' id='word_1_232' title='bbox 573 1470 594 1498; x_wconf 83' lang='lat' dir='ltr'>si</span> <span class='ocrx_word' id='word_1_233' title='bbox 627 1477 693 1506; x_wconf 82' lang='lat' dir='ltr'>ergo</span> <span class='ocrx_word' id='word_1_234' title='bbox 726 1469 795 1498; x_wconf 83' lang='lat' dir='ltr'>fides</span> <span class='ocrx_word' id='word_1_235' title='bbox 816 1469 987 1498; x_wconf 73' lang='lat' dir='ltr'>assimilatur</span> 
     </span>
     <span class='ocr_line' id='line_1_37' title="bbox 147 1516 987 1554; baseline -0.001 -9"><span class='ocrx_word' id='word_1_236' title='bbox 147 1516 198 1554; x_wconf 88' lang='lat' dir='ltr'>ipsi</span> <span class='ocrx_word' id='word_1_237' title='bbox 220 1516 402 1546; x_wconf 75' lang='lat' dir='ltr'>fundamento</span> <span class='ocrx_word' id='word_1_238' title='bbox 423 1516 601 1551; x_wconf 76' lang='lat' dir='ltr'>sustentanti,</span> <span class='ocrx_word' id='word_1_239' title='bbox 616 1520 642 1544; x_wconf 91' lang='lat' dir='ltr'>et</span> <span class='ocrx_word' id='word_1_240' title='bbox 664 1524 727 1553; x_wconf 83' lang='lat' dir='ltr'>spes</span> <span class='ocrx_word' id='word_1_241' title='bbox 743 1516 840 1552; x_wconf 84' lang='lat' dir='ltr'>parieti</span> <span class='ocrx_word' id='word_1_242' title='bbox 862 1516 987 1553; x_wconf 79' lang='lat' dir='ltr'>erigenti,</span> 
     </span>
     <span class='ocr_line' id='line_1_38' title="bbox 146 1563 987 1600; baseline -0.002 -7"><span class='ocrx_word' id='word_1_243' title='bbox 146 1568 173 1593; x_wconf 90' lang='lat' dir='ltr'>et</span> <span class='ocrx_word' id='word_1_244' title='bbox 194 1564 296 1593; x_wconf 84' lang='lat' dir='ltr'>caritas</span> <span class='ocrx_word' id='word_1_245' title='bbox 318 1567 389 1592; x_wconf 87' lang='lat' dir='ltr'>tecto</span> <span class='ocrx_word' id='word_1_246' title='bbox 410 1563 613 1591; x_wconf 82' lang='lat' dir='ltr'>consummanti</span> <span class='ocrx_word' id='word_1_247' title='bbox 628 1563 649 1597; x_wconf 55' lang='grc' dir='ltr'>ἣ</span> <span class='ocrx_word' id='word_1_248' title='bbox 680 1563 806 1597; x_wconf 77' lang='lat' dir='ltr'>videtur,</span> <span class='ocrx_word' id='word_1_249' title='bbox 827 1563 901 1600; x_wconf 83' lang='lat' dir='ltr'>qnod</span> <span class='ocrx_word' id='word_1_250' title='bbox 924 1571 987 1600; x_wconf 81' lang='lat' dir='ltr'>spes</span> 
     </span>
     <span class='ocr_line' id='line_1_39' title="bbox 145 1610 576 1648; baseline -0.005 -9"><span class='ocrx_word' id='word_1_251' title='bbox 145 1610 293 1648; x_wconf 69' lang='lat' dir='ltr'>praecedat</span> <span class='ocrx_word' id='word_1_252' title='bbox 315 1610 402 1647; x_wconf 83' lang='lat' dir='ltr'>ipsam</span> <span class='ocrx_word' id='word_1_253' title='bbox 425 1610 576 1638; x_wconf 84' lang='lat' dir='ltr'>caritatem.</span> 
     </span>
    </p>

    <p class='ocr_par' dir='ltr' id='par_1_13' title="bbox 145 1656 988 1879">
     <span class='ocr_line' id='line_1_40' title="bbox 224 1656 988 1694; baseline 0 -9"><span class='ocrx_word' id='word_1_254' title='bbox 224 1656 250 1685; x_wconf 85' lang='lat'>3.</span> <span class='ocrx_word' id='word_1_255' title='bbox 272 1657 354 1691; x_wconf 83' lang='lat' dir='ltr'>Item,</span> <span class='ocrx_word' id='word_1_256' title='bbox 375 1656 529 1685; x_wconf 86' lang='lat' dir='ltr'>secundum</span> <span class='ocrx_word' id='word_1_257' title='bbox 553 1656 707 1685; x_wconf 79' lang='lat' dir='ltr'>naturalem</span> <span class='ocrx_word' id='word_1_258' title='bbox 739 1656 865 1685; x_wconf 86' lang='lat' dir='ltr'>ordinem</span> <span class='ocrx_word' id='word_1_259' title='bbox 890 1657 988 1694; x_wconf 89' lang='lat' dir='ltr'>imper-</span> 
     </span>
     <span class='ocr_line' id='line_1_41' title="bbox 145 1703 986 1740; baseline 0 -8"><span class='ocrx_word' id='word_1_260' title='bbox 145 1703 246 1733; x_wconf 80' lang='lat' dir='ltr'>fectum</span> <span class='ocrx_word' id='word_1_261' title='bbox 275 1703 413 1732; x_wconf 84' lang='lat' dir='ltr'>antecedit</span> <span class='ocrx_word' id='word_1_262' title='bbox 445 1703 615 1740; x_wconf 80' lang='lat' dir='ltr'>perfectum,</span> <span class='ocrx_word' id='word_1_263' title='bbox 648 1711 700 1731; x_wconf 92' lang='lat' dir='ltr'>non</span> <span class='ocrx_word' id='word_1_264' title='bbox 727 1711 741 1732; x_wconf 93' lang='lat' dir='ltr'>e</span> <span class='ocrx_word' id='word_1_265' title='bbox 769 1711 916 1737; x_wconf 85' lang='lat' dir='ltr'>converso;</span> <span class='ocrx_word' id='word_1_266' title='bbox 938 1704 986 1732; x_wconf 85' lang='lat' dir='ltr'>sed</span> 
     </span>
     <span class='ocr_line' id='line_1_42' title="bbox 145 1749 986 1786; baseline -0.001 -7"><span class='ocrx_word' id='word_1_267' title='bbox 145 1750 245 1779; x_wconf 86' lang='lat' dir='ltr'>caritas</span> <span class='ocrx_word' id='word_1_268' title='bbox 267 1749 354 1778; x_wconf 85' lang='lat' dir='ltr'>maior</span> <span class='ocrx_word' id='word_1_269' title='bbox 376 1752 464 1786; x_wconf 78' lang='lat' dir='ltr'>estet</span> <span class='ocrx_word' id='word_1_270' title='bbox 485 1749 633 1786; x_wconf 80' lang='lat' dir='ltr'>perfectior</span> <span class='ocrx_word' id='word_1_271' title='bbox 658 1757 741 1786; x_wconf 86' lang='lat' dir='ltr'>quam</span> <span class='ocrx_word' id='word_1_272' title='bbox 769 1749 838 1778; x_wconf 80' lang='lat' dir='ltr'>fides</span> <span class='ocrx_word' id='word_1_273' title='bbox 858 1753 884 1778; x_wconf 85' lang='lat' dir='ltr'>et</span> <span class='ocrx_word' id='word_1_274' title='bbox 907 1758 986 1786; x_wconf 85' lang='lat' dir='ltr'>spes,</span> 
     </span>
     <span class='ocr_line' id='line_1_43' title="bbox 145 1796 987 1833; baseline -0.001 -8"><span class='ocrx_word' id='word_1_275' title='bbox 145 1796 299 1825; x_wconf 85' lang='lat' dir='ltr'>secundum</span> <span class='ocrx_word' id='word_1_276' title='bbox 322 1796 396 1833; x_wconf 86' lang='lat' dir='ltr'>quod</span> <span class='ocrx_word' id='word_1_277' title='bbox 412 1796 514 1825; x_wconf 90' lang='lat' dir='ltr'>dicitur</span> <span class='ocrx_word' id='word_1_278' title='bbox 536 1796 642 1833; x_wconf 85' lang='lat' dir='ltr'>primae</span> <span class='ocrx_word' id='word_1_279' title='bbox 656 1796 691 1824; x_wconf 90' lang='lat' dir='ltr'>ad</span> <span class='ocrx_word' id='word_1_280' title='bbox 708 1796 864 1824; x_wconf 85' lang='lat' dir='ltr'>Corinthios</span> <span class='ocrx_word' id='word_1_281' title='bbox 879 1796 987 1825; x_wconf 83' lang='lat' dir='ltr'>decimo</span> 
     </span>
     <span class='ocr_line' id='line_1_44' title="bbox 146 1840 986 1879; baseline 0 -9"><span class='ocrx_word' id='word_1_282' title='bbox 146 1842 260 1870; x_wconf 79' lang='lat' dir='ltr'>tertio⁶z</span> <span class='ocrx_word' id='word_1_283' title='bbox 283 1842 379 1870; x_wconf 74' lang='grc' dir='ltr'><em>Μαίων</em></span> <span class='ocrx_word' id='word_1_284' title='bbox 400 1846 497 1870; x_wconf 82' lang='lat' dir='ltr'>autem</span> <span class='ocrx_word' id='word_1_285' title='bbox 520 1840 625 1870; x_wconf 76' lang='lat' dir='ltr'>lteram</span> <span class='ocrx_word' id='word_1_286' title='bbox 646 1846 686 1870; x_wconf 71' lang='lat' dir='ltr'>est</span> <span class='ocrx_word' id='word_1_287' title='bbox 708 1842 839 1870; x_wconf 76' lang='lat' dir='ltr'>caritas:</span> <span class='ocrx_word' id='word_1_288' title='bbox 854 1850 921 1879; x_wconf 85' lang='lat' dir='ltr'>ergo</span> <span class='ocrx_word' id='word_1_289' title='bbox 935 1846 986 1871; x_wconf 88' lang='lat' dir='ltr'>etc.</span> 
     </span>
    </p>

    <p class='ocr_par' dir='ltr' id='par_1_14' title="bbox 222 1889 988 1926">
     <span class='ocr_line' id='line_1_45' title="bbox 222 1889 988 1926; baseline 0.003 -10"><span class='ocrx_word' id='word_1_290' title='bbox 222 1889 249 1917; x_wconf 70' lang='grc' dir='ltr'>[ι.</span> <span class='ocrx_word' id='word_1_291' title='bbox 271 1889 353 1923; x_wconf 88' lang='lat' dir='ltr'>ltem,</span> <span class='ocrx_word' id='word_1_292' title='bbox 374 1889 470 1918; x_wconf 88' lang='lat' dir='ltr'>nullus</span> <span class='ocrx_word' id='word_1_293' title='bbox 492 1892 580 1926; x_wconf 85' lang='lat' dir='ltr'>potest</span> <span class='ocrx_word' id='word_1_294' title='bbox 602 1897 696 1917; x_wconf 86' lang='lat' dir='ltr'>amare</span> <span class='ocrx_word' id='word_1_295' title='bbox 718 1893 832 1926; x_wconf 89' lang='lat' dir='ltr'>propter</span> <span class='ocrx_word' id='word_1_296' title='bbox 847 1897 875 1917; x_wconf 88' lang='lat' dir='ltr'>se</span> <span class='ocrx_word' id='word_1_297' title='bbox 896 1893 923 1918; x_wconf 90' lang='lat' dir='ltr'>et</span> <span class='ocrx_word' id='word_1_298' title='bbox 944 1897 988 1918; x_wconf 89' lang='lat' dir='ltr'>su-</span> 
     </span>
    </p>
   </div>
   <div class='ocr_carea' id='block_1_11' title="bbox 1014 1121 1017 1868">
    <p class='ocr_par' dir='ltr' id='par_1_15' title="bbox 1014 1121 1017 1868">
     <span class='ocr_line' id='line_1_46' title="bbox 1014 1121 1017 1868; baseline 0 0"><span class='ocrx_word' id='word_1_299' title='bbox 1014 1121 1017 1868; x_wconf 95' lang='lat' dir='ltr'> </span> 
     </span>
    </p>
   </div>
   <div class='ocr_carea' id='block_1_12' title="bbox 1044 816 1891 1930">
    <p class='ocr_par' dir='ltr' id='par_1_16' title="bbox 1045 816 1891 994">
     <span class='ocr_line' id='line_1_47' title="bbox 1047 816 1891 855; baseline 0.005 -12"><span class='ocrx_word' id='word_1_300' title='bbox 1047 823 1095 852; x_wconf 86' lang='lat' dir='ltr'>per</span> <span class='ocrx_word' id='word_1_301' title='bbox 1116 816 1208 844; x_wconf 80' lang='lat' dir='ltr'>onmia</span> <span class='ocrx_word' id='word_1_302' title='bbox 1240 816 1357 850; x_wconf 84' lang='lat' dir='ltr'>bonum,</span> <span class='ocrx_word' id='word_1_303' title='bbox 1389 816 1423 845; x_wconf 80' lang='lat' dir='ltr'>ad</span> <span class='ocrx_word' id='word_1_304' title='bbox 1456 817 1530 854; x_wconf 82' lang='lat' dir='ltr'>quod</span> <span class='ocrx_word' id='word_1_305' title='bbox 1562 825 1615 846; x_wconf 90' lang='lat' dir='ltr'>non</span> <span class='ocrx_word' id='word_1_306' title='bbox 1646 822 1739 854; x_wconf 88' lang='lat' dir='ltr'>sperat</span> <span class='ocrx_word' id='word_1_307' title='bbox 1760 826 1789 847; x_wconf 88' lang='lat' dir='ltr'>se</span> <span class='ocrx_word' id='word_1_308' title='bbox 1811 826 1891 855; x_wconf 88' lang='lat' dir='ltr'>posse</span> 
     </span>
     <span class='ocr_line' id='line_1_48' title="bbox 1046 862 1891 902; baseline 0.005 -12"><span class='ocrx_word' id='word_1_309' title='bbox 1046 862 1191 899; x_wconf 86' lang='lat' dir='ltr'>pervenire</span> <span class='ocrx_word' id='word_1_310' title='bbox 1205 863 1228 890; x_wconf 90' lang='lat'>⁷:</span> <span class='ocrx_word' id='word_1_311' title='bbox 1251 863 1273 891; x_wconf 91' lang='lat' dir='ltr'>si</span> <span class='ocrx_word' id='word_1_312' title='bbox 1298 871 1364 899; x_wconf 82' lang='lat' dir='ltr'>ergo</span> <span class='ocrx_word' id='word_1_313' title='bbox 1385 863 1486 892; x_wconf 81' lang='lat' dir='ltr'>caritas</span> <span class='ocrx_word' id='word_1_314' title='bbox 1509 864 1598 899; x_wconf 76' lang='lat' dir='ltr'>diligit</span> <span class='ocrx_word' id='word_1_315' title='bbox 1620 864 1708 893; x_wconf 88' lang='lat' dir='ltr'>Deum</span> <span class='ocrx_word' id='word_1_316' title='bbox 1732 868 1846 902; x_wconf 91' lang='lat' dir='ltr'>propter</span> <span class='ocrx_word' id='word_1_317' title='bbox 1863 873 1891 894; x_wconf 83' lang='lat' dir='ltr'>se</span> 
     </span>
     <span class='ocr_line' id='line_1_49' title="bbox 1045 909 1889 948; baseline 0.004 -11"><span class='ocrx_word' id='word_1_318' title='bbox 1045 911 1072 937; x_wconf 90' lang='lat' dir='ltr'>et</span> <span class='ocrx_word' id='word_1_319' title='bbox 1094 916 1179 946; x_wconf 89' lang='lat' dir='ltr'>super</span> <span class='ocrx_word' id='word_1_320' title='bbox 1199 909 1311 943; x_wconf 89' lang='lat' dir='ltr'>omnia,</span> <span class='ocrx_word' id='word_1_321' title='bbox 1333 913 1412 938; x_wconf 86' lang='lat' dir='ltr'>actus</span> <span class='ocrx_word' id='word_1_322' title='bbox 1445 910 1568 939; x_wconf 86' lang='lat' dir='ltr'>caritatis</span> <span class='ocrx_word' id='word_1_323' title='bbox 1590 911 1769 948; x_wconf 78' lang='lat' dir='ltr'>consequitur</span> <span class='ocrx_word' id='word_1_324' title='bbox 1797 916 1889 941; x_wconf 84' lang='lat' dir='ltr'>actum</span> 
     </span>
     <span class='ocr_line' id='line_1_50' title="bbox 1046 956 1546 994; baseline 0.002 -10"><span class='ocrx_word' id='word_1_325' title='bbox 1046 956 1119 993; x_wconf 89' lang='lat' dir='ltr'>spei:</span> <span class='ocrx_word' id='word_1_326' title='bbox 1141 964 1208 992; x_wconf 82' lang='lat' dir='ltr'>ergo</span> <span class='ocrx_word' id='word_1_327' title='bbox 1228 956 1329 985; x_wconf 84' lang='lat' dir='ltr'>caritas</span> <span class='ocrx_word' id='word_1_328' title='bbox 1350 957 1437 994; x_wconf 89' lang='lat' dir='ltr'>ipsam</span> <span class='ocrx_word' id='word_1_329' title='bbox 1460 965 1546 994; x_wconf 86' lang='lat' dir='ltr'>spem.</span> 
     </span>
    </p>

    <p class='ocr_par' dir='ltr' id='par_1_17' title="bbox 1045 1002 1890 1230">
     <span class='ocr_line' id='line_1_51' title="bbox 1125 1002 1890 1035; baseline 0.007 -5"><span class='ocrx_word' id='word_1_330' title='bbox 1125 1002 1177 1031; x_wconf 80' lang='lat' dir='ltr'>SED</span> <span class='ocrx_word' id='word_1_331' title='bbox 1198 1011 1307 1032; x_wconf 71' lang='grc' dir='ltr'>εοΝτιιΑ</span> <span class='ocrx_word' id='word_1_332' title='bbox 1329 1003 1470 1033; x_wconf 83' lang='lat' dir='ltr'>obiicitur:</span> <span class='ocrx_word' id='word_1_333' title='bbox 1495 1006 1519 1032; x_wconf 84' lang='grc'>1.</span> <span class='ocrx_word' id='word_1_334' title='bbox 1543 1004 1633 1034; x_wconf 79' lang='lat' dir='ltr'>Primo</span> <span class='ocrx_word' id='word_1_335' title='bbox 1654 1006 1817 1035; x_wconf 84' lang='lat' dir='ltr'>auctoritate</span> <span class='ocrx_word' id='word_1_336' title='bbox 1839 1006 1890 1035; x_wconf 83' lang='lat' dir='ltr'>Ma-</span> 
     </span>
     <span class='ocr_line' id='line_1_52' title="bbox 1046 1049 1890 1089; baseline 0.006 -12"><span class='ocrx_word' id='word_1_337' title='bbox 1046 1049 1124 1086; x_wconf 84' lang='lat' dir='ltr'>gistri</span> <span class='ocrx_word' id='word_1_338' title='bbox 1147 1049 1172 1077; x_wconf 93' lang='lat' dir='ltr'>in</span> <span class='ocrx_word' id='word_1_339' title='bbox 1198 1050 1323 1078; x_wconf 67' lang='lat' dir='ltr'>littera⁸t</span> <span class='ocrx_word' id='word_1_340' title='bbox 1349 1051 1444 1088; x_wconf 89' lang='lat' dir='ltr'>«Spes</span> <span class='ocrx_word' id='word_1_341' title='bbox 1465 1055 1507 1080; x_wconf 88' lang='lat' dir='ltr'>est</span> <span class='ocrx_word' id='word_1_342' title='bbox 1528 1054 1604 1080; x_wconf 80' lang='lat' dir='ltr'>certa</span> <span class='ocrx_word' id='word_1_343' title='bbox 1627 1053 1797 1089; x_wconf 86' lang='lat' dir='ltr'>exspectatio</span> <span class='ocrx_word' id='word_1_344' title='bbox 1818 1054 1890 1082; x_wconf 87' lang='lat' dir='ltr'>sutu-</span> 
     </span>
     <span class='ocr_line' id='line_1_53' title="bbox 1047 1096 1890 1136; baseline 0.006 -12"><span class='ocrx_word' id='word_1_345' title='bbox 1047 1104 1093 1125; x_wconf 88' lang='lat' dir='ltr'>rae</span> <span class='ocrx_word' id='word_1_346' title='bbox 1117 1096 1310 1132; x_wconf 87' lang='lat' dir='ltr'>beatitudinis,</span> <span class='ocrx_word' id='word_1_347' title='bbox 1332 1097 1446 1126; x_wconf 84' lang='lat' dir='ltr'>veniens</span> <span class='ocrx_word' id='word_1_348' title='bbox 1466 1106 1502 1126; x_wconf 87' lang='lat' dir='ltr'>ex</span> <span class='ocrx_word' id='word_1_349' title='bbox 1532 1099 1638 1127; x_wconf 89' lang='lat' dir='ltr'>meritis</span> <span class='ocrx_word' id='word_1_350' title='bbox 1660 1100 1890 1136; x_wconf 82' lang='lat' dir='ltr'>praecedentibus</span> 
     </span>
     <span class='ocr_line' id='line_1_54' title="bbox 1048 1142 1890 1183; baseline 0.006 -13"><span class='ocrx_word' id='word_1_351' title='bbox 1048 1142 1135 1179; x_wconf 86' lang='lat' dir='ltr'>ipsam</span> <span class='ocrx_word' id='word_1_352' title='bbox 1157 1150 1251 1180; x_wconf 83' lang='lat' dir='ltr'>spem.</span> <span class='ocrx_word' id='word_1_353' title='bbox 1267 1151 1350 1181; x_wconf 84' lang='lat' dir='ltr'>quam</span> <span class='ocrx_word' id='word_1_354' title='bbox 1373 1147 1473 1173; x_wconf 86' lang='lat' dir='ltr'>natura</span> <span class='ocrx_word' id='word_1_355' title='bbox 1494 1145 1583 1182; x_wconf 87' lang='lat' dir='ltr'>praeit</span> <span class='ocrx_word' id='word_1_356' title='bbox 1604 1146 1705 1174; x_wconf 80' lang='lat' dir='ltr'>caritas</span> <span class='ocrx_word' id='word_1_357' title='bbox 1715 1156 1741 1174; x_wconf 76' lang='grc' dir='ltr'>»ε</span> <span class='ocrx_word' id='word_1_358' title='bbox 1763 1154 1830 1183; x_wconf 81' lang='lat' dir='ltr'>ergo</span> <span class='ocrx_word' id='word_1_359' title='bbox 1851 1154 1890 1175; x_wconf 74' lang='lat' dir='ltr'>se-</span> 
     </span>
     <span class='ocr_line' id='line_1_55' title="bbox 1045 1189 1868 1230; baseline 0.006 -13"><span class='ocrx_word' id='word_1_360' title='bbox 1045 1189 1168 1218; x_wconf 88' lang='lat' dir='ltr'>cundnm</span> <span class='ocrx_word' id='word_1_361' title='bbox 1192 1190 1346 1219; x_wconf 81' lang='lat' dir='ltr'>naturalem</span> <span class='ocrx_word' id='word_1_362' title='bbox 1368 1191 1494 1220; x_wconf 89' lang='lat' dir='ltr'>ordinem</span> <span class='ocrx_word' id='word_1_363' title='bbox 1517 1193 1618 1221; x_wconf 87' lang='lat' dir='ltr'>caritas</span> <span class='ocrx_word' id='word_1_364' title='bbox 1636 1196 1678 1221; x_wconf 88' lang='lat' dir='ltr'>est</span> <span class='ocrx_word' id='word_1_365' title='bbox 1698 1197 1760 1222; x_wconf 86' lang='lat' dir='ltr'>ante</span> <span class='ocrx_word' id='word_1_366' title='bbox 1782 1201 1868 1230; x_wconf 89' lang='lat' dir='ltr'>spem.</span> 
     </span>
    </p>

    <p class='ocr_par' dir='ltr' id='par_1_18' title="bbox 1044 1236 1890 1509">
     <span class='ocr_line' id='line_1_56' title="bbox 1125 1236 1890 1276; baseline 0.005 -12"><span class='ocrx_word' id='word_1_367' title='bbox 1125 1238 1150 1264; x_wconf 60' lang='grc' dir='ltr'>ι).</span> <span class='ocrx_word' id='word_1_368' title='bbox 1174 1236 1255 1271; x_wconf 87' lang='lat' dir='ltr'>ltem,</span> <span class='ocrx_word' id='word_1_369' title='bbox 1277 1237 1446 1274; x_wconf 79' lang='lat' dir='ltr'>Augustinus</span> <span class='ocrx_word' id='word_1_370' title='bbox 1468 1238 1494 1266; x_wconf 93' lang='lat' dir='ltr'>in</span> <span class='ocrx_word' id='word_1_371' title='bbox 1517 1238 1624 1267; x_wconf 87' lang='lat' dir='ltr'>decimo</span> <span class='ocrx_word' id='word_1_372' title='bbox 1645 1243 1745 1276; x_wconf 87' lang='lat' dir='ltr'>quarto</span> <span class='ocrx_word' id='word_1_373' title='bbox 1766 1240 1800 1268; x_wconf 91' lang='lat' dir='ltr'>de</span> <span class='ocrx_word' id='word_1_374' title='bbox 1822 1240 1890 1268; x_wconf 78' lang='lat' dir='ltr'>Civi-</span> 
     </span>
     <span class='ocr_line' id='line_1_57' title="bbox 1045 1283 1888 1321; baseline 0.005 -10"><span class='ocrx_word' id='word_1_375' title='bbox 1045 1286 1099 1311; x_wconf 88' lang='lat' dir='ltr'>tate</span> <span class='ocrx_word' id='word_1_376' title='bbox 1115 1283 1182 1312; x_wconf 81' lang='lat' dir='ltr'>Dei⁹</span> <span class='ocrx_word' id='word_1_377' title='bbox 1198 1283 1278 1318; x_wconf 82' lang='lat' dir='ltr'>dicit,</span> <span class='ocrx_word' id='word_1_378' title='bbox 1301 1284 1374 1321; x_wconf 87' lang='lat' dir='ltr'>quod</span> <span class='ocrx_word' id='word_1_379' title='bbox 1390 1285 1480 1313; x_wconf 90' lang='lat' dir='ltr'>omnis</span> <span class='ocrx_word' id='word_1_380' title='bbox 1494 1285 1602 1314; x_wconf 78' lang='lat' dir='ltr'>affectio</span> <span class='ocrx_word' id='word_1_381' title='bbox 1623 1286 1713 1314; x_wconf 90' lang='lat' dir='ltr'>oritur</span> <span class='ocrx_word' id='word_1_382' title='bbox 1734 1294 1770 1315; x_wconf 82' lang='lat' dir='ltr'>ex</span> <span class='ocrx_word' id='word_1_383' title='bbox 1785 1295 1888 1316; x_wconf 85' lang='lat' dir='ltr'>amore.</span> 
     </span>
     <span class='ocr_line' id='line_1_58' title="bbox 1044 1330 1889 1371; baseline 0.006 -13"><span class='ocrx_word' id='word_1_384' title='bbox 1044 1337 1110 1366; x_wconf 82' lang='lat' dir='ltr'>ergo</span> <span class='ocrx_word' id='word_1_385' title='bbox 1131 1330 1221 1359; x_wconf 89' lang='lat' dir='ltr'>omnis</span> <span class='ocrx_word' id='word_1_386' title='bbox 1242 1330 1349 1360; x_wconf 79' lang='lat' dir='ltr'>affectio</span> <span class='ocrx_word' id='word_1_387' title='bbox 1371 1335 1445 1360; x_wconf 88' lang='lat' dir='ltr'>recta</span> <span class='ocrx_word' id='word_1_388' title='bbox 1469 1339 1505 1361; x_wconf 81' lang='lat' dir='ltr'>ex</span> <span class='ocrx_word' id='word_1_389' title='bbox 1520 1340 1615 1361; x_wconf 85' lang='lat' dir='ltr'>amore</span> <span class='ocrx_word' id='word_1_390' title='bbox 1631 1337 1720 1362; x_wconf 83' lang='lat' dir='ltr'>recto:</span> <span class='ocrx_word' id='word_1_391' title='bbox 1737 1341 1800 1363; x_wconf 90' lang='lat' dir='ltr'>cum</span> <span class='ocrx_word' id='word_1_392' title='bbox 1822 1342 1889 1371; x_wconf 83' lang='lat' dir='ltr'>ergo</span> 
     </span>
     <span class='ocr_line' id='line_1_59' title="bbox 1045 1377 1888 1414; baseline 0.006 -10"><span class='ocrx_word' id='word_1_393' title='bbox 1045 1377 1146 1405; x_wconf 79' lang='lat' dir='ltr'>caritas</span> <span class='ocrx_word' id='word_1_394' title='bbox 1168 1377 1269 1413; x_wconf 79' lang='lat' dir='ltr'>dirigat</span> <span class='ocrx_word' id='word_1_395' title='bbox 1292 1378 1381 1414; x_wconf 87' lang='lat' dir='ltr'>ipsmn</span> <span class='ocrx_word' id='word_1_396' title='bbox 1405 1387 1530 1407; x_wconf 81' lang='lat' dir='ltr'>amorem</span> <span class='ocrx_word' id='word_1_397' title='bbox 1549 1380 1710 1413; x_wconf 68' lang='lat' dir='ltr'>voluntatis,</span> <span class='ocrx_word' id='word_1_398' title='bbox 1733 1380 1822 1409; x_wconf 80' lang='lat' dir='ltr'>virtus</span> <span class='ocrx_word' id='word_1_399' title='bbox 1843 1390 1888 1409; x_wconf 91' lang='lat' dir='ltr'>au-</span> 
     </span>
     <span class='ocr_line' id='line_1_60' title="bbox 1046 1424 1887 1462; baseline 0.007 -12"><span class='ocrx_word' id='word_1_400' title='bbox 1046 1427 1099 1451; x_wconf 88' lang='lat' dir='ltr'>tem</span> <span class='ocrx_word' id='word_1_401' title='bbox 1123 1424 1179 1460; x_wconf 84' lang='lat' dir='ltr'>spei</span> <span class='ocrx_word' id='word_1_402' title='bbox 1212 1424 1313 1460; x_wconf 81' lang='lat' dir='ltr'>dirigat</span> <span class='ocrx_word' id='word_1_403' title='bbox 1345 1433 1429 1453; x_wconf 89' lang='lat' dir='ltr'>unam</span> <span class='ocrx_word' id='word_1_404' title='bbox 1462 1426 1496 1454; x_wconf 83' lang='lat' dir='ltr'>de</span> <span class='ocrx_word' id='word_1_405' title='bbox 1529 1430 1650 1462; x_wconf 80' lang='lat' dir='ltr'>quatuor</span> <span class='ocrx_word' id='word_1_406' title='bbox 1681 1427 1887 1462; x_wconf 71' lang='lat' dir='ltr'>att&#39;ectionihus3</span> 
     </span>
     <span class='ocr_line' id='line_1_61' title="bbox 1047 1469 1691 1509; baseline 0.006 -12"><span class='ocrx_word' id='word_1_407' title='bbox 1047 1469 1171 1501; x_wconf 75' lang='lat' dir='ltr'>vide-tur,</span> <span class='ocrx_word' id='word_1_408' title='bbox 1194 1471 1269 1507; x_wconf 86' lang='lat' dir='ltr'>quod</span> <span class='ocrx_word' id='word_1_409' title='bbox 1284 1479 1347 1508; x_wconf 81' lang='lat' dir='ltr'>spes</span> <span class='ocrx_word' id='word_1_410' title='bbox 1362 1472 1396 1500; x_wconf 90' lang='lat' dir='ltr'>sit</span> <span class='ocrx_word' id='word_1_411' title='bbox 1412 1473 1548 1509; x_wconf 87' lang='lat' dir='ltr'>posterior</span> <span class='ocrx_word' id='word_1_412' title='bbox 1569 1473 1691 1501; x_wconf 79' lang='lat' dir='ltr'>caritate.</span> 
     </span>
    </p>

    <p class='ocr_par' dir='ltr' id='par_1_19' title="bbox 1044 1516 1888 1744">
     <span class='ocr_line' id='line_1_62' title="bbox 1124 1516 1886 1558; baseline 0.007 -14"><span class='ocrx_word' id='word_1_413' title='bbox 1124 1516 1149 1545; x_wconf 85' lang='lat'>3.</span> <span class='ocrx_word' id='word_1_414' title='bbox 1174 1517 1253 1549; x_wconf 78' lang='lat' dir='ltr'>item,</span> <span class='ocrx_word' id='word_1_415' title='bbox 1277 1518 1371 1547; x_wconf 89' lang='lat' dir='ltr'>nullus</span> <span class='ocrx_word' id='word_1_416' title='bbox 1393 1522 1487 1555; x_wconf 75' lang='lat' dir='ltr'>sperat</span> <span class='ocrx_word' id='word_1_417' title='bbox 1509 1519 1559 1548; x_wconf 92' lang='lat' dir='ltr'>nisi</span> <span class='ocrx_word' id='word_1_418' title='bbox 1581 1520 1654 1556; x_wconf 86' lang='lat' dir='ltr'>quod</span> <span class='ocrx_word' id='word_1_419' title='bbox 1672 1524 1745 1548; x_wconf 88' lang='lat' dir='ltr'>amat</span> <span class='ocrx_word' id='word_1_420' title='bbox 1760 1537 1798 1541; x_wconf 89' lang='lat'>-—</span> <span class='ocrx_word' id='word_1_421' title='bbox 1812 1521 1886 1558; x_wconf 85' lang='lat' dir='ltr'>quod</span> 
     </span>
     <span class='ocr_line' id='line_1_63' title="bbox 1044 1563 1887 1604; baseline 0.006 -13"><span class='ocrx_word' id='word_1_422' title='bbox 1044 1563 1118 1591; x_wconf 88' lang='lat' dir='ltr'>enim</span> <span class='ocrx_word' id='word_1_423' title='bbox 1141 1572 1194 1592; x_wconf 88' lang='lat' dir='ltr'>non</span> <span class='ocrx_word' id='word_1_424' title='bbox 1216 1564 1293 1601; x_wconf 88' lang='lat' dir='ltr'>cupit</span> <span class='ocrx_word' id='word_1_425' title='bbox 1313 1565 1414 1602; x_wconf 77' lang='lat' dir='ltr'>aliquis</span> <span class='ocrx_word' id='word_1_426' title='bbox 1443 1566 1520 1594; x_wconf 92' lang='lat' dir='ltr'>nullo</span> <span class='ocrx_word' id='word_1_427' title='bbox 1542 1567 1624 1594; x_wconf 91' lang='lat' dir='ltr'>modo</span> <span class='ocrx_word' id='word_1_428' title='bbox 1649 1570 1742 1603; x_wconf 81' lang='lat' dir='ltr'>sperat</span> <span class='ocrx_word' id='word_1_429' title='bbox 1763 1584 1800 1587; x_wconf 89' lang='lat'>—</span> <span class='ocrx_word' id='word_1_430' title='bbox 1822 1575 1887 1604; x_wconf 77' lang='lat' dir='ltr'>ergo</span> 
     </span>
     <span class='ocr_line' id='line_1_64' title="bbox 1044 1610 1888 1650; baseline 0.006 -12"><span class='ocrx_word' id='word_1_431' title='bbox 1044 1610 1182 1638; x_wconf 73' lang='lat' dir='ltr'>rectitudo</span> <span class='ocrx_word' id='word_1_432' title='bbox 1203 1612 1306 1639; x_wconf 84' lang='lat' dir='ltr'>amoris</span> <span class='ocrx_word' id='word_1_433' title='bbox 1329 1612 1468 1648; x_wconf 87' lang='lat' dir='ltr'>praecedit</span> <span class='ocrx_word' id='word_1_434' title='bbox 1492 1613 1685 1642; x_wconf 87' lang='lat' dir='ltr'>rectitudinem</span> <span class='ocrx_word' id='word_1_435' title='bbox 1708 1615 1888 1650; x_wconf 73' lang='lat' dir='ltr'>exspectatio-</span> 
     </span>
     <span class='ocr_line' id='line_1_65' title="bbox 1045 1656 1888 1696; baseline 0.006 -12"><span class='ocrx_word' id='word_1_436' title='bbox 1045 1656 1102 1690; x_wconf 71' lang='lat' dir='ltr'>nis:</span> <span class='ocrx_word' id='word_1_437' title='bbox 1125 1657 1172 1685; x_wconf 86' lang='lat' dir='ltr'>sed</span> <span class='ocrx_word' id='word_1_438' title='bbox 1196 1658 1297 1686; x_wconf 74' lang='lat' dir='ltr'>caritas</span> <span class='ocrx_word' id='word_1_439' title='bbox 1318 1658 1412 1694; x_wconf 74' lang='lat' dir='ltr'>dirigit</span> <span class='ocrx_word' id='word_1_440' title='bbox 1429 1659 1453 1687; x_wconf 88' lang='lat' dir='ltr'>in</span> <span class='ocrx_word' id='word_1_441' title='bbox 1470 1660 1604 1694; x_wconf 82' lang='lat' dir='ltr'>amando,</span> <span class='ocrx_word' id='word_1_442' title='bbox 1625 1667 1688 1696; x_wconf 88' lang='lat' dir='ltr'>spes</span> <span class='ocrx_word' id='word_1_443' title='bbox 1709 1664 1802 1688; x_wconf 89' lang='lat' dir='ltr'>autem</span> <span class='ocrx_word' id='word_1_444' title='bbox 1825 1661 1888 1689; x_wconf 88' lang='lat' dir='ltr'>diri-</span> 
     </span>
     <span class='ocr_line' id='line_1_66' title="bbox 1044 1703 1789 1744; baseline 0.007 -14"><span class='ocrx_word' id='word_1_445' title='bbox 1044 1703 1082 1739; x_wconf 70' lang='lat' dir='ltr'>git</span> <span class='ocrx_word' id='word_1_446' title='bbox 1105 1703 1130 1730; x_wconf 87' lang='lat' dir='ltr'>in</span> <span class='ocrx_word' id='word_1_447' title='bbox 1153 1704 1355 1740; x_wconf 81' lang='lat' dir='ltr'>exspectando:</span> <span class='ocrx_word' id='word_1_448' title='bbox 1379 1713 1445 1741; x_wconf 88' lang='lat' dir='ltr'>ergo</span> <span class='ocrx_word' id='word_1_449' title='bbox 1467 1705 1597 1734; x_wconf 84' lang='lat' dir='ltr'>caritas¹¹</span> <span class='ocrx_word' id='word_1_450' title='bbox 1618 1709 1681 1735; x_wconf 82' lang='lat' dir='ltr'>ante</span> <span class='ocrx_word' id='word_1_451' title='bbox 1703 1714 1789 1744; x_wconf 86' lang='lat' dir='ltr'>spem.</span> 
     </span>
    </p>

    <p class='ocr_par' dir='ltr' id='par_1_20' title="bbox 1044 1750 1887 1930">
     <span class='ocr_line' id='line_1_67' title="bbox 1122 1750 1886 1790; baseline 0.005 -12"><span class='ocrx_word' id='word_1_452' title='bbox 1122 1750 1148 1778; x_wconf 76' lang='grc' dir='ltr'>Ιι.</span> <span class='ocrx_word' id='word_1_453' title='bbox 1164 1750 1243 1780; x_wconf 83' lang='lat' dir='ltr'>[tem.</span> <span class='ocrx_word' id='word_1_454' title='bbox 1260 1751 1341 1780; x_wconf 82' lang='lat' dir='ltr'>timor</span> <span class='ocrx_word' id='word_1_455' title='bbox 1353 1755 1379 1779; x_wconf 91' lang='lat' dir='ltr'>et</span> <span class='ocrx_word' id='word_1_456' title='bbox 1394 1759 1457 1788; x_wconf 89' lang='lat' dir='ltr'>spes</span> <span class='ocrx_word' id='word_1_457' title='bbox 1469 1755 1533 1780; x_wconf 85' lang='lat' dir='ltr'>sunt</span> <span class='ocrx_word' id='word_1_458' title='bbox 1549 1752 1621 1781; x_wconf 86' lang='lat' dir='ltr'>duae</span> <span class='ocrx_word' id='word_1_459' title='bbox 1636 1753 1793 1782; x_wconf 76' lang='lat' dir='ltr'>affectiones</span> <span class='ocrx_word' id='word_1_460' title='bbox 1807 1754 1886 1790; x_wconf 86' lang='lat' dir='ltr'>quasi</span> 
     </span>
     <span class='ocr_line' id='line_1_68' title="bbox 1044 1796 1885 1834; baseline 0.006 -10"><span class='ocrx_word' id='word_1_461' title='bbox 1044 1796 1127 1825; x_wconf 91' lang='lat' dir='ltr'>simul</span> <span class='ocrx_word' id='word_1_462' title='bbox 1155 1801 1300 1826; x_wconf 82' lang='lat' dir='ltr'>currentes</span> <span class='ocrx_word' id='word_1_463' title='bbox 1331 1815 1369 1818; x_wconf 92' lang='lat'>—</span> <span class='ocrx_word' id='word_1_464' title='bbox 1390 1799 1465 1827; x_wconf 90' lang='lat' dir='ltr'>unde</span> <span class='ocrx_word' id='word_1_465' title='bbox 1491 1799 1516 1827; x_wconf 93' lang='lat' dir='ltr'>in</span> <span class='ocrx_word' id='word_1_466' title='bbox 1549 1799 1658 1834; x_wconf 87' lang='lat' dir='ltr'>Glossa‚</span> <span class='ocrx_word' id='word_1_467' title='bbox 1681 1800 1885 1829; x_wconf 90' lang='lat' dir='ltr'>Deuteronomii</span> 
     </span>
     <span class='ocr_line' id='line_1_69' title="bbox 1044 1843 1886 1880; baseline 0.005 -9"><span class='ocrx_word' id='word_1_468' title='bbox 1044 1843 1178 1880; x_wconf 85' lang='lat' dir='ltr'>vigesimo</span> <span class='ocrx_word' id='word_1_469' title='bbox 1209 1844 1354 1880; x_wconf 62' lang='lat' dir='ltr'>quartoss.</span> <span class='ocrx_word' id='word_1_470' title='bbox 1387 1845 1520 1874; x_wconf 88' lang='lat' dir='ltr'>dicuntur</span> <span class='ocrx_word' id='word_1_471' title='bbox 1542 1853 1602 1874; x_wconf 88' lang='lat' dir='ltr'>esse</span> <span class='ocrx_word' id='word_1_472' title='bbox 1630 1846 1727 1875; x_wconf 75' lang='lat' dir='ltr'>«thiae</span> <span class='ocrx_word' id='word_1_473' title='bbox 1759 1847 1848 1875; x_wconf 87' lang='lat' dir='ltr'>molae</span> <span class='ocrx_word' id='word_1_474' title='bbox 1860 1859 1886 1880; x_wconf 74' lang='grc' dir='ltr'>»ς</span> 
     </span>
     <span class='ocr_line' id='line_1_70' title="bbox 1044 1890 1887 1930; baseline 0.006 -13"><span class='ocrx_word' id='word_1_475' title='bbox 1044 1890 1091 1918; x_wconf 87' lang='lat' dir='ltr'>sed</span> <span class='ocrx_word' id='word_1_476' title='bbox 1114 1890 1204 1918; x_wconf 86' lang='lat' dir='ltr'>omnis</span> <span class='ocrx_word' id='word_1_477' title='bbox 1226 1890 1308 1918; x_wconf 90' lang='lat' dir='ltr'>timor</span> <span class='ocrx_word' id='word_1_478' title='bbox 1330 1891 1455 1928; x_wconf 79' lang='lat' dir='ltr'>procedit</span> <span class='ocrx_word' id='word_1_479' title='bbox 1470 1900 1505 1920; x_wconf 82' lang='lat' dir='ltr'>ex</span> <span class='ocrx_word' id='word_1_480' title='bbox 1525 1900 1633 1921; x_wconf 89' lang='lat' dir='ltr'>amore:</span> <span class='ocrx_word' id='word_1_481' title='bbox 1656 1901 1723 1930; x_wconf 78' lang='lat' dir='ltr'>ergo</span> <span class='ocrx_word' id='word_1_482' title='bbox 1750 1897 1776 1922; x_wconf 90' lang='lat' dir='ltr'>et</span> <span class='ocrx_word' id='word_1_483' title='bbox 1798 1894 1887 1922; x_wconf 89' lang='lat' dir='ltr'>omnis</span> 
     </span>
    </p>
   </div>
   <div class='ocr_carea' id='block_1_13' title="bbox 760 1989 1276 1993">
    <p class='ocr_par' dir='ltr' id='par_1_21' title="bbox 760 1989 1276 1993">
     <span class='ocr_line' id='line_1_71' title="bbox 760 1989 1276 1993; baseline 0 0"><span class='ocrx_word' id='word_1_484' title='bbox 760 1989 1276 1993; x_wconf 95' lang='lat' dir='ltr'> </span> 
     </span>
    </p>
   </div>
   <div class='ocr_carea' id='block_1_14' title="bbox 144 2033 986 2990">
    <p class='ocr_par' dir='ltr' id='par_1_22' title="bbox 144 2033 986 2174">
     <span class='ocr_line' id='line_1_72' title="bbox 208 2033 986 2063; baseline 0.001 -7"><span class='ocrx_word' id='word_1_485' title='bbox 208 2033 213 2048; x_wconf 84' lang='lat'><em>¹</em></span> <span class='ocrx_word' id='word_1_486' title='bbox 233 2034 297 2056; x_wconf 84' lang='lat' dir='ltr'>Deut.</span> <span class='ocrx_word' id='word_1_487' title='bbox 316 2034 355 2061; x_wconf 74' lang='lat'>32,</span> <span class='ocrx_word' id='word_1_488' title='bbox 374 2034 410 2056; x_wconf 72' lang='lat'>27.</span> <span class='ocrx_word' id='word_1_489' title='bbox 429 2047 458 2050; x_wconf 92' lang='lat'>-—</span> <span class='ocrx_word' id='word_1_490' title='bbox 475 2035 527 2063; x_wconf 78' lang='lat' dir='ltr'>Seq.</span> <span class='ocrx_word' id='word_1_491' title='bbox 546 2035 699 2057; x_wconf 86' lang='lat' dir='ltr'>testimonium</span> <span class='ocrx_word' id='word_1_492' title='bbox 725 2038 759 2056; x_wconf 79' lang='lat' dir='ltr'>est</span> <span class='ocrx_word' id='word_1_493' title='bbox 779 2034 833 2057; x_wconf 81' lang='lat' dir='ltr'>ibid.</span> <span class='ocrx_word' id='word_1_494' title='bbox 859 2036 883 2063; x_wconf 73' lang='lat'>9,</span> <span class='ocrx_word' id='word_1_495' title='bbox 903 2035 928 2063; x_wconf 69' lang='lat'>4,</span> <span class='ocrx_word' id='word_1_496' title='bbox 948 2035 986 2058; x_wconf 87' lang='lat' dir='ltr'>ubi</span> 
     </span>
     <span class='ocr_line' id='line_1_73' title="bbox 145 2072 986 2101; baseline 0.002 -6"><span class='ocrx_word' id='word_1_497' title='bbox 145 2073 242 2101; x_wconf 80' lang='lat' dir='ltr'>Vulgata</span> <span class='ocrx_word' id='word_1_498' title='bbox 260 2075 311 2100; x_wconf 75' lang='lat' dir='ltr'>post</span> <span class='ocrx_word' id='word_1_499' title='bbox 337 2072 370 2095; x_wconf 80' lang='lat' dir='ltr'>Ne</span> <span class='ocrx_word' id='word_1_500' title='bbox 393 2072 458 2096; x_wconf 77' lang='lat' dir='ltr'>dicas</span> <span class='ocrx_word' id='word_1_501' title='bbox 474 2072 499 2095; x_wconf 80' lang='lat' dir='ltr'>in</span> <span class='ocrx_word' id='word_1_502' title='bbox 516 2072 586 2096; x_wconf 81' lang='lat' dir='ltr'>corde</span> <span class='ocrx_word' id='word_1_503' title='bbox 603 2074 642 2095; x_wconf 78' lang='lat' dir='ltr'>tao</span> <span class='ocrx_word' id='word_1_504' title='bbox 672 2073 735 2095; x_wconf 86' lang='lat' dir='ltr'>addit</span> <span class='ocrx_word' id='word_1_505' title='bbox 752 2079 806 2097; x_wconf 82' lang='lat' dir='ltr'>cum</span> <span class='ocrx_word' id='word_1_506' title='bbox 823 2073 931 2097; x_wconf 62' lang='lat' dir='ltr'>demvm-it</span> <span class='ocrx_word' id='word_1_507' title='bbox 948 2080 986 2097; x_wconf 73' lang='lat' dir='ltr'>eos</span> 
     </span>
     <span class='ocr_line' id='line_1_74' title="bbox 144 2111 986 2142; baseline 0.002 -8"><span class='ocrx_word' id='word_1_508' title='bbox 144 2111 260 2135; x_wconf 80' lang='lat' dir='ltr'>Dominus</span> <span class='ocrx_word' id='word_1_509' title='bbox 277 2111 340 2134; x_wconf 80' lang='lat' dir='ltr'>Deus</span> <span class='ocrx_word' id='word_1_510' title='bbox 364 2112 420 2134; x_wconf 76' lang='lat' dir='ltr'>tuus</span> <span class='ocrx_word' id='word_1_511' title='bbox 443 2111 466 2134; x_wconf 76' lang='lat' dir='ltr'>in</span> <span class='ocrx_word' id='word_1_512' title='bbox 484 2113 606 2141; x_wconf 78' lang='lat' dir='ltr'>conspectu</span> <span class='ocrx_word' id='word_1_513' title='bbox 625 2113 672 2135; x_wconf 83' lang='lat' dir='ltr'>tuo.</span> <span class='ocrx_word' id='word_1_514' title='bbox 692 2124 721 2127; x_wconf 90' lang='lat'>—-</span> <span class='ocrx_word' id='word_1_515' title='bbox 739 2112 787 2134; x_wconf 82' lang='lat' dir='ltr'>ltlox</span> <span class='ocrx_word' id='word_1_516' title='bbox 806 2119 848 2140; x_wconf 88' lang='lat' dir='ltr'>pro</span> <span class='ocrx_word' id='word_1_517' title='bbox 866 2112 986 2142; x_wconf 69' lang='lat' dir='ltr'>restwemlo</span> 
     </span>
     <span class='ocr_line' id='line_1_75' title="bbox 144 2149 448 2174; baseline 0 -1"><span class='ocrx_word' id='word_1_518' title='bbox 144 2150 211 2174; x_wconf 90' lang='lat' dir='ltr'>codd.</span> <span class='ocrx_word' id='word_1_519' title='bbox 230 2152 275 2173; x_wconf 58' lang='lat' dir='ltr'>Ali</span> <span class='ocrx_word' id='word_1_520' title='bbox 293 2149 448 2174; x_wconf 80' lang='lat' dir='ltr'>attribuendo.</span> 
     </span>
    </p>

    <p class='ocr_par' dir='ltr' id='par_1_23' title="bbox 144 2188 985 2483">
     <span class='ocr_line' id='line_1_76' title="bbox 206 2188 985 2218; baseline 0.001 -7"><span class='ocrx_word' id='word_1_521' title='bbox 206 2188 216 2204; x_wconf 76' lang='lat'><strong>²</strong></span> <span class='ocrx_word' id='word_1_522' title='bbox 233 2189 297 2211; x_wconf 86' lang='lat' dir='ltr'>Vers.</span> <span class='ocrx_word' id='word_1_523' title='bbox 319 2190 352 2211; x_wconf 86' lang='lat' dir='ltr'>lO.</span> <span class='ocrx_word' id='word_1_524' title='bbox 369 2190 386 2210; x_wconf 84' lang='grc' dir='ltr'>Α</span> <span class='ocrx_word' id='word_1_525' title='bbox 404 2195 428 2211; x_wconf 89' lang='lat' dir='ltr'>re</span> <span class='ocrx_word' id='word_1_526' title='bbox 446 2194 490 2211; x_wconf 89' lang='lat' dir='ltr'>non</span> <span class='ocrx_word' id='word_1_527' title='bbox 508 2189 607 2211; x_wconf 86' lang='lat' dir='ltr'>alienum</span> <span class='ocrx_word' id='word_1_528' title='bbox 625 2189 691 2212; x_wconf 88' lang='lat' dir='ltr'>nobis</span> <span class='ocrx_word' id='word_1_529' title='bbox 708 2190 806 2218; x_wconf 62' lang='lat' dir='ltr'>ridetur,</span> <span class='ocrx_word' id='word_1_530' title='bbox 824 2197 850 2212; x_wconf 77' lang='lat' dir='ltr'>ex</span> <span class='ocrx_word' id='word_1_531' title='bbox 876 2190 985 2212; x_wconf 57' lang='lat' dir='ltr'>Bia-nardi</span> 
     </span>
     <span class='ocr_line' id='line_1_77' title="bbox 144 2227 984 2257; baseline 0.002 -8"><span class='ocrx_word' id='word_1_532' title='bbox 144 2228 217 2250; x_wconf 86' lang='lat' dir='ltr'>Serm.</span> <span class='ocrx_word' id='word_1_533' title='bbox 235 2228 271 2250; x_wconf 81' lang='lat'>68.</span> <span class='ocrx_word' id='word_1_534' title='bbox 295 2228 316 2249; x_wconf 94' lang='lat' dir='ltr'>in</span> <span class='ocrx_word' id='word_1_535' title='bbox 342 2227 426 2250; x_wconf 84' lang='lat' dir='ltr'>Cantic.</span> <span class='ocrx_word' id='word_1_536' title='bbox 453 2234 473 2250; x_wconf 76' lang='lat' dir='ltr'>n,</span> <span class='ocrx_word' id='word_1_537' title='bbox 491 2229 512 2250; x_wconf 83' lang='lat'>6.</span> <span class='ocrx_word' id='word_1_538' title='bbox 534 2234 581 2257; x_wconf 80' lang='lat' dir='ltr'>seq.</span> <span class='ocrx_word' id='word_1_539' title='bbox 606 2229 687 2251; x_wconf 76' lang='lat' dir='ltr'>atim-re</span> <span class='ocrx_word' id='word_1_540' title='bbox 714 2230 782 2251; x_wconf 82' lang='lat' dir='ltr'>haec:</span> <span class='ocrx_word' id='word_1_541' title='bbox 800 2230 897 2257; x_wconf 79' lang='lat' dir='ltr'>Sufficit,</span> <span class='ocrx_word' id='word_1_542' title='bbox 916 2230 946 2252; x_wconf 88' lang='lat' dir='ltr'>ait</span> <span class='ocrx_word' id='word_1_543' title='bbox 963 2230 984 2251; x_wconf 63' lang='lat' dir='ltr'>S⁴</span> 
     </span>
     <span class='ocr_line' id='line_1_78' title="bbox 145 2267 985 2296; baseline 0.001 -7"><span class='ocrx_word' id='word_1_544' title='bbox 145 2267 239 2294; x_wconf 85' lang='lat' dir='ltr'>Doctor,</span> <span class='ocrx_word' id='word_1_545' title='bbox 258 2267 286 2289; x_wconf 84' lang='lat' dir='ltr'>ad</span> <span class='ocrx_word' id='word_1_546' title='bbox 305 2268 411 2289; x_wconf 81' lang='lat' dir='ltr'>meritum</span> <span class='ocrx_word' id='word_1_547' title='bbox 429 2268 499 2294; x_wconf 76' lang='lat' dir='ltr'>sciro,</span> <span class='ocrx_word' id='word_1_548' title='bbox 517 2267 580 2296; x_wconf 80' lang='lat' dir='ltr'>quod</span> <span class='ocrx_word' id='word_1_549' title='bbox 598 2273 641 2289; x_wconf 87' lang='lat' dir='ltr'>non</span> <span class='ocrx_word' id='word_1_550' title='bbox 664 2269 777 2290; x_wconf 85' lang='lat' dir='ltr'>sulliciant</span> <span class='ocrx_word' id='word_1_551' title='bbox 793 2269 881 2291; x_wconf 81' lang='lat' dir='ltr'>inei-ita.</span> <span class='ocrx_word' id='word_1_552' title='bbox 899 2268 944 2290; x_wconf 83' lang='lat' dir='ltr'>Sed</span> <span class='ocrx_word' id='word_1_553' title='bbox 961 2271 985 2290; x_wconf 88' lang='lat' dir='ltr'>ut</span> 
     </span>
     <span class='ocr_line' id='line_1_79' title="bbox 145 2306 984 2335; baseline 0.001 -7"><span class='ocrx_word' id='word_1_554' title='bbox 145 2306 173 2328; x_wconf 83' lang='lat' dir='ltr'>ad</span> <span class='ocrx_word' id='word_1_555' title='bbox 191 2307 296 2328; x_wconf 83' lang='lat' dir='ltr'>meritum</span> <span class='ocrx_word' id='word_1_556' title='bbox 319 2307 372 2328; x_wconf 83' lang='lat' dir='ltr'>satis</span> <span class='ocrx_word' id='word_1_557' title='bbox 393 2309 427 2328; x_wconf 72' lang='lat' dir='ltr'>est</span> <span class='ocrx_word' id='word_1_558' title='bbox 453 2306 480 2328; x_wconf 87' lang='lat' dir='ltr'>de</span> <span class='ocrx_word' id='word_1_559' title='bbox 498 2307 584 2329; x_wconf 87' lang='lat' dir='ltr'>meritis</span> <span class='ocrx_word' id='word_1_560' title='bbox 607 2313 650 2328; x_wconf 85' lang='lat' dir='ltr'>non</span> <span class='ocrx_word' id='word_1_561' title='bbox 678 2313 839 2335; x_wconf 77' lang='lat' dir='ltr'>praesumere,</span> <span class='ocrx_word' id='word_1_562' title='bbox 857 2308 889 2329; x_wconf 80' lang='lat' dir='ltr'>sic</span> <span class='ocrx_word' id='word_1_563' title='bbox 907 2313 984 2329; x_wconf 73' lang='lat' dir='ltr'>curere</span> 
     </span>
     <span class='ocr_line' id='line_1_80' title="bbox 144 2345 983 2373; baseline 0.001 -6"><span class='ocrx_word' id='word_1_564' title='bbox 144 2345 230 2367; x_wconf 85' lang='lat' dir='ltr'>meritis</span> <span class='ocrx_word' id='word_1_565' title='bbox 247 2346 300 2367; x_wconf 84' lang='lat' dir='ltr'>satis</span> <span class='ocrx_word' id='word_1_566' title='bbox 318 2345 346 2367; x_wconf 83' lang='lat' dir='ltr'>ad</span> <span class='ocrx_word' id='word_1_567' title='bbox 371 2345 481 2367; x_wconf 85' lang='lat' dir='ltr'>iudicium</span> <span class='ocrx_word' id='word_1_568' title='bbox 507 2348 564 2367; x_wconf 77' lang='lat' dir='ltr'>est...</span> <span class='ocrx_word' id='word_1_569' title='bbox 590 2346 664 2367; x_wconf 83' lang='lat' dir='ltr'>Merita</span> <span class='ocrx_word' id='word_1_570' title='bbox 689 2345 786 2373; x_wconf 83' lang='lat' dir='ltr'>proinde</span> <span class='ocrx_word' id='word_1_571' title='bbox 803 2345 888 2368; x_wconf 73' lang='lat' dir='ltr'>habere</span> <span class='ocrx_word' id='word_1_572' title='bbox 905 2352 983 2373; x_wconf 77' lang='lat' dir='ltr'>cures3</span> 
     </span>
     <span class='ocr_line' id='line_1_81' title="bbox 146 2382 984 2411; baseline 0 -6"><span class='ocrx_word' id='word_1_573' title='bbox 146 2383 220 2405; x_wconf 85' lang='lat' dir='ltr'>habita</span> <span class='ocrx_word' id='word_1_574' title='bbox 238 2382 293 2406; x_wconf 84' lang='lat' dir='ltr'>data</span> <span class='ocrx_word' id='word_1_575' title='bbox 312 2384 415 2409; x_wconf 79' lang='lat' dir='ltr'>novoris;</span> <span class='ocrx_word' id='word_1_576' title='bbox 434 2383 532 2405; x_wconf 75' lang='lat' dir='ltr'>fructum</span> <span class='ocrx_word' id='word_1_577' title='bbox 551 2385 692 2411; x_wconf 68' lang='lat' dir='ltr'>speraveris,</span> <span class='ocrx_word' id='word_1_578' title='bbox 706 2384 744 2406; x_wconf 86' lang='lat' dir='ltr'>Dei</span> <span class='ocrx_word' id='word_1_579' title='bbox 758 2384 950 2411; x_wconf 56' lang='lat' dir='ltr'>misericordiam</span> <span class='ocrx_word' id='word_1_580' title='bbox 964 2387 984 2406; x_wconf 91' lang='lat' dir='ltr'>et</span> 
     </span>
     <span class='ocr_line' id='line_1_82' title="bbox 144 2422 984 2450; baseline 0 -6"><span class='ocrx_word' id='word_1_581' title='bbox 144 2428 213 2444; x_wconf 79' lang='lat' dir='ltr'>omne</span> <span class='ocrx_word' id='word_1_582' title='bbox 231 2422 357 2449; x_wconf 80' lang='lat' dir='ltr'>periculum</span> <span class='ocrx_word' id='word_1_583' title='bbox 378 2423 468 2443; x_wconf 79' lang='lat' dir='ltr'>evasisti</span> <span class='ocrx_word' id='word_1_584' title='bbox 495 2424 645 2449; x_wconf 75' lang='lat' dir='ltr'>paupertatis,</span> <span class='ocrx_word' id='word_1_585' title='bbox 668 2422 847 2450; x_wconf 78' lang='lat' dir='ltr'>ingratitudinis,</span> <span class='ocrx_word' id='word_1_586' title='bbox 866 2428 984 2450; x_wconf 82' lang='lat' dir='ltr'>praesum-</span> 
     </span>
     <span class='ocr_line' id='line_1_83' title="bbox 146 2461 270 2483; baseline 0 -1"><span class='ocrx_word' id='word_1_587' title='bbox 146 2461 212 2482; x_wconf 82' lang='lat' dir='ltr'>tionis</span> <span class='ocrx_word' id='word_1_588' title='bbox 228 2464 270 2483; x_wconf 85' lang='lat' dir='ltr'>etc.</span> 
     </span>
    </p>

    <p class='ocr_par' dir='ltr' id='par_1_24' title="bbox 209 2498 757 2527">
     <span class='ocr_line' id='line_1_84' title="bbox 209 2498 757 2527; baseline 0 -7"><span class='ocrx_word' id='word_1_589' title='bbox 209 2498 219 2513; x_wconf 79' lang='lat'>³</span> <span class='ocrx_word' id='word_1_590' title='bbox 237 2498 294 2520; x_wconf 84' lang='lat' dir='ltr'>Vide</span> <span class='ocrx_word' id='word_1_591' title='bbox 312 2498 414 2520; x_wconf 72' lang='lat' dir='ltr'>scholion</span> <span class='ocrx_word' id='word_1_592' title='bbox 432 2498 460 2520; x_wconf 91' lang='lat' dir='ltr'>ad</span> <span class='ocrx_word' id='word_1_593' title='bbox 479 2498 653 2525; x_wconf 65' lang='lat' dir='ltr'>praecedentem</span> <span class='ocrx_word' id='word_1_594' title='bbox 671 2502 757 2527; x_wconf 84' lang='lat' dir='ltr'>quaest.</span> 
     </span>
    </p>

    <p class='ocr_par' dir='ltr' id='par_1_25' title="bbox 144 2536 985 2990">
     <span class='ocr_line' id='line_1_85' title="bbox 207 2536 985 2564; baseline 0.001 -6"><span class='ocrx_word' id='word_1_595' title='bbox 207 2536 215 2551; x_wconf 83' lang='lat'><em>⁴</em></span> <span class='ocrx_word' id='word_1_596' title='bbox 233 2537 298 2559; x_wconf 70' lang='lat' dir='ltr'>Yers.</span> <span class='ocrx_word' id='word_1_597' title='bbox 316 2537 337 2558; x_wconf 78' lang='lat'>2.</span> <span class='ocrx_word' id='word_1_598' title='bbox 354 2537 432 2558; x_wconf 86' lang='lat' dir='ltr'>Glossa</span> <span class='ocrx_word' id='word_1_599' title='bbox 450 2537 472 2558; x_wconf 89' lang='lat' dir='ltr'>in</span> <span class='ocrx_word' id='word_1_600' title='bbox 491 2537 551 2558; x_wconf 86' lang='lat' dir='ltr'>hunc</span> <span class='ocrx_word' id='word_1_601' title='bbox 575 2537 616 2558; x_wconf 87' lang='lat' dir='ltr'>loc.</span> <span class='ocrx_word' id='word_1_602' title='bbox 639 2537 735 2564; x_wconf 79' lang='lat' dir='ltr'>allegata</span> <span class='ocrx_word' id='word_1_603' title='bbox 753 2543 779 2559; x_wconf 85' lang='lat' dir='ltr'>ex</span> <span class='ocrx_word' id='word_1_604' title='bbox 798 2537 910 2559; x_wconf 75' lang='lat' dir='ltr'>Paschasii</span> <span class='ocrx_word' id='word_1_605' title='bbox 928 2537 985 2559; x_wconf 79' lang='lat' dir='ltr'>Rad-</span> 
     </span>
     <span class='ocr_line' id='line_1_86' title="bbox 145 2575 984 2604; baseline -0.001 -6"><span class='ocrx_word' id='word_1_606' title='bbox 145 2576 202 2598; x_wconf 67' lang='lat' dir='ltr'>berti</span> <span class='ocrx_word' id='word_1_607' title='bbox 220 2576 361 2604; x_wconf 79' lang='lat' dir='ltr'>expositione</span> <span class='ocrx_word' id='word_1_608' title='bbox 379 2576 399 2597; x_wconf 91' lang='lat' dir='ltr'>in</span> <span class='ocrx_word' id='word_1_609' title='bbox 422 2576 497 2597; x_wconf 70' lang='lat' dir='ltr'>Manli.</span> <span class='ocrx_word' id='word_1_610' title='bbox 523 2575 619 2597; x_wconf 85' lang='lat' dir='ltr'>delibata</span> <span class='ocrx_word' id='word_1_611' title='bbox 645 2581 694 2597; x_wconf 81' lang='lat' dir='ltr'>esse</span> <span class='ocrx_word' id='word_1_612' title='bbox 722 2575 820 2597; x_wconf 77' lang='lat' dir='ltr'>videtur.</span> <span class='ocrx_word' id='word_1_613' title='bbox 839 2576 907 2598; x_wconf 71' lang='lat' dir='ltr'>Docet</span> <span class='ocrx_word' id='word_1_614' title='bbox 924 2577 984 2598; x_wconf 65' lang='lat' dir='ltr'>enim</span> 
     </span>
     <span class='ocr_line' id='line_1_87' title="bbox 145 2612 984 2641; baseline -0.001 -4"><span class='ocrx_word' id='word_1_615' title='bbox 145 2615 250 2637; x_wconf 82' lang='lat' dir='ltr'>laudatus</span> <span class='ocrx_word' id='word_1_616' title='bbox 267 2617 346 2636; x_wconf 81' lang='lat' dir='ltr'>auctor</span> <span class='ocrx_word' id='word_1_617' title='bbox 363 2614 394 2636; x_wconf 84' lang='lat' dir='ltr'>ibi</span> <span class='ocrx_word' id='word_1_618' title='bbox 419 2614 447 2635; x_wconf 91' lang='lat' dir='ltr'>ad</span> <span class='ocrx_word' id='word_1_619' title='bbox 465 2620 487 2635; x_wconf 79' lang='lat' dir='ltr'>v.</span> <span class='ocrx_word' id='word_1_620' title='bbox 511 2614 546 2641; x_wconf 72' lang='grc'>17,</span> <span class='ocrx_word' id='word_1_621' title='bbox 574 2620 614 2641; x_wconf 87' lang='lat' dir='ltr'>per</span> <span class='ocrx_word' id='word_1_622' title='bbox 635 2612 771 2641; x_wconf 75' lang='lat' dir='ltr'>Abraham,</span> <span class='ocrx_word' id='word_1_623' title='bbox 792 2614 861 2637; x_wconf 81' lang='lat' dir='ltr'>Isaac</span> <span class='ocrx_word' id='word_1_624' title='bbox 877 2618 899 2636; x_wconf 79' lang='grc' dir='ltr'>υῑ</span> <span class='ocrx_word' id='word_1_625' title='bbox 915 2613 984 2637; x_wconf 79' lang='lat' dir='ltr'>Iacob</span> 
     </span>
     <span class='ocr_line' id='line_1_88' title="bbox 146 2651 985 2681; baseline -0.002 -6"><span class='ocrx_word' id='word_1_626' title='bbox 146 2653 260 2681; x_wconf 81' lang='lat' dir='ltr'>designari</span> <span class='ocrx_word' id='word_1_627' title='bbox 278 2652 358 2680; x_wconf 72' lang='lat' dir='ltr'>sideni,</span> <span class='ocrx_word' id='word_1_628' title='bbox 387 2658 452 2680; x_wconf 85' lang='lat' dir='ltr'>spem</span> <span class='ocrx_word' id='word_1_629' title='bbox 476 2656 497 2674; x_wconf 83' lang='lat' dir='ltr'>et</span> <span class='ocrx_word' id='word_1_630' title='bbox 522 2653 655 2674; x_wconf 82' lang='lat' dir='ltr'>caritatem:</span> <span class='ocrx_word' id='word_1_631' title='bbox 676 2653 765 2674; x_wconf 78' lang='lat' dir='ltr'>«Isaac</span> <span class='ocrx_word' id='word_1_632' title='bbox 791 2651 842 2681; x_wconf 89' lang='lat' dir='ltr'>[qui</span> <span class='ocrx_word' id='word_1_633' title='bbox 868 2653 928 2674; x_wconf 85' lang='lat' dir='ltr'>risus</span> <span class='ocrx_word' id='word_1_634' title='bbox 952 2653 985 2674; x_wconf 89' lang='lat' dir='ltr'>in-</span> 
     </span>
     <span class='ocr_line' id='line_1_89' title="bbox 145 2690 985 2720; baseline -0.002 -6"><span class='ocrx_word' id='word_1_635' title='bbox 145 2690 292 2720; x_wconf 78' lang='lat' dir='ltr'>terpretatur]</span> <span class='ocrx_word' id='word_1_636' title='bbox 307 2692 416 2719; x_wconf 49' lang='lat' dir='ltr'>,quippffi</span> <span class='ocrx_word' id='word_1_637' title='bbox 442 2694 501 2713; x_wconf 90' lang='lat' dir='ltr'>totus</span> <span class='ocrx_word' id='word_1_638' title='bbox 526 2691 547 2712; x_wconf 86' lang='lat' dir='ltr'>in</span> <span class='ocrx_word' id='word_1_639' title='bbox 573 2696 626 2718; x_wconf 81' lang='lat' dir='ltr'>spe;</span> <span class='ocrx_word' id='word_1_640' title='bbox 654 2690 715 2719; x_wconf 84' lang='lat' dir='ltr'>quod</span> <span class='ocrx_word' id='word_1_641' title='bbox 740 2691 893 2718; x_wconf 71' lang='lat' dir='ltr'>repromissus</span> <span class='ocrx_word' id='word_1_642' title='bbox 910 2692 985 2713; x_wconf 85' lang='lat' dir='ltr'>conci-</span> 
     </span>
     <span class='ocr_line' id='line_1_90' title="bbox 145 2729 984 2759; baseline -0.002 -6"><span class='ocrx_word' id='word_1_643' title='bbox 145 2732 206 2759; x_wconf 84' lang='lat' dir='ltr'>pitur</span> <span class='ocrx_word' id='word_1_644' title='bbox 223 2737 264 2758; x_wconf 81' lang='lat' dir='ltr'>per</span> <span class='ocrx_word' id='word_1_645' title='bbox 282 2730 364 2757; x_wconf 77' lang='lat' dir='ltr'>sidem,</span> <span class='ocrx_word' id='word_1_646' title='bbox 383 2729 445 2758; x_wconf 82' lang='lat' dir='ltr'>quod</span> <span class='ocrx_word' id='word_1_647' title='bbox 463 2730 563 2751; x_wconf 79' lang='lat' dir='ltr'>nascitur</span> <span class='ocrx_word' id='word_1_648' title='bbox 581 2735 621 2756; x_wconf 86' lang='lat' dir='ltr'>per</span> <span class='ocrx_word' id='word_1_649' title='bbox 642 2730 750 2756; x_wconf 82' lang='lat' dir='ltr'>gratiam,</span> <span class='ocrx_word' id='word_1_650' title='bbox 777 2729 887 2756; x_wconf 79' lang='lat' dir='ltr'>gaudium</span> <span class='ocrx_word' id='word_1_651' title='bbox 906 2735 984 2756; x_wconf 77' lang='lat' dir='ltr'>paren-</span> 
     </span>
     <span class='ocr_line' id='line_1_91' title="bbox 145 2768 985 2797; baseline -0.001 -6"><span class='ocrx_word' id='word_1_652' title='bbox 145 2769 205 2792; x_wconf 84' lang='lat' dir='ltr'>tibus</span> <span class='ocrx_word' id='word_1_653' title='bbox 223 2769 364 2797; x_wconf 75' lang='lat' dir='ltr'>generavit...</span> <span class='ocrx_word' id='word_1_654' title='bbox 381 2768 426 2790; x_wconf 65' lang='lat' dir='ltr'>Sed</span> <span class='ocrx_word' id='word_1_655' title='bbox 444 2769 496 2796; x_wconf 84' lang='lat' dir='ltr'>quia</span> <span class='ocrx_word' id='word_1_656' title='bbox 515 2769 535 2789; x_wconf 88' lang='lat' dir='ltr'>iu</span> <span class='ocrx_word' id='word_1_657' title='bbox 554 2768 622 2790; x_wconf 78' lang='lat' dir='ltr'>Isaac</span> <span class='ocrx_word' id='word_1_658' title='bbox 644 2774 697 2795; x_wconf 83' lang='lat' dir='ltr'>spes</span> <span class='ocrx_word' id='word_1_659' title='bbox 715 2768 774 2789; x_wconf 69' lang='lat' dir='ltr'>vitae</span> <span class='ocrx_word' id='word_1_660' title='bbox 792 2769 882 2795; x_wconf 73' lang='lat' dir='ltr'>negotio</span> <span class='ocrx_word' id='word_1_661' title='bbox 900 2768 985 2796; x_wconf 76' lang='lat' dir='ltr'>figura-</span> 
     </span>
     <span class='ocr_line' id='line_1_92' title="bbox 144 2806 983 2836; baseline -0.001 -6"><span class='ocrx_word' id='word_1_662' title='bbox 144 2810 192 2836; x_wconf 78' lang='lat' dir='ltr'>tur,</span> <span class='ocrx_word' id='word_1_663' title='bbox 210 2814 302 2830; x_wconf 82' lang='lat' dir='ltr'>necesse.</span> <span class='ocrx_word' id='word_1_664' title='bbox 319 2810 364 2835; x_wconf 69' lang='lat' dir='ltr'>est,</span> <span class='ocrx_word' id='word_1_665' title='bbox 382 2810 405 2829; x_wconf 90' lang='lat' dir='ltr'>ut</span> <span class='ocrx_word' id='word_1_666' title='bbox 427 2806 563 2835; x_wconf 78' lang='lat' dir='ltr'>Rebeccam,</span> <span class='ocrx_word' id='word_1_667' title='bbox 591 2813 649 2835; x_wconf 76' lang='lat' dir='ltr'>quae</span> <span class='ocrx_word' id='word_1_668' title='bbox 672 2806 784 2835; x_wconf 74' lang='lat' dir='ltr'>patientia</span> <span class='ocrx_word' id='word_1_669' title='bbox 810 2807 983 2835; x_wconf 68' lang='lat' dir='ltr'>interpretatur,</span> 
     </span>
     <span class='ocr_line' id='line_1_93' title="bbox 145 2845 985 2874; baseline -0.001 -5"><span class='ocrx_word' id='word_1_670' title='bbox 145 2847 166 2868; x_wconf 93' lang='lat' dir='ltr'>in</span> <span class='ocrx_word' id='word_1_671' title='bbox 184 2847 317 2874; x_wconf 79' lang='lat' dir='ltr'>coniugium</span> <span class='ocrx_word' id='word_1_672' title='bbox 336 2852 478 2868; x_wconf 78' lang='lat' dir='ltr'>sumamus...</span> <span class='ocrx_word' id='word_1_673' title='bbox 496 2846 527 2868; x_wconf 87' lang='lat' dir='ltr'>De</span> <span class='ocrx_word' id='word_1_674' title='bbox 545 2845 630 2874; x_wconf 87' lang='lat' dir='ltr'>quibus</span> <span class='ocrx_word' id='word_1_675' title='bbox 648 2846 749 2873; x_wconf 77' lang='lat' dir='ltr'>profecto</span> <span class='ocrx_word' id='word_1_676' title='bbox 773 2845 906 2872; x_wconf 80' lang='lat' dir='ltr'>parentibus</span> <span class='ocrx_word' id='word_1_677' title='bbox 929 2846 985 2874; x_wconf 84' lang='lat' dir='ltr'>quid</span> 
     </span>
     <span class='ocr_line' id='line_1_94' title="bbox 145 2883 983 2913; baseline 0 -7"><span class='ocrx_word' id='word_1_678' title='bbox 145 2884 205 2907; x_wconf 84' lang='lat' dir='ltr'>aliud</span> <span class='ocrx_word' id='word_1_679' title='bbox 227 2891 297 2913; x_wconf 82' lang='lat' dir='ltr'>quam</span> <span class='ocrx_word' id='word_1_680' title='bbox 320 2885 402 2907; x_wconf 85' lang='lat' dir='ltr'>caritas</span> <span class='ocrx_word' id='word_1_681' title='bbox 418 2885 574 2912; x_wconf 65' lang='lat' dir='ltr'>generatum?</span> <span class='ocrx_word' id='word_1_682' title='bbox 601 2883 655 2905; x_wconf 88' lang='lat' dir='ltr'>lbid.</span> <span class='ocrx_word' id='word_1_683' title='bbox 683 2883 732 2905; x_wconf 87' lang='lat' dir='ltr'>libr.</span> <span class='ocrx_word' id='word_1_684' title='bbox 752 2884 777 2905; x_wconf 90' lang='lat' dir='ltr'>V.</span> <span class='ocrx_word' id='word_1_685' title='bbox 795 2890 911 2911; x_wconf 77' lang='lat' dir='ltr'>exponens</span> <span class='ocrx_word' id='word_1_686' title='bbox 928 2884 983 2906; x_wconf 92' lang='lat' dir='ltr'>illud</span> 
     </span>
     <span class='ocr_line' id='line_1_95' title="bbox 145 2921 983 2951; baseline 0.001 -7"><span class='ocrx_word' id='word_1_687' title='bbox 145 2923 221 2945; x_wconf 85' lang='lat' dir='ltr'>Matth.</span> <span class='ocrx_word' id='word_1_688' title='bbox 239 2923 264 2949; x_wconf 76' lang='grc'>8,</span> <span class='ocrx_word' id='word_1_689' title='bbox 284 2924 307 2945; x_wconf 88' lang='grc'>11</span> <span class='ocrx_word' id='word_1_690' title='bbox 322 2929 327 2945; x_wconf 87' lang='lat'>:</span> <span class='ocrx_word' id='word_1_691' title='bbox 346 2922 401 2946; x_wconf 66' lang='grc' dir='ltr'>Βίου</span> <span class='ocrx_word' id='word_1_692' title='bbox 418 2923 497 2945; x_wconf 77' lang='lat' dir='ltr'>autem</span> <span class='ocrx_word' id='word_1_693' title='bbox 522 2921 593 2949; x_wconf 70' lang='lat' dir='ltr'>vobis,</span> <span class='ocrx_word' id='word_1_694' title='bbox 621 2921 684 2951; x_wconf 79' lang='lat' dir='ltr'>quod</span> <span class='ocrx_word' id='word_1_695' title='bbox 705 2921 776 2945; x_wconf 74' lang='lat' dir='ltr'>multi</span> <span class='ocrx_word' id='word_1_696' title='bbox 791 2921 820 2945; x_wconf 82' lang='lat' dir='ltr'>ab</span> <span class='ocrx_word' id='word_1_697' title='bbox 837 2922 924 2945; x_wconf 76' lang='lat' dir='ltr'>oriente</span> <span class='ocrx_word' id='word_1_698' title='bbox 941 2927 983 2945; x_wconf 84' lang='lat' dir='ltr'>etc.</span> 
     </span>
     <span class='ocr_line' id='line_1_96' title="bbox 145 2960 983 2990; baseline 0.001 -8"><span class='ocrx_word' id='word_1_699' title='bbox 145 2962 186 2983; x_wconf 82' lang='lat' dir='ltr'>ait:</span> <span class='ocrx_word' id='word_1_700' title='bbox 205 2961 226 2983; x_wconf 91' lang='lat' dir='ltr'>lu</span> <span class='ocrx_word' id='word_1_701' title='bbox 245 2960 366 2984; x_wconf 77' lang='lat' dir='ltr'>Abraham</span> <span class='ocrx_word' id='word_1_702' title='bbox 384 2961 453 2989; x_wconf 76' lang='lat' dir='ltr'>fides,</span> <span class='ocrx_word' id='word_1_703' title='bbox 479 2968 522 2990; x_wconf 86' lang='lat' dir='ltr'>qua</span> <span class='ocrx_word' id='word_1_704' title='bbox 549 2961 631 2988; x_wconf 77' lang='lat' dir='ltr'>placuit</span> <span class='ocrx_word' id='word_1_705' title='bbox 657 2961 703 2982; x_wconf 57' lang='lat' dir='ltr'>Deo</span> <span class='ocrx_word' id='word_1_706' title='bbox 726 2965 746 2983; x_wconf 81' lang='lat' dir='ltr'>et</span> <span class='ocrx_word' id='word_1_707' title='bbox 765 2965 894 2989; x_wconf 81' lang='lat' dir='ltr'>reputatum</span> <span class='ocrx_word' id='word_1_708' title='bbox 912 2965 944 2984; x_wconf 77' lang='lat' dir='ltr'>est</span> <span class='ocrx_word' id='word_1_709' title='bbox 963 2962 983 2983; x_wconf 82' lang='lat' dir='ltr'>ei</span> 
     </span>
    </p>
   </div>
   <div class='ocr_carea' id='block_1_15' title="bbox 1039 2036 1886 2842">
    <p class='ocr_par' dir='ltr' id='par_1_26' title="bbox 1044 2036 1886 2179">
     <span class='ocr_line' id='line_1_97' title="bbox 1044 2036 1886 2066; baseline 0.006 -9"><span class='ocrx_word' id='word_1_710' title='bbox 1044 2036 1072 2058; x_wconf 87' lang='lat' dir='ltr'>ad</span> <span class='ocrx_word' id='word_1_711' title='bbox 1090 2036 1208 2063; x_wconf 60' lang='lat' dir='ltr'>insuasum</span> <span class='ocrx_word' id='word_1_712' title='bbox 1228 2037 1248 2058; x_wconf 91' lang='lat' dir='ltr'>in</span> <span class='ocrx_word' id='word_1_713' title='bbox 1268 2037 1334 2059; x_wconf 72' lang='lat' dir='ltr'>Isaac</span> <span class='ocrx_word' id='word_1_714' title='bbox 1352 2043 1408 2058; x_wconf 68' lang='lat' dir='ltr'>vcro</span> <span class='ocrx_word' id='word_1_715' title='bbox 1429 2043 1495 2065; x_wconf 75' lang='lat' dir='ltr'>spes,</span> <span class='ocrx_word' id='word_1_716' title='bbox 1519 2039 1585 2066; x_wconf 75' lang='lat' dir='ltr'>quasi</span> <span class='ocrx_word' id='word_1_717' title='bbox 1608 2043 1777 2061; x_wconf 77' lang='lat' dir='ltr'>sacramentum</span> <span class='ocrx_word' id='word_1_718' title='bbox 1796 2039 1848 2061; x_wconf 72' lang='lat' dir='ltr'>ndei</span> <span class='ocrx_word' id='word_1_719' title='bbox 1866 2044 1886 2063; x_wconf 78' lang='lat' dir='ltr'>et</span> 
     </span>
     <span class='ocr_line' id='line_1_98' title="bbox 1047 2076 1886 2108; baseline 0.006 -12"><span class='ocrx_word' id='word_1_720' title='bbox 1047 2076 1147 2103; x_wconf 75' lang='lat' dir='ltr'>gratiae,</span> <span class='ocrx_word' id='word_1_721' title='bbox 1166 2078 1300 2103; x_wconf 73' lang='lat' dir='ltr'>generatur:</span> <span class='ocrx_word' id='word_1_722' title='bbox 1320 2082 1388 2103; x_wconf 86' lang='lat' dir='ltr'>porro</span> <span class='ocrx_word' id='word_1_723' title='bbox 1407 2083 1448 2104; x_wconf 74' lang='lat' dir='ltr'>per</span> <span class='ocrx_word' id='word_1_724' title='bbox 1474 2076 1542 2099; x_wconf 76' lang='lat' dir='ltr'>Iacob</span> <span class='ocrx_word' id='word_1_725' title='bbox 1567 2078 1648 2100; x_wconf 83' lang='lat' dir='ltr'>caritas</span> <span class='ocrx_word' id='word_1_726' title='bbox 1666 2078 1809 2106; x_wconf 69' lang='lat' dir='ltr'>designatur,</span> <span class='ocrx_word' id='word_1_727' title='bbox 1827 2086 1886 2108; x_wconf 82' lang='lat' dir='ltr'>quae</span> 
     </span>
     <span class='ocr_line' id='line_1_99' title="bbox 1044 2115 1885 2144; baseline 0.006 -9"><span class='ocrx_word' id='word_1_728' title='bbox 1044 2120 1085 2142; x_wconf 76' lang='lat' dir='ltr'>per</span> <span class='ocrx_word' id='word_1_729' title='bbox 1102 2115 1163 2136; x_wconf 65' lang='lat' dir='ltr'>xaria</span> <span class='ocrx_word' id='word_1_730' title='bbox 1182 2115 1317 2140; x_wconf 65' lang='lat' dir='ltr'>vcitunina.</span> <span class='ocrx_word' id='word_1_731' title='bbox 1337 2115 1410 2137; x_wconf 78' lang='lat' dir='ltr'>donec</span> <span class='ocrx_word' id='word_1_732' title='bbox 1427 2115 1503 2138; x_wconf 69' lang='lat' dir='ltr'>Israel</span> <span class='ocrx_word' id='word_1_733' title='bbox 1515 2116 1587 2138; x_wconf 73' lang='lat' dir='ltr'>Deum</span> <span class='ocrx_word' id='word_1_734' title='bbox 1601 2118 1673 2144; x_wconf 87' lang='lat' dir='ltr'>possit</span> <span class='ocrx_word' id='word_1_735' title='bbox 1685 2117 1780 2139; x_wconf 71' lang='lat' dir='ltr'>deorum</span> <span class='ocrx_word' id='word_1_736' title='bbox 1800 2119 1820 2139; x_wconf 90' lang='lat' dir='ltr'>in</span> <span class='ocrx_word' id='word_1_737' title='bbox 1833 2119 1885 2140; x_wconf 76' lang='lat' dir='ltr'>Sion</span> 
     </span>
     <span class='ocr_line' id='line_1_100' title="bbox 1044 2153 1458 2179; baseline 0.005 -5"><span class='ocrx_word' id='word_1_738' title='bbox 1044 2153 1135 2179; x_wconf 71' lang='lat' dir='ltr'>videre,</span> <span class='ocrx_word' id='word_1_739' title='bbox 1154 2153 1265 2175; x_wconf 70' lang='lat' dir='ltr'>laboriose</span> <span class='ocrx_word' id='word_1_740' title='bbox 1283 2155 1336 2176; x_wconf 70' lang='lat' dir='ltr'>sutis</span> <span class='ocrx_word' id='word_1_741' title='bbox 1353 2154 1458 2176; x_wconf 75' lang='lat' dir='ltr'>desudat.</span> 
     </span>
    </p>

    <p class='ocr_par' dir='ltr' id='par_1_27' title="bbox 1042 2191 1886 2254">
     <span class='ocr_line' id='line_1_101' title="bbox 1105 2191 1886 2223; baseline 0.006 -10"><span class='ocrx_word' id='word_1_742' title='bbox 1105 2191 1114 2206; x_wconf 89' lang='lat'>⁵</span> <span class='ocrx_word' id='word_1_743' title='bbox 1131 2192 1175 2214; x_wconf 70' lang='lat' dir='ltr'>Cir.</span> <span class='ocrx_word' id='word_1_744' title='bbox 1193 2192 1249 2214; x_wconf 79' lang='lat' dir='ltr'>infra</span> <span class='ocrx_word' id='word_1_745' title='bbox 1268 2192 1289 2214; x_wconf 90' lang='lat' dir='ltr'>d.</span> <span class='ocrx_word' id='word_1_746' title='bbox 1308 2193 1344 2214; x_wconf 77' lang='lat'>27.</span> <span class='ocrx_word' id='word_1_747' title='bbox 1362 2199 1381 2215; x_wconf 86' lang='lat' dir='ltr'>a.</span> <span class='ocrx_word' id='word_1_748' title='bbox 1401 2194 1421 2215; x_wconf 76' lang='grc' dir='ltr'>Ξ).</span> <span class='ocrx_word' id='word_1_749' title='bbox 1439 2201 1461 2222; x_wconf 75' lang='lat' dir='ltr'>q.</span> <span class='ocrx_word' id='word_1_750' title='bbox 1485 2194 1500 2215; x_wconf 94' lang='grc'>1.</span> <span class='ocrx_word' id='word_1_751' title='bbox 1519 2193 1546 2215; x_wconf 91' lang='lat' dir='ltr'>ad</span> <span class='ocrx_word' id='word_1_752' title='bbox 1565 2194 1585 2215; x_wconf 85' lang='grc'>6,</span> <span class='ocrx_word' id='word_1_753' title='bbox 1611 2207 1640 2209; x_wconf 89' lang='grc'>-</span> <span class='ocrx_word' id='word_1_754' title='bbox 1657 2194 1768 2222; x_wconf 80' lang='lat' dir='ltr'>Superius</span> <span class='ocrx_word' id='word_1_755' title='bbox 1792 2202 1833 2223; x_wconf 85' lang='lat' dir='ltr'>pro</span> <span class='ocrx_word' id='word_1_756' title='bbox 1850 2202 1886 2218; x_wconf 79' lang='lat' dir='ltr'>su-</span> 
     </span>
     <span class='ocr_line' id='line_1_102' title="bbox 1042 2230 1452 2254; baseline 0.005 -2"><span class='ocrx_word' id='word_1_757' title='bbox 1042 2230 1156 2253; x_wconf 70' lang='lat' dir='ltr'>stt-manti</span> <span class='ocrx_word' id='word_1_758' title='bbox 1171 2230 1238 2253; x_wconf 83' lang='lat' dir='ltr'>codd.</span> <span class='ocrx_word' id='word_1_759' title='bbox 1257 2232 1273 2252; x_wconf 63' lang='lat' dir='ltr'>A</span> <span class='ocrx_word' id='word_1_760' title='bbox 1285 2232 1302 2253; x_wconf 71' lang='lat' dir='ltr'>R</span> <span class='ocrx_word' id='word_1_761' title='bbox 1321 2231 1452 2254; x_wconf 74' lang='lat' dir='ltr'>sustinenti.</span> 
     </span>
    </p>

    <p class='ocr_par' dir='ltr' id='par_1_28' title="bbox 1042 2269 1885 2337">
     <span class='ocr_line' id='line_1_103' title="bbox 1104 2269 1885 2300; baseline 0.005 -9"><span class='ocrx_word' id='word_1_762' title='bbox 1104 2269 1114 2283; x_wconf 60' lang='grc' dir='ltr'><strong>ὅ</strong></span> <span class='ocrx_word' id='word_1_763' title='bbox 1133 2270 1195 2291; x_wconf 74' lang='lat' dir='ltr'>Vers,</span> <span class='ocrx_word' id='word_1_764' title='bbox 1218 2270 1249 2291; x_wconf 81' lang='grc'>13.</span> <span class='ocrx_word' id='word_1_765' title='bbox 1268 2282 1299 2285; x_wconf 81' lang='lat'>--</span> <span class='ocrx_word' id='word_1_766' title='bbox 1323 2271 1461 2292; x_wconf 73' lang='lat' dir='ltr'>Sententiam</span> <span class='ocrx_word' id='word_1_767' title='bbox 1487 2270 1586 2293; x_wconf 70' lang='lat' dir='ltr'>maiorLs·</span> <span class='ocrx_word' id='word_1_768' title='bbox 1611 2272 1708 2293; x_wconf 77' lang='lat' dir='ltr'>insinuat</span> <span class='ocrx_word' id='word_1_769' title='bbox 1734 2273 1831 2300; x_wconf 53' lang='lat' dir='ltr'>Ariston,</span> <span class='ocrx_word' id='word_1_770' title='bbox 1857 2273 1885 2295; x_wconf 84' lang='lat' dir='ltr'>de</span> 
     </span>
     <span class='ocr_line' id='line_1_104' title="bbox 1042 2308 1635 2337; baseline 0.003 -8"><span class='ocrx_word' id='word_1_771' title='bbox 1042 2313 1089 2335; x_wconf 84' lang='lat' dir='ltr'>quo</span> <span class='ocrx_word' id='word_1_772' title='bbox 1106 2308 1159 2330; x_wconf 69' lang='lat' dir='ltr'>vide</span> <span class='ocrx_word' id='word_1_773' title='bbox 1177 2312 1230 2329; x_wconf 84' lang='lat' dir='ltr'>tom.</span> <span class='ocrx_word' id='word_1_774' title='bbox 1249 2308 1272 2329; x_wconf 92' lang='lat' dir='ltr'>ll.</span> <span class='ocrx_word' id='word_1_775' title='bbox 1290 2315 1342 2337; x_wconf 78' lang='lat' dir='ltr'>pag.</span> <span class='ocrx_word' id='word_1_776' title='bbox 1361 2309 1417 2336; x_wconf 77' lang='lat'>330,</span> <span class='ocrx_word' id='word_1_777' title='bbox 1437 2312 1487 2331; x_wconf 84' lang='lat' dir='ltr'>nota</span> <span class='ocrx_word' id='word_1_778' title='bbox 1505 2309 1526 2330; x_wconf 93' lang='grc'>5.</span> <span class='ocrx_word' id='word_1_779' title='bbox 1544 2310 1565 2330; x_wconf 89' lang='lat' dir='ltr'>in</span> <span class='ocrx_word' id='word_1_780' title='bbox 1584 2309 1635 2331; x_wconf 77' lang='lat' dir='ltr'>tine.</span> 
     </span>
    </p>

    <p class='ocr_par' dir='ltr' id='par_1_29' title="bbox 1042 2345 1885 2484">
     <span class='ocr_line' id='line_1_105' title="bbox 1104 2345 1885 2376; baseline 0.005 -9"><span class='ocrx_word' id='word_1_781' title='bbox 1104 2345 1113 2360; x_wconf 85' lang='lat'><em>⁷</em></span> <span class='ocrx_word' id='word_1_782' title='bbox 1130 2346 1174 2368; x_wconf 67' lang='grc' dir='ltr'>(Ἰν,</span> <span class='ocrx_word' id='word_1_783' title='bbox 1191 2348 1294 2374; x_wconf 62' lang='lat' dir='ltr'>August„</span> <span class='ocrx_word' id='word_1_784' title='bbox 1313 2347 1326 2368; x_wconf 86' lang='lat' dir='ltr'>l.</span> <span class='ocrx_word' id='word_1_785' title='bbox 1345 2347 1437 2375; x_wconf 71' lang='lat' dir='ltr'>Soliloq.</span> <span class='ocrx_word' id='word_1_786' title='bbox 1456 2353 1474 2369; x_wconf 65' lang='lat' dir='ltr'>c⁴</span> <span class='ocrx_word' id='word_1_787' title='bbox 1493 2348 1514 2368; x_wconf 76' lang='lat'>6.</span> <span class='ocrx_word' id='word_1_788' title='bbox 1533 2354 1554 2369; x_wconf 90' lang='lat' dir='ltr'>n.</span> <span class='ocrx_word' id='word_1_789' title='bbox 1575 2348 1608 2369; x_wconf 77' lang='lat'>12.</span> <span class='ocrx_word' id='word_1_790' title='bbox 1625 2354 1674 2376; x_wconf 82' lang='lat' dir='ltr'>seq.</span> <span class='ocrx_word' id='word_1_791' title='bbox 1694 2348 1751 2370; x_wconf 76' lang='lat' dir='ltr'>Vide</span> <span class='ocrx_word' id='word_1_792' title='bbox 1769 2350 1837 2371; x_wconf 84' lang='lat' dir='ltr'>etiam</span> <span class='ocrx_word' id='word_1_793' title='bbox 1850 2356 1885 2371; x_wconf 88' lang='lat' dir='ltr'>su-</span> 
     </span>
     <span class='ocr_line' id='line_1_106' title="bbox 1043 2385 1885 2416; baseline 0.006 -11"><span class='ocrx_word' id='word_1_794' title='bbox 1043 2390 1082 2411; x_wconf 82' lang='lat' dir='ltr'>pra</span> <span class='ocrx_word' id='word_1_795' title='bbox 1102 2385 1131 2406; x_wconf 86' lang='lat' dir='ltr'>lit.</span> <span class='ocrx_word' id='word_1_796' title='bbox 1149 2385 1256 2412; x_wconf 81' lang='lat' dir='ltr'>Magistri,</span> <span class='ocrx_word' id='word_1_797' title='bbox 1275 2385 1296 2406; x_wconf 90' lang='lat' dir='ltr'>d.</span> <span class='ocrx_word' id='word_1_798' title='bbox 1314 2385 1392 2406; x_wconf 78' lang='lat' dir='ltr'>xxm.</span> <span class='ocrx_word' id='word_1_799' title='bbox 1410 2391 1428 2407; x_wconf 83' lang='lat' dir='ltr'>c.</span> <span class='ocrx_word' id='word_1_800' title='bbox 1447 2386 1468 2407; x_wconf 79' lang='lat'>8.</span> <span class='ocrx_word' id='word_1_801' title='bbox 1487 2392 1534 2414; x_wconf 82' lang='lat' dir='ltr'>seq.</span> <span class='ocrx_word' id='word_1_802' title='bbox 1554 2398 1582 2401; x_wconf 75' lang='lat'>—</span> <span class='ocrx_word' id='word_1_803' title='bbox 1601 2386 1656 2408; x_wconf 78' lang='lat' dir='ltr'>Edd.</span> <span class='ocrx_word' id='word_1_804' title='bbox 1674 2386 1747 2409; x_wconf 73' lang='lat' dir='ltr'>vei-ho</span> <span class='ocrx_word' id='word_1_805' title='bbox 1763 2388 1885 2416; x_wconf 69' lang='lat' dir='ltr'>pervenire</span> 
     </span>
     <span class='ocr_line' id='line_1_107' title="bbox 1042 2423 1885 2453; baseline 0.005 -9"><span class='ocrx_word' id='word_1_806' title='bbox 1042 2424 1189 2450; x_wconf 85' lang='lat' dir='ltr'>praemittunt</span> <span class='ocrx_word' id='word_1_807' title='bbox 1206 2428 1320 2452; x_wconf 71' lang='lat' dir='ltr'>uuquam.</span> <span class='ocrx_word' id='word_1_808' title='bbox 1339 2423 1387 2445; x_wconf 77' lang='lat' dir='ltr'>Mox</span> <span class='ocrx_word' id='word_1_809' title='bbox 1401 2428 1452 2451; x_wconf 77' lang='lat' dir='ltr'>post</span> <span class='ocrx_word' id='word_1_810' title='bbox 1464 2423 1540 2453; x_wconf 68' lang='lat' dir='ltr'>diliyit</span> <span class='ocrx_word' id='word_1_811' title='bbox 1556 2431 1582 2446; x_wconf 60' lang='lat' dir='ltr'>cx</span> <span class='ocrx_word' id='word_1_812' title='bbox 1596 2424 1663 2446; x_wconf 83' lang='lat' dir='ltr'>codd.</span> <span class='ocrx_word' id='word_1_813' title='bbox 1681 2426 1726 2446; x_wconf 74' lang='grc' dir='ltr'>ΑΚ</span> <span class='ocrx_word' id='word_1_814' title='bbox 1745 2425 1885 2448; x_wconf 82' lang='lat' dir='ltr'>subiecimus</span> 
     </span>
     <span class='ocr_line' id='line_1_108' title="bbox 1042 2460 1124 2484; baseline -0.012 -1"><span class='ocrx_word' id='word_1_815' title='bbox 1042 2460 1124 2484; x_wconf 81' lang='lat' dir='ltr'>Deam.</span> 
     </span>
    </p>

    <p class='ocr_par' dir='ltr' id='par_1_30' title="bbox 1039 2498 1884 2604">
     <span class='ocr_line' id='line_1_109' title="bbox 1102 2498 1883 2531; baseline 0.008 -11"><span class='ocrx_word' id='word_1_816' title='bbox 1102 2498 1112 2513; x_wconf 77' lang='grc'>8</span> <span class='ocrx_word' id='word_1_817' title='bbox 1129 2499 1168 2520; x_wconf 82' lang='lat' dir='ltr'>llic</span> <span class='ocrx_word' id='word_1_818' title='bbox 1194 2505 1212 2521; x_wconf 89' lang='lat' dir='ltr'>c.</span> <span class='ocrx_word' id='word_1_819' title='bbox 1235 2500 1251 2521; x_wconf 92' lang='lat' dir='ltr'>l.</span> <span class='ocrx_word' id='word_1_820' title='bbox 1272 2500 1292 2521; x_wconf 87' lang='lat' dir='ltr'>ln</span> <span class='ocrx_word' id='word_1_821' title='bbox 1318 2501 1426 2523; x_wconf 80' lang='lat' dir='ltr'>sententia</span> <span class='ocrx_word' id='word_1_822' title='bbox 1453 2501 1552 2528; x_wconf 78' lang='lat' dir='ltr'>Magistri</span> <span class='ocrx_word' id='word_1_823' title='bbox 1576 2501 1628 2523; x_wconf 89' lang='lat' dir='ltr'>edd.</span> <span class='ocrx_word' id='word_1_824' title='bbox 1647 2508 1689 2529; x_wconf 85' lang='lat' dir='ltr'>pro</span> <span class='ocrx_word' id='word_1_825' title='bbox 1707 2508 1778 2531; x_wconf 72' lang='lat' dir='ltr'>qaam</span> <span class='ocrx_word' id='word_1_826' title='bbox 1795 2505 1883 2526; x_wconf 73' lang='lat' dir='ltr'>natura</span> 
     </span>
     <span class='ocr_line' id='line_1_110' title="bbox 1039 2537 1884 2572; baseline 0.006 -13"><span class='ocrx_word' id='word_1_827' title='bbox 1039 2537 1118 2567; x_wconf 78' lang='lat' dir='ltr'>praei!</span> <span class='ocrx_word' id='word_1_828' title='bbox 1145 2537 1311 2560; x_wconf 83' lang='lat' dir='ltr'>substituerunt</span> <span class='ocrx_word' id='word_1_829' title='bbox 1337 2538 1379 2561; x_wconf 80' lang='lat' dir='ltr'>sed</span> <span class='ocrx_word' id='word_1_830' title='bbox 1403 2538 1487 2561; x_wconf 77' lang='lat' dir='ltr'>merita</span> <span class='ocrx_word' id='word_1_831' title='bbox 1513 2541 1601 2562; x_wconf 73' lang='lat' dir='ltr'>natura</span> <span class='ocrx_word' id='word_1_832' title='bbox 1629 2540 1695 2568; x_wconf 73' lang='lat' dir='ltr'>[vat.</span> <span class='ocrx_word' id='word_1_833' title='bbox 1722 2541 1884 2572; x_wconf 67' lang='lat' dir='ltr'>naturaliler]</span> 
     </span>
     <span class='ocr_line' id='line_1_111' title="bbox 1041 2575 1124 2604; baseline 0 -6"><span class='ocrx_word' id='word_1_834' title='bbox 1041 2575 1124 2604; x_wconf 79' lang='lat' dir='ltr'>praeit.</span> 
     </span>
    </p>

    <p class='ocr_par' dir='ltr' id='par_1_31' title="bbox 1043 2614 1884 2721">
     <span class='ocr_line' id='line_1_112' title="bbox 1103 2614 1883 2646; baseline 0.006 -10"><span class='ocrx_word' id='word_1_835' title='bbox 1103 2614 1113 2628; x_wconf 77' lang='lat'>⁹</span> <span class='ocrx_word' id='word_1_836' title='bbox 1130 2614 1185 2643; x_wconf 84' lang='lat' dir='ltr'>Cap.</span> <span class='ocrx_word' id='word_1_837' title='bbox 1202 2615 1224 2636; x_wconf 86' lang='lat'>7.</span> <span class='ocrx_word' id='word_1_838' title='bbox 1243 2621 1263 2637; x_wconf 83' lang='lat' dir='ltr'>n.</span> <span class='ocrx_word' id='word_1_839' title='bbox 1281 2616 1303 2637; x_wconf 78' lang='lat'>2.</span> <span class='ocrx_word' id='word_1_840' title='bbox 1317 2616 1347 2637; x_wconf 79' lang='lat' dir='ltr'>De</span> <span class='ocrx_word' id='word_1_841' title='bbox 1360 2622 1455 2643; x_wconf 81' lang='lat' dir='ltr'>propos.</span> <span class='ocrx_word' id='word_1_842' title='bbox 1473 2622 1520 2645; x_wconf 82' lang='lat' dir='ltr'>seq.</span> <span class='ocrx_word' id='word_1_843' title='bbox 1533 2617 1573 2638; x_wconf 68' lang='lat' dir='ltr'>cfr.</span> <span class='ocrx_word' id='word_1_844' title='bbox 1585 2617 1641 2639; x_wconf 81' lang='lat' dir='ltr'>infra</span> <span class='ocrx_word' id='word_1_845' title='bbox 1660 2624 1682 2646; x_wconf 85' lang='lat' dir='ltr'>q.</span> <span class='ocrx_word' id='word_1_846' title='bbox 1701 2617 1726 2644; x_wconf 68' lang='grc' dir='ltr'>ὅς</span> <span class='ocrx_word' id='word_1_847' title='bbox 1740 2618 1761 2640; x_wconf 82' lang='lat' dir='ltr'>d.</span> <span class='ocrx_word' id='word_1_848' title='bbox 1775 2619 1812 2641; x_wconf 82' lang='lat'>27.</span> <span class='ocrx_word' id='word_1_849' title='bbox 1829 2625 1849 2641; x_wconf 85' lang='lat' dir='ltr'>a.</span> <span class='ocrx_word' id='word_1_850' title='bbox 1867 2620 1883 2641; x_wconf 90' lang='lat' dir='ltr'>l.</span> 
     </span>
     <span class='ocr_line' id='line_1_113' title="bbox 1043 2653 1884 2686; baseline 0.007 -12"><span class='ocrx_word' id='word_1_851' title='bbox 1043 2659 1065 2681; x_wconf 84' lang='lat' dir='ltr'>q.</span> <span class='ocrx_word' id='word_1_852' title='bbox 1087 2653 1104 2674; x_wconf 91' lang='grc'>1.</span> <span class='ocrx_word' id='word_1_853' title='bbox 1122 2657 1144 2675; x_wconf 86' lang='lat' dir='ltr'>et</span> <span class='ocrx_word' id='word_1_854' title='bbox 1160 2659 1229 2681; x_wconf 88' lang='lat' dir='ltr'>supra</span> <span class='ocrx_word' id='word_1_855' title='bbox 1247 2660 1267 2676; x_wconf 89' lang='lat' dir='ltr'>a.</span> <span class='ocrx_word' id='word_1_856' title='bbox 1291 2655 1308 2676; x_wconf 90' lang='grc'>1.</span> <span class='ocrx_word' id='word_1_857' title='bbox 1326 2661 1348 2683; x_wconf 87' lang='lat' dir='ltr'>q.</span> <span class='ocrx_word' id='word_1_858' title='bbox 1370 2655 1388 2676; x_wconf 92' lang='lat' dir='ltr'>l.</span> <span class='ocrx_word' id='word_1_859' title='bbox 1406 2655 1434 2677; x_wconf 87' lang='lat' dir='ltr'>ad</span> <span class='ocrx_word' id='word_1_860' title='bbox 1456 2655 1474 2677; x_wconf 72' lang='grc'>1,</span> <span class='ocrx_word' id='word_1_861' title='bbox 1488 2668 1516 2670; x_wconf 91' lang='grc'><strong>-</strong></span> <span class='ocrx_word' id='word_1_862' title='bbox 1529 2656 1577 2677; x_wconf 79' lang='lat' dir='ltr'>lllox</span> <span class='ocrx_word' id='word_1_863' title='bbox 1595 2662 1638 2684; x_wconf 85' lang='lat' dir='ltr'>pro</span> <span class='ocrx_word' id='word_1_864' title='bbox 1650 2656 1738 2686; x_wconf 74' lang='lat' dir='ltr'>cliriyat</span> <span class='ocrx_word' id='word_1_865' title='bbox 1754 2663 1798 2679; x_wconf 90' lang='lat' dir='ltr'>non</span> <span class='ocrx_word' id='word_1_866' title='bbox 1817 2659 1884 2686; x_wconf 80' lang='lat' dir='ltr'>pauci</span> 
     </span>
     <span class='ocr_line' id='line_1_114' title="bbox 1043 2691 1214 2721; baseline 0.006 -8"><span class='ocrx_word' id='word_1_867' title='bbox 1043 2691 1110 2714; x_wconf 84' lang='lat' dir='ltr'>codd.</span> <span class='ocrx_word' id='word_1_868' title='bbox 1127 2691 1214 2721; x_wconf 54' lang='lat' dir='ltr'>dirigit.</span> 
     </span>
    </p>

    <p class='ocr_par' dir='ltr' id='par_1_32' title="bbox 1106 2731 1379 2760">
     <span class='ocr_line' id='line_1_115' title="bbox 1106 2731 1379 2760; baseline 0.007 -7"><span class='ocrx_word' id='word_1_869' title='bbox 1106 2731 1124 2746; x_wconf 90' lang='lat'>¹⁰</span> <span class='ocrx_word' id='word_1_870' title='bbox 1141 2732 1197 2754; x_wconf 87' lang='lat' dir='ltr'>Edd.</span> <span class='ocrx_word' id='word_1_871' title='bbox 1215 2733 1323 2760; x_wconf 66' lang='lat' dir='ltr'>suppli-nt</span> <span class='ocrx_word' id='word_1_872' title='bbox 1340 2734 1379 2755; x_wconf 80' lang='lat' dir='ltr'>est.</span> 
     </span>
    </p>

    <p class='ocr_par' dir='ltr' id='par_1_33' title="bbox 1042 2769 1882 2842">
     <span class='ocr_line' id='line_1_116' title="bbox 1105 2769 1881 2803; baseline 0.006 -12"><span class='ocrx_word' id='word_1_873' title='bbox 1105 2769 1121 2784; x_wconf 85' lang='lat'>¹¹</span> <span class='ocrx_word' id='word_1_874' title='bbox 1141 2770 1204 2792; x_wconf 78' lang='lat' dir='ltr'>Vers,</span> <span class='ocrx_word' id='word_1_875' title='bbox 1223 2771 1243 2792; x_wconf 80' lang='grc'>6.</span> <span class='ocrx_word' id='word_1_876' title='bbox 1261 2771 1339 2793; x_wconf 80' lang='lat' dir='ltr'>Glossa</span> <span class='ocrx_word' id='word_1_877' title='bbox 1358 2771 1491 2799; x_wconf 79' lang='lat' dir='ltr'>(ordinaria</span> <span class='ocrx_word' id='word_1_878' title='bbox 1509 2772 1571 2799; x_wconf 81' lang='lat' dir='ltr'>apud</span> <span class='ocrx_word' id='word_1_879' title='bbox 1589 2773 1696 2795; x_wconf 82' lang='lat' dir='ltr'>Strabum</span> <span class='ocrx_word' id='word_1_880' title='bbox 1714 2776 1735 2795; x_wconf 83' lang='lat' dir='ltr'>et</span> <span class='ocrx_word' id='word_1_881' title='bbox 1753 2774 1881 2803; x_wconf 62' lang='lat' dir='ltr'>Lyranuin)</span> 
     </span>
     <span class='ocr_line' id='line_1_117' title="bbox 1042 2810 1882 2842; baseline 0.006 -12"><span class='ocrx_word' id='word_1_882' title='bbox 1042 2812 1116 2831; x_wconf 85' lang='lat' dir='ltr'>sumta</span> <span class='ocrx_word' id='word_1_883' title='bbox 1134 2811 1167 2831; x_wconf 87' lang='lat' dir='ltr'>est</span> <span class='ocrx_word' id='word_1_884' title='bbox 1191 2815 1217 2831; x_wconf 76' lang='lat' dir='ltr'>ex</span> <span class='ocrx_word' id='word_1_885' title='bbox 1242 2810 1345 2837; x_wconf 58' lang='lat' dir='ltr'>Gregor„</span> <span class='ocrx_word' id='word_1_886' title='bbox 1369 2810 1470 2832; x_wconf 76' lang='lat' dir='ltr'>XXXlll.</span> <span class='ocrx_word' id='word_1_887' title='bbox 1498 2811 1573 2833; x_wconf 73' lang='lat' dir='ltr'>llloral.</span> <span class='ocrx_word' id='word_1_888' title='bbox 1599 2817 1617 2833; x_wconf 86' lang='lat' dir='ltr'>c.</span> <span class='ocrx_word' id='word_1_889' title='bbox 1640 2812 1672 2833; x_wconf 73' lang='lat'>12.</span> <span class='ocrx_word' id='word_1_890' title='bbox 1691 2818 1711 2833; x_wconf 89' lang='lat' dir='ltr'>n.</span> <span class='ocrx_word' id='word_1_891' title='bbox 1730 2812 1771 2840; x_wconf 69' lang='lat'>24,</span> <span class='ocrx_word' id='word_1_892' title='bbox 1789 2812 1818 2835; x_wconf 79' lang='lat' dir='ltr'>de</span> <span class='ocrx_word' id='word_1_893' title='bbox 1835 2820 1882 2842; x_wconf 83' lang='lat' dir='ltr'>quo</span> 
     </span>
    </p>
   </div>
   <div class='ocr_carea' id='block_1_16' title="bbox 1032 2847 1883 2879">
    <p class='ocr_par' dir='ltr' id='par_1_34' title="bbox 1032 2847 1883 2879">
     <span class='ocr_line' id='line_1_118' title="bbox 1032 2847 1883 2879; baseline 0.007 -11"><span class='ocrx_word' id='word_1_894' title='bbox 1032 2847 1096 2879; x_wconf 33' lang='lat' dir='ltr'>‚vide</span> <span class='ocrx_word' id='word_1_895' title='bbox 1114 2852 1167 2869; x_wconf 65' lang='lat' dir='ltr'>tom⁴</span> <span class='ocrx_word' id='word_1_896' title='bbox 1185 2847 1208 2869; x_wconf 93' lang='lat' dir='ltr'>ll.</span> <span class='ocrx_word' id='word_1_897' title='bbox 1226 2854 1278 2875; x_wconf 63' lang='lat' dir='ltr'>pag⁴</span> <span class='ocrx_word' id='word_1_898' title='bbox 1297 2848 1349 2875; x_wconf 75' lang='lat'>992,</span> <span class='ocrx_word' id='word_1_899' title='bbox 1368 2852 1418 2870; x_wconf 85' lang='lat' dir='ltr'>nota</span> <span class='ocrx_word' id='word_1_900' title='bbox 1436 2849 1458 2871; x_wconf 81' lang='lat'>7.</span> <span class='ocrx_word' id='word_1_901' title='bbox 1477 2862 1505 2865; x_wconf 94' lang='lat'>—</span> <span class='ocrx_word' id='word_1_902' title='bbox 1523 2850 1554 2871; x_wconf 91' lang='lat' dir='ltr'>De</span> <span class='ocrx_word' id='word_1_903' title='bbox 1572 2849 1672 2878; x_wconf 77' lang='lat' dir='ltr'>minori,</span> <span class='ocrx_word' id='word_1_904' title='bbox 1700 2857 1759 2879; x_wconf 82' lang='lat' dir='ltr'>quae</span> <span class='ocrx_word' id='word_1_905' title='bbox 1785 2852 1883 2874; x_wconf 74' lang='lat' dir='ltr'>insinua-</span> 
     </span>
    </p>
   </div>
   <div class='ocr_carea' id='block_1_17' title="bbox 1042 2881 1882 2951">
    <p class='ocr_par' dir='ltr' id='par_1_35' title="bbox 1042 2881 1882 2951">
     <span class='ocr_line' id='line_1_119' title="bbox 1043 2881 1882 2915; baseline 0.006 -8"><span class='ocrx_word' id='word_1_906' title='bbox 1043 2888 1079 2907; x_wconf 90' lang='lat' dir='ltr'>tur</span> <span class='ocrx_word' id='word_1_907' title='bbox 1096 2885 1125 2907; x_wconf 84' lang='lat' dir='ltr'>ab</span> <span class='ocrx_word' id='word_1_908' title='bbox 1142 2886 1245 2913; x_wconf 63' lang='lat' dir='ltr'>August„</span> <span class='ocrx_word' id='word_1_909' title='bbox 1263 2886 1316 2908; x_wconf 76' lang='lat' dir='ltr'>vide</span> <span class='ocrx_word' id='word_1_910' title='bbox 1333 2893 1402 2914; x_wconf 84' lang='lat' dir='ltr'>supra</span> <span class='ocrx_word' id='word_1_911' title='bbox 1421 2894 1474 2915; x_wconf 82' lang='lat' dir='ltr'>pag.</span> <span class='ocrx_word' id='word_1_912' title='bbox 1497 2888 1554 2915; x_wconf 76' lang='lat'>333,</span> <span class='ocrx_word' id='word_1_913' title='bbox 1568 2881 1624 2910; x_wconf 74' lang='lat' dir='ltr'>¹nota</span> <span class='ocrx_word' id='word_1_914' title='bbox 1651 2889 1671 2910; x_wconf 76' lang='lat'>3.</span> <span class='ocrx_word' id='word_1_915' title='bbox 1697 2901 1726 2904; x_wconf 95' lang='lat'>——</span> <span class='ocrx_word' id='word_1_916' title='bbox 1744 2890 1813 2911; x_wconf 83' lang='lat' dir='ltr'>Paulo</span> <span class='ocrx_word' id='word_1_917' title='bbox 1830 2891 1882 2913; x_wconf 80' lang='lat' dir='ltr'>inte-</span> 
     </span>
     <span class='ocr_line' id='line_1_120' title="bbox 1042 2923 1589 2951; baseline 0.005 -6"><span class='ocrx_word' id='word_1_918' title='bbox 1042 2925 1090 2946; x_wconf 90' lang='lat' dir='ltr'>rius</span> <span class='ocrx_word' id='word_1_919' title='bbox 1107 2930 1149 2951; x_wconf 87' lang='lat' dir='ltr'>pro</span> <span class='ocrx_word' id='word_1_920' title='bbox 1166 2923 1273 2947; x_wconf 66' lang='lat' dir='ltr'>ordinem</span> <span class='ocrx_word' id='word_1_921' title='bbox 1291 2925 1343 2947; x_wconf 73' lang='lat' dir='ltr'>cod.</span> <span class='ocrx_word' id='word_1_922' title='bbox 1361 2925 1391 2947; x_wconf 85' lang='lat' dir='ltr'>hh</span> <span class='ocrx_word' id='word_1_923' title='bbox 1409 2925 1589 2948; x_wconf 66' lang='lat' dir='ltr'>ordinationem.</span> 
     </span>
    </p>
   </div>
   <div class='ocr_carea' id='block_1_18' title="bbox 1903 1015 2018 1057">
    <p class='ocr_par' dir='ltr' id='par_1_36' title="bbox 1903 1015 2018 1057">
     <span class='ocr_line' id='line_1_121' title="bbox 1903 1015 2018 1039; baseline 0.009 -6"><span class='ocrx_word' id='word_1_924' title='bbox 1903 1015 1931 1033; x_wconf 75' lang='lat' dir='ltr'>Ad</span> <span class='ocrx_word' id='word_1_925' title='bbox 1945 1016 2018 1039; x_wconf 81' lang='lat' dir='ltr'>opposi-</span> 
     </span>
     <span class='ocr_line' id='line_1_122' title="bbox 1938 1040 1981 1057; baseline 0 -1"><span class='ocrx_word' id='word_1_926' title='bbox 1938 1040 1981 1057; x_wconf 85' lang='lat' dir='ltr'>tum.</span> 
     </span>
    </p>
   </div>
  </div>
 </body>
</html>
