2166 3366
20 1264 60 1284 Duo
74 1264 98 1283 ad
115 1264 135 1282 fi-

20 1288 61 1307 dem
73 1288 134 1312 requi-

20 1313 92 1330 rantur.

26 1405 103 1424 atoriale
117 1406 135 1423 et

20 1427 96 1447 soi-malo
116 1428 134 1446 iu

19 1451 62 1471 fide.

11 1870 104 1890 :onclusio
117 1871 133 1890 1.

9 2243 104 2263 :unctusio
116 2245 133 2263 -3,

746 198 827 226 DIST.
850 198 936 226 XXIII.
958 197 1030 227 ΛΒΤ.
1053 198 1082 226 II.
1105 197 1239 234 QUAEST.
1263 197 1290 225 II.

149 284 213 305 cnm
236 276 347 305 habitus
376 276 457 305 infusi
481 276 518 305 ita
546 276 729 305 infundantur
750 276 891 313 parvulis,
921 276 992 305 sicut

149 323 268 357 adultis,
294 323 331 352 ita
357 324 410 352 erit
439 323 552 352 habitus
573 323 636 352 fidei
667 323 792 352 informis
820 324 846 351 in
874 323 991 360 parvulo

149 369 299 407 baptizato,
321 369 392 398 sicut
412 374 453 398 est
476 370 502 398 in
523 370 679 398 ChristIano
701 370 755 398 iam
777 372 920 407 provecto;
942 369 989 398 sed

150 416 176 445 in
197 415 353 445 Christiano
369 416 423 445 iam
439 420 583 453 provecto,
605 418 626 445 si
649 420 744 453 peccet
764 417 933 451 mortaliter,
954 416 992 445 ni-

149 463 301 491 hilominus
323 466 414 491 tannen
436 466 561 492 remanet
584 463 609 491 in
631 471 663 492 eo
679 464 748 492 fides
770 464 910 497 informis,
932 466 991 492 esto

149 510 222 547 quod
245 509 314 538 nibil
335 509 410 538 ultra
430 509 573 538 addiscat:
596 518 662 546 ergo
684 510 743 546 pari
766 510 871 538 ratione
893 517 993 547 parvu-

149 557 209 592 lus,
231 557 252 585 si
274 560 382 593 peccet,
398 564 462 585 cum
484 556 519 585 ad
540 556 665 585 adultam
680 560 797 585 aetatem
821 557 991 594 pervenerit,

148 603 231 632 fidem
256 603 401 632 informem
417 602 545 634 habebit,
561 602 582 631 si
597 603 604 618 ¹
629 603 694 631 nihil
710 603 745 631 ab
766 603 828 631 aliis
843 603 991 636 doceatur;

147 654 174 679 et
194 650 246 679 hoc
261 653 302 678 est
318 649 461 678 manifeste
482 649 600 682 falsum,
622 650 688 686 quia
708 650 731 678 si
754 650 818 678 talis
840 653 991 687 poneretur

149 696 220 726 inter
247 696 411 731 Saracenos,
432 699 581 733 antequam
610 696 715 733 aliquid
743 696 900 730 didicisset,
922 696 991 725 nihil

147 744 212 782 plus
233 743 348 772 haberet
369 743 404 772 de
425 743 498 777 fide,
520 751 604 780 quam
626 743 648 771 si
670 751 814 780 nunquam
836 744 992 781 baptizatus

148 791 253 820 fuisset.

463 892 672 913 CONCLUSIO.

169 979 254 1009 Fides
275 978 414 1016 informis
435 978 533 1016 quoad
552 986 642 1006 suum
662 977 806 1015 formale,
828 983 853 1007 ct
874 983 906 1007 ut
931 984 973 1008 est

194 1025 303 1058 virtus,
318 1028 358 1053 est
372 1024 479 1053 donum
496 1024 629 1052 diuinum
645 1027 670 1052 et
685 1022 801 1052 habitus
817 1024 944 1061 infimus.

227 1109 401 1147 nespommo:
424 1117 462 1146 Ad
484 1117 690 1154 praedictorum
714 1117 921 1154 intelligentiam
950 1122 991 1146 est

148 1165 317 1199 notandum,
338 1165 412 1202 quod
435 1172 499 1193 cum
521 1164 652 1197 credere,
683 1165 754 1193 sicut
780 1165 846 1193 dicit
867 1165 992 1201 Augusti-

147 1220 201 1241 nus
213 1212 232 1246 2,
254 1212 290 1241 sit
315 1213 460 1248 «cogitare
481 1219 545 1240 cum
567 1211 767 1245 assensione»,
789 1211 824 1240 ad
844 1212 895 1239 hoc
916 1212 991 1248 quod

147 1259 260 1288 habitus
281 1258 345 1287 fidei
365 1258 445 1295 plene
460 1261 486 1286 ct
508 1257 617 1294 intefyrc
637 1257 788 1291 habeatnr,
811 1266 921 1286 necesse
937 1262 990 1288 est.

147 1306 222 1343 quod
244 1305 400 1334 intellectus
421 1306 592 1333 instruatur
607 1304 642 1333 de
664 1304 858 1333 credibilibus.
880 1308 910 1333 ut
933 1313 992 1342 pos·

148 1352 183 1381 sit
204 1352 251 1380 illa
272 1353 407 1388 cogitare,
429 1354 456 1380 et
479 1351 651 1384 inclinetur,
674 1354 704 1379 ut
726 1351 812 1388 possit
828 1351 882 1379 illis
901 1359 991 1380 assen-

148 1398 215 1431 tire;
237 1401 264 1428 et
285 1398 407 1435 primum
430 1398 544 1435 quidem
566 1401 607 1426 est
628 1397 781 1426 materiale
801 1397 827 1425 in
858 1398 929 1429 lide.
953 1406 991 1427 se-

148 1445 271 1474 cundum
295 1453 361 1474 vero
382 1447 423 1473 est
448 1443 594 1481 formale,
623 1447 650 1473 et
670 1447 825 1481 utrumque
853 1445 992 1481 reperitur

147 1495 202 1521 tam
226 1492 252 1520 in
274 1491 329 1520 fide
350 1490 475 1528 informi
502 1498 586 1528 quam
609 1491 636 1519 in
659 1491 713 1519 fide
741 1490 874 1528 formata
887 1492 905 1519 ¹⁵.
934 1491 990 1519 Non

146 1538 220 1567 enim
242 1538 344 1567 dicitur
359 1537 512 1575 informis,
527 1537 593 1575 quia
614 1540 707 1567 careat
721 1538 802 1566 omni
822 1538 925 1572 forma,
941 1539 989 1567 sed

147 1585 212 1623 quia
233 1588 309 1614 caret
329 1585 419 1613 forma
437 1584 556 1622 qratiac
577 1587 687 1621 gratum
711 1585 843 1613 facientis.

225 1632 295 1661 Cum
323 1640 389 1669 ergo
417 1632 578 1669 quaeritur,
608 1635 703 1660 utrum
734 1631 803 1660 fides
825 1633 859 1661 sit
881 1632 991 1661 habitus

146 1679 323 1718 acquisitus,
346 1679 389 1708 vel
412 1678 546 1717 infusus,-
563 1679 787 1716 respondendum
810 1683 863 1709 est.
879 1680 951 1716 quod
969 1680 990 1708 si

146 1725 296 1763 loquamur
317 1725 352 1754 de
375 1725 428 1754 fide
450 1729 586 1762 quantum
608 1726 642 1754 ad
660 1725 729 1754 illud
751 1726 825 1763 quod
844 1730 885 1754 est
906 1731 992 1754 male-

146 1772 222 1801 rz'ale
237 1772 264 1800 in
286 1780 334 1807 ea,
349 1772 478 1801 videlicet
492 1775 628 1809 quantum
650 1772 685 1801 ad
701 1773 885 1809 cognitionem
902 1772 990 1806 illam,

147 1827 202 1857 qua
223 1819 432 1856 cognoscimus,
447 1819 494 1856 qui
516 1822 581 1848 sunt
596 1819 706 1848 articuli
729 1819 810 1851 fidei.
833 1823 859 1847 et
874 1820 990 1853 scimus,

152 1876 165 1891 «
180 1865 247 1903 quid
262 1868 304 1894 est
318 1865 393 1902 quod
416 1873 465 1902 per
481 1873 580 1894 nomen
602 1865 705 1894 dicitur
718 1866 726 1878 ⁴
742 1876 768 1893 »ς
785 1866 824 1894 sic
843 1865 993 1894 conceden-

147 1912 215 1941 dum
237 1914 293 1947 est,
315 1912 389 1949 quod
406 1911 475 1941 fides
496 1915 538 1941 est
560 1919 609 1949 per
623 1912 760 1940 auditum
782 1916 808 1941 et
823 1920 872 1948 per
894 1912 990 1949 aequi-

146 1958 280 1987 sitionem
308 1958 462 1988 secundum
486 1958 574 1995 legem
603 1966 790 1987 commulnem.
812 1959 896 1987 Nemo
917 1958 990 1987 enim

147 2005 213 2040 scit,
234 2005 280 2043 qui
303 2008 330 2034 et
350 2008 418 2043 quot
439 2005 494 2034 sint
513 2005 624 2034 articuli
647 2005 724 2040 fidei,
747 2006 799 2034 nisi
814 2005 941 2034 didicerit.
956 2005 991 2033 le-

147 2052 237 2089 gendo
258 2052 302 2080 vel
316 2052 473 2086 audiendo,
494 2052 545 2081 nisi
562 2052 631 2081 forte
653 2052 704 2081 hoc
720 2053 820 2081 habeat
839 2060 887 2089 per
910 2051 992 2088 privi-

148 2099 252 2136 legium
274 2099 402 2137 speciale.

226 2147 253 2175 Si
268 2150 361 2175 autem
378 2147 526 2184 loquamur
538 2147 572 2176 de
587 2146 642 2175 fide
656 2150 792 2184 quantum
806 2146 840 2175 ad
855 2145 990 2183 fomuale,

148 2192 276 2221 videlicet
296 2196 432 2229 quantum
453 2193 488 2221 ad
511 2192 580 2221 illud
602 2193 677 2230 quod
693 2192 757 2221 tacit
777 2192 929 2225 assentire;
952 2191 990 2220 sic

148 2238 296 2268 dicendum
312 2242 369 2274 est,
391 2239 465 2276 quod
487 2240 632 2277 quaedam
649 2239 717 2268 fides
739 2239 865 2267 informis
885 2242 926 2267 est
941 2247 990 2275 per

147 2285 385 2323 acquisitionem,
407 2285 552 2323 quaedam
570 2293 621 2322 per
636 2284 822 2323 infusionem.
845 2285 911 2313 Nam
933 2284 991 2321 qui-

147 2331 211 2360 dam
233 2332 388 2361 assentiunt
409 2332 518 2361 veritati
539 2332 666 2366 auditae,
689 2332 761 2361 moti
778 2332 909 2360 humana
927 2340 991 2368 per-

146 2378 300 2412 suasione,
319 2381 414 2415 utpote
434 2382 549 2416 propter
563 2386 688 2408 amorem
709 2381 736 2408 et
751 2378 937 2407 reverentiam
952 2377 990 2406 di-

147 2425 249 2460 centis,
271 2425 314 2454 vel
335 2429 450 2463 propter
470 2425 606 2454 miracula
622 2425 641 2460 ⁵,
663 2426 707 2454 vel
735 2428 849 2463 propter
870 2425 990 2453 rationes

210 2566 217 2580 1
236 2566 292 2589 Edd.
310 2572 354 2588 non
372 2566 431 2588 hene
447 2565 518 2589 eliam
529 2566 556 2588 si.
574 2566 622 2588 Mox
636 2573 677 2594 pro
689 2568 711 2589 et
722 2566 765 2590 hoc
782 2567 849 2589 codd.
867 2568 884 2588 A
895 2568 913 2589 K
924 2567 939 2588 Z
951 2566 991 2589 secl

149 2604 204 2632 Itoc,·
222 2606 244 2627 iu
263 2605 307 2627 tine
324 2611 372 2632 arg.
390 2611 432 2632 pro
449 2604 530 2633 fuisset
548 2605 598 2627 cod.
617 2605 634 2627 Α
652 2606 718 2628 esset.

210 2643 219 2657 ²
236 2643 268 2665 De
286 2643 398 2666 Praedest.
416 2644 518 2665 Sanctor.
536 2649 554 2665 c.
573 2644 593 2666 2.
612 2650 633 2665 n.
646 2643 667 2665 5.
680 2644 762 2666 —Pro
774 2644 908 2667 assensione
920 2643 987 2666 codd.

148 2682 263 2704 ΑΗΙΝΖ
280 2685 302 2704 et
318 2682 366 2709 aiii,
384 2682 443 2704 sicut
459 2688 542 2709 supra,
560 2687 613 2709 pag.
636 2681 691 2709 474,
714 2687 765 2705 nota
792 2684 809 2711 l,
832 2684 877 2705 iam
900 2683 987 2705 monui-

148 2727 213 2748 mus,
230 2719 365 2743 assertione.

210 2758 219 2773 3
236 2758 281 2781 cfr.
298 2765 368 2787 supra
386 2765 405 2780 a.
424 2759 444 2780 1.
462 2765 484 2787 q.
503 2759 523 2780 2.
542 2759 563 2780 in
581 2764 644 2786 corp.
662 2759 694 2781 De
715 2765 763 2788 seq.
788 2766 880 2788 propos.
903 2760 943 2782 etr.
965 2759 987 2782 d.

149 2798 185 2820 36.
203 2805 224 2827 q.
243 2798 264 2820 6.
281 2810 312 2814 -
328 2797 430 2820 Subinde
452 2800 502 2819 ante
523 2796 631 2826 informis
654 2798 721 2819 codd.
745 2798 818 2820 AKZ
830 2798 860 2820 bb
881 2799 989 2826 supplent

146 2836 215 2867 fides,
234 2840 256 2859 et
272 2837 375 2864 proxime
392 2838 444 2864 post
461 2842 503 2863 pro
520 2835 576 2865 quia
597 2837 678 2859 careat
699 2836 765 2858 codd.
788 2837 860 2859 AGU
883 2837 988 2859 exhibent

148 2875 203 2905 quia
220 2876 291 2899 caret.
309 2876 358 2897 Mox
376 2881 418 2903 pro
434 2874 475 2897 sed
491 2874 546 2904 quin
564 2875 630 2897 caret
640 2874 692 2896 cdd.
706 2880 758 2896 cum
772 2881 815 2897 non
829 2876 908 2903 pani-is
920 2875 987 2898 codd.

148 2913 188 2937 sed
204 2913 260 2943 quia
276 2915 362 2937 careal.

211 2952 219 2966 *¹
237 2953 275 2974 His
291 2952 369 2974 verbis
385 2953 486 2980 Aristot.‚
505 2953 526 2974 ll.
546 2952 629 2975 Poster.
648 2958 666 2974 c.
680 2952 700 2974 7.
714 2956 735 2975 et
756 2952 788 2974 lO.
801 2952 835 2980 (c.
848 2953 891 2980 9.),
904 2952 989 2975 deseri-

148 2990 181 3012 hit
198 2991 244 3012 vim
261 2990 402 3021 definitionis
418 2991 551 3014 nominalis.

1832 198 1884 227 491

1048 278 1075 304 et
1095 278 1275 312 argumenta;
1304 278 1331 304 et
1353 275 1415 304 talis
1443 275 1512 304 fides
1533 278 1575 304 est
1602 275 1773 312 simpliciter
1794 276 1891 313 acqui·
1905 286 2002 304 «nanum
2015 286 2032 304 a.

1047 322 1106 351 sita
1128 330 1176 351 nec
1198 322 1315 350 dicenda
1330 325 1372 351 est
1395 322 1497 351 habere
1520 323 1653 351 rationem
1669 322 1805 356 virtutis,
1827 323 1893 360 quia

1048 369 1153 398 nullius
1174 371 1216 397 est
1248 369 1350 405 vigoris
1380 377 1429 397 nec
1458 369 1582 403 roboris,
1607 369 1716 398 sublata
1738 369 1772 398 de
1802 369 1893 398 medlo

1049 415 1107 452 ipsa
1136 416 1259 443 humana
1287 415 1402 444 ratione.
1418 432 1456 435 —
1477 415 1595 452 Quidam
1622 419 1715 444 autem
1738 416 1893 445 assentiunt

1049 462 1156 491 veritati
1180 461 1242 490 fidei
1263 466 1383 499 propter
1405 462 1538 490 (livinum
1560 462 1802 495 illustrationem,
1822 463 1894 491 sicut

1049 509 1087 538 illi
1109 509 1156 546 qui
1183 509 1340 537 innituntur
1362 509 1468 545 primae
1497 509 1609 537 Veritati
1632 517 1717 546 super
1746 509 1839 538 omnia
1867 513 1894 538 et

1048 560 1162 593 propter
1177 564 1222 590 se,
1244 556 1315 584 sicut
1331 556 1410 584 multi
1433 556 1594 590 Christiani,
1609 556 1657 592 qui
1679 557 1822 585 caritatem
1838 564 1892 585 non

1049 603 1165 638 habent;
1187 607 1214 632 et
1237 603 1261 631 in
1285 603 1387 632 talibus
1409 603 1479 632 fides
1500 607 1541 632 est
1559 612 1613 640 per
1635 603 1821 640 inlusionem.
1845 604 1893 632 Vo-

1049 650 1169 679 luntarie
1190 649 1263 678 enim
1289 650 1461 683 assentiunt.
1490 650 1690 679 concomitante
1719 650 1813 679 divina
1834 650 1894 679 illu-

1048 697 1216 730 minatione,
1246 696 1462 729 illuminatione,
1494 698 1620 733 inqnam.
1654 704 1725 733 quae
1759 697 1893 726 rationem

1048 743 1138 772 elevat
1159 743 1186 772 in
1209 743 1252 772 his
1273 751 1345 780 quae
1367 746 1431 771 sunt
1453 751 1539 779 supra
1563 743 1659 780 ipsam.
1674 744 1799 772 —Unde
1822 744 1892 773 sicut
1906 753 1970 770 snm

1049 790 1278 819 illuminationem
1301 790 1336 818 ad
1358 789 1465 827 futura
1478 791 1751 827 praeeouqltoscemltt
1774 791 1893 819 dicimus

1048 844 1108 866 esse
1137 837 1255 865 infusam
1286 840 1400 874 propter
1428 837 1495 869 hoc,
1524 837 1598 874 quod
1623 837 1647 865 in
1679 838 1737 874 ipsa
1765 838 1892 866 elevatur

1047 884 1140 912 anima
1160 891 1246 921 supra
1268 892 1299 912 ea
1327 892 1399 921 quae
1420 887 1486 912 sunt
1506 884 1530 913 ei
1560 884 1713 918 naturalia;
1736 885 1774 913 sic
1797 885 1894 913 intelli-

1048 930 1169 967 gendum
1192 933 1233 960 est
1254 931 1336 960 etiam
1364 931 1390 959 in
1412 934 1491 968 parte
1514 931 1564 959 ista
1579 931 1596 958 ⁶.
1618 947 1657 951 —
1677 931 1891 960 eoncedendum

1048 980 1089 1006 est
1110 977 1209 1014 igitur,
1231 977 1314 1007 fidem
1338 978 1503 1009 informem.
1526 978 1681 1006 secundum
1703 978 1778 1015 quod
1803 979 1892 1007 virtus

1047 1028 1104 1059 est,
1119 1033 1179 1053 esse
1194 1025 1298 1054 donum
1320 1025 1454 1054 divinitus
1475 1025 1606 1053 collatum
1627 1028 1654 1053 et
1675 1025 1800 1054 habitum
1823 1025 1892 1054 insu-

1047 1079 1119 1100 sum.
1142 1072 1217 1100 Unde
1245 1072 1437 1101 concedendae
1458 1075 1523 1101 sunt
1551 1072 1632 1101 etiam
1657 1072 1791 1103 rationes.
1819 1080 1891 1109 quae

1048 1118 1100 1147 hoc
1122 1118 1280 1147 ostendunt.

1130 1165 1152 1192 l.
1175 1165 1211 1192 Ad
1235 1164 1303 1193 illud
1325 1173 1392 1202 ergo
1412 1166 1486 1203 quod
1510 1166 1601 1203 primo
1629 1166 1760 1195 obiicitur
1783 1166 1809 1194 in
1832 1174 1893 1195 con-

1049 1211 1183 1245 trarium,
1199 1212 1271 1248 quod
1289 1211 1358 1241 fides
1379 1216 1420 1242 est
1434 1221 1470 1242 ex
1492 1213 1605 1247 auditu;
1628 1213 1795 1245 dicendum,
1818 1214 1892 1251 quod

1049 1257 1118 1286 illud
1140 1257 1243 1286 dicitur
1258 1258 1293 1286 de
1315 1259 1385 1293 fide,
1407 1267 1460 1287 non
1477 1260 1582 1288 ratione
1604 1260 1664 1289 eius
1682 1260 1755 1297 quod
1779 1259 1893 1297 estfer-

1048 1303 1124 1332 male
1137 1308 1164 1332 et
1179 1305 1393 1342 completivum,
1415 1306 1463 1334 sed
1479 1306 1584 1335 ratione
1606 1307 1667 1335 eius
1688 1307 1762 1344 quod
1779 1310 1820 1336 est
1834 1315 1895 1336 ma-

1049 1350 1163 1384 teriale,
1185 1354 1280 1388 utpote
1296 1352 1401 1381 ratione
1424 1352 1498 1381 illius
1520 1353 1698 1389 cognitionis,
1721 1362 1776 1390 qua
1797 1362 1895 1390 cogno-

1048 1397 1135 1426 scitur
1149 1397 1167 1432 7,
1194 1398 1289 1435 «quid
1314 1401 1356 1427 est
1377 1399 1452 1435 quod
1468 1407 1517 1436 per
1532 1407 1632 1428 nomen
1654 1400 1757 1429 dicitur
1772 1412 1799 1434 »,
1821 1408 1893 1437 quae

1048 1444 1233 1473 communiter
1255 1453 1309 1473 non
1339 1445 1457 1474 habetur
1489 1454 1539 1475 nec
1568 1446 1594 1474 in
1617 1446 1671 1475 fide
1697 1447 1815 1475 Iormata
1843 1455 1893 1476 nec

1906 613 1943 630 (jun

1906 1173 1942 1190 soi»

1907 1202 1945 1218 pusi

1908 1270 2022 1288 Notandum.

1946 614 2003 630 elusio
2018 613 2025 630 'i

1945 1173 1977 1190 itio
1991 1180 2014 1195 01.

1949 1198 2015 1213 inrum.

1049 1490 1076 1518 in
1098 1491 1208 1519 informi
1231 1491 1281 1519 nisi
1308 1500 1362 1528 per
1383 1492 1615 1530 acquisitionem.
1636 1510 1674 1514 —-
1695 1493 1779 1522 Aliter
1807 1494 1909 1522 etiam.
1930 1510 1961 1521 ..η

1048 1538 1160 1566 videtur
1188 1539 1329 1576 aliquibus
1357 1547 1417 1568 esse
1440 1539 1607 1575 dicendum,
1632 1541 1707 1577 quod
1736 1541 1806 1569 illud
1835 1549 1893 1570 ver-

1049 1585 1114 1613 bum
1137 1586 1256 1622 Apostoli
1281 1586 1443 1623 Intelligitur
1472 1587 1507 1616 de
1528 1587 1583 1616 fide
1605 1587 1734 1622 informi,
1756 1596 1828 1625 quae
1857 1588 1895 1616 in-

1048 1632 1145 1661 nititur
1168 1632 1316 1662 humanae
1344 1634 1472 1667 rationi,
1498 1642 1570 1671 quae
1599 1635 1713 1671 quidem
1735 1643 1788 1664 non
1810 1635 1893 1664 habet

1048 1679 1075 1707 in
1091 1686 1120 1707 se
1136 1679 1269 1708 rationem
1290 1680 1409 1708 virtutis.
1425 1681 1476 1709 Sed
1493 1681 1600 1717 primus
1616 1682 1716 1710 modus
1728 1682 1837 1711 dicendi
1854 1691 1895 1711 ra-

1048 1725 1204 1754 tionabilior
1219 1733 1280 1754 esse
1293 1726 1413 1760 videtur,
1425 1727 1599 1755 considerato
1613 1727 1751 1756 intellectu
1764 1728 1892 1765 Apostoli.

1127 1773 1153 1800 2.
1176 1772 1213 1800 Ad
1241 1772 1310 1800 illud
1342 1773 1416 1809 quod
1448 1773 1593 1808 obiicitur,
1615 1775 1689 1811 quod
1713 1775 1827 1804 credere
1849 1775 1894 1804 de-

1048 1817 1130 1846 betur
1151 1819 1327 1853 auctoritati;
1357 1819 1523 1854 dicendum,
1549 1821 1624 1857 quod
1646 1821 1777 1855 credere,
1799 1829 1894 1850 secun-

1048 1865 1116 1893 dum
1138 1866 1212 1902 quod
1235 1870 1276 1894 est
1296 1870 1375 1895 actus
1399 1866 1607 1901 fidei-virtutis,
1630 1868 1749 1897 debetur
1776 1869 1894 1897 auctori-

1048 1911 1111 1946 tati,
1133 1920 1186 1940 non
1202 1912 1327 1948 cuilibet,
1344 1913 1392 1942 sed
1408 1914 1564 1943 auctoritati
1581 1915 1704 1946 divinae,
1720 1915 1762 1944 cui
1779 1916 1893 1953 quidem

1047 1958 1203 1987 auctoritati
1224 1967 1304 1988 nemo
1319 1960 1434 1988 assentit
1456 1964 1570 1997 propter
1586 1969 1614 1989 se
1637 1965 1663 1990 et
1678 1969 1763 1999 super
1785 1962 1890 1996 omnia,

1048 2004 1098 2033 nisi
1115 2013 1164 2042 per
1186 2005 1309 2034 divmam
1326 2006 1572 2041 illuminationem3
1587 2011 1614 2036 et
1636 2008 1674 2036 sic
1693 2008 1754 2037 talis
1776 2009 1893 2037 creduli-
1927 2019 1981 2036 tat*
1998 2025 2013 2035 ,η

1048 2054 1089 2080 tas
1112 2060 1164 2080 non
1186 2055 1227 2081 est
1248 2053 1402 2089 acquisita,
1424 2054 1473 2082 sed
1495 2054 1594 2083 infusa.
1618 2054 1665 2083 Illa
1686 2063 1753 2084 vero
1774 2056 1892 2084 creduli-

1047 2101 1104 2132 tas,
1126 2106 1197 2136 quae
1212 2099 1340 2128 innititur
1362 2100 1460 2128 rationi
1476 2105 1592 2129 creatae
1605 2101 1821 2139 principaliter,
1838 2110 1892 2130 non

1047 2148 1152 2181 spectat
1173 2145 1208 2174 ad
1231 2146 1319 2182 ipsam
1349 2146 1451 2182 fidem,
1474 2147 1629 2176 secundum
1659 2148 1732 2185 quod
1755 2148 1824 2177 fides
1852 2153 1893 2177 est

1047 2191 1142 2220 virtus
1150 2203 1160 2225 ;
1181 2196 1207 2220 et
1229 2192 1263 2221 de
1285 2193 1336 2221 hac
1366 2201 1465 2222 verum
1488 2197 1544 2227 est,
1566 2195 1640 2231 quod
1663 2198 1752 2232 potest
1767 2203 1827 2224 esse
1843 2204 1891 2232 per

1047 2238 1266 2275 acquisitionem.
1282 2256 1320 2259 —
1346 2240 1422 2269 Unde
1443 2241 1643 2270 attendendum
1666 2245 1724 2275 est,
1748 2242 1822 2278 quod
1844 2242 1893 2270 du-

1047 2284 1155 2321 pliciter
1178 2289 1267 2322 potest
1287 2286 1389 2323 aliquis
1410 2294 1460 2323 per
1483 2286 1565 2315 fidem
1589 2295 1666 2316 suam
1690 2287 1768 2316 inniti
1795 2296 1890 2317 sacrae
1933 2303 1942 2313 μ
1968 2299 1995 2316 vj?
2015 2305 2033 2316 ..-

1046 2331 1220 2368 Scripturae:
1250 2336 1298 2360 aut
1319 2333 1385 2369 quia
1414 2333 1518 2367 credit⁷
1547 2341 1654 2362 sacram
1681 2334 1853 2371 scripturam
1876 2334 1907 2362 a*
1987 2327 2015 2338 Μ

1046 2377 1150 2414 Spiritu
1179 2381 1274 2406 sancto
1302 2379 1387 2407 fuisse
1416 2379 1578 2415 inspiratam
1607 2383 1633 2408 et
1661 2380 1783 2414 editam,
1813 2381 1892 2409 iuxta

1047 2424 1121 2461 quod
1143 2424 1245 2453 dicitur
1266 2425 1403 2454 secundae
1427 2425 1496 2454 Petri
1526 2426 1616 2462 primo
1633 2426 1661 2454 ⁸:
1684 2426 1799 2463 Spiritu
1826 2436 1892 2456 san-

1108 2565 1118 2580 5
1135 2566 1191 2588 Edd.
1214 2567 1234 2594 l,
1254 2567 1267 2588 -2
1284 2570 1306 2589 et
1322 2567 1407 2595 aliquot
1424 2567 1491 2589 codd.
1509 2566 1637 2590 mirabilia.

1108 2605 1117 2619 ⁶
1134 2605 1251 2633 Damaso,
1270 2605 1306 2627 IV.
1324 2605 1352 2627 dc
1370 2605 1422 2628 Fide
1439 2606 1527 2628 orthod.
1546 2612 1564 2628 c.
1588 2607 1625 2629 lO:
1649 2607 1714 2630 Fides
1736 2608 1820 2636 duplex
1843 2611 1889 2637 est;

1045 2646 1078 2666 est
1094 2644 1155 2665 enim
1172 2643 1228 2673 fides
1245 2650 1275 2666 ea*
1291 2643 1375 2666 audita
1393 2645 1472 2671 (Rom.
1494 2646 1530 2672 to,
1554 2645 1613 2673 l7.);
1632 2646 1750 2669 audientes
1771 2648 1831 2669 enim
1856 2648 1890 2669 di-

1045 2684 1110 2705 vinas
1127 2683 1256 2710 Scripturas
1272 2683 1388 2705 credimus
1405 2683 1634 2712 doctrinaespiritus
1651 2687 1745 2708 sancti...
1764 2686 1801 2708 Est
1812 2689 1888 2709 autem

1046 2728 1125 2744 rursus
1142 2721 1199 2744 fides
1215 2727 1295 2743 eorum
1313 2728 1372 2750 quae
1390 2726 1511 2750 sperantur
1529 2723 1668 2752 hypostasis,
1687 2731 1764 2747 rerum
1777 2725 1889 2753 redargu-

1046 2761 1087 2788 tio,
1100 2766 1159 2788 quae
1172 2766 1216 2782 non
1233 2760 1352 2788 videntur⁷
1370 2761 1406 2783 vel
1423 2764 1456 2783 est
1473 2761 1608 2784 indistabilis
1625 2766 1647 2785 et
1664 2763 1818 2786 iniudicabilis
1835 2770 1888 2792 spes

1045 2805 1125 2821 eorum
1144 2805 1202 2827 quae
1220 2805 1232 2821 a
1251 2800 1296 2821 Deo
1314 2799 1380 2822 nobis
1397 2801 1526 2822 annuntiata
1539 2805 1614 2823 sunt...
1628 2802 1690 2824 Prior
1702 2803 1784 2824 mentis
1797 2807 1888 2825 nostrae

1046 2840 1091 2865 est,
1109 2837 1208 2859 secunda
1226 2838 1388 2860 charismatum
1407 2839 1510 2866 Spiritus.
1528 2838 1572 2861 atr.
1591 2840 1647 2862 intra
1667 2840 1722 2862 dub.
1744 2841 1760 2862 l.
1779 2843 1801 2862 et
1818 2841 1839 2862 5.

1109 2874 1118 2889 ⁷
1135 2875 1191 2897 Edd.
1209 2875 1334 2905 coynoscil.

1108 2913 1118 2928 ⁸
1136 2914 1200 2936 Vers.
1218 2915 1254 2936 21.
1273 2927 1303 2930 —
1319 2915 1367 2937 Mox
1386 2922 1427 2943 pro
1445 2916 1474 2938 ad
1489 2916 1679 2946 fidem-virtutem
1698 2918 1751 2940 edd.
1769 2924 1822 2940 cum
1835 2918 1886 2940 cod.

1048 2954 1065 2974 Α
1082 2952 1114 2975 ad
1129 2952 1184 2982 fidei
1199 2952 1317 2976 virtutem.
