2166 3366
13 495 115 515 fetandum.

845 177 927 205 Dls'r.
951 177 1003 205 Xll.
1024 177 1160 207 DUBIUM.

131 255 223 283 munis
243 262 259 282 a
280 254 378 283 morbo
399 254 497 283 debuit
517 262 595 283 esse:
617 254 681 283 hinc
702 258 759 288 est,
781 255 855 291 quod
878 255 904 283 in
925 255 972 283 tali

130 301 212 330 modo
233 301 363 330 nascendi
392 309 446 329 non
467 301 564 330 debuit
585 301 664 329 nobis
685 301 832 329 assimilari
857 309 905 330 nec
928 310 973 330 no-

130 349 237 377 biscum
260 348 407 376 convenire
419 348 435 375 ¹.

208 396 234 423 2.
256 395 294 423 Ad
317 395 384 423 illud
407 395 482 432 quod
504 394 649 428 obiicitur,
665 395 739 432 quod
756 395 853 423 debuit
872 395 911 423 sic
927 404 974 423 na-

129 442 181 476 sci,
202 445 233 470 ut
254 449 304 470 nos
324 444 456 475 euraret;
477 441 640 475 dicendum,
656 441 730 478 quod
747 441 821 470 Deus
843 441 882 469 sic.-
898 442 973 470 venit

129 496 229 517 curare
256 491 283 516 et
315 488 354 517 sic
374 487 526 525 disposuit,
548 492 579 515 ut
594 492 707 516 curaret
725 497 901 525 personam,
918 497 971 516 non

129 539 160 564 ut
181 538 293 564 curaret
313 535 401 572 ipsam
423 538 575 563 naturam.
598 535 674 563 Unde
704 535 841 564 medicina
869 536 970 564 Christi

129 590 182 611 non
204 582 288 610 habet
310 581 335 609 in
359 581 438 610 nobis
459 581 608 610 efficaciam
632 582 659 610 in
680 586 743 611 actu
763 583 972 619 generationis,

129 629 177 657 sed
199 628 225 656 in
247 631 312 657 actu
333 628 579 665 regenerationis,
601 637 687 666 quae,
711 630 839 667 inquam,
862 638 973 663 regene-

128 675 199 704 ratio
220 683 274 703 non
295 679 337 704 est
358 683 394 704 ex
416 683 499 704 carne
521 679 548 704 et
569 676 719 713 sanguine,
742 677 789 706 sed
805 685 839 704 eae
854 686 934 714 aqua
948 681 973 705 et

129 722 243 760 Spiritu
267 723 398 751 sanctos
425 723 456 751 Et
478 722 539 751 ideo
560 731 614 751 non
646 724 770 760 oportuit
801 732 851 752 nec
879 724 973 752 decuit

127 777 191 798 eum
224 769 263 798 sic
294 769 385 803 nasei,
417 769 489 798 sicut
520 778 570 798 nos
602 770 762 804 nascimur,
795 778 858 799 cum
891 770 971 799 illum

128 816 242 845 modum
279 816 408 845 nascendi
445 824 498 844 non
535 817 705 853 disposuerit
736 818 885 845 immutare
922 825 972 854 per

127 870 210 891 suum
232 862 399 898 adventum,
422 867 453 891 ut
468 863 537 892 fides
552 863 668 892 haberet
691 864 834 897 meritum;
849 864 972 900 alioquin

127 909 386 947 deprehenderetur
422 910 491 938 fides
526 918 575 947 per
610 910 766 938 humanum
799 911 974 947 experimen-

127 959 207 991 tum,
229 956 300 985 sicut
328 956 396 984 alias
427 959 454 984 et
476 957 502 984 in
528 960 628 993 quarto
653 960 679 985 et
705 957 730 985 in
754 956 896 985 secundo³
922 957 973 985 l'uit

127 1007 280 1032 ostensum.

206 1050 232 1079 3.
247 1051 286 1079 Ad
304 1050 373 1079 illud
392 1051 466 1088 quod
479 1050 622 1085 obiicitur,
637 1051 711 1088 quod
723 1051 878 1088 aequaliter
893 1059 972 1079 vene-

127 1101 170 1126 rat
184 1098 292 1127 salvare
307 1101 459 1135 utrumque
474 1105 574 1126 sexum
583 1109 590 1132 3
606 1097 769 1133 dicendum,
780 1099 855 1135 quod
872 1106 969 1127 verum

126 1147 187 1179 est3
207 1147 327 1173 attamen
344 1144 452 1173 virilem
469 1152 568 1173 sexum
586 1148 717 1182 tanquam
733 1145 888 1182 digniorem
903 1154 972 1182 quo-

1816 179 1874 208 273

1030 256 1093 284 dam
1107 256 1189 284 modo
1206 255 1292 292 magis
1307 255 1404 284 debuit
1416 263 1542 293 pensare,
1554 259 1580 285 et
1596 264 1695 285 sexum
1712 257 1820 285 virilem
1836 266 1876 286 as-

1029 303 1144 337 sumsit,
1160 303 1225 339 quia
1242 303 1329 339 magis
1351 307 1510 339 competens
1525 304 1576 332 suit
1589 303 1608 332 ⁴.
1625 304 1676 332 Sed
1693 305 1758 341 quia
1774 304 1874 333 mulier

1028 349 1063 377 ab
1078 349 1138 378 eius
1154 349 1353 386 redemptionis
1375 350 1541 378 sufficientia
1557 358 1733 387 nequaquam
1749 354 1809 379 erat
1828 359 1874 380 ex-

1030 396 1186 430 cludenda;
1209 396 1270 425 ideo
1292 397 1424 425 assumsit
1445 405 1555 425 carnem
1573 397 1607 426 de
1624 398 1874 426 muliere—[deo

1030 443 1195 477 dicendum,
1217 443 1290 479 quod
1314 443 1361 471 illa
1382 443 1481 472 divisio
1503 452 1556 472 non
1578 448 1619 473 est
1641 445 1796 479 sufficiens,
1818 454 1874 482 qua

1030 490 1112 518 dicit:
1135 493 1184 518 aut
1204 490 1300 518 debuit
1315 498 1459 519 assumere
1475 494 1628 528 utrumqne
1644 500 1760 526 sexum,
1776 496 1824 521 aut
1840 493 1874 521 de

1030 540 1149 573 utroque
1171 544 1250 565 sexu.
1275 537 1319 565 Est
1341 537 1413 565 enim
1438 538 1579 566 medium:
1602 541 1651 566 aut
1672 547 1759 567 unum
1783 539 1817 567 de
1838 539 1875 567 al-

1030 586 1104 617 tero,
1127 583 1197 611 sicut
1220 583 1327 612 virilem
1350 583 1384 612 de
1407 584 1557 618 muliebri3
1579 588 1605 613 et
1621 588 1686 613 tuno
1710 589 1816 614 tantum
1832 594 1875 614 va-

1030 629 1081 663 let,
1103 634 1239 666 quantum
1263 630 1283 658 si
1306 630 1341 658 de
1363 634 1502 668 utroque,
1524 635 1551 659 et
1582 632 1703 668 amplius
1726 633 1875 661 concordat

1029 677 1127 705 rationi
1150 680 1249 705 rectae.

1108 724 1133 752 li.
1156 723 1194 751 Ad
1217 724 1286 752 illud
1308 724 1383 761 quod
1405 724 1551 758 obiicitur,
1573 726 1648 762 quod
1671 729 1749 762 pater
1770 730 1811 755 est
1831 735 1876 755 no—

1029 770 1113 798 bilius
1142 770 1330 806 priiioipinim
1352 771 1518 805 dicendum,
1540 772 1615 808 quod
1637 772 1764 800 Christus
1786 772 1876 800 Domi-

1029 824 1083 845 nus
1098 825 1151 845 non
1167 820 1208 845 est
1223 817 1329 854 absque
1345 821 1438 854 patre,
1455 819 1539 846 immo
1554 821 1660 854 patrem
1684 819 1768 847 habet
1787 819 1873 847 Deum

1028 867 1190 898 aeternum,
1213 864 1293 892 Cuius
1315 865 1480 893 excellentia
1502 868 1529 893 et
1551 865 1670 902 dignitas
1693 866 1876 894 inaestimabi-

1030 910 1092 938 liter
1113 911 1224 939 excedit
1245 919 1355 939 omnem
1378 914 1485 947 patrem
1502 915 1626 940 creatum
1641 923 1647 945 ;
1666 915 1692 940 et
1707 912 1784 945 ideo,
1800 912 1874 949 quod

1028 956 1074 985 alii
1097 957 1200 985 habent
1223 961 1329 994 patrem
1353 961 1495 991 creatum,
1510 958 1637 986 Christus
1660 966 1726 987 voro
1749 958 1874 993 minime,

1029 1004 1080 1032 hoc
1103 1012 1155 1032 non
1178 1008 1218 1032 est
1250 1008 1364 1041 propter
1394 1006 1527 1033 maiorem
1560 1005 1722 1042 dignitatem
1755 1006 1874 1034 aliorum

1028 1055 1156 1088 respectu
1178 1051 1288 1080 Christi.
1312 1051 1396 1080 Habet
1417 1052 1491 1080 enim
1513 1052 1642 1081 Christus
1663 1053 1785 1090 aliquem
1817 1053 1875 1082 loco

1028 1098 1115 1134 patris
1136 1099 1237 1133 creati,
1259 1098 1306 1135 qui
1328 1099 1398 1127 adeo
1420 1102 1461 1127 est
1483 1099 1597 1133 nobilis,
1631 1103 1661 1128 ut
1690 1109 1724 1128 ex
1746 1100 1808 1137 ipso
1829 1109 1876 1129 no-

1027 1145 1154 1173 minetur
1176 1145 1270 1173 onmis
1289 1146 1454 1182 paternitas
1476 1145 1506 1174 in
1528 1146 1605 1175 caelo
1627 1150 1652 1174 ct
1674 1147 1704 1175 in
1726 1147 1841 1175 terris⁵.

691 1280 816 1309 DUBIUM
838 1280 931 1308 ClRCA
953 1280 1118 1309 LITTERAM
1140 1280 1301 1308 MixGisTRi.

446 1411 512 1439 Dos.
534 1419 650 1439 emonii.

206 1505 234 1533 ln
264 1509 342 1542 parte
371 1505 422 1534 ista
449 1512 539 1541 pauca
566 1505 639 1533 eirca
668 1504 787 1533 litteram
811 1505 972 1542 quaerenda

127 1555 204 1586 sunt,
227 1560 278 1589 pro
292 1560 324 1581 eo
339 1552 413 1589 quod
428 1552 495 1580 satis
517 1555 624 1589 patent,
650 1552 694 1580 his
716 1552 783 1580 visis
808 1560 880 1588 quae
895 1560 972 1589 prae-

127 1599 201 1627 dicta
222 1602 294 1628 sunt.
311 1599 436 1627 Dubitari
460 1602 551 1627 tamen
568 1601 656 1635 potest
671 1598 705 1627 de
720 1598 767 1626 illa
782 1598 971 1633 distinctione,

127 1654 210 1683 quam
233 1646 297 1674 facit
318 1646 354 1674 ibi
376 1645 519 1682 Magister:
542 1645 598 1673 Hic·
619 1645 803 1673 distinctione
825 1654 897 1682 opus
914 1649 971 1679 est,

127 1701 165 1721 an
188 1692 222 1721 de
242 1696 354 1721 natura
369 1692 551 1729 inteltiqatur
572 1695 622 1720 etc.
644 1691 762 1720 Videtur
783 1692 870 1726 enim,
892 1692 967 1729 quod

127 1739 266 1769 distinctio
288 1739 334 1767 illa
348 1739 425 1767 nulla
447 1739 496 1773 sit,
511 1738 589 1776 quia,
604 1746 640 1767 ex
656 1747 712 1776 quo
733 1742 835 1767 natura
857 1739 904 1767 illa
919 1739 971 1767 fuit

127 1786 217 1821 unita,
239 1794 292 1814 non
314 1786 404 1823 potuit
426 1794 478 1814 non
507 1793 568 1814 esse
594 1786 690 1819 unita;
718 1786 766 1815 sed
796 1789 896 1814 natura
923 1785 971 1814 illa

127 1833 226 1862 unita⁶
248 1840 363 1870 peceare
385 1841 437 1861 non
461 1832 564 1870 potuit:
587 1840 654 1869 ergo
675 1841 728 1861 non
749 1832 872 1867 videtur7
895 1832 970 1870 quod

126 1880 220 1917 aliquo
241 1880 324 1908 modo
346 1887 462 1917 peccare
483 1879 612 1916 potuerit.
635 1896 674 1900 —
695 1880 783 1914 Item,
809 1880 902 1908 anima
923 1879 970 1908 illa

127 1926 208 1955 beata
231 1929 272 1955 est
290 1929 317 1955 et
335 1934 388 1955 non
405 1929 494 1963 potest
512 1934 566 1954 non
581 1933 642 1955 esse
656 1926 748 1954 beata:
765 1934 831 1963 ergo
852 1926 874 1955 si
890 1926 970 1955 beata

126 1974 218 2002 anima
237 1973 398 2010 simpliciter
420 1976 447 2002 et
460 1973 587 2002 absolute
608 1981 662 2002 non
678 1976 767 2010 potest
789 1981 918 2010 peccare,
934 1973 970 2001 vi-

126 2020 209 2049 detur
230 2020 370 2054 similiter,
391 2020 466 2057 quod
488 2028 538 2048 nec
559 2020 652 2048 anima
667 2020 781 2048 Christi:
804 2028 870 2057 ergo
893 2020 970 2048 nulla

126 2067 238 2096 videtur
258 2075 329 2104 opus
350 2075 410 2096 esse
432 2067 613 2096 distinctione.

205 2115 380 2143 Rsssroimsso:
404 2114 571 2149 Dicendum,
592 2114 667 2151 quod
690 2114 843 2143 secundum
867 2114 970 2143 intelle-

126 2163 200 2190 ctum
223 2161 408 2198 quaestionis,
431 2169 513 2198 quem
529 2161 645 2190 attendit
660 2161 850 2199 quaestionem
871 2169 970 2198 propo-

190 2577 197 2591 ¹
217 2576 275 2598 Vide
291 2583 360 2604 supra
379 2576 401 2598 d.
419 2576 439 2598 3.
453 2583 475 2604 p.
492 2576 516 2598 ll.
534 2583 554 2598 a.
568 2577 588 2598 3.
606 2583 628 2605 q.
647 2577 667 2598 2.
680 2577 708 2599 nd
728 2577 748 2599 2.
760 2589 792 2593 —
804 2577 824 2598 ln
844 2576 887 2599 ssnc
899 2583 970 2599 cnun-

127 2617 172 2639 tiati
191 2616 303 2644 praeced„
315 2622 357 2643 pro
373 2614 476 2638 similari
491 2615 559 2638 codd.
578 2616 592 2637 F
603 2615 619 2638 U
636 2615 773 2639 assimilari.

189 2655 198 2669 ²
215 2655 274 2677 loan.
293 2655 317 2682 3,
336 2654 356 2676 5.
369 2666 400 2670 —
411 2654 513 2676 Subinde
531 2661 573 2681 pro
590 2654 694 2683 oportuit
711 2661 755 2677 non
775 2657 840 2683 pauci
859 2656 926 2678 rodd.
939 2658 971 2679 vi·

128 2695 183 2717 tiose
200 2694 297 2722 oportet.

189 2732 199 2747 ³
217 2733 276 2755 Libr.
294 2733 316 2754 ll.
334 2733 395 2754 Seni.
413 2732 435 2754 d.
453 2732 490 2754 32.
507 2738 527 2754 a.
549 2732 566 2754 1.
584 2739 606 2760 q.
625 2733 651 2760 ⁴2,
669 2732 708 2754 ubi
726 2734 747 2754 in
760 2734 863 2761 originali
877 2738 970 2762 peccato

127 2772 275 2800 distinguitur
286 2772 402 2799 corruptio
413 2777 528 2800 personae
539 2775 561 2793 ot
572 2772 681 2799 naturae,
693 2774 715 2794 ct
728 2771 829 2799 docetur,
842 2773 904 2801 qnod
916 2779 970 2802 yra-

128 2811 160 2834 tia
173 2811 257 2833 directe
270 2811 376 2838 respiciat
386 2810 557 2838 corruptionem
568 2815 691 2838 personae,
707 2816 750 2832 non
768 2812 878 2834 naturae.
897 2812 969 2833 llatio-

129 2857 169 2873 nes
185 2851 253 2872 huius
270 2850 361 2872 divinae
383 2849 531 2871 ordinationis
549 2849 601 2871 vide
621 2849 656 2871 lV.
674 2849 696 2871 (1.
716 2849 735 2871 -4,
755 2856 776 2877 p.
800 2850 813 2872 1.
831 2857 851 2872 a.
873 2852 890 2872 l.
907 2857 929 2879 q.
948 2852 968 2873 2.

191 2888 200 2903 ⁴
217 2889 244 2912 Ut
260 2892 377 2911 ostensum
399 2891 434 2911 est
449 2892 536 2917 quaest.
562 2888 667 2916 praeced.
685 2887 729 2911 Cir.
752 2890 788 2911 hic
805 2890 835 2911 lit.
854 2890 968 2918 Magistri,

128 2934 147 2951 c.
166 2928 186 2950 3.
198 2940 229 2944 —
241 2928 308 2950 l‘aulo
326 2928 419 2950 inferius
432 2934 473 2955 pro
490 2933 536 2956 qim
549 2926 604 2950 dicit
616 2927 666 2950 Vnt.
678 2933 739 2957 qliae
750 2927 810 2951 (licit.
823 2927 886 2951 Circa
901 2929 967 2951 nna—m

128 2967 193 2988 solut.
212 2970 262 2994 post
279 2967 379 2996 utroque
396 2966 446 2988 cod.
465 2966 481 2988 l(
502 2966 593 2994 supplet
610 2967 674 2989 esset.

253 3017 277 3040 S.
296 3017 384 3040 Bomio.
402 3030 432 3033 —
449 3017 515 3039 Tom.
533 3018 566 3039 lll.

1029 1419 1110 1445 nens,
1131 1412 1237 1440 nullam
1264 1415 1372 1448 oportet
1395 1412 1485 1441 lacere
1513 1412 1732 1447 distinctionem,
1760 1417 1873 1450 propter

1030 1458 1081 1487 hoo
1096 1458 1170 1495 quod
1186 1459 1312 1495 quaestio
1327 1462 1367 1487 est
1383 1459 1417 1487 de
1439 1459 1531 1487 anima
1546 1459 1646 1488 Christi
1669 1459 1759 1493 unita,
1776 1464 1872 1489 utrum

1029 1505 1160 1533 habuerit
1185 1505 1392 1533 vertibilitatem
1418 1505 1545 1538 arbitrii;
1573 1509 1764 1534 verumtamen
1795 1507 1874 1543 Magi-
1905 1522 1915 1533 υ

1029 1555 1086 1580 ster
1107 1560 1142 1580 ex
1165 1552 1317 1580 abundanti
1338 1553 1483 1589 distinguit
1504 1553 1537 1581 ad
1555 1553 1757 1581 removendum
1774 1554 1873 1590 impor-

1030 1599 1175 1627 tunitatem
1205 1599 1354 1636 sophistice
1382 1600 1598 1636 opponentinm;
1624 1603 1651 1628 et
1674 1601 1876 1629 rationabiliter

1030 1646 1103 1674 satis
1126 1646 1194 1674 Cum
1216 1646 1362 1683 quaeritur
1372 1647 1391 1679 ⁷,
1413 1650 1509 1674 utrum
1533 1647 1578 1675 ille
1594 1647 1678 1675 homo
1700 1656 1814 1684 peccaro
1831 1657 1875 1685 po-

1030 1692 1127 1725 tuerit;
1142 1700 1206 1721 cum
1230 1693 1347 1721 verbum
1360 1693 1498 1729 possemli
1519 1694 1553 1722 sit
1569 1694 1709 1730 praeteriti
1728 1695 1874 1731 temporis,

1029 1734 1241 1768 indeterminate
1264 1742 1352 1776 potest
1367 1740 1520 1769 extendere
1539 1748 1567 1769 se
1589 1741 1623 1769 ad
1640 1749 1721 1769 omne
1744 1741 1875 1778 praeieri-

1029 1789 1104 1814 tum:
1127 1794 1193 1823 ergo
1212 1786 1247 1814 ad
1265 1789 1375 1823 tempus
1396 1790 1462 1815 ante
1477 1787 1623 1821 unionem,
1646 1788 1689 1816 vel
1706 1788 1740 1816 ad
1764 1791 1874 1825 tempus

1026 1836 1090 1869 post
1104 1833 1245 1861 unionem.
1261 1833 1286 1861 Si
1306 1833 1341 1861 ad
1358 1836 1468 1870 tempus
1488 1837 1555 1862 ante
1570 1834 1714 1869 unionem,
1731 1843 1794 1863 cum
1811 1838 1874 1864 ante

1027 1880 1158 1908 unionem
1182 1879 1312 1916 possibile
1333 1880 1432 1914 suerit,
1456 1880 1534 1908 illum
1558 1880 1698 1909 hominem
1721 1882 1825 1916 creari,
1847 1885 1874 1910 et

1028 1928 1118 1955 tamen
1135 1926 1226 1954 Verbo
1248 1934 1301 1954 non
1318 1926 1405 1960 uniri3
1428 1927 1558 1964 possibile
1579 1927 1646 1962 fuit,
1660 1928 1735 1965 quod
1758 1928 1874 1957 haberet

1028 1973 1106 2001 liberi
1127 1973 1235 2001 arbitrii
1260 1973 1480 2008 vertibilitatem,
1502 1977 1529 2003 el.
1551 1974 1587 2003 ita
1602 1975 1676 2011 quod
1699 1983 1814 2011 peccare
1830 1984 1874 2012 po-

1027 2020 1118 2048 tuerit.
1141 2020 1167 2048 Si
1183 2024 1277 2049 autem
1300 2029 1350 2058 pro
1365 2024 1490 2058 tempore
1509 2026 1575 2058 post
1590 2022 1734 2055 unionem,
1757 2030 1872 2059 peccare

1027 2076 1080 2096 non
1106 2068 1214 2105 potuit,
1236 2068 1301 2105 quia
1326 2076 1380 2096 non
1402 2069 1491 2105 potuit
1517 2076 1571 2097 non
1598 2076 1659 2097 esse
1681 2068 1796 2103 beatus,
1825 2072 1873 2098 ant

1026 2122 1080 2142 non
1101 2121 1162 2142 esse
1178 2114 1264 2147 Deus,
1279 2122 1400 2151 quorum
1425 2118 1556 2143 neutrum
1580 2115 1698 2151 patitur,
1721 2115 1747 2143 in
1763 2116 1873 2144 Christo

1024 2160 1136 2197 aliquod
1158 2168 1218 2189 esse
1240 2165 1384 2197 peccatum
1399 2161 1417 2189 Β.
1441 2162 1470 2190 Et
1491 2162 1530 2190 sic
1552 2165 1626 2199 patet
1648 2165 1745 2190 totum.

1090 2576 1099 2591 ⁵
1116 2577 1172 2605 Eph.
1189 2577 1214 2604 3,
1237 2577 1274 2604 15,
1293 2577 1332 2600 ubi
1347 2577 1395 2600 Vat.
1413 2577 1499 2600 etcdd.
1521 2578 1538 2606 1,
1556 2578 1569 2600 2
1582 2584 1634 2600 cum
1650 2578 1745 2606 Vulgata
1764 2578 1871 2601 incaelis

1027 2621 1068 2643 pro
1086 2615 1110 2638 in
1127 2615 1198 2638 caelo.
1217 2628 1248 2632 —
1266 2616 1322 2638 Vide
1340 2617 1441 2639 scholion
1460 2617 1488 2639 nd
1507 2617 1682 2644 praecedentem
1701 2621 1787 2646 quaest.

1088 2655 1098 2669 ⁶
1116 2655 1171 2677 lidii.
1195 2656 1300 2677 omittunt
1322 2661 1369 2678 nott
1387 2655 1464 2684 potuit
1485 2661 1533 2678 non
1550 2662 1599 2678 esse
1616 2656 1695 2684 unita,
1721 2656 1761 2679 sed
1781 2658 1871 2679 nutura

1026 2693 1068 2716 illa
1086 2693 1160 2716 unita.

1088 2732 1098 2747 ⁷
1116 2734 1137 2755 ln
1155 2733 1215 2760 edd..
1234 2740 1303 2762 quno,
1322 2734 1404 2755 omissa
1423 2735 1503 2756 vocula
1523 2734 1592 2762 Cum,
1614 2735 1671 2757 lianc
1689 2736 1798 2762 proposit.
1816 2742 1869 2757 cum

1027 2771 1170 2798 pruecvdenti
1189 2775 1337 2799 connectunt,
1356 2772 1437 2800 legitur
1449 2773 1493 2795 sic:
1511 2772 1600 2795 alsatis
1612 2772 1785 2796 rationabiliter
1802 2780 1870 2803 quae-

1026 2810 1111 2833 ritur...
1129 2810 1248 2840 potuerit,·
1264 2811 1320 2841 quin
1336 2817 1391 2834 cum
1409 2811 1506 2835 verbum
1523 2815 1564 2834 otc.
1584 2812 1652 2834 l’nulo
1669 2812 1762 2835 inferius
1781 2819 1822 2840 pro
1837 2812 1872 2835 ivel

1026 2848 1058 2871 ad
1074 2849 1124 2871 cod.
1143 2856 1167 2871 aa
1185 2850 1206 2872 et
1223 2849 1261 2872 ud.

1088 2887 1098 2903 ⁸
1114 2888 1158 2910 Cir.
1176 2895 1245 2916 snpra
1263 2895 1282 2910 n.
1306 2890 1322 2911 1.
1340 2896 1361 2917 q.
1385 2889 1405 2916 l,
1425 2890 1446 2911 Β.
1465 2889 1557 2917 Albert.,
1575 2890 1611 2911 hic
1628 2897 1648 2912 a.
1666 2890 1690 2918 ὃς
1708 2891 1730 2912 S.
1749 2890 1831 2912 Tliom.
1848 2894 1870 2913 ct

1027 2927 1132 2949 nicom-(l.
1149 2934 1160 2949 n
1180 2927 1244 2955 nied„
1263 2928 1298 2949 liic
1315 2929 1374 2950 circa
1387 2928 1416 2951 lit.

1888 2029 2002 2047 Notandum.
