<?xml version="1.0" encoding="UTF-8"?>
<!DOCTYPE html PUBLIC "-//W3C//DTD XHTML 1.0 Transitional//EN"
    "http://www.w3.org/TR/xhtml1/DTD/xhtml1-transitional.dtd">
<html xmlns="http://www.w3.org/1999/xhtml" xml:lang="en" lang="en">
 <head>
  <title>
</title>
<meta http-equiv="Content-Type" content="text/html;charset=utf-8" />
  <meta name='ocr-system' content='tesseract 3.04.00' />
  <meta name='ocr-capabilities' content='ocr_page ocr_carea ocr_par ocr_line ocrx_word'/>
</head>
<body>
  <div class='ocr_page' id='page_1' title='image "./doctorisseraphic03bona/doctorisseraphic03bona_0216.png"; bbox 0 0 2166 3366; ppageno 0'>
   <div class='ocr_carea' id='block_1_1' title="bbox 119 1267 246 1285">
    <p class='ocr_par' dir='ltr' id='par_1_1' title="bbox 119 1267 246 1285">
     <span class='ocr_line' id='line_1_1' title="bbox 119 1267 246 1285; baseline 0 0"><span class='ocrx_word' id='word_1_1' title='bbox 119 1267 217 1285; x_wconf 76' lang='lat' dir='ltr'>Conclusio</span> <span class='ocrx_word' id='word_1_2' title='bbox 232 1267 246 1285; x_wconf 87' lang='lat' dir='ltr'>l.</span> 
     </span>
    </p>
   </div>
   <div class='ocr_carea' id='block_1_2' title="bbox 119 1362 247 1388">
    <p class='ocr_par' dir='ltr' id='par_1_2' title="bbox 119 1362 247 1388">
     <span class='ocr_line' id='line_1_2' title="bbox 119 1362 247 1388; baseline 0 -9"><span class='ocrx_word' id='word_1_3' title='bbox 119 1362 165 1388; x_wconf 71' lang='lat' dir='ltr'>Tres</span> <span class='ocrx_word' id='word_1_4' title='bbox 173 1367 247 1384; x_wconf 80' lang='lat' dir='ltr'>compa-</span> 
     </span>
    </p>
   </div>
   <div class='ocr_carea' id='block_1_3' title="bbox 132 1398 227 1427">
    <p class='ocr_par' dir='ltr' id='par_1_3' title="bbox 132 1398 227 1427">
     <span class='ocr_line' id='line_1_3' title="bbox 132 1398 227 1427; baseline 0 -1"><span class='ocrx_word' id='word_1_5' title='bbox 132 1398 227 1427; x_wconf 50' lang='lat' dir='ltr'>li&#39;liatioiie.</span> 
     </span>
    </p>
   </div>
   <div class='ocr_carea' id='block_1_4' title="bbox 178 1508 246 1527">
    <p class='ocr_par' dir='ltr' id='par_1_4' title="bbox 178 1508 246 1527">
     <span class='ocr_line' id='line_1_4' title="bbox 178 1508 246 1527; baseline -0.015 -6"><span class='ocrx_word' id='word_1_6' title='bbox 178 1508 246 1527; x_wconf 62' lang='lat' dir='ltr'>ulpium</span> 
     </span>
    </p>
   </div>
   <div class='ocr_carea' id='block_1_5' title="bbox 131 1787 247 1822">
    <p class='ocr_par' dir='ltr' id='par_1_5' title="bbox 131 1787 247 1822">
     <span class='ocr_line' id='line_1_5' title="bbox 131 1787 247 1810; baseline -0.009 -5"><span class='ocrx_word' id='word_1_7' title='bbox 131 1787 247 1810; x_wconf 74' lang='lat' dir='ltr'>Principium</span> 
     </span>
     <span class='ocr_line' id='line_1_6' title="bbox 166 1812 176 1822; baseline 0 0"><span class='ocrx_word' id='word_1_8' title='bbox 166 1812 176 1822; x_wconf 61' lang='lat'>⁸)</span> 
     </span>
    </p>
   </div>
   <div class='ocr_carea' id='block_1_6' title="bbox 118 2022 244 2041">
    <p class='ocr_par' dir='ltr' id='par_1_6' title="bbox 118 2022 244 2041">
     <span class='ocr_line' id='line_1_7' title="bbox 118 2022 244 2041; baseline 0 -1"><span class='ocrx_word' id='word_1_9' title='bbox 118 2022 217 2041; x_wconf 70' lang='lat' dir='ltr'>Conclusio</span> <span class='ocrx_word' id='word_1_10' title='bbox 227 2023 244 2040; x_wconf 64' lang='grc' dir='ltr'>ἐξ.</span> 
     </span>
    </p>
   </div>
   <div class='ocr_carea' id='block_1_7' title="bbox 130 2306 246 2352">
    <p class='ocr_par' dir='ltr' id='par_1_7' title="bbox 130 2306 246 2352">
     <span class='ocr_line' id='line_1_8' title="bbox 130 2306 246 2332; baseline 0 -9"><span class='ocrx_word' id='word_1_11' title='bbox 130 2306 200 2332; x_wconf 75' lang='lat' dir='ltr'>Solutio</span> <span class='ocrx_word' id='word_1_12' title='bbox 215 2311 246 2329; x_wconf 84' lang='lat' dir='ltr'>op-</span> 
     </span>
     <span class='ocr_line' id='line_1_9' title="bbox 131 2332 239 2352; baseline 0.009 -6"><span class='ocrx_word' id='word_1_13' title='bbox 131 2332 239 2352; x_wconf 73' lang='lat' dir='ltr'>positurum.</span> 
     </span>
    </p>
   </div>
   <div class='ocr_carea' id='block_1_8' title="bbox 118 2401 247 2442">
    <p class='ocr_par' dir='ltr' id='par_1_8' title="bbox 118 2401 247 2442">
     <span class='ocr_line' id='line_1_10' title="bbox 118 2401 247 2424; baseline -0.008 -6"><span class='ocrx_word' id='word_1_14' title='bbox 118 2401 206 2424; x_wconf 74' lang='lat' dir='ltr'>Quaestio</span> <span class='ocrx_word' id='word_1_15' title='bbox 221 2406 247 2418; x_wconf 63' lang='lat' dir='ltr'>in&gt;</span> 
     </span>
     <span class='ocr_line' id='line_1_11' title="bbox 142 2424 213 2442; baseline -0.014 0"><span class='ocrx_word' id='word_1_16' title='bbox 142 2424 213 2442; x_wconf 70' lang='lat' dir='ltr'>ondens.</span> 
     </span>
    </p>
   </div>
   <div class='ocr_carea' id='block_1_9' title="bbox 267 196 318 223">
    <p class='ocr_par' dir='ltr' id='par_1_9' title="bbox 267 196 318 223">
     <span class='ocr_line' id='line_1_12' title="bbox 267 196 318 223; baseline 0 0"><span class='ocrx_word' id='word_1_17' title='bbox 267 196 318 223; x_wconf 72' lang='lat'>194</span> 
     </span>
    </p>
   </div>
   <div class='ocr_carea' id='block_1_10' title="bbox 261 274 1111 817">
    <p class='ocr_par' dir='ltr' id='par_1_10' title="bbox 262 274 1111 403">
     <span class='ocr_line' id='line_1_13' title="bbox 262 274 1111 311; baseline 0 -9"><span class='ocrx_word' id='word_1_18' title='bbox 262 281 328 311; x_wconf 80' lang='lat' dir='ltr'>ergo</span> <span class='ocrx_word' id='word_1_19' title='bbox 350 274 378 302; x_wconf 89' lang='lat' dir='ltr'>in</span> <span class='ocrx_word' id='word_1_20' title='bbox 400 274 588 303; x_wconf 70' lang='lat' dir='ltr'>incarnatione</span> <span class='ocrx_word' id='word_1_21' title='bbox 606 274 689 301; x_wconf 83' lang='lat' dir='ltr'>Verbi</span> <span class='ocrx_word' id='word_1_22' title='bbox 711 274 786 301; x_wconf 81' lang='lat' dir='ltr'>nulla</span> <span class='ocrx_word' id='word_1_23' title='bbox 810 274 881 302; x_wconf 81' lang='lat' dir='ltr'>facta</span> <span class='ocrx_word' id='word_1_24' title='bbox 896 277 937 302; x_wconf 91' lang='lat' dir='ltr'>est</span> <span class='ocrx_word' id='word_1_25' title='bbox 959 274 1111 310; x_wconf 85' lang='lat' dir='ltr'>proprieta-</span> 
     </span>
     <span class='ocr_line' id='line_1_14' title="bbox 263 320 1111 357; baseline 0 -9"><span class='ocrx_word' id='word_1_26' title='bbox 263 324 321 348; x_wconf 91' lang='lat' dir='ltr'>tum</span> <span class='ocrx_word' id='word_1_27' title='bbox 345 321 487 354; x_wconf 74' lang='lat' dir='ltr'>confusio.</span> <span class='ocrx_word' id='word_1_28' title='bbox 511 321 637 355; x_wconf 84' lang='lat' dir='ltr'>videtur,</span> <span class='ocrx_word' id='word_1_29' title='bbox 659 320 734 357; x_wconf 82' lang='lat' dir='ltr'>quod</span> <span class='ocrx_word' id='word_1_30' title='bbox 756 320 834 348; x_wconf 88' lang='lat' dir='ltr'>nulla</span> <span class='ocrx_word' id='word_1_31' title='bbox 856 320 927 349; x_wconf 82' lang='lat' dir='ltr'>facta</span> <span class='ocrx_word' id='word_1_32' title='bbox 949 321 984 349; x_wconf 85' lang='lat' dir='ltr'>sit</span> <span class='ocrx_word' id='word_1_33' title='bbox 1006 320 1111 348; x_wconf 82' lang='lat' dir='ltr'>filiatio-</span> 
     </span>
     <span class='ocr_line' id='line_1_15' title="bbox 262 366 528 403; baseline 0 -9"><span class='ocrx_word' id='word_1_34' title='bbox 262 374 330 394; x_wconf 88' lang='lat' dir='ltr'>num</span> <span class='ocrx_word' id='word_1_35' title='bbox 353 366 528 403; x_wconf 81' lang='lat' dir='ltr'>plurificatio.</span> 
     </span>
    </p>

    <p class='ocr_par' dir='ltr' id='par_1_11' title="bbox 261 413 1111 817">
     <span class='ocr_line' id='line_1_16' title="bbox 343 413 1111 450; baseline 0 -9"><span class='ocrx_word' id='word_1_36' title='bbox 343 415 367 441; x_wconf 99' lang='lat'>5.</span> <span class='ocrx_word' id='word_1_37' title='bbox 389 414 472 447; x_wconf 77' lang='lat' dir='ltr'>ltem.</span> <span class='ocrx_word' id='word_1_38' title='bbox 495 417 643 442; x_wconf 86' lang='lat' dir='ltr'>numerata</span> <span class='ocrx_word' id='word_1_39' title='bbox 664 414 849 450; x_wconf 85' lang='lat' dir='ltr'>proprietate.</span> <span class='ocrx_word' id='word_1_40' title='bbox 865 417 1032 442; x_wconf 88' lang='lat' dir='ltr'>numeratur</span> <span class='ocrx_word' id='word_1_41' title='bbox 1048 413 1111 442; x_wconf 79' lang='lat' dir='ltr'>sul)-</span> 
     </span>
     <span class='ocr_line' id='line_1_17' title="bbox 262 460 1108 496; baseline 0 -8"><span class='ocrx_word' id='word_1_42' title='bbox 262 460 380 494; x_wconf 78' lang='lat' dir='ltr'>iectum,</span> <span class='ocrx_word' id='word_1_43' title='bbox 404 463 434 488; x_wconf 87' lang='lat' dir='ltr'>ut</span> <span class='ocrx_word' id='word_1_44' title='bbox 455 461 477 489; x_wconf 87' lang='lat' dir='ltr'>si</span> <span class='ocrx_word' id='word_1_45' title='bbox 500 464 565 489; x_wconf 86' lang='lat' dir='ltr'>sunt</span> <span class='ocrx_word' id='word_1_46' title='bbox 580 461 653 489; x_wconf 85' lang='lat' dir='ltr'>duae</span> <span class='ocrx_word' id='word_1_47' title='bbox 674 461 833 496; x_wconf 76' lang='lat' dir='ltr'>albedines,</span> <span class='ocrx_word' id='word_1_48' title='bbox 855 465 921 490; x_wconf 84' lang='lat' dir='ltr'>sunt</span> <span class='ocrx_word' id='word_1_49' title='bbox 952 461 1008 490; x_wconf 91' lang='lat' dir='ltr'>duo</span> <span class='ocrx_word' id='word_1_50' title='bbox 1033 461 1108 489; x_wconf 83' lang='lat' dir='ltr'>alba:</span> 
     </span>
     <span class='ocr_line' id='line_1_18' title="bbox 262 507 1109 545; baseline 0.001 -10"><span class='ocrx_word' id='word_1_51' title='bbox 262 514 328 543; x_wconf 85' lang='lat' dir='ltr'>ergo</span> <span class='ocrx_word' id='word_1_52' title='bbox 350 507 371 535; x_wconf 91' lang='lat' dir='ltr'>si</span> <span class='ocrx_word' id='word_1_53' title='bbox 395 510 460 535; x_wconf 89' lang='lat' dir='ltr'>sunt</span> <span class='ocrx_word' id='word_1_54' title='bbox 481 507 554 536; x_wconf 83' lang='lat' dir='ltr'>duae</span> <span class='ocrx_word' id='word_1_55' title='bbox 576 507 736 542; x_wconf 77' lang='lat' dir='ltr'>filiationes,</span> <span class='ocrx_word' id='word_1_56' title='bbox 758 512 824 536; x_wconf 89' lang='lat' dir='ltr'>sunt</span> <span class='ocrx_word' id='word_1_57' title='bbox 846 508 902 536; x_wconf 87' lang='lat' dir='ltr'>duo</span> <span class='ocrx_word' id='word_1_58' title='bbox 918 508 981 536; x_wconf 82' lang='lat' dir='ltr'>filii:</span> <span class='ocrx_word' id='word_1_59' title='bbox 1005 516 1071 545; x_wconf 79' lang='lat' dir='ltr'>ergo</span> <span class='ocrx_word' id='word_1_60' title='bbox 1087 508 1109 536; x_wconf 87' lang='lat' dir='ltr'>si</span> 
     </span>
     <span class='ocr_line' id='line_1_19' title="bbox 262 554 1110 589; baseline 0.002 -8"><span class='ocrx_word' id='word_1_61' title='bbox 262 554 288 581; x_wconf 90' lang='lat' dir='ltr'>in</span> <span class='ocrx_word' id='word_1_62' title='bbox 311 554 420 582; x_wconf 82' lang='lat' dir='ltr'>Christo</span> <span class='ocrx_word' id='word_1_63' title='bbox 449 558 515 583; x_wconf 87' lang='lat' dir='ltr'>sunt</span> <span class='ocrx_word' id='word_1_64' title='bbox 547 555 619 583; x_wconf 88' lang='lat' dir='ltr'>duae</span> <span class='ocrx_word' id='word_1_65' title='bbox 652 554 816 589; x_wconf 71' lang='lat' dir='ltr'>filiationes,</span> <span class='ocrx_word' id='word_1_66' title='bbox 849 555 874 583; x_wconf 92' lang='lat' dir='ltr'>in</span> <span class='ocrx_word' id='word_1_67' title='bbox 904 555 1013 583; x_wconf 79' lang='lat' dir='ltr'>Christo</span> <span class='ocrx_word' id='word_1_68' title='bbox 1046 558 1110 583; x_wconf 92' lang='lat' dir='ltr'>sunt</span> 
     </span>
     <span class='ocr_line' id='line_1_20' title="bbox 261 601 1111 636; baseline 0.001 -7"><span class='ocrx_word' id='word_1_69' title='bbox 261 601 318 629; x_wconf 91' lang='lat' dir='ltr'>duo</span> <span class='ocrx_word' id='word_1_70' title='bbox 340 601 403 633; x_wconf 72' lang='lat' dir='ltr'>filii.</span> <span class='ocrx_word' id='word_1_71' title='bbox 426 605 453 630; x_wconf 85' lang='lat' dir='ltr'>et</span> <span class='ocrx_word' id='word_1_72' title='bbox 479 602 498 630; x_wconf 92' lang='lat' dir='ltr'>si</span> <span class='ocrx_word' id='word_1_73' title='bbox 523 601 650 630; x_wconf 83' lang='lat' dir='ltr'>Christus</span> <span class='ocrx_word' id='word_1_74' title='bbox 672 605 713 630; x_wconf 87' lang='lat' dir='ltr'>est</span> <span class='ocrx_word' id='word_1_75' title='bbox 741 602 797 630; x_wconf 91' lang='lat' dir='ltr'>duo</span> <span class='ocrx_word' id='word_1_76' title='bbox 827 602 890 636; x_wconf 79' lang='lat' dir='ltr'>filii,</span> <span class='ocrx_word' id='word_1_77' title='bbox 913 602 1041 630; x_wconf 81' lang='lat' dir='ltr'>Christus</span> <span class='ocrx_word' id='word_1_78' title='bbox 1069 604 1111 629; x_wconf 87' lang='lat' dir='ltr'>est</span> 
     </span>
     <span class='ocr_line' id='line_1_21' title="bbox 261 648 1109 687; baseline 0.004 -11"><span class='ocrx_word' id='word_1_79' title='bbox 261 648 325 676; x_wconf 85' lang='lat' dir='ltr'>duo.</span> <span class='ocrx_word' id='word_1_80' title='bbox 349 648 401 677; x_wconf 83' lang='lat' dir='ltr'>Sed</span> <span class='ocrx_word' id='word_1_81' title='bbox 418 649 486 677; x_wconf 84' lang='lat' dir='ltr'>haec</span> <span class='ocrx_word' id='word_1_82' title='bbox 507 652 548 677; x_wconf 84' lang='lat' dir='ltr'>est</span> <span class='ocrx_word' id='word_1_83' title='bbox 563 649 646 682; x_wconf 79' lang='lat' dir='ltr'>falsa,</span> <span class='ocrx_word' id='word_1_84' title='bbox 669 650 740 677; x_wconf 87' lang='lat' dir='ltr'>sic-ut</span> <span class='ocrx_word' id='word_1_85' title='bbox 756 649 913 685; x_wconf 76' lang='lat' dir='ltr'>improbata</span> <span class='ocrx_word' id='word_1_86' title='bbox 935 653 976 678; x_wconf 86' lang='lat' dir='ltr'>est</span> <span class='ocrx_word' id='word_1_87' title='bbox 991 658 1077 687; x_wconf 83' lang='lat' dir='ltr'>supra</span> <span class='ocrx_word' id='word_1_88' title='bbox 1090 650 1109 684; x_wconf 77' lang='lat'>¹,</span> 
     </span>
     <span class='ocr_line' id='line_1_22' title="bbox 261 695 1110 732; baseline 0.004 -10"><span class='ocrx_word' id='word_1_89' title='bbox 261 698 287 722; x_wconf 89' lang='lat' dir='ltr'>et</span> <span class='ocrx_word' id='word_1_90' title='bbox 310 695 429 723; x_wconf 81' lang='lat' dir='ltr'>liabetur</span> <span class='ocrx_word' id='word_1_91' title='bbox 452 695 478 723; x_wconf 90' lang='lat' dir='ltr'>in</span> <span class='ocrx_word' id='word_1_92' title='bbox 495 696 636 732; x_wconf 80' lang='lat' dir='ltr'>Symbolo:</span> <span class='ocrx_word' id='word_1_93' title='bbox 665 707 677 721; x_wconf 73' lang='grc' dir='ltr'><em>α</em></span> <span class='ocrx_word' id='word_1_94' title='bbox 692 696 749 724; x_wconf 88' lang='lat' dir='ltr'>Non</span> <span class='ocrx_word' id='word_1_95' title='bbox 773 696 829 724; x_wconf 87' lang='lat' dir='ltr'>duo</span> <span class='ocrx_word' id='word_1_96' title='bbox 846 699 950 729; x_wconf 70' lang='lat' dir='ltr'>tamen.</span> <span class='ocrx_word' id='word_1_97' title='bbox 972 697 1110 726; x_wconf 86' lang='lat' dir='ltr'>sedunus</span> 
     </span>
     <span class='ocr_line' id='line_1_23' title="bbox 261 742 1110 778; baseline 0.004 -9"><span class='ocrx_word' id='word_1_98' title='bbox 261 744 302 769; x_wconf 89' lang='lat' dir='ltr'>est</span> <span class='ocrx_word' id='word_1_99' title='bbox 317 742 444 770; x_wconf 82' lang='lat' dir='ltr'>Christus</span> <span class='ocrx_word' id='word_1_100' title='bbox 456 752 485 770; x_wconf 81' lang='lat' dir='ltr'>»z</span> <span class='ocrx_word' id='word_1_101' title='bbox 502 743 587 778; x_wconf 67' lang='lat' dir='ltr'>igitur</span> <span class='ocrx_word' id='word_1_102' title='bbox 602 742 704 771; x_wconf 82' lang='lat' dir='ltr'>salsum</span> <span class='ocrx_word' id='word_1_103' title='bbox 727 746 781 777; x_wconf 84' lang='lat' dir='ltr'>est,</span> <span class='ocrx_word' id='word_1_104' title='bbox 797 744 868 772; x_wconf 84' lang='lat' dir='ltr'>duas</span> <span class='ocrx_word' id='word_1_105' title='bbox 888 743 1034 772; x_wconf 83' lang='lat' dir='ltr'>filiationes</span> <span class='ocrx_word' id='word_1_106' title='bbox 1049 752 1110 773; x_wconf 88' lang='lat' dir='ltr'>esse</span> 
     </span>
     <span class='ocr_line' id='line_1_24' title="bbox 261 788 427 817; baseline 0 -1"><span class='ocrx_word' id='word_1_107' title='bbox 261 788 288 816; x_wconf 91' lang='lat' dir='ltr'>in</span> <span class='ocrx_word' id='word_1_108' title='bbox 310 788 427 817; x_wconf 84' lang='lat' dir='ltr'>Christo.</span> 
     </span>
    </p>
   </div>
   <div class='ocr_carea' id='block_1_11' title="bbox 576 892 788 913">
    <p class='ocr_par' dir='ltr' id='par_1_12' title="bbox 576 892 788 913">
     <span class='ocr_line' id='line_1_25' title="bbox 576 892 788 913; baseline 0 -1"><span class='ocrx_word' id='word_1_109' title='bbox 576 892 788 913; x_wconf 83' lang='lat' dir='ltr'>CONCLUslo.</span> 
     </span>
    </p>
   </div>
   <div class='ocr_carea' id='block_1_12' title="bbox 262 977 1112 1158">
    <p class='ocr_par' dir='ltr' id='par_1_13' title="bbox 262 977 1112 1158">
     <span class='ocr_line' id='line_1_26' title="bbox 262 977 1111 1016; baseline 0.004 -11"><span class='ocrx_word' id='word_1_110' title='bbox 262 977 334 1005; x_wconf 66' lang='lat' dir='ltr'>Cum</span> <span class='ocrx_word' id='word_1_111' title='bbox 357 978 388 1005; x_wconf 81' lang='lat' dir='ltr'>in</span> <span class='ocrx_word' id='word_1_112' title='bbox 405 977 519 1006; x_wconf 71' lang='lat' dir='ltr'>Christo</span> <span class='ocrx_word' id='word_1_113' title='bbox 534 987 591 1006; x_wconf 80' lang='lat' dir='ltr'>non</span> <span class='ocrx_word' id='word_1_114' title='bbox 612 978 672 1006; x_wconf 76' lang='lat' dir='ltr'>sint</span> <span class='ocrx_word' id='word_1_115' title='bbox 683 978 784 1016; x_wconf 72' lang='lat' dir='ltr'>plures</span> <span class='ocrx_word' id='word_1_116' title='bbox 798 988 953 1016; x_wconf 71' lang='lat' dir='ltr'>personae,</span> <span class='ocrx_word' id='word_1_117' title='bbox 970 988 1028 1008; x_wconf 79' lang='lat' dir='ltr'>non</span> <span class='ocrx_word' id='word_1_118' title='bbox 1041 983 1111 1008; x_wconf 72' lang='lat' dir='ltr'>sunt</span> 
     </span>
     <span class='ocr_line' id='line_1_27' title="bbox 335 1025 1111 1062; baseline 0.004 -10"><span class='ocrx_word' id='word_1_119' title='bbox 335 1025 438 1061; x_wconf 73' lang='lat' dir='ltr'>plures</span> <span class='ocrx_word' id='word_1_120' title='bbox 461 1025 489 1053; x_wconf 77' lang='lat' dir='ltr'>in</span> <span class='ocrx_word' id='word_1_121' title='bbox 512 1034 542 1053; x_wconf 81' lang='lat' dir='ltr'>eo</span> <span class='ocrx_word' id='word_1_122' title='bbox 563 1025 735 1062; x_wconf 71' lang='lat' dir='ltr'>filiationes,</span> <span class='ocrx_word' id='word_1_123' title='bbox 758 1026 821 1055; x_wconf 78' lang='lat' dir='ltr'>iicet</span> <span class='ocrx_word' id='word_1_124' title='bbox 849 1026 969 1055; x_wconf 70' lang='lat' dir='ltr'>dz‘ectzur</span> <span class='ocrx_word' id='word_1_125' title='bbox 992 1027 1035 1055; x_wconf 58' lang='lat' dir='ltr'>lits</span> <span class='ocrx_word' id='word_1_126' title='bbox 1060 1036 1111 1055; x_wconf 75' lang='lat' dir='ltr'>nct-</span> 
     </span>
     <span class='ocr_line' id='line_1_28' title="bbox 340 1072 1112 1111; baseline 0.005 -12"><span class='ocrx_word' id='word_1_127' title='bbox 340 1076 402 1105; x_wconf 71' lang='lat' dir='ltr'>tas,</span> <span class='ocrx_word' id='word_1_128' title='bbox 432 1073 503 1110; x_wconf 75' lang='lat' dir='ltr'>quia</span> <span class='ocrx_word' id='word_1_129' title='bbox 530 1072 635 1109; x_wconf 75' lang='lat' dir='ltr'>filiatio</span> <span class='ocrx_word' id='word_1_130' title='bbox 659 1073 781 1110; x_wconf 77' lang='lat' dir='ltr'>proprie</span> <span class='ocrx_word' id='word_1_131' title='bbox 803 1082 963 1110; x_wconf 73' lang='lat' dir='ltr'>personant</span> <span class='ocrx_word' id='word_1_132' title='bbox 989 1074 1112 1111; x_wconf 67' lang='lat' dir='ltr'>respicit</span> 
     </span>
     <span class='ocr_line' id='line_1_29' title="bbox 340 1121 992 1158; baseline 0.005 -11"><span class='ocrx_word' id='word_1_133' title='bbox 340 1124 366 1147; x_wconf 79' lang='lat' dir='ltr'>et</span> <span class='ocrx_word' id='word_1_134' title='bbox 385 1129 443 1147; x_wconf 83' lang='lat' dir='ltr'>non</span> <span class='ocrx_word' id='word_1_135' title='bbox 464 1124 608 1148; x_wconf 73' lang='lat' dir='ltr'>naturam</span> <span class='ocrx_word' id='word_1_136' title='bbox 628 1121 689 1149; x_wconf 68' lang='lat' dir='ltr'>mist</span> <span class='ocrx_word' id='word_1_137' title='bbox 709 1121 824 1149; x_wconf 70' lang='lat' dir='ltr'>ratione</span> <span class='ocrx_word' id='word_1_138' title='bbox 840 1130 992 1158; x_wconf 75' lang='lat' dir='ltr'>personae.</span> 
     </span>
    </p>
   </div>
   <div class='ocr_carea' id='block_1_13' title="bbox 243 1214 1111 2476">
    <p class='ocr_par' dir='ltr' id='par_1_14' title="bbox 243 1214 1111 2232">
     <span class='ocr_line' id='line_1_30' title="bbox 340 1214 1110 1252; baseline 0.004 -10"><span class='ocrx_word' id='word_1_139' title='bbox 340 1214 516 1243; x_wconf 70' lang='grc' dir='ltr'>ΒΕεΡοΝΠΕοε</span> <span class='ocrx_word' id='word_1_140' title='bbox 540 1214 710 1249; x_wconf 86' lang='lat' dir='ltr'>Dicendum,</span> <span class='ocrx_word' id='word_1_141' title='bbox 733 1215 807 1252; x_wconf 87' lang='lat' dir='ltr'>quod</span> <span class='ocrx_word' id='word_1_142' title='bbox 829 1216 958 1252; x_wconf 82' lang='lat' dir='ltr'>quamvis</span> <span class='ocrx_word' id='word_1_143' title='bbox 980 1217 1110 1245; x_wconf 85' lang='lat' dir='ltr'>conceda-</span> 
     </span>
     <span class='ocr_line' id='line_1_31' title="bbox 261 1261 1111 1297; baseline 0.002 -8"><span class='ocrx_word' id='word_1_144' title='bbox 261 1264 319 1294; x_wconf 72' lang='lat' dir='ltr'>tur,</span> <span class='ocrx_word' id='word_1_145' title='bbox 337 1261 361 1289; x_wconf 92' lang='lat' dir='ltr'>in</span> <span class='ocrx_word' id='word_1_146' title='bbox 379 1261 488 1290; x_wconf 78' lang='lat' dir='ltr'>Christo</span> <span class='ocrx_word' id='word_1_147' title='bbox 503 1261 574 1289; x_wconf 87' lang='lat' dir='ltr'>duas</span> <span class='ocrx_word' id='word_1_148' title='bbox 596 1269 656 1290; x_wconf 87' lang='lat' dir='ltr'>esse</span> <span class='ocrx_word' id='word_1_149' title='bbox 672 1262 842 1297; x_wconf 71' lang='lat' dir='ltr'>nativitates,</span> <span class='ocrx_word' id='word_1_150' title='bbox 865 1271 920 1291; x_wconf 88' lang='lat' dir='ltr'>non</span> <span class='ocrx_word' id='word_1_151' title='bbox 943 1266 1032 1291; x_wconf 86' lang='lat' dir='ltr'>tamen</span> <span class='ocrx_word' id='word_1_152' title='bbox 1050 1271 1111 1291; x_wconf 88' lang='lat' dir='ltr'>con-</span> 
     </span>
     <span class='ocr_line' id='line_1_32' title="bbox 261 1308 1110 1341; baseline 0.001 -5"><span class='ocrx_word' id='word_1_153' title='bbox 261 1308 320 1336; x_wconf 85' lang='lat' dir='ltr'>cedi</span> <span class='ocrx_word' id='word_1_154' title='bbox 343 1308 442 1341; x_wconf 80' lang='lat' dir='ltr'>dehet,</span> <span class='ocrx_word' id='word_1_155' title='bbox 465 1308 535 1336; x_wconf 89' lang='lat' dir='ltr'>duas</span> <span class='ocrx_word' id='word_1_156' title='bbox 557 1316 617 1336; x_wconf 86' lang='lat' dir='ltr'>esse</span> <span class='ocrx_word' id='word_1_157' title='bbox 645 1308 801 1337; x_wconf 81' lang='lat' dir='ltr'>filiationes.</span> <span class='ocrx_word' id='word_1_158' title='bbox 816 1326 854 1329; x_wconf 80' lang='lat'>—-</span> <span class='ocrx_word' id='word_1_159' title='bbox 874 1310 904 1337; x_wconf 88' lang='lat' dir='ltr'>Et</span> <span class='ocrx_word' id='word_1_160' title='bbox 926 1310 996 1337; x_wconf 85' lang='lat' dir='ltr'>ratio</span> <span class='ocrx_word' id='word_1_161' title='bbox 1025 1310 1110 1338; x_wconf 87' lang='lat' dir='ltr'>huius</span> 
     </span>
     <span class='ocr_line' id='line_1_33' title="bbox 260 1355 1107 1393; baseline 0.002 -10"><span class='ocrx_word' id='word_1_162' title='bbox 260 1358 317 1389; x_wconf 68' lang='lat' dir='ltr'>est,</span> <span class='ocrx_word' id='word_1_163' title='bbox 346 1356 424 1392; x_wconf 73' lang='lat' dir='ltr'>quia,</span> <span class='ocrx_word' id='word_1_164' title='bbox 453 1363 517 1384; x_wconf 86' lang='lat' dir='ltr'>cum</span> <span class='ocrx_word' id='word_1_165' title='bbox 540 1355 636 1383; x_wconf 75' lang='lat' dir='ltr'>[illatio</span> <span class='ocrx_word' id='word_1_166' title='bbox 662 1355 696 1383; x_wconf 89' lang='lat' dir='ltr'>sit</span> <span class='ocrx_word' id='word_1_167' title='bbox 725 1356 843 1389; x_wconf 75' lang='lat' dir='ltr'>relatio,</span> <span class='ocrx_word' id='word_1_168' title='bbox 873 1357 1107 1393; x_wconf 84' lang='lat' dir='ltr'>comparationem</span> 
     </span>
     <span class='ocr_line' id='line_1_34' title="bbox 243 1391 1111 1440; baseline 0.001 -10"><span class='ocrx_word' id='word_1_169' title='bbox 243 1391 344 1430; x_wconf 67' lang='lat' dir='ltr'>¹habet</span> <span class='ocrx_word' id='word_1_170' title='bbox 365 1403 400 1431; x_wconf 84' lang='lat' dir='ltr'>ad</span> <span class='ocrx_word' id='word_1_171' title='bbox 425 1403 487 1430; x_wconf 86' lang='lat' dir='ltr'>tria:</span> <span class='ocrx_word' id='word_1_172' title='bbox 510 1403 545 1431; x_wconf 88' lang='lat' dir='ltr'>ad</span> <span class='ocrx_word' id='word_1_173' title='bbox 567 1402 729 1431; x_wconf 74' lang='lat' dir='ltr'>subiectum</span> <span class='ocrx_word' id='word_1_174' title='bbox 751 1403 777 1431; x_wconf 90' lang='lat' dir='ltr'>in</span> <span class='ocrx_word' id='word_1_175' title='bbox 806 1412 861 1440; x_wconf 85' lang='lat' dir='ltr'>quo</span> <span class='ocrx_word' id='word_1_176' title='bbox 883 1407 936 1434; x_wconf 75' lang='grc' dir='ltr'>θεῖ,</span> <span class='ocrx_word' id='word_1_177' title='bbox 960 1407 986 1432; x_wconf 87' lang='grc' dir='ltr'>θῖ</span> <span class='ocrx_word' id='word_1_178' title='bbox 1007 1404 1041 1432; x_wconf 86' lang='lat' dir='ltr'>ad</span> <span class='ocrx_word' id='word_1_179' title='bbox 1059 1408 1111 1432; x_wconf 76' lang='lat' dir='ltr'>ter-</span> 
     </span>
     <span class='ocr_line' id='line_1_35' title="bbox 260 1449 1108 1487; baseline 0.002 -10"><span class='ocrx_word' id='word_1_180' title='bbox 260 1449 374 1477; x_wconf 78' lang='lat' dir='ltr'>minum</span> <span class='ocrx_word' id='word_1_181' title='bbox 400 1450 434 1478; x_wconf 85' lang='lat' dir='ltr'>ad</span> <span class='ocrx_word' id='word_1_182' title='bbox 458 1458 541 1486; x_wconf 87' lang='lat' dir='ltr'>quem</span> <span class='ocrx_word' id='word_1_183' title='bbox 558 1454 614 1483; x_wconf 78' lang='lat' dir='ltr'>est,</span> <span class='ocrx_word' id='word_1_184' title='bbox 636 1453 663 1478; x_wconf 86' lang='lat' dir='ltr'>et</span> <span class='ocrx_word' id='word_1_185' title='bbox 684 1450 719 1478; x_wconf 89' lang='lat' dir='ltr'>ad</span> <span class='ocrx_word' id='word_1_186' title='bbox 741 1450 925 1487; x_wconf 60' lang='lat' dir='ltr'>principium</span> <span class='ocrx_word' id='word_1_187' title='bbox 945 1459 960 1479; x_wconf 87' lang='lat' dir='ltr'>a</span> <span class='ocrx_word' id='word_1_188' title='bbox 982 1459 1037 1487; x_wconf 81' lang='lat' dir='ltr'>quo</span> <span class='ocrx_word' id='word_1_189' title='bbox 1060 1454 1108 1479; x_wconf 89' lang='lat' dir='ltr'>est.</span> 
     </span>
     <span class='ocr_line' id='line_1_36' title="bbox 260 1497 1109 1536; baseline 0.002 -12"><span class='ocrx_word' id='word_1_190' title='bbox 260 1497 400 1525; x_wconf 76' lang='lat' dir='ltr'>Numerus</span> <span class='ocrx_word' id='word_1_191' title='bbox 432 1500 524 1525; x_wconf 86' lang='lat' dir='ltr'>autem</span> <span class='ocrx_word' id='word_1_192' title='bbox 558 1497 699 1526; x_wconf 73' lang='lat' dir='ltr'>relationis</span> <span class='ocrx_word' id='word_1_193' title='bbox 729 1498 884 1527; x_wconf 80' lang='lat' dir='ltr'>secundum</span> <span class='ocrx_word' id='word_1_194' title='bbox 914 1497 1109 1536; x_wconf 67' lang='lat' dir='ltr'>differentiani</span> 
     </span>
     <span class='ocr_line' id='line_1_37' title="bbox 259 1542 1110 1582; baseline 0.002 -11"><span class='ocrx_word' id='word_1_195' title='bbox 259 1542 416 1581; x_wconf 76' lang='lat' dir='ltr'>formalem</span> <span class='ocrx_word' id='word_1_196' title='bbox 440 1544 497 1572; x_wconf 85' lang='lat' dir='ltr'>sive</span> <span class='ocrx_word' id='word_1_197' title='bbox 519 1544 675 1581; x_wconf 87' lang='lat' dir='ltr'>specificam</span> <span class='ocrx_word' id='word_1_198' title='bbox 706 1548 839 1573; x_wconf 89' lang='lat' dir='ltr'>causatur</span> <span class='ocrx_word' id='word_1_199' title='bbox 860 1554 875 1573; x_wconf 89' lang='lat' dir='ltr'>a</span> <span class='ocrx_word' id='word_1_200' title='bbox 901 1545 1065 1582; x_wconf 78' lang='lat' dir='ltr'>principio,</span> <span class='ocrx_word' id='word_1_201' title='bbox 1095 1553 1110 1573; x_wconf 88' lang='lat' dir='ltr'>a</span> 
     </span>
     <span class='ocr_line' id='line_1_38' title="bbox 260 1591 1110 1628; baseline 0.004 -10"><span class='ocrx_word' id='word_1_202' title='bbox 260 1599 316 1627; x_wconf 88' lang='lat' dir='ltr'>quo</span> <span class='ocrx_word' id='word_1_203' title='bbox 344 1594 400 1625; x_wconf 83' lang='grc' dir='ltr'>θεῖ,</span> <span class='ocrx_word' id='word_1_204' title='bbox 423 1591 494 1620; x_wconf 85' lang='lat' dir='ltr'>sicut</span> <span class='ocrx_word' id='word_1_205' title='bbox 520 1592 687 1628; x_wconf 74' lang='lat' dir='ltr'>paternitas</span> <span class='ocrx_word' id='word_1_206' title='bbox 709 1595 735 1620; x_wconf 90' lang='lat' dir='ltr'>et</span> <span class='ocrx_word' id='word_1_207' title='bbox 763 1592 927 1621; x_wconf 76' lang='lat' dir='ltr'>dominium</span> <span class='ocrx_word' id='word_1_208' title='bbox 950 1596 1015 1621; x_wconf 89' lang='lat' dir='ltr'>sunt</span> <span class='ocrx_word' id='word_1_209' title='bbox 1037 1592 1110 1621; x_wconf 80' lang='lat' dir='ltr'>duae</span> 
     </span>
     <span class='ocr_line' id='line_1_39' title="bbox 260 1638 1109 1676; baseline 0.002 -11"><span class='ocrx_word' id='word_1_210' title='bbox 260 1638 409 1667; x_wconf 78' lang='lat' dir='ltr'>relationes</span> <span class='ocrx_word' id='word_1_211' title='bbox 431 1638 457 1666; x_wconf 94' lang='lat' dir='ltr'>in</span> <span class='ocrx_word' id='word_1_212' title='bbox 485 1638 579 1675; x_wconf 82' lang='lat' dir='ltr'>aliquo</span> <span class='ocrx_word' id='word_1_213' title='bbox 602 1639 726 1673; x_wconf 71' lang='lat' dir='ltr'>homine,</span> <span class='ocrx_word' id='word_1_214' title='bbox 753 1648 824 1676; x_wconf 84' lang='lat' dir='ltr'>quae</span> <span class='ocrx_word' id='word_1_215' title='bbox 847 1643 1032 1668; x_wconf 78' lang='lat' dir='ltr'>numerantur</span> <span class='ocrx_word' id='word_1_216' title='bbox 1055 1648 1109 1668; x_wconf 89' lang='lat' dir='ltr'>non</span> 
     </span>
     <span class='ocr_line' id='line_1_40' title="bbox 260 1685 1109 1723; baseline 0.002 -10"><span class='ocrx_word' id='word_1_217' title='bbox 260 1685 367 1714; x_wconf 85' lang='lat' dir='ltr'>ratione</span> <span class='ocrx_word' id='word_1_218' title='bbox 389 1686 449 1714; x_wconf 88' lang='lat' dir='ltr'>eius</span> <span class='ocrx_word' id='word_1_219' title='bbox 471 1685 500 1713; x_wconf 82' lang='lat' dir='ltr'>in</span> <span class='ocrx_word' id='word_1_220' title='bbox 527 1694 582 1723; x_wconf 76' lang='lat' dir='ltr'>quo</span> <span class='ocrx_word' id='word_1_221' title='bbox 605 1689 682 1720; x_wconf 86' lang='lat' dir='ltr'>sunt,</span> <span class='ocrx_word' id='word_1_222' title='bbox 705 1686 909 1723; x_wconf 75' lang='lat' dir='ltr'>principaliter,</span> <span class='ocrx_word' id='word_1_223' title='bbox 932 1687 980 1715; x_wconf 84' lang='lat' dir='ltr'>sed</span> <span class='ocrx_word' id='word_1_224' title='bbox 1004 1687 1109 1715; x_wconf 85' lang='lat' dir='ltr'>ratione</span> 
     </span>
     <span class='ocr_line' id='line_1_41' title="bbox 260 1732 1110 1770; baseline 0.002 -10"><span class='ocrx_word' id='word_1_225' title='bbox 260 1732 320 1761; x_wconf 88' lang='lat' dir='ltr'>eius</span> <span class='ocrx_word' id='word_1_226' title='bbox 342 1741 361 1760; x_wconf 77' lang='grc' dir='ltr'>(ι</span> <span class='ocrx_word' id='word_1_227' title='bbox 383 1741 438 1770; x_wconf 78' lang='lat' dir='ltr'>quo</span> <span class='ocrx_word' id='word_1_228' title='bbox 461 1737 542 1765; x_wconf 85' lang='lat' dir='ltr'>sunt;</span> <span class='ocrx_word' id='word_1_229' title='bbox 564 1733 630 1770; x_wconf 79' lang='lat' dir='ltr'>quia</span> <span class='ocrx_word' id='word_1_230' title='bbox 651 1737 769 1770; x_wconf 85' lang='lat' dir='ltr'>possunt</span> <span class='ocrx_word' id='word_1_231' title='bbox 790 1741 851 1762; x_wconf 83' lang='lat' dir='ltr'>esse</span> <span class='ocrx_word' id='word_1_232' title='bbox 874 1734 945 1762; x_wconf 89' lang='lat' dir='ltr'>duae</span> <span class='ocrx_word' id='word_1_233' title='bbox 962 1734 1110 1762; x_wconf 81' lang='lat' dir='ltr'>relationes</span> 
     </span>
     <span class='ocr_line' id='line_1_42' title="bbox 260 1779 1107 1817; baseline 0.002 -11"><span class='ocrx_word' id='word_1_234' title='bbox 260 1779 287 1807; x_wconf 90' lang='lat' dir='ltr'>in</span> <span class='ocrx_word' id='word_1_235' title='bbox 316 1780 428 1808; x_wconf 84' lang='lat' dir='ltr'>homine</span> <span class='ocrx_word' id='word_1_236' title='bbox 450 1784 581 1817; x_wconf 82' lang='lat' dir='ltr'>respectu</span> <span class='ocrx_word' id='word_1_237' title='bbox 609 1780 744 1809; x_wconf 87' lang='lat' dir='ltr'>eiusdem.</span> <span class='ocrx_word' id='word_1_238' title='bbox 760 1798 798 1801; x_wconf 83' lang='lat'>—-</span> <span class='ocrx_word' id='word_1_239' title='bbox 818 1781 986 1809; x_wconf 83' lang='lat' dir='ltr'>Pluriticatio</span> <span class='ocrx_word' id='word_1_240' title='bbox 1015 1784 1107 1809; x_wconf 88' lang='lat' dir='ltr'>autem</span> 
     </span>
     <span class='ocr_line' id='line_1_43' title="bbox 261 1826 1110 1865; baseline 0.002 -11"><span class='ocrx_word' id='word_1_241' title='bbox 261 1826 402 1855; x_wconf 82' lang='lat' dir='ltr'>relationis</span> <span class='ocrx_word' id='word_1_242' title='bbox 424 1827 580 1856; x_wconf 88' lang='lat' dir='ltr'>secundum</span> <span class='ocrx_word' id='word_1_243' title='bbox 602 1836 759 1856; x_wconf 76' lang='lat' dir='ltr'>numerum</span> <span class='ocrx_word' id='word_1_244' title='bbox 782 1836 836 1856; x_wconf 90' lang='lat' dir='ltr'>non</span> <span class='ocrx_word' id='word_1_245' title='bbox 856 1828 931 1856; x_wconf 83' lang='lat' dir='ltr'>venit</span> <span class='ocrx_word' id='word_1_246' title='bbox 952 1828 1110 1865; x_wconf 83' lang='lat' dir='ltr'>principali-</span> 
     </span>
     <span class='ocr_line' id='line_1_44' title="bbox 260 1874 1108 1913; baseline 0.001 -12"><span class='ocrx_word' id='word_1_247' title='bbox 260 1877 303 1902; x_wconf 85' lang='lat' dir='ltr'>ter</span> <span class='ocrx_word' id='word_1_248' title='bbox 335 1874 440 1902; x_wconf 89' lang='lat' dir='ltr'>ratione</span> <span class='ocrx_word' id='word_1_249' title='bbox 462 1874 523 1903; x_wconf 89' lang='lat' dir='ltr'>eins</span> <span class='ocrx_word' id='word_1_250' title='bbox 549 1884 567 1903; x_wconf 84' lang='grc' dir='ltr'>(ι</span> <span class='ocrx_word' id='word_1_251' title='bbox 589 1883 645 1912; x_wconf 76' lang='lat' dir='ltr'>quo</span> <span class='ocrx_word' id='word_1_252' title='bbox 667 1878 723 1909; x_wconf 84' lang='lat' dir='ltr'>est,</span> <span class='ocrx_word' id='word_1_253' title='bbox 745 1883 796 1904; x_wconf 84' lang='lat' dir='ltr'>nec</span> <span class='ocrx_word' id='word_1_254' title='bbox 821 1875 927 1904; x_wconf 86' lang='lat' dir='ltr'>ratione</span> <span class='ocrx_word' id='word_1_255' title='bbox 949 1875 990 1903; x_wconf 71' lang='lat' dir='ltr'>act</span> <span class='ocrx_word' id='word_1_256' title='bbox 1010 1883 1108 1913; x_wconf 77' lang='lat' dir='ltr'>quem,</span> 
     </span>
     <span class='ocr_line' id='line_1_45' title="bbox 260 1921 1110 1960; baseline 0.001 -11"><span class='ocrx_word' id='word_1_257' title='bbox 260 1921 306 1949; x_wconf 92' lang='lat' dir='ltr'>sed</span> <span class='ocrx_word' id='word_1_258' title='bbox 331 1921 437 1949; x_wconf 86' lang='lat' dir='ltr'>ratione</span> <span class='ocrx_word' id='word_1_259' title='bbox 458 1921 580 1949; x_wconf 70' lang='lat' dir='ltr'>subiecti</span> <span class='ocrx_word' id='word_1_260' title='bbox 594 1922 654 1950; x_wconf 82' lang='lat' dir='ltr'>eius</span> <span class='ocrx_word' id='word_1_261' title='bbox 676 1922 705 1950; x_wconf 81' lang='lat' dir='ltr'>in</span> <span class='ocrx_word' id='word_1_262' title='bbox 728 1931 784 1960; x_wconf 74' lang='lat' dir='ltr'>(suo</span> <span class='ocrx_word' id='word_1_263' title='bbox 797 1921 817 1955; x_wconf 74' lang='lat'>²,</span> <span class='ocrx_word' id='word_1_264' title='bbox 840 1922 970 1959; x_wconf 85' lang='lat' dir='ltr'>quoniam</span> <span class='ocrx_word' id='word_1_265' title='bbox 987 1922 1110 1959; x_wconf 91' lang='lat' dir='ltr'>proprie-</span> 
     </span>
     <span class='ocr_line' id='line_1_46' title="bbox 260 1968 1109 2006; baseline 0.001 -10"><span class='ocrx_word' id='word_1_266' title='bbox 260 1970 301 1996; x_wconf 88' lang='lat' dir='ltr'>tas</span> <span class='ocrx_word' id='word_1_267' title='bbox 330 1968 446 1997; x_wconf 82' lang='lat' dir='ltr'>subiecti</span> <span class='ocrx_word' id='word_1_268' title='bbox 475 1969 619 1997; x_wconf 87' lang='lat' dir='ltr'>numerari</span> <span class='ocrx_word' id='word_1_269' title='bbox 653 1969 737 1997; x_wconf 82' lang='lat' dir='ltr'>habet</span> <span class='ocrx_word' id='word_1_270' title='bbox 766 1969 872 1997; x_wconf 88' lang='lat' dir='ltr'>ratione</span> <span class='ocrx_word' id='word_1_271' title='bbox 899 1969 1050 2006; x_wconf 70' lang='lat' dir='ltr'>suppositi.</span> <span class='ocrx_word' id='word_1_272' title='bbox 1080 1969 1109 1997; x_wconf 80' lang='lat' dir='ltr'>Et</span> 
     </span>
     <span class='ocr_line' id='line_1_47' title="bbox 259 2015 1108 2053; baseline 0.001 -11"><span class='ocrx_word' id='word_1_273' title='bbox 259 2015 391 2051; x_wconf 81' lang='lat' dir='ltr'>quoniam</span> <span class='ocrx_word' id='word_1_274' title='bbox 414 2015 571 2043; x_wconf 83' lang='lat' dir='ltr'>subiectum</span> <span class='ocrx_word' id='word_1_275' title='bbox 594 2015 735 2044; x_wconf 83' lang='lat' dir='ltr'>filiationis</span> <span class='ocrx_word' id='word_1_276' title='bbox 757 2019 798 2044; x_wconf 89' lang='lat' dir='ltr'>est</span> <span class='ocrx_word' id='word_1_277' title='bbox 816 2016 876 2053; x_wconf 88' lang='lat' dir='ltr'>ipsa</span> <span class='ocrx_word' id='word_1_278' title='bbox 899 2024 1031 2052; x_wconf 85' lang='lat' dir='ltr'>persona,</span> <span class='ocrx_word' id='word_1_279' title='bbox 1054 2024 1108 2043; x_wconf 90' lang='lat' dir='ltr'>non</span> 
     </span>
     <span class='ocr_line' id='line_1_48' title="bbox 259 2062 1107 2100; baseline 0 -10"><span class='ocrx_word' id='word_1_280' title='bbox 259 2064 361 2090; x_wconf 85' lang='lat' dir='ltr'>natura</span> <span class='ocrx_word' id='word_1_281' title='bbox 384 2062 435 2091; x_wconf 89' lang='lat' dir='ltr'>nisi</span> <span class='ocrx_word' id='word_1_282' title='bbox 465 2062 571 2091; x_wconf 87' lang='lat' dir='ltr'>ratione</span> <span class='ocrx_word' id='word_1_283' title='bbox 594 2070 744 2099; x_wconf 82' lang='lat' dir='ltr'>personae;</span> <span class='ocrx_word' id='word_1_284' title='bbox 774 2063 837 2091; x_wconf 87' lang='lat' dir='ltr'>hinc</span> <span class='ocrx_word' id='word_1_285' title='bbox 860 2067 913 2097; x_wconf 82' lang='grc' dir='ltr'>θεῖ,</span> <span class='ocrx_word' id='word_1_286' title='bbox 942 2063 1017 2100; x_wconf 79' lang='lat' dir='ltr'>quod</span> <span class='ocrx_word' id='word_1_287' title='bbox 1044 2070 1107 2091; x_wconf 90' lang='lat' dir='ltr'>cum</span> 
     </span>
     <span class='ocr_line' id='line_1_49' title="bbox 259 2108 1109 2146; baseline 0.001 -11"><span class='ocrx_word' id='word_1_288' title='bbox 259 2108 287 2136; x_wconf 90' lang='lat' dir='ltr'>in</span> <span class='ocrx_word' id='word_1_289' title='bbox 309 2108 419 2136; x_wconf 82' lang='lat' dir='ltr'>Christo</span> <span class='ocrx_word' id='word_1_290' title='bbox 447 2117 500 2137; x_wconf 90' lang='lat' dir='ltr'>non</span> <span class='ocrx_word' id='word_1_291' title='bbox 529 2109 584 2137; x_wconf 90' lang='lat' dir='ltr'>sint</span> <span class='ocrx_word' id='word_1_292' title='bbox 606 2109 702 2146; x_wconf 88' lang='lat' dir='ltr'>plures</span> <span class='ocrx_word' id='word_1_293' title='bbox 731 2117 879 2146; x_wconf 70' lang='lat' dir='ltr'>personae,</span> <span class='ocrx_word' id='word_1_294' title='bbox 909 2118 962 2137; x_wconf 87' lang='lat' dir='ltr'>non</span> <span class='ocrx_word' id='word_1_295' title='bbox 991 2112 1109 2146; x_wconf 80' lang='lat' dir='ltr'>possunt</span> 
     </span>
     <span class='ocr_line' id='line_1_50' title="bbox 260 2155 1110 2192; baseline 0.001 -9"><span class='ocrx_word' id='word_1_296' title='bbox 260 2163 320 2184; x_wconf 88' lang='lat' dir='ltr'>esse</span> <span class='ocrx_word' id='word_1_297' title='bbox 342 2155 438 2192; x_wconf 83' lang='lat' dir='ltr'>plures</span> <span class='ocrx_word' id='word_1_298' title='bbox 461 2156 666 2185; x_wconf 78' lang='lat' dir='ltr'>filiationes-—</span> <span class='ocrx_word' id='word_1_299' title='bbox 681 2157 744 2185; x_wconf 85' lang='lat' dir='ltr'>Ideo</span> <span class='ocrx_word' id='word_1_300' title='bbox 767 2156 960 2185; x_wconf 78' lang='lat' dir='ltr'>concedendae</span> <span class='ocrx_word' id='word_1_301' title='bbox 982 2160 1046 2185; x_wconf 93' lang='lat' dir='ltr'>sunt</span> <span class='ocrx_word' id='word_1_302' title='bbox 1068 2163 1110 2184; x_wconf 87' lang='lat' dir='ltr'>ra-</span> 
     </span>
     <span class='ocr_line' id='line_1_51' title="bbox 259 2203 639 2232; baseline 0.003 -2"><span class='ocrx_word' id='word_1_303' title='bbox 259 2203 348 2231; x_wconf 82' lang='lat' dir='ltr'>tiones</span> <span class='ocrx_word' id='word_1_304' title='bbox 369 2203 404 2231; x_wconf 87' lang='lat' dir='ltr'>ad</span> <span class='ocrx_word' id='word_1_305' title='bbox 428 2203 478 2231; x_wconf 85' lang='lat' dir='ltr'>lioc</span> <span class='ocrx_word' id='word_1_306' title='bbox 501 2203 639 2232; x_wconf 83' lang='lat' dir='ltr'>inductae.</span> 
     </span>
    </p>

    <p class='ocr_par' dir='ltr' id='par_1_15' title="bbox 259 2250 1109 2476">
     <span class='ocr_line' id='line_1_52' title="bbox 342 2250 1107 2288; baseline 0.001 -11"><span class='ocrx_word' id='word_1_307' title='bbox 342 2251 364 2278; x_wconf 84' lang='grc'>1.</span> <span class='ocrx_word' id='word_1_308' title='bbox 387 2250 425 2278; x_wconf 75' lang='lat' dir='ltr'>Ad</span> <span class='ocrx_word' id='word_1_309' title='bbox 455 2250 524 2279; x_wconf 90' lang='lat' dir='ltr'>illud</span> <span class='ocrx_word' id='word_1_310' title='bbox 554 2259 620 2287; x_wconf 76' lang='lat' dir='ltr'>ergo</span> <span class='ocrx_word' id='word_1_311' title='bbox 642 2251 714 2288; x_wconf 83' lang='lat' dir='ltr'>quod</span> <span class='ocrx_word' id='word_1_312' title='bbox 745 2251 836 2288; x_wconf 87' lang='lat' dir='ltr'>primo</span> <span class='ocrx_word' id='word_1_313' title='bbox 865 2251 1010 2285; x_wconf 81' lang='lat' dir='ltr'>obiicitur,</span> <span class='ocrx_word' id='word_1_314' title='bbox 1033 2250 1107 2287; x_wconf 84' lang='lat' dir='ltr'>quod</span> 
     </span>
     <span class='ocr_line' id='line_1_53' title="bbox 260 2297 1109 2334; baseline 0 -9"><span class='ocrx_word' id='word_1_315' title='bbox 260 2298 401 2334; x_wconf 79' lang='lat' dir='ltr'>generatio</span> <span class='ocrx_word' id='word_1_316' title='bbox 430 2301 471 2326; x_wconf 87' lang='lat' dir='ltr'>est</span> <span class='ocrx_word' id='word_1_317' title='bbox 499 2306 582 2326; x_wconf 83' lang='lat' dir='ltr'>causa</span> <span class='ocrx_word' id='word_1_318' title='bbox 613 2297 775 2332; x_wconf 61' lang='lat' dir='ltr'>filiationisg</span> <span class='ocrx_word' id='word_1_319' title='bbox 805 2299 859 2325; x_wconf 84' lang='lat' dir='ltr'>iani</span> <span class='ocrx_word' id='word_1_320' title='bbox 892 2301 967 2334; x_wconf 89' lang='lat' dir='ltr'>patet</span> <span class='ocrx_word' id='word_1_321' title='bbox 998 2305 1109 2334; x_wconf 86' lang='lat' dir='ltr'>respou-</span> 
     </span>
     <span class='ocr_line' id='line_1_54' title="bbox 259 2344 1109 2381; baseline -0.001 -9"><span class='ocrx_word' id='word_1_322' title='bbox 259 2344 314 2377; x_wconf 77' lang='lat' dir='ltr'>si0,</span> <span class='ocrx_word' id='word_1_323' title='bbox 337 2344 402 2380; x_wconf 83' lang='lat' dir='ltr'>quia</span> <span class='ocrx_word' id='word_1_324' title='bbox 425 2344 542 2372; x_wconf 76' lang='lat' dir='ltr'>relatio⁸</span> <span class='ocrx_word' id='word_1_325' title='bbox 567 2352 621 2372; x_wconf 90' lang='lat' dir='ltr'>non</span> <span class='ocrx_word' id='word_1_326' title='bbox 654 2344 854 2381; x_wconf 75' lang='lat' dir='ltr'>multiplicatur</span> <span class='ocrx_word' id='word_1_327' title='bbox 876 2352 910 2372; x_wconf 88' lang='lat' dir='ltr'>ex</span> <span class='ocrx_word' id='word_1_328' title='bbox 942 2347 1019 2381; x_wconf 83' lang='lat' dir='ltr'>parte</span> <span class='ocrx_word' id='word_1_329' title='bbox 1041 2352 1109 2371; x_wconf 75' lang='lat' dir='ltr'>ectu-</span> 
     </span>
     <span class='ocr_line' id='line_1_55' title="bbox 259 2391 1107 2428; baseline 0 -9"><span class='ocrx_word' id='word_1_330' title='bbox 259 2400 324 2425; x_wconf 70' lang='lat' dir='ltr'>sctc,</span> <span class='ocrx_word' id='word_1_331' title='bbox 345 2391 393 2420; x_wconf 89' lang='lat' dir='ltr'>sed</span> <span class='ocrx_word' id='word_1_332' title='bbox 416 2400 452 2419; x_wconf 83' lang='lat' dir='ltr'>ex</span> <span class='ocrx_word' id='word_1_333' title='bbox 476 2395 553 2428; x_wconf 75' lang='lat' dir='ltr'>parte</span> <span class='ocrx_word' id='word_1_334' title='bbox 574 2391 753 2419; x_wconf 76' lang='lat' dir='ltr'>subiecti.-</span> <span class='ocrx_word' id='word_1_335' title='bbox 775 2392 800 2419; x_wconf 82' lang='lat' dir='ltr'>Si</span> <span class='ocrx_word' id='word_1_336' title='bbox 823 2395 916 2420; x_wconf 87' lang='lat' dir='ltr'>autem</span> <span class='ocrx_word' id='word_1_337' title='bbox 939 2395 1107 2428; x_wconf 82' lang='lat' dir='ltr'>quaeratur,</span> 
     </span>
     <span class='ocr_line' id='line_1_56' title="bbox 260 2438 1109 2476; baseline 0.001 -10"><span class='ocrx_word' id='word_1_338' title='bbox 260 2446 348 2475; x_wconf 85' lang='lat' dir='ltr'>quare</span> <span class='ocrx_word' id='word_1_339' title='bbox 371 2438 574 2475; x_wconf 68' lang='lat' dir='ltr'>multiplicatur</span> <span class='ocrx_word' id='word_1_340' title='bbox 586 2438 737 2476; x_wconf 58' lang='lat' dir='ltr'>generatio</span> <span class='ocrx_word' id='word_1_341' title='bbox 757 2439 782 2467; x_wconf 88' lang='lat' dir='ltr'>in</span> <span class='ocrx_word' id='word_1_342' title='bbox 800 2439 909 2467; x_wconf 83' lang='lat' dir='ltr'>Christo</span> <span class='ocrx_word' id='word_1_343' title='bbox 924 2442 950 2467; x_wconf 86' lang='lat' dir='ltr'>et</span> <span class='ocrx_word' id='word_1_344' title='bbox 966 2447 1019 2467; x_wconf 87' lang='lat' dir='ltr'>uon</span> <span class='ocrx_word' id='word_1_345' title='bbox 1034 2438 1109 2475; x_wconf 73' lang='lat' dir='ltr'>sititt-</span> 
     </span>
    </p>
   </div>
   <div class='ocr_carea' id='block_1_14' title="bbox 941 196 1336 225">
    <p class='ocr_par' dir='ltr' id='par_1_16' title="bbox 941 196 1336 225">
     <span class='ocr_line' id='line_1_57' title="bbox 941 196 1336 225; baseline 0.003 -1"><span class='ocrx_word' id='word_1_346' title='bbox 941 196 1193 225; x_wconf 74' lang='lat' dir='ltr'>SENTENTIARUM</span> <span class='ocrx_word' id='word_1_347' title='bbox 1215 197 1275 225; x_wconf 84' lang='lat' dir='ltr'>LIB.</span> <span class='ocrx_word' id='word_1_348' title='bbox 1298 198 1336 225; x_wconf 92' lang='lat' dir='ltr'>lll.</span> 
     </span>
    </p>
   </div>
   <div class='ocr_carea' id='block_1_15' title="bbox 1168 275 2111 313">
    <p class='ocr_par' dir='ltr' id='par_1_17' title="bbox 1168 275 2111 313">
     <span class='ocr_line' id='line_1_58' title="bbox 1168 275 2111 313; baseline 0.004 -10"><span class='ocrx_word' id='word_1_349' title='bbox 1168 275 1220 308; x_wconf 77' lang='lat' dir='ltr'>tio,</span> <span class='ocrx_word' id='word_1_350' title='bbox 1250 284 1314 304; x_wconf 86' lang='lat' dir='ltr'>cuin</span> <span class='ocrx_word' id='word_1_351' title='bbox 1344 279 1464 313; x_wconf 77' lang='lat' dir='ltr'>utraque</span> <span class='ocrx_word' id='word_1_352' title='bbox 1493 277 1623 313; x_wconf 80' lang='lat' dir='ltr'>respiciat</span> <span class='ocrx_word' id='word_1_353' title='bbox 1651 285 1818 313; x_wconf 66' lang='lat' dir='ltr'>personamg</span> <span class='ocrx_word' id='word_1_354' title='bbox 1847 278 2111 313; x_wconf 68' lang='lat' dir='ltr'>dicendum‚1iatioi.</span> 
     </span>
    </p>
   </div>
   <div class='ocr_carea' id='block_1_16' title="bbox 1166 322 2014 596">
    <p class='ocr_par' dir='ltr' id='par_1_18' title="bbox 1166 322 2014 596">
     <span class='ocr_line' id='line_1_59' title="bbox 1167 322 2014 360; baseline 0.004 -10"><span class='ocrx_word' id='word_1_355' title='bbox 1167 322 1241 358; x_wconf 89' lang='lat' dir='ltr'>quod</span> <span class='ocrx_word' id='word_1_356' title='bbox 1262 323 1412 359; x_wconf 73' lang='lat' dir='ltr'>qenercttio</span> <span class='ocrx_word' id='word_1_357' title='bbox 1428 323 1564 359; x_wconf 80' lang='lat' dir='ltr'>significat</span> <span class='ocrx_word' id='word_1_358' title='bbox 1586 331 1636 360; x_wconf 90' lang='lat' dir='ltr'>per</span> <span class='ocrx_word' id='word_1_359' title='bbox 1652 324 1765 352; x_wconf 87' lang='lat' dir='ltr'>modum</span> <span class='ocrx_word' id='word_1_360' title='bbox 1782 324 1922 358; x_wconf 76' lang='lat' dir='ltr'>actionz&#39;s,·</span> <span class='ocrx_word' id='word_1_361' title='bbox 1943 325 2014 354; x_wconf 87' lang='lat' dir='ltr'>actio</span> 
     </span>
     <span class='ocr_line' id='line_1_60' title="bbox 1166 370 2012 407; baseline 0.004 -10"><span class='ocrx_word' id='word_1_362' title='bbox 1166 372 1260 397; x_wconf 78' lang='lat' dir='ltr'>autem</span> <span class='ocrx_word' id='word_1_363' title='bbox 1282 373 1309 397; x_wconf 89' lang='lat' dir='ltr'>et</span> <span class='ocrx_word' id='word_1_364' title='bbox 1330 370 1422 406; x_wconf 83' lang='lat' dir='ltr'>passio</span> <span class='ocrx_word' id='word_1_365' title='bbox 1437 378 1491 398; x_wconf 92' lang='lat' dir='ltr'>non</span> <span class='ocrx_word' id='word_1_366' title='bbox 1514 370 1603 399; x_wconf 88' lang='lat' dir='ltr'>solum</span> <span class='ocrx_word' id='word_1_367' title='bbox 1621 371 1718 407; x_wconf 83' lang='lat' dir='ltr'>recipit</span> <span class='ocrx_word' id='word_1_368' title='bbox 1739 372 1961 400; x_wconf 86' lang='lat' dir='ltr'>numerationem</span> <span class='ocrx_word' id='word_1_369' title='bbox 1977 380 2012 401; x_wconf 86' lang='lat' dir='ltr'>ex</span> 
     </span>
     <span class='ocr_line' id='line_1_61' title="bbox 1168 416 2013 454; baseline 0.005 -10"><span class='ocrx_word' id='word_1_370' title='bbox 1168 419 1246 452; x_wconf 87' lang='lat' dir='ltr'>parte</span> <span class='ocrx_word' id='word_1_371' title='bbox 1267 416 1401 450; x_wconf 75' lang='lat' dir='ltr'>subiecti,</span> <span class='ocrx_word' id='word_1_372' title='bbox 1423 417 1471 445; x_wconf 87' lang='lat' dir='ltr'>sed</span> <span class='ocrx_word' id='word_1_373' title='bbox 1488 418 1571 446; x_wconf 87' lang='lat' dir='ltr'>etiam</span> <span class='ocrx_word' id='word_1_374' title='bbox 1593 425 1629 446; x_wconf 81' lang='lat' dir='ltr'>ex</span> <span class='ocrx_word' id='word_1_375' title='bbox 1651 422 1730 454; x_wconf 86' lang='lat' dir='ltr'>parte</span> <span class='ocrx_word' id='word_1_376' title='bbox 1745 426 1914 452; x_wconf 69' lang='lat' dir='ltr'>mensurae,</span> <span class='ocrx_word' id='word_1_377' title='bbox 1937 423 1963 448; x_wconf 90' lang='lat' dir='ltr'>et</span> <span class='ocrx_word' id='word_1_378' title='bbox 1978 428 2013 448; x_wconf 85' lang='lat' dir='ltr'>ex</span> 
     </span>
     <span class='ocr_line' id='line_1_62' title="bbox 1168 463 2013 503; baseline 0.005 -13"><span class='ocrx_word' id='word_1_379' title='bbox 1168 466 1246 499; x_wconf 90' lang='lat' dir='ltr'>parte</span> <span class='ocrx_word' id='word_1_380' title='bbox 1265 463 1417 500; x_wconf 76' lang='lat' dir='ltr'>principii.</span> <span class='ocrx_word' id='word_1_381' title='bbox 1446 464 1475 492; x_wconf 84' lang='lat' dir='ltr'>Et</span> <span class='ocrx_word' id='word_1_382' title='bbox 1501 464 1632 501; x_wconf 84' lang='lat' dir='ltr'>quoniam</span> <span class='ocrx_word' id='word_1_383' title='bbox 1654 465 1731 493; x_wconf 81' lang='lat' dir='ltr'>aliud</span> <span class='ocrx_word' id='word_1_384' title='bbox 1753 468 1795 493; x_wconf 88' lang='lat' dir='ltr'>est</span> <span class='ocrx_word' id='word_1_385' title='bbox 1812 466 2013 503; x_wconf 71' lang='lat' dir='ltr'>principi-tini,</span> 
     </span>
     <span class='ocr_line' id='line_1_63' title="bbox 1167 510 2014 548; baseline 0.006 -11"><span class='ocrx_word' id='word_1_386' title='bbox 1167 513 1193 537; x_wconf 89' lang='lat' dir='ltr'>et</span> <span class='ocrx_word' id='word_1_387' title='bbox 1215 510 1269 537; x_wconf 83' lang='lat' dir='ltr'>alia</span> <span class='ocrx_word' id='word_1_388' title='bbox 1291 513 1332 538; x_wconf 89' lang='lat' dir='ltr'>est</span> <span class='ocrx_word' id='word_1_389' title='bbox 1354 519 1515 545; x_wconf 73' lang='lat' dir='ltr'>mensura,</span> <span class='ocrx_word' id='word_1_390' title='bbox 1544 512 1706 548; x_wconf 84' lang='lat' dir='ltr'>temporalis</span> <span class='ocrx_word' id='word_1_391' title='bbox 1737 515 1764 540; x_wconf 89' lang='lat' dir='ltr'>et</span> <span class='ocrx_word' id='word_1_392' title='bbox 1792 516 1923 547; x_wconf 54' lang='lat' dir='ltr'>aeterum</span> <span class='ocrx_word' id='word_1_393' title='bbox 1953 513 2014 542; x_wconf 87' lang='lat' dir='ltr'>ideo</span> 
     </span>
     <span class='ocr_line' id='line_1_64' title="bbox 1167 556 2013 596; baseline 0.006 -12"><span class='ocrx_word' id='word_1_394' title='bbox 1167 556 1221 585; x_wconf 82' lang='lat' dir='ltr'>alia</span> <span class='ocrx_word' id='word_1_395' title='bbox 1249 560 1339 594; x_wconf 86' lang='lat' dir='ltr'>potest</span> <span class='ocrx_word' id='word_1_396' title='bbox 1367 558 1419 586; x_wconf 85' lang='lat' dir='ltr'>dici</span> <span class='ocrx_word' id='word_1_397' title='bbox 1450 561 1476 586; x_wconf 88' lang='lat' dir='ltr'>et</span> <span class='ocrx_word' id='word_1_398' title='bbox 1504 559 1558 587; x_wconf 86' lang='lat' dir='ltr'>alia</span> <span class='ocrx_word' id='word_1_399' title='bbox 1585 559 1772 596; x_wconf 56' lang='lat' dir='ltr'>perieratiw,</span> <span class='ocrx_word' id='word_1_400' title='bbox 1802 560 1931 596; x_wconf 81' lang='lat' dir='ltr'>quamvis</span> <span class='ocrx_word' id='word_1_401' title='bbox 1960 569 2013 589; x_wconf 92' lang='lat' dir='ltr'>non</span> 
     </span>
    </p>
   </div>
   <div class='ocr_carea' id='block_1_17' title="bbox 1166 602 2110 644">
    <p class='ocr_par' dir='ltr' id='par_1_19' title="bbox 1166 602 2110 644">
     <span class='ocr_line' id='line_1_65' title="bbox 1166 602 2110 644; baseline 0.004 -13"><span class='ocrx_word' id='word_1_402' title='bbox 1166 602 1280 639; x_wconf 72' lang='lat' dir='ltr'>filiatio.</span> <span class='ocrx_word' id='word_1_403' title='bbox 1302 621 1341 624; x_wconf 77' lang='lat'>—</span> <span class='ocrx_word' id='word_1_404' title='bbox 1362 604 1418 633; x_wconf 71' lang='lat' dir='ltr'>Alia</span> <span class='ocrx_word' id='word_1_405' title='bbox 1440 605 1522 633; x_wconf 87' lang='lat' dir='ltr'>etiam</span> <span class='ocrx_word' id='word_1_406' title='bbox 1538 609 1579 634; x_wconf 86' lang='lat' dir='ltr'>est</span> <span class='ocrx_word' id='word_1_407' title='bbox 1595 606 1680 639; x_wconf 81' lang='lat' dir='ltr'>ratio,</span> <span class='ocrx_word' id='word_1_408' title='bbox 1702 606 1783 643; x_wconf 79' lang='lat' dir='ltr'>quia,</span> <span class='ocrx_word' id='word_1_409' title='bbox 1799 607 1849 635; x_wconf 88' lang='lat' dir='ltr'>etsi</span> <span class='ocrx_word' id='word_1_410' title='bbox 1862 607 2013 644; x_wconf 59' lang='lat' dir='ltr'>qenai-atio</span> <span class='ocrx_word' id='word_1_411' title='bbox 2026 615 2081 634; x_wconf 74' lang='lat' dir='ltr'>nano</span> <span class='ocrx_word' id='word_1_412' title='bbox 2094 616 2110 635; x_wconf 66' lang='grc' dir='ltr'>θ.</span> 
     </span>
    </p>
   </div>
   <div class='ocr_carea' id='block_1_18' title="bbox 1165 651 2021 2477">
    <p class='ocr_par' dir='ltr' id='par_1_20' title="bbox 1167 651 2016 970">
     <span class='ocr_line' id='line_1_66' title="bbox 1168 651 2014 691; baseline 0.005 -13"><span class='ocrx_word' id='word_1_413' title='bbox 1168 651 1297 687; x_wconf 74' lang='lat' dir='ltr'>respiciat</span> <span class='ocrx_word' id='word_1_414' title='bbox 1316 660 1490 687; x_wconf 73' lang='lat' dir='ltr'>personam,</span> <span class='ocrx_word' id='word_1_415' title='bbox 1514 656 1607 681; x_wconf 83' lang='lat' dir='ltr'>tamen</span> <span class='ocrx_word' id='word_1_416' title='bbox 1622 661 1672 689; x_wconf 88' lang='lat' dir='ltr'>per</span> <span class='ocrx_word' id='word_1_417' title='bbox 1687 661 1860 690; x_wconf 83' lang='lat' dir='ltr'>consequens</span> <span class='ocrx_word' id='word_1_418' title='bbox 1875 654 2014 691; x_wconf 83' lang='lat' dir='ltr'>respicere</span> 
     </span>
     <span class='ocr_line' id='line_1_67' title="bbox 1167 699 2014 734; baseline 0.005 -9"><span class='ocrx_word' id='word_1_419' title='bbox 1167 701 1258 734; x_wconf 83' lang='lat' dir='ltr'>potest</span> <span class='ocrx_word' id='word_1_420' title='bbox 1279 701 1305 726; x_wconf 87' lang='lat' dir='ltr'>et</span> <span class='ocrx_word' id='word_1_421' title='bbox 1326 702 1479 727; x_wconf 64' lang='lat' dir='ltr'>noemam.</span> <span class='ocrx_word' id='word_1_422' title='bbox 1504 699 1580 728; x_wconf 83' lang='lat' dir='ltr'>Unde</span> <span class='ocrx_word' id='word_1_423' title='bbox 1596 700 1719 728; x_wconf 85' lang='lat' dir='ltr'>humana</span> <span class='ocrx_word' id='word_1_424' title='bbox 1740 704 1841 728; x_wconf 88' lang='lat' dir='ltr'>natura</span> <span class='ocrx_word' id='word_1_425' title='bbox 1855 700 1883 728; x_wconf 94' lang='lat' dir='ltr'>in</span> <span class='ocrx_word' id='word_1_426' title='bbox 1905 700 2014 729; x_wconf 81' lang='lat' dir='ltr'>Christo</span> 
     </span>
     <span class='ocr_line' id='line_1_68' title="bbox 1167 744 2014 783; baseline 0.004 -11"><span class='ocrx_word' id='word_1_427' title='bbox 1167 747 1257 780; x_wconf 86' lang='lat' dir='ltr'>potest</span> <span class='ocrx_word' id='word_1_428' title='bbox 1278 744 1332 773; x_wconf 83' lang='lat' dir='ltr'>dici</span> <span class='ocrx_word' id='word_1_429' title='bbox 1355 749 1444 779; x_wconf 76' lang='lat' dir='ltr'>nata,</span> <span class='ocrx_word' id='word_1_430' title='bbox 1468 753 1520 773; x_wconf 90' lang='lat' dir='ltr'>non</span> <span class='ocrx_word' id='word_1_431' title='bbox 1545 749 1637 774; x_wconf 88' lang='lat' dir='ltr'>tamen</span> <span class='ocrx_word' id='word_1_432' title='bbox 1659 749 1749 782; x_wconf 87' lang='lat' dir='ltr'>potest</span> <span class='ocrx_word' id='word_1_433' title='bbox 1770 746 1823 775; x_wconf 88' lang='lat' dir='ltr'>dici</span> <span class='ocrx_word' id='word_1_434' title='bbox 1845 746 1927 783; x_wconf 74' lang='lat' dir='ltr'>fitia,</span> <span class='ocrx_word' id='word_1_435' title='bbox 1949 747 2014 783; x_wconf 84' lang='lat' dir='ltr'>quia</span> 
     </span>
     <span class='ocr_line' id='line_1_69' title="bbox 1168 790 2015 830; baseline 0.004 -12"><span class='ocrx_word' id='word_1_436' title='bbox 1168 790 1262 819; x_wconf 80' lang='lat' dir='ltr'>filiatio</span> <span class='ocrx_word' id='word_1_437' title='bbox 1284 793 1396 828; x_wconf 83' lang='lat' dir='ltr'>proprie</span> <span class='ocrx_word' id='word_1_438' title='bbox 1417 792 1708 829; x_wconf 83' lang='lat' dir='ltr'>respicit-personam.</span> <span class='ocrx_word' id='word_1_439' title='bbox 1731 793 1761 821; x_wconf 89' lang='lat' dir='ltr'>Et</span> <span class='ocrx_word' id='word_1_440' title='bbox 1776 793 1841 830; x_wconf 86' lang='lat' dir='ltr'>quia</span> <span class='ocrx_word' id='word_1_441' title='bbox 1856 794 1882 821; x_wconf 95' lang='lat' dir='ltr'>in</span> <span class='ocrx_word' id='word_1_442' title='bbox 1905 793 2015 822; x_wconf 87' lang='lat' dir='ltr'>Christo</span> 
     </span>
     <span class='ocr_line' id='line_1_70' title="bbox 1167 839 2014 877; baseline 0.002 -11"><span class='ocrx_word' id='word_1_443' title='bbox 1167 841 1208 866; x_wconf 90' lang='lat' dir='ltr'>est</span> <span class='ocrx_word' id='word_1_444' title='bbox 1230 839 1375 875; x_wconf 77' lang='lat' dir='ltr'>pluralitas</span> <span class='ocrx_word' id='word_1_445' title='bbox 1407 842 1572 868; x_wconf 86' lang='lat' dir='ltr'>naturarum</span> <span class='ocrx_word' id='word_1_446' title='bbox 1602 843 1629 868; x_wconf 79' lang='lat' dir='ltr'>et</span> <span class='ocrx_word' id='word_1_447' title='bbox 1660 840 1751 868; x_wconf 80' lang='lat' dir='ltr'>unitas</span> <span class='ocrx_word' id='word_1_448' title='bbox 1780 848 1930 877; x_wconf 48' lang='lat' dir='ltr'>personam</span> <span class='ocrx_word' id='word_1_449' title='bbox 1953 840 2014 869; x_wconf 90' lang='lat' dir='ltr'>ideo</span> 
     </span>
     <span class='ocr_line' id='line_1_71' title="bbox 1167 886 2016 924; baseline 0.002 -10"><span class='ocrx_word' id='word_1_450' title='bbox 1167 889 1284 922; x_wconf 79' lang='lat' dir='ltr'>possunt</span> <span class='ocrx_word' id='word_1_451' title='bbox 1305 886 1358 915; x_wconf 81' lang='lat' dir='ltr'>dici</span> <span class='ocrx_word' id='word_1_452' title='bbox 1381 886 1477 923; x_wconf 87' lang='lat' dir='ltr'>plures</span> <span class='ocrx_word' id='word_1_453' title='bbox 1495 887 1707 924; x_wconf 65' lang='lat' dir='ltr'>qen-arationes,</span> <span class='ocrx_word' id='word_1_454' title='bbox 1729 887 1858 924; x_wconf 85' lang='lat' dir='ltr'>quamvis</span> <span class='ocrx_word' id='word_1_455' title='bbox 1879 895 1933 915; x_wconf 86' lang='lat' dir='ltr'>non</span> <span class='ocrx_word' id='word_1_456' title='bbox 1956 895 2016 924; x_wconf 86' lang='lat' dir='ltr'>pos-</span> 
     </span>
     <span class='ocr_line' id='line_1_72' title="bbox 1168 933 1625 970; baseline 0.002 -9"><span class='ocrx_word' id='word_1_457' title='bbox 1168 933 1222 961; x_wconf 89' lang='lat' dir='ltr'>sint</span> <span class='ocrx_word' id='word_1_458' title='bbox 1246 933 1300 962; x_wconf 86' lang='lat' dir='ltr'>dici</span> <span class='ocrx_word' id='word_1_459' title='bbox 1324 933 1419 970; x_wconf 87' lang='lat' dir='ltr'>plures</span> <span class='ocrx_word' id='word_1_460' title='bbox 1439 933 1625 970; x_wconf 67' lang='lat' dir='ltr'>filiationosf’.</span> 
     </span>
    </p>

    <p class='ocr_par' dir='ltr' id='par_1_21' title="bbox 1166 980 2021 1818">
     <span class='ocr_line' id='line_1_73' title="bbox 1247 980 2015 1018; baseline 0.001 -10"><span class='ocrx_word' id='word_1_461' title='bbox 1247 982 1273 1009; x_wconf 55' lang='lat'>⁹2.</span> <span class='ocrx_word' id='word_1_462' title='bbox 1295 981 1333 1009; x_wconf 76' lang='lat' dir='ltr'>Ad</span> <span class='ocrx_word' id='word_1_463' title='bbox 1356 980 1424 1009; x_wconf 89' lang='lat' dir='ltr'>illud</span> <span class='ocrx_word' id='word_1_464' title='bbox 1448 981 1523 1018; x_wconf 82' lang='lat' dir='ltr'>quod</span> <span class='ocrx_word' id='word_1_465' title='bbox 1546 981 1691 1015; x_wconf 81' lang='lat' dir='ltr'>obiicitur,</span> <span class='ocrx_word' id='word_1_466' title='bbox 1724 981 1799 1018; x_wconf 83' lang='lat' dir='ltr'>quod</span> <span class='ocrx_word' id='word_1_467' title='bbox 1831 981 2015 1018; x_wconf 82' lang='lat' dir='ltr'>multiplicato</span> 
     </span>
     <span class='ocr_line' id='line_1_74' title="bbox 1167 1028 2016 1066; baseline 0.002 -11"><span class='ocrx_word' id='word_1_468' title='bbox 1167 1035 1223 1055; x_wconf 90' lang='lat' dir='ltr'>uno</span> <span class='ocrx_word' id='word_1_469' title='bbox 1245 1028 1444 1060; x_wconf 76' lang='lat' dir='ltr'>relativorum,</span> <span class='ocrx_word' id='word_1_470' title='bbox 1474 1028 1676 1065; x_wconf 85' lang='lat' dir='ltr'>multiplicatur</span> <span class='ocrx_word' id='word_1_471' title='bbox 1698 1032 1724 1057; x_wconf 91' lang='lat' dir='ltr'>et</span> <span class='ocrx_word' id='word_1_472' title='bbox 1747 1029 1904 1066; x_wconf 82' lang='lat' dir='ltr'>reliquuin;</span> <span class='ocrx_word' id='word_1_473' title='bbox 1926 1028 2016 1057; x_wconf 85' lang='lat' dir='ltr'>dicen-</span> 
     </span>
     <span class='ocr_line' id='line_1_75' title="bbox 1168 1074 2016 1113; baseline 0.001 -11"><span class='ocrx_word' id='word_1_474' title='bbox 1168 1075 1253 1109; x_wconf 83' lang='lat' dir='ltr'>dum,</span> <span class='ocrx_word' id='word_1_475' title='bbox 1275 1076 1350 1112; x_wconf 86' lang='lat' dir='ltr'>quod</span> <span class='ocrx_word' id='word_1_476' title='bbox 1373 1075 1441 1103; x_wconf 93' lang='lat' dir='ltr'>illud</span> <span class='ocrx_word' id='word_1_477' title='bbox 1465 1083 1564 1104; x_wconf 89' lang='lat' dir='ltr'>verum</span> <span class='ocrx_word' id='word_1_478' title='bbox 1587 1079 1629 1104; x_wconf 90' lang='lat' dir='ltr'>est</span> <span class='ocrx_word' id='word_1_479' title='bbox 1651 1076 1685 1104; x_wconf 90' lang='lat' dir='ltr'>de</span> <span class='ocrx_word' id='word_1_480' title='bbox 1706 1075 1934 1112; x_wconf 80' lang='lat' dir='ltr'>multiplicatione</span> <span class='ocrx_word' id='word_1_481' title='bbox 1955 1074 2016 1113; x_wconf 74' lang='lat' dir='ltr'>foi·-</span> 
     </span>
     <span class='ocr_line' id='line_1_76' title="bbox 1168 1122 2016 1160; baseline 0.001 -10"><span class='ocrx_word' id='word_1_482' title='bbox 1168 1122 1241 1150; x_wconf 69' lang='lat' dir='ltr'>matt</span> <span class='ocrx_word' id='word_1_483' title='bbox 1267 1126 1294 1151; x_wconf 82' lang='lat' dir='ltr'>et</span> <span class='ocrx_word' id='word_1_484' title='bbox 1323 1123 1357 1151; x_wconf 90' lang='lat' dir='ltr'>de</span> <span class='ocrx_word' id='word_1_485' title='bbox 1383 1131 1415 1151; x_wconf 90' lang='lat' dir='ltr'>eo</span> <span class='ocrx_word' id='word_1_486' title='bbox 1437 1123 1618 1157; x_wconf 76' lang='lat' dir='ltr'>correlativ0‚</span> <span class='ocrx_word' id='word_1_487' title='bbox 1641 1131 1657 1151; x_wconf 85' lang='lat' dir='ltr'>a</span> <span class='ocrx_word' id='word_1_488' title='bbox 1679 1132 1734 1160; x_wconf 82' lang='lat' dir='ltr'>quo</span> <span class='ocrx_word' id='word_1_489' title='bbox 1766 1123 1905 1160; x_wconf 84' lang='lat' dir='ltr'>dependet</span> <span class='ocrx_word' id='word_1_490' title='bbox 1926 1130 2016 1151; x_wconf 87' lang='lat' dir='ltr'>corre-</span> 
     </span>
     <span class='ocr_line' id='line_1_77' title="bbox 1168 1168 2016 1207; baseline 0.001 -11"><span class='ocrx_word' id='word_1_491' title='bbox 1168 1168 1283 1197; x_wconf 82' lang='lat' dir='ltr'>lativnm</span> <span class='ocrx_word' id='word_1_492' title='bbox 1306 1169 1492 1206; x_wconf 85' lang='lat' dir='ltr'>dependentia</span> <span class='ocrx_word' id='word_1_493' title='bbox 1523 1170 1671 1198; x_wconf 71' lang='lat' dir='ltr'>essentiali</span> <span class='ocrx_word' id='word_1_494' title='bbox 1677 1180 1687 1203; x_wconf 91' lang='grc'><em>;</em></span> <span class='ocrx_word' id='word_1_495' title='bbox 1709 1170 1821 1207; x_wconf 83' lang='lat' dir='ltr'>quando</span> <span class='ocrx_word' id='word_1_496' title='bbox 1842 1173 1937 1198; x_wconf 85' lang='lat' dir='ltr'>autem</span> <span class='ocrx_word' id='word_1_497' title='bbox 1958 1177 2016 1198; x_wconf 88' lang='lat' dir='ltr'>cor-</span> 
     </span>
     <span class='ocr_line' id='line_1_78' title="bbox 1167 1215 2014 1253; baseline 0 -10"><span class='ocrx_word' id='word_1_498' title='bbox 1167 1215 1316 1243; x_wconf 85' lang='lat' dir='ltr'>relativum</span> <span class='ocrx_word' id='word_1_499' title='bbox 1331 1216 1340 1228; x_wconf 76' lang='lat'>⁵</span> <span class='ocrx_word' id='word_1_500' title='bbox 1364 1216 1567 1252; x_wconf 82' lang='lat' dir='ltr'>multiplicatur</span> <span class='ocrx_word' id='word_1_501' title='bbox 1589 1216 1818 1253; x_wconf 80' lang='lat' dir='ltr'>multiplicatione</span> <span class='ocrx_word' id='word_1_502' title='bbox 1848 1215 2014 1249; x_wconf 65' lang='lat' dir='ltr'>materiati,</span> 
     </span>
     <span class='ocr_line' id='line_1_79' title="bbox 1167 1262 2021 1300; baseline 0.001 -10"><span class='ocrx_word' id='word_1_503' title='bbox 1167 1270 1221 1290; x_wconf 91' lang='lat' dir='ltr'>non</span> <span class='ocrx_word' id='word_1_504' title='bbox 1244 1262 1327 1291; x_wconf 85' lang='lat' dir='ltr'>habet</span> <span class='ocrx_word' id='word_1_505' title='bbox 1350 1263 1511 1298; x_wconf 77' lang='lat' dir='ltr'>veritatem:</span> <span class='ocrx_word' id='word_1_506' title='bbox 1534 1264 1605 1292; x_wconf 86' lang='lat' dir='ltr'>sicut</span> <span class='ocrx_word' id='word_1_507' title='bbox 1637 1267 1678 1292; x_wconf 89' lang='lat' dir='ltr'>est</span> <span class='ocrx_word' id='word_1_508' title='bbox 1699 1264 1811 1300; x_wconf 81' lang='lat' dir='ltr'>quando</span> <span class='ocrx_word' id='word_1_509' title='bbox 1833 1271 1908 1292; x_wconf 91' lang='lat' dir='ltr'>unus</span> <span class='ocrx_word' id='word_1_510' title='bbox 1932 1263 2021 1292; x_wconf 83' lang='lat' dir='ltr'>honio</span> 
     </span>
     <span class='ocr_line' id='line_1_80' title="bbox 1167 1309 2016 1347; baseline 0.001 -10"><span class='ocrx_word' id='word_1_511' title='bbox 1167 1313 1282 1345; x_wconf 85' lang='lat' dir='ltr'>generat</span> <span class='ocrx_word' id='word_1_512' title='bbox 1305 1310 1400 1346; x_wconf 88' lang='lat' dir='ltr'>plures</span> <span class='ocrx_word' id='word_1_513' title='bbox 1421 1309 1509 1344; x_wconf 76' lang='lat' dir='ltr'>filios,</span> <span class='ocrx_word' id='word_1_514' title='bbox 1532 1313 1559 1338; x_wconf 91' lang='lat' dir='ltr'>et</span> <span class='ocrx_word' id='word_1_515' title='bbox 1580 1318 1654 1339; x_wconf 91' lang='lat' dir='ltr'>unus</span> <span class='ocrx_word' id='word_1_516' title='bbox 1676 1310 1808 1347; x_wconf 81' lang='lat' dir='ltr'>magister</span> <span class='ocrx_word' id='word_1_517' title='bbox 1824 1310 1904 1338; x_wconf 86' lang='lat' dir='ltr'>docet</span> <span class='ocrx_word' id='word_1_518' title='bbox 1919 1310 2016 1347; x_wconf 89' lang='lat' dir='ltr'>plures</span> 
     </span>
     <span class='ocr_line' id='line_1_81' title="bbox 1167 1355 2015 1393; baseline 0.002 -10"><span class='ocrx_word' id='word_1_519' title='bbox 1167 1355 1335 1392; x_wconf 78' lang='lat' dir='ltr'>discipulos;</span> <span class='ocrx_word' id='word_1_520' title='bbox 1358 1359 1423 1384; x_wconf 86' lang='lat' dir='ltr'>tunc</span> <span class='ocrx_word' id='word_1_521' title='bbox 1446 1356 1520 1384; x_wconf 85' lang='lat' dir='ltr'>enim</span> <span class='ocrx_word' id='word_1_522' title='bbox 1543 1357 1657 1391; x_wconf 81' lang='lat' dir='ltr'>relatio,</span> <span class='ocrx_word' id='word_1_523' title='bbox 1678 1364 1750 1393; x_wconf 85' lang='lat' dir='ltr'>quae</span> <span class='ocrx_word' id='word_1_524' title='bbox 1765 1360 1807 1385; x_wconf 88' lang='lat' dir='ltr'>est</span> <span class='ocrx_word' id='word_1_525' title='bbox 1828 1356 1855 1384; x_wconf 93' lang='lat' dir='ltr'>in</span> <span class='ocrx_word' id='word_1_526' title='bbox 1877 1356 1945 1393; x_wconf 80' lang='lat' dir='ltr'>ipso,</span> <span class='ocrx_word' id='word_1_527' title='bbox 1960 1364 2015 1385; x_wconf 91' lang='lat' dir='ltr'>non</span> 
     </span>
     <span class='ocr_line' id='line_1_82' title="bbox 1167 1403 2017 1441; baseline 0.002 -10"><span class='ocrx_word' id='word_1_528' title='bbox 1167 1403 1306 1440; x_wconf 83' lang='lat' dir='ltr'>dependet</span> <span class='ocrx_word' id='word_1_529' title='bbox 1327 1403 1362 1431; x_wconf 76' lang='lat' dir='ltr'>al]</span> <span class='ocrx_word' id='word_1_530' title='bbox 1384 1412 1554 1441; x_wconf 83' lang='lat' dir='ltr'>unoquoque</span> <span class='ocrx_word' id='word_1_531' title='bbox 1576 1412 1675 1433; x_wconf 86' lang='lat' dir='ltr'>eorum</span> <span class='ocrx_word' id='word_1_532' title='bbox 1696 1404 1748 1433; x_wconf 90' lang='lat' dir='ltr'>nisi</span> <span class='ocrx_word' id='word_1_533' title='bbox 1770 1404 1956 1441; x_wconf 84' lang='lat' dir='ltr'>dependentia</span> <span class='ocrx_word' id='word_1_534' title='bbox 1971 1413 2017 1433; x_wconf 76' lang='grc' dir='ltr'>(ιθ-</span> 
     </span>
     <span class='ocr_line' id='line_1_83' title="bbox 1168 1451 2016 1485; baseline 0 -6"><span class='ocrx_word' id='word_1_535' title='bbox 1168 1451 1323 1483; x_wconf 66' lang='lat' dir='ltr'>oirlentctti,</span> <span class='ocrx_word' id='word_1_536' title='bbox 1345 1455 1371 1479; x_wconf 87' lang='lat' dir='ltr'>et</span> <span class='ocrx_word' id='word_1_537' title='bbox 1397 1451 1541 1479; x_wconf 84' lang='lat' dir='ltr'>desinente</span> <span class='ocrx_word' id='word_1_538' title='bbox 1570 1459 1642 1485; x_wconf 73' lang='lat' dir='ltr'>uno,</span> <span class='ocrx_word' id='word_1_539' title='bbox 1664 1451 1790 1480; x_wconf 84' lang='lat' dir='ltr'>salvatur</span> <span class='ocrx_word' id='word_1_540' title='bbox 1812 1451 1909 1480; x_wconf 84' lang='lat' dir='ltr'>relatio</span> <span class='ocrx_word' id='word_1_541' title='bbox 1933 1452 1959 1479; x_wconf 88' lang='lat' dir='ltr'>in</span> <span class='ocrx_word' id='word_1_542' title='bbox 1980 1452 2016 1480; x_wconf 89' lang='lat' dir='ltr'>al-</span> 
     </span>
     <span class='ocr_line' id='line_1_84' title="bbox 1167 1498 2014 1536; baseline 0.001 -10"><span class='ocrx_word' id='word_1_543' title='bbox 1167 1502 1235 1527; x_wconf 87' lang='lat' dir='ltr'>tero.</span> <span class='ocrx_word' id='word_1_544' title='bbox 1259 1498 1334 1527; x_wconf 88' lang='lat' dir='ltr'>Unde</span> <span class='ocrx_word' id='word_1_545' title='bbox 1356 1499 1468 1535; x_wconf 82' lang='lat' dir='ltr'>quando</span> <span class='ocrx_word' id='word_1_546' title='bbox 1490 1498 1553 1535; x_wconf 86' lang='lat' dir='ltr'>quis</span> <span class='ocrx_word' id='word_1_547' title='bbox 1575 1502 1689 1535; x_wconf 80' lang='lat' dir='ltr'>generat</span> <span class='ocrx_word' id='word_1_548' title='bbox 1703 1502 1765 1536; x_wconf 91' lang='lat' dir='ltr'>post</span> <span class='ocrx_word' id='word_1_549' title='bbox 1779 1499 1903 1536; x_wconf 88' lang='lat' dir='ltr'>primum</span> <span class='ocrx_word' id='word_1_550' title='bbox 1925 1499 2014 1527; x_wconf 85' lang='lat' dir='ltr'>filium</span> 
     </span>
     <span class='ocr_line' id='line_1_85' title="bbox 1167 1546 2017 1583; baseline 0.001 -10"><span class='ocrx_word' id='word_1_551' title='bbox 1167 1546 1270 1580; x_wconf 72' lang='lat' dir='ltr'>alium,</span> <span class='ocrx_word' id='word_1_552' title='bbox 1292 1554 1345 1573; x_wconf 89' lang='lat' dir='ltr'>non</span> <span class='ocrx_word' id='word_1_553' title='bbox 1369 1546 1492 1574; x_wconf 85' lang='lat' dir='ltr'>nascitur</span> <span class='ocrx_word' id='word_1_554' title='bbox 1514 1546 1540 1573; x_wconf 90' lang='lat' dir='ltr'>in</span> <span class='ocrx_word' id='word_1_555' title='bbox 1564 1554 1596 1574; x_wconf 89' lang='lat' dir='ltr'>eo</span> <span class='ocrx_word' id='word_1_556' title='bbox 1617 1554 1688 1574; x_wconf 91' lang='lat' dir='ltr'>nova</span> <span class='ocrx_word' id='word_1_557' title='bbox 1710 1546 1877 1583; x_wconf 65' lang='lat' dir='ltr'>paternitas„</span> <span class='ocrx_word' id='word_1_558' title='bbox 1899 1546 1948 1575; x_wconf 90' lang='lat' dir='ltr'>sed</span> <span class='ocrx_word' id='word_1_559' title='bbox 1963 1546 2017 1583; x_wconf 88' lang='lat' dir='ltr'>pri·</span> 
     </span>
     <span class='ocr_line' id='line_1_86' title="bbox 1168 1593 2015 1630; baseline 0 -9"><span class='ocrx_word' id='word_1_560' title='bbox 1168 1601 1229 1621; x_wconf 85' lang='lat' dir='ltr'>mae</span> <span class='ocrx_word' id='word_1_561' title='bbox 1261 1593 1418 1629; x_wconf 82' lang='lat' dir='ltr'>paternitati</span> <span class='ocrx_word' id='word_1_562' title='bbox 1453 1593 1606 1621; x_wconf 84' lang='lat' dir='ltr'>innascitur</span> <span class='ocrx_word' id='word_1_563' title='bbox 1637 1601 1727 1622; x_wconf 89' lang='lat' dir='ltr'>novus</span> <span class='ocrx_word' id='word_1_564' title='bbox 1758 1597 1918 1630; x_wconf 78' lang='lat' dir='ltr'>respectus,</span> <span class='ocrx_word' id='word_1_565' title='bbox 1950 1594 2015 1630; x_wconf 81' lang='lat' dir='ltr'>quia</span> 
     </span>
     <span class='ocr_line' id='line_1_87' title="bbox 1168 1640 2016 1677; baseline 0.001 -9"><span class='ocrx_word' id='word_1_566' title='bbox 1168 1643 1246 1677; x_wconf 85' lang='lat' dir='ltr'>pater</span> <span class='ocrx_word' id='word_1_567' title='bbox 1268 1644 1309 1668; x_wconf 89' lang='lat' dir='ltr'>est</span> <span class='ocrx_word' id='word_1_568' title='bbox 1332 1640 1473 1676; x_wconf 75' lang='lat' dir='ltr'>plurium,</span> <span class='ocrx_word' id='word_1_569' title='bbox 1495 1648 1578 1677; x_wconf 83' lang='lat' dir='ltr'>quam</span> <span class='ocrx_word' id='word_1_570' title='bbox 1602 1641 1680 1677; x_wconf 88' lang='lat' dir='ltr'>prius</span> <span class='ocrx_word' id='word_1_571' title='bbox 1701 1644 1769 1669; x_wconf 88' lang='lat' dir='ltr'>erat.</span> <span class='ocrx_word' id='word_1_572' title='bbox 1792 1641 1834 1669; x_wconf 86' lang='lat' dir='ltr'>Sic</span> <span class='ocrx_word' id='word_1_573' title='bbox 1856 1644 1897 1669; x_wconf 88' lang='lat' dir='ltr'>est</span> <span class='ocrx_word' id='word_1_574' title='bbox 1918 1641 2016 1670; x_wconf 88' lang='lat' dir='ltr'>intelli-</span> 
     </span>
     <span class='ocr_line' id='line_1_88' title="bbox 1167 1687 2015 1724; baseline 0.001 -10"><span class='ocrx_word' id='word_1_575' title='bbox 1167 1687 1289 1723; x_wconf 80' lang='lat' dir='ltr'>gendum</span> <span class='ocrx_word' id='word_1_576' title='bbox 1323 1687 1349 1714; x_wconf 90' lang='lat' dir='ltr'>in</span> <span class='ocrx_word' id='word_1_577' title='bbox 1382 1688 1539 1723; x_wconf 71' lang='lat' dir='ltr'>proposito:</span> <span class='ocrx_word' id='word_1_578' title='bbox 1571 1687 1647 1715; x_wconf 91' lang='lat' dir='ltr'>unde</span> <span class='ocrx_word' id='word_1_579' title='bbox 1679 1687 1806 1715; x_wconf 82' lang='lat' dir='ltr'>Christus</span> <span class='ocrx_word' id='word_1_580' title='bbox 1838 1687 2015 1724; x_wconf 85' lang='lat' dir='ltr'>generatione</span> 
     </span>
     <span class='ocr_line' id='line_1_89' title="bbox 1166 1733 2016 1770; baseline 0.001 -9"><span class='ocrx_word' id='word_1_581' title='bbox 1166 1733 1312 1770; x_wconf 83' lang='lat' dir='ltr'>temporali</span> <span class='ocrx_word' id='word_1_582' title='bbox 1335 1742 1389 1761; x_wconf 85' lang='lat' dir='ltr'>non</span> <span class='ocrx_word' id='word_1_583' title='bbox 1411 1733 1531 1770; x_wconf 82' lang='lat' dir='ltr'>acquirit</span> <span class='ocrx_word' id='word_1_584' title='bbox 1553 1742 1652 1762; x_wconf 87' lang='lat' dir='ltr'>novam</span> <span class='ocrx_word' id='word_1_585' title='bbox 1675 1734 1852 1768; x_wconf 83' lang='lat' dir='ltr'>filiationem,</span> <span class='ocrx_word' id='word_1_586' title='bbox 1881 1734 1930 1763; x_wconf 88' lang='lat' dir='ltr'>sed</span> <span class='ocrx_word' id='word_1_587' title='bbox 1952 1733 2016 1762; x_wconf 86' lang='lat' dir='ltr'>inci-</span> 
     </span>
     <span class='ocr_line' id='line_1_90' title="bbox 1166 1780 1816 1818; baseline 0.002 -10"><span class='ocrx_word' id='word_1_588' title='bbox 1166 1781 1206 1817; x_wconf 91' lang='lat' dir='ltr'>pit</span> <span class='ocrx_word' id='word_1_589' title='bbox 1228 1788 1288 1809; x_wconf 87' lang='lat' dir='ltr'>esse</span> <span class='ocrx_word' id='word_1_590' title='bbox 1311 1780 1386 1809; x_wconf 80' lang='lat' dir='ltr'>silius</span> <span class='ocrx_word' id='word_1_591' title='bbox 1407 1781 1539 1814; x_wconf 85' lang='lat' dir='ltr'>alterius,</span> <span class='ocrx_word' id='word_1_592' title='bbox 1562 1781 1666 1809; x_wconf 86' lang='lat' dir='ltr'>scilicet</span> <span class='ocrx_word' id='word_1_593' title='bbox 1688 1781 1816 1818; x_wconf 80' lang='lat' dir='ltr'>Virginis.</span> 
     </span>
    </p>

    <p class='ocr_par' dir='ltr' id='par_1_22' title="bbox 1165 1827 2016 2288">
     <span class='ocr_line' id='line_1_91' title="bbox 1246 1827 2013 1865; baseline 0.001 -10"><span class='ocrx_word' id='word_1_594' title='bbox 1246 1827 1271 1855; x_wconf 82' lang='lat'>3.</span> <span class='ocrx_word' id='word_1_595' title='bbox 1294 1827 1332 1855; x_wconf 82' lang='lat' dir='ltr'>Ad</span> <span class='ocrx_word' id='word_1_596' title='bbox 1354 1827 1424 1856; x_wconf 89' lang='lat' dir='ltr'>illud</span> <span class='ocrx_word' id='word_1_597' title='bbox 1456 1828 1531 1864; x_wconf 80' lang='lat' dir='ltr'>quod</span> <span class='ocrx_word' id='word_1_598' title='bbox 1563 1828 1708 1862; x_wconf 82' lang='lat' dir='ltr'>obiicitur,</span> <span class='ocrx_word' id='word_1_599' title='bbox 1740 1828 1815 1865; x_wconf 88' lang='lat' dir='ltr'>quod</span> <span class='ocrx_word' id='word_1_600' title='bbox 1837 1828 2013 1857; x_wconf 80' lang='lat' dir='ltr'>diversarum</span> 
     </span>
     <span class='ocr_line' id='line_1_92' title="bbox 1166 1874 2015 1912; baseline 0.001 -10"><span class='ocrx_word' id='word_1_601' title='bbox 1166 1874 1383 1911; x_wconf 87' lang='lat' dir='ltr'>productionum</span> <span class='ocrx_word' id='word_1_602' title='bbox 1407 1875 1510 1904; x_wconf 87' lang='lat' dir='ltr'>diversi</span> <span class='ocrx_word' id='word_1_603' title='bbox 1533 1879 1598 1903; x_wconf 87' lang='lat' dir='ltr'>sunt</span> <span class='ocrx_word' id='word_1_604' title='bbox 1614 1875 1742 1910; x_wconf 76' lang='lat' dir='ltr'>termini3</span> <span class='ocrx_word' id='word_1_605' title='bbox 1758 1875 1918 1910; x_wconf 81' lang='lat' dir='ltr'>dicendum,</span> <span class='ocrx_word' id='word_1_606' title='bbox 1939 1875 2015 1912; x_wconf 80' lang='lat' dir='ltr'>quod</span> 
     </span>
     <span class='ocr_line' id='line_1_93' title="bbox 1166 1923 2015 1959; baseline 0.001 -9"><span class='ocrx_word' id='word_1_607' title='bbox 1166 1930 1265 1950; x_wconf 91' lang='lat' dir='ltr'>verum</span> <span class='ocrx_word' id='word_1_608' title='bbox 1288 1926 1344 1956; x_wconf 71' lang='lat' dir='ltr'>est,</span> <span class='ocrx_word' id='word_1_609' title='bbox 1367 1923 1480 1959; x_wconf 81' lang='lat' dir='ltr'>quando</span> <span class='ocrx_word' id='word_1_610' title='bbox 1503 1923 1565 1951; x_wconf 89' lang='lat' dir='ltr'>illae</span> <span class='ocrx_word' id='word_1_611' title='bbox 1592 1923 1790 1959; x_wconf 85' lang='lat' dir='ltr'>productiones</span> <span class='ocrx_word' id='word_1_612' title='bbox 1822 1927 1887 1952; x_wconf 89' lang='lat' dir='ltr'>sunt</span> <span class='ocrx_word' id='word_1_613' title='bbox 1918 1923 2015 1959; x_wconf 71' lang='lat' dir='ltr'>dispa-</span> 
     </span>
     <span class='ocr_line' id='line_1_94' title="bbox 1165 1970 2014 2007; baseline 0 -10"><span class='ocrx_word' id='word_1_614' title='bbox 1165 1974 1264 2003; x_wconf 73' lang='lat' dir='ltr'>ratae,</span> <span class='ocrx_word' id='word_1_615' title='bbox 1287 1970 1325 1998; x_wconf 82' lang='lat' dir='ltr'>ita</span> <span class='ocrx_word' id='word_1_616' title='bbox 1346 1970 1420 2007; x_wconf 79' lang='lat' dir='ltr'>quod</span> <span class='ocrx_word' id='word_1_617' title='bbox 1443 1978 1499 1998; x_wconf 87' lang='lat' dir='ltr'>una</span> <span class='ocrx_word' id='word_1_618' title='bbox 1515 1978 1572 1998; x_wconf 85' lang='lat' dir='ltr'>non</span> <span class='ocrx_word' id='word_1_619' title='bbox 1593 1970 1731 2007; x_wconf 73' lang='lat' dir='ltr'>supponit</span> <span class='ocrx_word' id='word_1_620' title='bbox 1744 1970 1844 2004; x_wconf 77' lang='lat' dir='ltr'>aliam3</span> <span class='ocrx_word' id='word_1_621' title='bbox 1866 1971 1904 1999; x_wconf 87' lang='lat' dir='ltr'>sic</span> <span class='ocrx_word' id='word_1_622' title='bbox 1920 1973 2014 1998; x_wconf 86' lang='lat' dir='ltr'>autem</span> 
     </span>
     <span class='ocr_line' id='line_1_95' title="bbox 1166 2017 2016 2054; baseline 0.001 -10"><span class='ocrx_word' id='word_1_623' title='bbox 1166 2025 1219 2044; x_wconf 91' lang='lat' dir='ltr'>non</span> <span class='ocrx_word' id='word_1_624' title='bbox 1243 2021 1284 2045; x_wconf 82' lang='lat' dir='ltr'>est</span> <span class='ocrx_word' id='word_1_625' title='bbox 1307 2017 1332 2045; x_wconf 90' lang='lat' dir='ltr'>in</span> <span class='ocrx_word' id='word_1_626' title='bbox 1356 2017 1510 2054; x_wconf 85' lang='lat' dir='ltr'>proposito,</span> <span class='ocrx_word' id='word_1_627' title='bbox 1532 2017 1597 2054; x_wconf 84' lang='lat' dir='ltr'>quia</span> <span class='ocrx_word' id='word_1_628' title='bbox 1613 2017 1742 2045; x_wconf 78' lang='lat' dir='ltr'>nativitas</span> <span class='ocrx_word' id='word_1_629' title='bbox 1758 2017 1919 2053; x_wconf 82' lang='lat' dir='ltr'>temporalis</span> <span class='ocrx_word' id='word_1_630' title='bbox 1930 2025 2016 2054; x_wconf 74' lang='lat' dir='ltr'>prae-</span> 
     </span>
     <span class='ocr_line' id='line_1_96' title="bbox 1165 2064 2013 2101; baseline 0.001 -10"><span class='ocrx_word' id='word_1_631' title='bbox 1165 2064 1303 2100; x_wconf 73' lang='lat' dir='ltr'>supponit</span> <span class='ocrx_word' id='word_1_632' title='bbox 1324 2069 1465 2093; x_wconf 87' lang='lat' dir='ltr'>aeternam</span> <span class='ocrx_word' id='word_1_633' title='bbox 1490 2064 1670 2092; x_wconf 80' lang='lat' dir='ltr'>nativitatem.</span> <span class='ocrx_word' id='word_1_634' title='bbox 1694 2065 1724 2093; x_wconf 88' lang='lat' dir='ltr'>Et</span> <span class='ocrx_word' id='word_1_635' title='bbox 1745 2064 1807 2093; x_wconf 89' lang='lat' dir='ltr'>ideo</span> <span class='ocrx_word' id='word_1_636' title='bbox 1823 2072 1876 2092; x_wconf 92' lang='lat' dir='ltr'>non</span> <span class='ocrx_word' id='word_1_637' title='bbox 1892 2067 2013 2101; x_wconf 69' lang='lat' dir='ltr'>oportet,</span> 
     </span>
     <span class='ocr_line' id='line_1_97' title="bbox 1166 2110 2014 2148; baseline 0 -10"><span class='ocrx_word' id='word_1_638' title='bbox 1166 2110 1255 2139; x_wconf 85' lang='lat' dir='ltr'>silium</span> <span class='ocrx_word' id='word_1_639' title='bbox 1288 2118 1348 2139; x_wconf 88' lang='lat' dir='ltr'>esse</span> <span class='ocrx_word' id='word_1_640' title='bbox 1379 2111 1465 2139; x_wconf 83' lang='lat' dir='ltr'>alium</span> <span class='ocrx_word' id='word_1_641' title='bbox 1488 2114 1514 2139; x_wconf 87' lang='lat' dir='ltr'>et</span> <span class='ocrx_word' id='word_1_642' title='bbox 1536 2111 1639 2145; x_wconf 80' lang='lat' dir='ltr'>alium,</span> <span class='ocrx_word' id='word_1_643' title='bbox 1671 2111 1800 2148; x_wconf 86' lang='lat' dir='ltr'>quamvis</span> <span class='ocrx_word' id='word_1_644' title='bbox 1821 2110 1874 2139; x_wconf 82' lang='lat' dir='ltr'>alia</span> <span class='ocrx_word' id='word_1_645' title='bbox 1905 2114 1932 2139; x_wconf 89' lang='lat' dir='ltr'>et</span> <span class='ocrx_word' id='word_1_646' title='bbox 1960 2110 2014 2139; x_wconf 85' lang='lat' dir='ltr'>alia</span> 
     </span>
     <span class='ocr_line' id='line_1_98' title="bbox 1166 2158 2013 2194; baseline 0.001 -9"><span class='ocrx_word' id='word_1_647' title='bbox 1166 2158 1343 2194; x_wconf 82' lang='lat' dir='ltr'>generatione</span> <span class='ocrx_word' id='word_1_648' title='bbox 1362 2162 1527 2194; x_wconf 74' lang='lat' dir='ltr'>generetur;</span> <span class='ocrx_word' id='word_1_649' title='bbox 1543 2158 1645 2187; x_wconf 79' lang='lat' dir='ltr'>suflicit</span> <span class='ocrx_word' id='word_1_650' title='bbox 1660 2158 1749 2192; x_wconf 83' lang='lat' dir='ltr'>enim,</span> <span class='ocrx_word' id='word_1_651' title='bbox 1766 2161 1797 2186; x_wconf 89' lang='lat' dir='ltr'>ut</span> <span class='ocrx_word' id='word_1_652' title='bbox 1812 2158 1916 2186; x_wconf 88' lang='lat' dir='ltr'>dictum</span> <span class='ocrx_word' id='word_1_653' title='bbox 1933 2158 2013 2192; x_wconf 49' lang='lat' dir='ltr'>suits.</span> 
     </span>
     <span class='ocr_line' id='line_1_99' title="bbox 1166 2204 2012 2242; baseline 0.001 -10"><span class='ocrx_word' id='word_1_654' title='bbox 1166 2204 1201 2232; x_wconf 85' lang='lat' dir='ltr'>ad</span> <span class='ocrx_word' id='word_1_655' title='bbox 1223 2205 1410 2241; x_wconf 83' lang='lat' dir='ltr'>pluralitatem</span> <span class='ocrx_word' id='word_1_656' title='bbox 1425 2205 1648 2242; x_wconf 59' lang='lat' dir='ltr'>generationum</span> <span class='ocrx_word' id='word_1_657' title='bbox 1664 2205 1811 2242; x_wconf 81' lang='lat' dir='ltr'>pluralitas</span> <span class='ocrx_word' id='word_1_658' title='bbox 1837 2207 2012 2239; x_wconf 72' lang='lat' dir='ltr'>naturarum,</span> 
     </span>
     <span class='ocr_line' id='line_1_100' title="bbox 1166 2251 1874 2288; baseline 0 -9"><span class='ocrx_word' id='word_1_659' title='bbox 1166 2259 1220 2279; x_wconf 87' lang='lat' dir='ltr'>non</span> <span class='ocrx_word' id='word_1_660' title='bbox 1237 2252 1275 2280; x_wconf 88' lang='lat' dir='ltr'>sic</span> <span class='ocrx_word' id='word_1_661' title='bbox 1299 2255 1392 2279; x_wconf 86' lang='lat' dir='ltr'>autem</span> <span class='ocrx_word' id='word_1_662' title='bbox 1415 2252 1449 2279; x_wconf 87' lang='lat' dir='ltr'>ad</span> <span class='ocrx_word' id='word_1_663' title='bbox 1473 2252 1662 2288; x_wconf 84' lang='lat' dir='ltr'>pluralitatem</span> <span class='ocrx_word' id='word_1_664' title='bbox 1689 2251 1874 2288; x_wconf 75' lang='lat' dir='ltr'>filiationmn.</span> 
     </span>
    </p>

    <p class='ocr_par' dir='ltr' id='par_1_23' title="bbox 1165 2299 2014 2477">
     <span class='ocr_line' id='line_1_101' title="bbox 1245 2299 2013 2335; baseline 0.001 -9"><span class='ocrx_word' id='word_1_665' title='bbox 1245 2299 1271 2326; x_wconf 79' lang='grc' dir='ltr'>[ι.</span> <span class='ocrx_word' id='word_1_666' title='bbox 1294 2299 1331 2326; x_wconf 71' lang='lat' dir='ltr'>Ad</span> <span class='ocrx_word' id='word_1_667' title='bbox 1355 2299 1423 2327; x_wconf 89' lang='lat' dir='ltr'>illud</span> <span class='ocrx_word' id='word_1_668' title='bbox 1447 2299 1520 2335; x_wconf 77' lang='lat' dir='ltr'>quod</span> <span class='ocrx_word' id='word_1_669' title='bbox 1543 2299 1689 2331; x_wconf 78' lang='lat' dir='ltr'>obiicitur,</span> <span class='ocrx_word' id='word_1_670' title='bbox 1711 2299 1785 2335; x_wconf 82' lang='lat' dir='ltr'>quod</span> <span class='ocrx_word' id='word_1_671' title='bbox 1802 2299 1875 2327; x_wconf 88' lang='lat' dir='ltr'>idem</span> <span class='ocrx_word' id='word_1_672' title='bbox 1897 2303 1939 2327; x_wconf 85' lang='lat' dir='ltr'>est</span> <span class='ocrx_word' id='word_1_673' title='bbox 1953 2306 2013 2327; x_wconf 85' lang='lat' dir='ltr'>esse</span> 
     </span>
     <span class='ocr_line' id='line_1_102' title="bbox 1166 2346 2014 2383; baseline 0.002 -11"><span class='ocrx_word' id='word_1_674' title='bbox 1166 2350 1261 2373; x_wconf 84' lang='lat' dir='ltr'>natum</span> <span class='ocrx_word' id='word_1_675' title='bbox 1285 2349 1311 2373; x_wconf 89' lang='lat' dir='ltr'>et</span> <span class='ocrx_word' id='word_1_676' title='bbox 1332 2353 1393 2374; x_wconf 87' lang='lat' dir='ltr'>esse</span> <span class='ocrx_word' id='word_1_677' title='bbox 1416 2346 1521 2379; x_wconf 86' lang='lat' dir='ltr'>tilium;</span> <span class='ocrx_word' id='word_1_678' title='bbox 1554 2346 1721 2379; x_wconf 69' lang='lat' dir='ltr'>dicendum,</span> <span class='ocrx_word' id='word_1_679' title='bbox 1747 2346 1820 2383; x_wconf 85' lang='lat' dir='ltr'>quod</span> <span class='ocrx_word' id='word_1_680' title='bbox 1844 2346 1893 2374; x_wconf 87' lang='lat' dir='ltr'>etsi</span> <span class='ocrx_word' id='word_1_681' title='bbox 1916 2346 1950 2374; x_wconf 90' lang='lat' dir='ltr'>de</span> <span class='ocrx_word' id='word_1_682' title='bbox 1972 2354 2014 2374; x_wconf 92' lang='lat' dir='ltr'>eo-</span> 
     </span>
     <span class='ocr_line' id='line_1_103' title="bbox 1165 2392 2012 2429; baseline 0.001 -9"><span class='ocrx_word' id='word_1_683' title='bbox 1165 2392 1228 2420; x_wconf 88' lang='lat' dir='ltr'>dem</span> <span class='ocrx_word' id='word_1_684' title='bbox 1252 2392 1374 2426; x_wconf 75' lang='lat' dir='ltr'>dicatur,</span> <span class='ocrx_word' id='word_1_685' title='bbox 1391 2396 1482 2420; x_wconf 83' lang='lat' dir='ltr'>tamen</span> <span class='ocrx_word' id='word_1_686' title='bbox 1497 2392 1731 2429; x_wconf 72' lang='lat' dir='ltr'>sllicitioproprie</span> <span class='ocrx_word' id='word_1_687' title='bbox 1753 2393 1819 2421; x_wconf 83' lang='lat' dir='ltr'>dicit</span> <span class='ocrx_word' id='word_1_688' title='bbox 1841 2393 2012 2427; x_wconf 76' lang='lat' dir='ltr'>relationem,</span> 
     </span>
     <span class='ocr_line' id='line_1_104' title="bbox 1166 2439 2013 2477; baseline 0.001 -10"><span class='ocrx_word' id='word_1_689' title='bbox 1166 2443 1193 2467; x_wconf 87' lang='lat' dir='ltr'>et</span> <span class='ocrx_word' id='word_1_690' title='bbox 1213 2439 1355 2467; x_wconf 62' lang='lat' dir='ltr'>nationes</span> <span class='ocrx_word' id='word_1_691' title='bbox 1377 2440 1434 2468; x_wconf 76' lang='lat' dir='ltr'>sive</span> <span class='ocrx_word' id='word_1_692' title='bbox 1456 2440 1597 2476; x_wconf 79' lang='lat' dir='ltr'>generatio</span> <span class='ocrx_word' id='word_1_693' title='bbox 1621 2440 1706 2476; x_wconf 86' lang='lat' dir='ltr'>ipsam</span> <span class='ocrx_word' id='word_1_694' title='bbox 1730 2440 1956 2477; x_wconf 77' lang='lat' dir='ltr'>productionem3</span> <span class='ocrx_word' id='word_1_695' title='bbox 1973 2448 2013 2468; x_wconf 88' lang='lat' dir='ltr'>re-</span> 
     </span>
    </p>
   </div>
   <div class='ocr_carea' id='block_1_19' title="bbox 874 2515 1394 2519">
    <p class='ocr_par' dir='ltr' id='par_1_24' title="bbox 874 2515 1394 2519">
     <span class='ocr_line' id='line_1_105' title="bbox 874 2515 1394 2519; baseline 0 0"><span class='ocrx_word' id='word_1_696' title='bbox 874 2515 1394 2519; x_wconf 95' lang='lat' dir='ltr'> </span> 
     </span>
    </p>
   </div>
   <div class='ocr_carea' id='block_1_20' title="bbox 259 2560 1109 3012">
    <p class='ocr_par' dir='ltr' id='par_1_25' title="bbox 260 2560 1109 2667">
     <span class='ocr_line' id='line_1_106' title="bbox 324 2560 1109 2590; baseline 0.003 -8"><span class='ocrx_word' id='word_1_697' title='bbox 324 2560 329 2574; x_wconf 80' lang='lat'><em>1</em></span> <span class='ocrx_word' id='word_1_698' title='bbox 349 2561 402 2583; x_wconf 82' lang='lat' dir='ltr'>Dist.</span> <span class='ocrx_word' id='word_1_699' title='bbox 421 2561 441 2582; x_wconf 82' lang='lat'>6.</span> <span class='ocrx_word' id='word_1_700' title='bbox 460 2567 478 2583; x_wconf 84' lang='lat' dir='ltr'>a.</span> <span class='ocrx_word' id='word_1_701' title='bbox 502 2561 518 2583; x_wconf 89' lang='grc'>1.</span> <span class='ocrx_word' id='word_1_702' title='bbox 537 2568 559 2590; x_wconf 78' lang='lat' dir='ltr'>q.</span> <span class='ocrx_word' id='word_1_703' title='bbox 581 2562 597 2583; x_wconf 94' lang='grc'>1.</span> <span class='ocrx_word' id='word_1_704' title='bbox 624 2574 654 2577; x_wconf 78' lang='lat'>-—</span> <span class='ocrx_word' id='word_1_705' title='bbox 680 2561 816 2589; x_wconf 75' lang='lat' dir='ltr'>Symbolum</span> <span class='ocrx_word' id='word_1_706' title='bbox 838 2562 874 2584; x_wconf 84' lang='lat' dir='ltr'>liic</span> <span class='ocrx_word' id='word_1_707' title='bbox 896 2565 1049 2584; x_wconf 81' lang='lat' dir='ltr'>memoratum</span> <span class='ocrx_word' id='word_1_708' title='bbox 1075 2566 1109 2584; x_wconf 72' lang='lat' dir='ltr'>est</span> 
     </span>
     <span class='ocr_line' id='line_1_107' title="bbox 260 2599 1106 2628; baseline 0.001 -8"><span class='ocrx_word' id='word_1_709' title='bbox 260 2599 403 2621; x_wconf 73' lang='lat' dir='ltr'>Athanasian.</span> <span class='ocrx_word' id='word_1_710' title='bbox 421 2611 453 2615; x_wconf 89' lang='lat'>--</span> <span class='ocrx_word' id='word_1_711' title='bbox 471 2599 501 2621; x_wconf 73' lang='lat' dir='ltr'>Dc</span> <span class='ocrx_word' id='word_1_712' title='bbox 518 2599 608 2622; x_wconf 73' lang='lat' dir='ltr'>maiori</span> <span class='ocrx_word' id='word_1_713' title='bbox 624 2600 664 2622; x_wconf 72' lang='lat' dir='ltr'>cfr.</span> <span class='ocrx_word' id='word_1_714' title='bbox 683 2607 704 2628; x_wconf 78' lang='lat' dir='ltr'>q.</span> <span class='ocrx_word' id='word_1_715' title='bbox 724 2600 830 2628; x_wconf 76' lang='lat' dir='ltr'>praeced.</span> <span class='ocrx_word' id='word_1_716' title='bbox 851 2601 873 2622; x_wconf 90' lang='lat' dir='ltr'>in</span> <span class='ocrx_word' id='word_1_717' title='bbox 896 2606 959 2628; x_wconf 85' lang='lat' dir='ltr'>corp.</span> <span class='ocrx_word' id='word_1_718' title='bbox 978 2604 999 2622; x_wconf 83' lang='lat' dir='ltr'>et</span> <span class='ocrx_word' id='word_1_719' title='bbox 1021 2604 1074 2622; x_wconf 84' lang='lat' dir='ltr'>tom.</span> <span class='ocrx_word' id='word_1_720' title='bbox 1094 2600 1106 2621; x_wconf 91' lang='lat' dir='ltr'>l.</span> 
     </span>
     <span class='ocr_line' id='line_1_108' title="bbox 260 2638 964 2667; baseline 0.001 -7"><span class='ocrx_word' id='word_1_721' title='bbox 260 2644 312 2666; x_wconf 72' lang='lat' dir='ltr'>pag.</span> <span class='ocrx_word' id='word_1_722' title='bbox 332 2638 386 2666; x_wconf 70' lang='grc'>411,</span> <span class='ocrx_word' id='word_1_723' title='bbox 407 2642 457 2661; x_wconf 87' lang='lat' dir='ltr'>nota</span> <span class='ocrx_word' id='word_1_724' title='bbox 476 2640 488 2660; x_wconf 83' lang='lat'>6</span> <span class='ocrx_word' id='word_1_725' title='bbox 507 2645 549 2661; x_wconf 77' lang='lat' dir='ltr'>nec</span> <span class='ocrx_word' id='word_1_726' title='bbox 566 2646 610 2661; x_wconf 83' lang='lat' dir='ltr'>nou</span> <span class='ocrx_word' id='word_1_727' title='bbox 630 2642 682 2661; x_wconf 91' lang='lat' dir='ltr'>tom.</span> <span class='ocrx_word' id='word_1_728' title='bbox 703 2640 725 2662; x_wconf 88' lang='grc' dir='ltr'>ΙΙ.</span> <span class='ocrx_word' id='word_1_729' title='bbox 743 2646 796 2667; x_wconf 74' lang='lat' dir='ltr'>pag.</span> <span class='ocrx_word' id='word_1_730' title='bbox 815 2639 854 2667; x_wconf 74' lang='lat'>58,</span> <span class='ocrx_word' id='word_1_731' title='bbox 874 2642 925 2661; x_wconf 83' lang='lat' dir='ltr'>nota</span> <span class='ocrx_word' id='word_1_732' title='bbox 944 2640 964 2661; x_wconf 76' lang='lat'>2.</span> 
     </span>
    </p>

    <p class='ocr_par' dir='ltr' id='par_1_26' title="bbox 259 2677 1107 3012">
     <span class='ocr_line' id='line_1_109' title="bbox 322 2677 1107 2706; baseline 0 -6"><span class='ocrx_word' id='word_1_733' title='bbox 322 2678 331 2691; x_wconf 77' lang='lat'>2</span> <span class='ocrx_word' id='word_1_734' title='bbox 348 2677 419 2700; x_wconf 74' lang='lat' dir='ltr'>Cotltl.</span> <span class='ocrx_word' id='word_1_735' title='bbox 439 2679 453 2699; x_wconf 81' lang='grc' dir='ltr'>Ρ</span> <span class='ocrx_word' id='word_1_736' title='bbox 471 2678 503 2700; x_wconf 71' lang='lat' dir='ltr'>bl&gt;</span> <span class='ocrx_word' id='word_1_737' title='bbox 521 2679 608 2700; x_wconf 80' lang='lat' dir='ltr'>addunt</span> <span class='ocrx_word' id='word_1_738' title='bbox 625 2680 664 2701; x_wconf 67' lang='lat' dir='ltr'>est.</span> <span class='ocrx_word' id='word_1_739' title='bbox 685 2679 752 2700; x_wconf 74' lang='lat' dir='ltr'>Paulo</span> <span class='ocrx_word' id='word_1_740' title='bbox 770 2680 877 2706; x_wconf 78' lang='lat' dir='ltr'>superius</span> <span class='ocrx_word' id='word_1_741' title='bbox 890 2681 941 2706; x_wconf 82' lang='lat' dir='ltr'>post</span> <span class='ocrx_word' id='word_1_742' title='bbox 957 2685 999 2701; x_wconf 77' lang='lat' dir='ltr'>nec</span> <span class='ocrx_word' id='word_1_743' title='bbox 1016 2678 1107 2701; x_wconf 76' lang='lat' dir='ltr'>ratione</span> 
     </span>
     <span class='ocr_line' id='line_1_110' title="bbox 260 2717 1107 2745; baseline 0.001 -7"><span class='ocrx_word' id='word_1_744' title='bbox 260 2717 310 2738; x_wconf 79' lang='lat' dir='ltr'>cod.</span> <span class='ocrx_word' id='word_1_745' title='bbox 330 2718 347 2739; x_wconf 57' lang='lat' dir='ltr'>li</span> <span class='ocrx_word' id='word_1_746' title='bbox 366 2718 442 2739; x_wconf 64' lang='lat' dir='ltr'>adiicit</span> <span class='ocrx_word' id='word_1_747' title='bbox 459 2717 515 2740; x_wconf 71' lang='lat' dir='ltr'>rius.</span> <span class='ocrx_word' id='word_1_748' title='bbox 535 2717 599 2745; x_wconf 66' lang='lat' dir='ltr'>lidd⁸⁷</span> <span class='ocrx_word' id='word_1_749' title='bbox 619 2718 813 2740; x_wconf 68' lang='lat' dir='ltr'>consentientibus</span> <span class='ocrx_word' id='word_1_750' title='bbox 831 2718 945 2740; x_wconf 80' lang='lat' dir='ltr'>nonnullis</span> <span class='ocrx_word' id='word_1_751' title='bbox 962 2718 1038 2745; x_wconf 57' lang='lat' dir='ltr'>codd„</span> <span class='ocrx_word' id='word_1_752' title='bbox 1056 2724 1107 2739; x_wconf 80' lang='lat' dir='ltr'>con-</span> 
     </span>
     <span class='ocr_line' id='line_1_111' title="bbox 259 2756 1106 2785; baseline 0.001 -8"><span class='ocrx_word' id='word_1_753' title='bbox 259 2756 406 2778; x_wconf 80' lang='lat' dir='ltr'>structionem</span> <span class='ocrx_word' id='word_1_754' title='bbox 426 2757 493 2778; x_wconf 83' lang='lat' dir='ltr'>liuius</span> <span class='ocrx_word' id='word_1_755' title='bbox 512 2757 622 2784; x_wconf 85' lang='lat' dir='ltr'>proposit.</span> <span class='ocrx_word' id='word_1_756' title='bbox 641 2763 685 2778; x_wconf 87' lang='lat' dir='ltr'>uon</span> <span class='ocrx_word' id='word_1_757' title='bbox 704 2757 793 2779; x_wconf 80' lang='lat' dir='ltr'>modice</span> <span class='ocrx_word' id='word_1_758' title='bbox 812 2760 966 2785; x_wconf 72' lang='lat' dir='ltr'>mutaverunt,</span> <span class='ocrx_word' id='word_1_759' title='bbox 978 2757 1106 2785; x_wconf 78' lang='lat' dir='ltr'>siquidem,</span> 
     </span>
     <span class='ocr_line' id='line_1_112' title="bbox 260 2794 1105 2825; baseline 0.004 -11"><span class='ocrx_word' id='word_1_760' title='bbox 260 2799 309 2822; x_wconf 80' lang='lat' dir='ltr'>post</span> <span class='ocrx_word' id='word_1_761' title='bbox 328 2795 398 2817; x_wconf 73' lang='lat' dir='ltr'>verba</span> <span class='ocrx_word' id='word_1_762' title='bbox 416 2795 457 2817; x_wconf 72' lang='lat' dir='ltr'>secl</span> <span class='ocrx_word' id='word_1_763' title='bbox 474 2795 565 2818; x_wconf 72' lang='lat' dir='ltr'>ratione</span> <span class='ocrx_word' id='word_1_764' title='bbox 582 2794 680 2818; x_wconf 66' lang='lat' dir='ltr'>subiet-te·</span> <span class='ocrx_word' id='word_1_765' title='bbox 703 2795 754 2818; x_wconf 73' lang='lat' dir='ltr'>eius</span> <span class='ocrx_word' id='word_1_766' title='bbox 778 2795 801 2817; x_wconf 82' lang='lat' dir='ltr'>in</span> <span class='ocrx_word' id='word_1_767' title='bbox 828 2801 873 2825; x_wconf 78' lang='lat' dir='ltr'>quo</span> <span class='ocrx_word' id='word_1_768' title='bbox 892 2797 1005 2818; x_wconf 82' lang='lat' dir='ltr'>interiecta</span> <span class='ocrx_word' id='word_1_769' title='bbox 1024 2796 1105 2817; x_wconf 74' lang='lat' dir='ltr'>vocula</span> 
     </span>
     <span class='ocr_line' id='line_1_113' title="bbox 260 2833 1105 2864; baseline 0.002 -9"><span class='ocrx_word' id='word_1_770' title='bbox 260 2833 302 2861; x_wconf 76' lang='lat' dir='ltr'>Et,</span> <span class='ocrx_word' id='word_1_771' title='bbox 322 2840 374 2855; x_wconf 76' lang='lat' dir='ltr'>cuni</span> <span class='ocrx_word' id='word_1_772' title='bbox 402 2835 443 2856; x_wconf 79' lang='lat' dir='ltr'>linc</span> <span class='ocrx_word' id='word_1_773' title='bbox 469 2835 550 2856; x_wconf 66' lang='lat' dir='ltr'>vocula</span> <span class='ocrx_word' id='word_1_774' title='bbox 574 2841 661 2856; x_wconf 75' lang='lat' dir='ltr'>novam</span> <span class='ocrx_word' id='word_1_775' title='bbox 688 2836 799 2863; x_wconf 80' lang='lat' dir='ltr'>incipiunt</span> <span class='ocrx_word' id='word_1_776' title='bbox 825 2836 1017 2863; x_wconf 85' lang='lat' dir='ltr'>propositionem,</span> <span class='ocrx_word' id='word_1_777' title='bbox 1036 2841 1105 2864; x_wconf 81' lang='lat' dir='ltr'>quam</span> 
     </span>
     <span class='ocr_line' id='line_1_114' title="bbox 259 2874 1107 2905; baseline 0.004 -11"><span class='ocrx_word' id='word_1_778' title='bbox 259 2879 312 2895; x_wconf 80' lang='lat' dir='ltr'>cuni</span> <span class='ocrx_word' id='word_1_779' title='bbox 330 2880 377 2902; x_wconf 70' lang='lat' dir='ltr'>seq.</span> <span class='ocrx_word' id='word_1_780' title='bbox 404 2874 535 2896; x_wconf 67' lang='lat' dir='ltr'>immediate</span> <span class='ocrx_word' id='word_1_781' title='bbox 557 2877 705 2902; x_wconf 77' lang='lat' dir='ltr'>connectunt,</span> <span class='ocrx_word' id='word_1_782' title='bbox 732 2876 817 2897; x_wconf 78' lang='lat' dir='ltr'>omisso</span> <span class='ocrx_word' id='word_1_783' title='bbox 835 2875 949 2905; x_wconf 80' lang='lat' dir='ltr'>quonimn</span> <span class='ocrx_word' id='word_1_784' title='bbox 966 2878 1016 2897; x_wconf 84' lang='lat' dir='ltr'>ante</span> <span class='ocrx_word' id='word_1_785' title='bbox 1034 2874 1107 2897; x_wconf 73' lang='lat' dir='ltr'>subie-</span> 
     </span>
     <span class='ocr_line' id='line_1_115' title="bbox 259 2911 1105 2944; baseline 0.004 -11"><span class='ocrx_word' id='word_1_786' title='bbox 259 2913 323 2934; x_wconf 72' lang='lat' dir='ltr'>ctum</span> <span class='ocrx_word' id='word_1_787' title='bbox 339 2911 468 2941; x_wconf 53' lang='lat' dir='ltr'>filis-*lionis</span> <span class='ocrx_word' id='word_1_788' title='bbox 488 2913 529 2935; x_wconf 66' lang='lat' dir='ltr'>Pro</span> <span class='ocrx_word' id='word_1_789' title='bbox 547 2913 578 2935; x_wconf 86' lang='lat' dir='ltr'>Et</span> <span class='ocrx_word' id='word_1_790' title='bbox 601 2913 714 2942; x_wconf 66' lang='lat' dir='ltr'>quonjam</span> <span class='ocrx_word' id='word_1_791' title='bbox 732 2913 861 2938; x_wconf 75' lang='lat' dir='ltr'>&#39;subiectum</span> <span class='ocrx_word' id='word_1_792' title='bbox 884 2914 1007 2944; x_wconf 78' lang='lat' dir='ltr'>filiationis</span> <span class='ocrx_word' id='word_1_793' title='bbox 1031 2914 1081 2937; x_wconf 85' lang='lat' dir='ltr'>cod.</span> <span class='ocrx_word' id='word_1_794' title='bbox 1100 2915 1105 2936; x_wconf 94' lang='lat' dir='ltr'>l</span> 
     </span>
     <span class='ocr_line' id='line_1_116' title="bbox 261 2950 1107 2981; baseline 0.005 -9"><span class='ocrx_word' id='word_1_795' title='bbox 261 2950 377 2978; x_wconf 74' lang='lat' dir='ltr'>inniam</span> <span class='ocrx_word' id='word_1_796' title='bbox 405 2957 460 2980; x_wconf 60' lang='lat' dir='ltr'>erpo</span> <span class='ocrx_word' id='word_1_797' title='bbox 489 2951 619 2975; x_wconf 73' lang='lat' dir='ltr'>subiectum</span> <span class='ocrx_word' id='word_1_798' title='bbox 647 2957 701 2980; x_wconf 70' lang='lat' dir='ltr'>cic.7</span> <span class='ocrx_word' id='word_1_799' title='bbox 730 2954 766 2974; x_wconf 83' lang='lat' dir='ltr'>alii</span> <span class='ocrx_word' id='word_1_800' title='bbox 795 2953 862 2975; x_wconf 72' lang='lat' dir='ltr'>codd.</span> <span class='ocrx_word' id='word_1_801' title='bbox 893 2953 1012 2981; x_wconf 72' lang='lat' dir='ltr'>Quont‘am</span> <span class='ocrx_word' id='word_1_802' title='bbox 1034 2952 1107 2976; x_wconf 71' lang='lat' dir='ltr'>subie-</span> 
     </span>
     <span class='ocr_line' id='line_1_117' title="bbox 259 2990 381 3012; baseline 0 -1"><span class='ocrx_word' id='word_1_803' title='bbox 259 2990 323 3012; x_wconf 74' lang='lat' dir='ltr'>ctum</span> <span class='ocrx_word' id='word_1_804' title='bbox 340 2992 381 3011; x_wconf 87' lang='lat' dir='ltr'>etc.</span> 
     </span>
    </p>
   </div>
   <div class='ocr_carea' id='block_1_21' title="bbox 1135 280 1142 3020">
    <p class='ocr_par' dir='ltr' id='par_1_27' title="bbox 1135 280 1142 3020">
     <span class='ocr_line' id='line_1_118' title="bbox 1135 280 1142 3020; baseline 0 0"><span class='ocrx_word' id='word_1_805' title='bbox 1135 280 1142 3020; x_wconf 95' lang='lat' dir='ltr'> </span> 
     </span>
    </p>
   </div>
   <div class='ocr_carea' id='block_1_22' title="bbox 1160 2562 2011 2984">
    <p class='ocr_par' dir='ltr' id='par_1_28' title="bbox 1230 2562 1650 2590">
     <span class='ocr_line' id='line_1_119' title="bbox 1230 2562 1650 2590; baseline 0 -6"><span class='ocrx_word' id='word_1_806' title='bbox 1230 2562 1239 2576; x_wconf 80' lang='lat'>³</span> <span class='ocrx_word' id='word_1_807' title='bbox 1256 2563 1354 2590; x_wconf 79' lang='lat' dir='ltr'>Supple:</span> <span class='ocrx_word' id='word_1_808' title='bbox 1372 2562 1500 2585; x_wconf 82' lang='lat' dir='ltr'>secuudum</span> <span class='ocrx_word' id='word_1_809' title='bbox 1520 2568 1650 2584; x_wconf 77' lang='lat' dir='ltr'>numerum.</span> 
     </span>
    </p>

    <p class='ocr_par' dir='ltr' id='par_1_29' title="bbox 1164 2600 2010 2669">
     <span class='ocr_line' id='line_1_120' title="bbox 1230 2600 2010 2630; baseline 0.001 -8"><span class='ocrx_word' id='word_1_810' title='bbox 1230 2601 1237 2615; x_wconf 84' lang='lat'><strong>⁴</strong></span> <span class='ocrx_word' id='word_1_811' title='bbox 1256 2601 1299 2624; x_wconf 72' lang='lat' dir='ltr'>Csr.</span> <span class='ocrx_word' id='word_1_812' title='bbox 1319 2608 1340 2630; x_wconf 87' lang='lat' dir='ltr'>q.</span> <span class='ocrx_word' id='word_1_813' title='bbox 1359 2601 1464 2629; x_wconf 68' lang='lat' dir='ltr'>praeced.</span> <span class='ocrx_word' id='word_1_814' title='bbox 1483 2614 1513 2616; x_wconf 97' lang='lat'><strong>—</strong></span> <span class='ocrx_word' id='word_1_815' title='bbox 1531 2601 1599 2623; x_wconf 77' lang='lat' dir='ltr'>Paulo</span> <span class='ocrx_word' id='word_1_816' title='bbox 1625 2602 1732 2629; x_wconf 80' lang='lat' dir='ltr'>superius</span> <span class='ocrx_word' id='word_1_817' title='bbox 1758 2607 1800 2629; x_wconf 86' lang='lat' dir='ltr'>pro</span> <span class='ocrx_word' id='word_1_818' title='bbox 1826 2600 1907 2630; x_wconf 76' lang='lat' dir='ltr'>recipit</span> <span class='ocrx_word' id='word_1_819' title='bbox 1923 2601 1974 2623; x_wconf 79' lang='lat' dir='ltr'>cod.</span> <span class='ocrx_word' id='word_1_820' title='bbox 1992 2601 2010 2623; x_wconf 66' lang='lat' dir='ltr'>li</span> 
     </span>
     <span class='ocr_line' id='line_1_121' title="bbox 1164 2640 1591 2669; baseline 0 -7"><span class='ocrx_word' id='word_1_821' title='bbox 1164 2640 1295 2669; x_wconf 75' lang='lat' dir='ltr'>recipiunt,</span> <span class='ocrx_word' id='word_1_822' title='bbox 1316 2640 1383 2663; x_wconf 76' lang='lat' dir='ltr'>codd.</span> <span class='ocrx_word' id='word_1_823' title='bbox 1402 2641 1418 2662; x_wconf 83' lang='grc' dir='ltr'>Α</span> <span class='ocrx_word' id='word_1_824' title='bbox 1429 2641 1444 2662; x_wconf 66' lang='lat' dir='ltr'>N</span> <span class='ocrx_word' id='word_1_825' title='bbox 1457 2641 1472 2662; x_wconf 88' lang='lat' dir='ltr'><strong>U</strong></span> <span class='ocrx_word' id='word_1_826' title='bbox 1490 2640 1591 2667; x_wconf 68' lang='lat' dir='ltr'>respit-it.</span> 
     </span>
    </p>

    <p class='ocr_par' dir='ltr' id='par_1_30' title="bbox 1227 2679 1540 2708">
     <span class='ocr_line' id='line_1_122' title="bbox 1227 2679 1540 2708; baseline 0 -7"><span class='ocrx_word' id='word_1_827' title='bbox 1227 2679 1236 2694; x_wconf 80' lang='lat'>⁵</span> <span class='ocrx_word' id='word_1_828' title='bbox 1253 2679 1297 2702; x_wconf 88' lang='lat' dir='ltr'>Cl&#39;r.</span> <span class='ocrx_word' id='word_1_829' title='bbox 1315 2686 1384 2707; x_wconf 85' lang='lat' dir='ltr'>supra</span> <span class='ocrx_word' id='word_1_830' title='bbox 1403 2686 1422 2702; x_wconf 84' lang='lat' dir='ltr'>a.</span> <span class='ocrx_word' id='word_1_831' title='bbox 1445 2680 1461 2702; x_wconf 92' lang='grc' dir='ltr'>Ι.</span> <span class='ocrx_word' id='word_1_832' title='bbox 1480 2686 1501 2708; x_wconf 86' lang='lat' dir='ltr'>q.</span> <span class='ocrx_word' id='word_1_833' title='bbox 1520 2680 1540 2701; x_wconf 77' lang='lat'>2.</span> 
     </span>
    </p>

    <p class='ocr_par' dir='ltr' id='par_1_31' title="bbox 1163 2718 2011 2827">
     <span class='ocr_line' id='line_1_123' title="bbox 1226 2718 2011 2748; baseline 0 -7"><span class='ocrx_word' id='word_1_834' title='bbox 1226 2719 1235 2733; x_wconf 71' lang='grc'>6</span> <span class='ocrx_word' id='word_1_835' title='bbox 1254 2719 1295 2741; x_wconf 79' lang='lat' dir='ltr'>Pro</span> <span class='ocrx_word' id='word_1_836' title='bbox 1314 2719 1408 2748; x_wconf 78' lang='lat' dir='ltr'>qnando</span> <span class='ocrx_word' id='word_1_837' title='bbox 1426 2720 1506 2742; x_wconf 80' lang='lat' dir='ltr'>autent</span> <span class='ocrx_word' id='word_1_838' title='bbox 1532 2718 1701 2742; x_wconf 63' lang='lat' dir='ltr'>coi-relatiuam</span> <span class='ocrx_word' id='word_1_839' title='bbox 1727 2718 1777 2741; x_wconf 87' lang='lat' dir='ltr'>cod.</span> <span class='ocrx_word' id='word_1_840' title='bbox 1796 2718 1816 2740; x_wconf 75' lang='lat' dir='ltr'>X</span> <span class='ocrx_word' id='word_1_841' title='bbox 1834 2718 1855 2741; x_wconf 79' lang='lat' dir='ltr'>si</span> <span class='ocrx_word' id='word_1_842' title='bbox 1872 2718 1966 2741; x_wconf 65' lang='lat' dir='ltr'>‹lit-atm-</span> <span class='ocrx_word' id='word_1_843' title='bbox 1984 2718 2011 2741; x_wconf 79' lang='lat' dir='ltr'>de</span> 
     </span>
     <span class='ocr_line' id='line_1_124' title="bbox 1164 2757 2010 2788; baseline 0.001 -9"><span class='ocrx_word' id='word_1_844' title='bbox 1164 2757 1263 2781; x_wconf 63' lang='lat' dir='ltr'>relativo</span> <span class='ocrx_word' id='word_1_845' title='bbox 1281 2758 1356 2788; x_wconf 75' lang='lat' dir='ltr'>qnod,</span> <span class='ocrx_word' id='word_1_846' title='bbox 1376 2758 1429 2780; x_wconf 84' lang='lat' dir='ltr'>edd.</span> <span class='ocrx_word' id='word_1_847' title='bbox 1446 2758 1487 2781; x_wconf 69' lang='lat' dir='ltr'>scd</span> <span class='ocrx_word' id='word_1_848' title='bbox 1503 2758 1524 2781; x_wconf 78' lang='lat' dir='ltr'>si</span> <span class='ocrx_word' id='word_1_849' title='bbox 1541 2765 1619 2780; x_wconf 80' lang='lat' dir='ltr'>unum</span> <span class='ocrx_word' id='word_1_850' title='bbox 1636 2757 1812 2781; x_wconf 67' lang='lat' dir='ltr'>com-etattmum.</span> <span class='ocrx_word' id='word_1_851' title='bbox 1828 2758 1853 2788; x_wconf 18' lang='lat' dir='ltr'>*ln</span> <span class='ocrx_word' id='word_1_852' title='bbox 1877 2758 1921 2780; x_wconf 83' lang='lat' dir='ltr'>tine</span> <span class='ocrx_word' id='word_1_853' title='bbox 1943 2758 2010 2780; x_wconf 85' lang='lat' dir='ltr'>solut.</span> 
     </span>
     <span class='ocr_line' id='line_1_125' title="bbox 1163 2796 1685 2827; baseline 0.002 -9"><span class='ocrx_word' id='word_1_854' title='bbox 1163 2796 1216 2818; x_wconf 83' lang='lat' dir='ltr'>edd.</span> <span class='ocrx_word' id='word_1_855' title='bbox 1235 2798 1286 2819; x_wconf 68' lang='lat' dir='ltr'>x&#39;oci</span> <span class='ocrx_word' id='word_1_856' title='bbox 1308 2797 1410 2827; x_wconf 58' lang='lat' dir='ltr'>Virginis</span> <span class='ocrx_word' id='word_1_857' title='bbox 1428 2797 1558 2825; x_wconf 72' lang='lat' dir='ltr'>praefigunt</span> <span class='ocrx_word' id='word_1_858' title='bbox 1574 2796 1685 2820; x_wconf 77' lang='lat' dir='ltr'>hominis.</span> 
     </span>
    </p>

    <p class='ocr_par' dir='ltr' id='par_1_32' title="bbox 1160 2836 2010 2984">
     <span class='ocr_line' id='line_1_126' title="bbox 1226 2836 2009 2865; baseline 0.001 -8"><span class='ocrx_word' id='word_1_859' title='bbox 1226 2836 1236 2850; x_wconf 92' lang='lat'><em>⁷</em></span> <span class='ocrx_word' id='word_1_860' title='bbox 1254 2837 1294 2858; x_wconf 87' lang='lat' dir='ltr'>llic</span> <span class='ocrx_word' id='word_1_861' title='bbox 1311 2837 1332 2858; x_wconf 94' lang='lat' dir='ltr'>in</span> <span class='ocrx_word' id='word_1_862' title='bbox 1350 2837 1416 2859; x_wconf 80' lang='lat' dir='ltr'>solut.</span> <span class='ocrx_word' id='word_1_863' title='bbox 1443 2837 1472 2858; x_wconf 81' lang='lat' dir='ltr'>ad</span> <span class='ocrx_word' id='word_1_864' title='bbox 1501 2837 1518 2858; x_wconf 94' lang='grc'>1.</span> <span class='ocrx_word' id='word_1_865' title='bbox 1545 2839 1566 2858; x_wconf 78' lang='lat' dir='ltr'>ct</span> <span class='ocrx_word' id='word_1_866' title='bbox 1591 2843 1612 2865; x_wconf 82' lang='lat' dir='ltr'>q.</span> <span class='ocrx_word' id='word_1_867' title='bbox 1632 2836 1737 2863; x_wconf 81' lang='lat' dir='ltr'>praeced.</span> <span class='ocrx_word' id='word_1_868' title='bbox 1756 2836 1784 2858; x_wconf 84' lang='lat' dir='ltr'>ad</span> <span class='ocrx_word' id='word_1_869' title='bbox 1802 2837 1823 2858; x_wconf 79' lang='grc'>6.</span> <span class='ocrx_word' id='word_1_870' title='bbox 1842 2849 1872 2852; x_wconf 92' lang='grc'>-</span> <span class='ocrx_word' id='word_1_871' title='bbox 1889 2837 2009 2865; x_wconf 79' lang='lat' dir='ltr'>Aliquanto</span> 
     </span>
     <span class='ocr_line' id='line_1_127' title="bbox 1163 2875 2009 2905; baseline 0 -7"><span class='ocrx_word' id='word_1_872' title='bbox 1163 2876 1271 2903; x_wconf 81' lang='lat' dir='ltr'>superius</span> <span class='ocrx_word' id='word_1_873' title='bbox 1289 2882 1331 2903; x_wconf 91' lang='lat' dir='ltr'>pro</span> <span class='ocrx_word' id='word_1_874' title='bbox 1354 2875 1464 2905; x_wconf 72' lang='lat' dir='ltr'>supponit</span> <span class='ocrx_word' id='word_1_875' title='bbox 1489 2876 1557 2898; x_wconf 86' lang='lat' dir='ltr'>codd.</span> <span class='ocrx_word' id='word_1_876' title='bbox 1575 2876 1590 2897; x_wconf 93' lang='lat' dir='ltr'>Z</span> <span class='ocrx_word' id='word_1_877' title='bbox 1610 2875 1640 2897; x_wconf 89' lang='lat' dir='ltr'>bb</span> <span class='ocrx_word' id='word_1_878' title='bbox 1656 2875 1839 2905; x_wconf 69' lang='lat' dir='ltr'>prnrsnpponit,</span> <span class='ocrx_word' id='word_1_879' title='bbox 1858 2878 1880 2898; x_wconf 86' lang='lat' dir='ltr'>et</span> <span class='ocrx_word' id='word_1_880' title='bbox 1897 2882 1949 2898; x_wconf 84' lang='lat' dir='ltr'>mox</span> <span class='ocrx_word' id='word_1_881' title='bbox 1967 2882 2009 2904; x_wconf 87' lang='lat' dir='ltr'>pro</span> 
     </span>
     <span class='ocr_line' id='line_1_128' title="bbox 1160 2914 2010 2944; baseline 0 -7"><span class='ocrx_word' id='word_1_882' title='bbox 1160 2915 1335 2944; x_wconf 79' lang='lat' dir='ltr'>praesupponit</span> <span class='ocrx_word' id='word_1_883' title='bbox 1356 2915 1423 2937; x_wconf 81' lang='lat' dir='ltr'>codd.</span> <span class='ocrx_word' id='word_1_884' title='bbox 1445 2915 1542 2937; x_wconf 70' lang='lat' dir='ltr'>tillLN</span> <span class='ocrx_word' id='word_1_885' title='bbox 1554 2915 1571 2936; x_wconf 87' lang='lat' dir='ltr'>T</span> <span class='ocrx_word' id='word_1_886' title='bbox 1583 2914 1667 2936; x_wconf 81' lang='lat' dir='ltr'>UWY</span> <span class='ocrx_word' id='word_1_887' title='bbox 1686 2921 1726 2937; x_wconf 78' lang='lat' dir='ltr'>nec</span> <span class='ocrx_word' id='word_1_888' title='bbox 1744 2921 1788 2936; x_wconf 88' lang='lat' dir='ltr'>non</span> <span class='ocrx_word' id='word_1_889' title='bbox 1810 2915 1863 2937; x_wconf 83' lang='lat' dir='ltr'>edd.</span> <span class='ocrx_word' id='word_1_890' title='bbox 1886 2916 1906 2943; x_wconf 77' lang='grc'>1,</span> <span class='ocrx_word' id='word_1_891' title='bbox 1926 2916 1939 2937; x_wconf 77' lang='grc'>2</span> <span class='ocrx_word' id='word_1_892' title='bbox 1956 2921 2010 2943; x_wconf 86' lang='lat' dir='ltr'>per-</span> 
     </span>
     <span class='ocr_line' id='line_1_129' title="bbox 1164 2953 1767 2984; baseline 0.002 -9"><span class='ocrx_word' id='word_1_893' title='bbox 1164 2960 1243 2981; x_wconf 81' lang='lat' dir='ltr'>peram</span> <span class='ocrx_word' id='word_1_894' title='bbox 1262 2960 1308 2977; x_wconf 80' lang='lat' dir='ltr'>nou</span> <span class='ocrx_word' id='word_1_895' title='bbox 1323 2954 1494 2984; x_wconf 76' lang='lat' dir='ltr'>praesupponit</span> <span class='ocrx_word' id='word_1_896' title='bbox 1511 2954 1556 2981; x_wconf 79' lang='lat' dir='ltr'>(vel</span> <span class='ocrx_word' id='word_1_897' title='bbox 1574 2959 1620 2975; x_wconf 78' lang='lat' dir='ltr'>non</span> <span class='ocrx_word' id='word_1_898' title='bbox 1639 2953 1767 2982; x_wconf 80' lang='lat' dir='ltr'>supponit).</span> 
     </span>
    </p>
   </div>
   <div class='ocr_carea' id='block_1_23' title="bbox 2030 1085 2163 1105">
    <p class='ocr_par' dir='ltr' id='par_1_33' title="bbox 2030 1085 2163 1105">
     <span class='ocr_line' id='line_1_130' title="bbox 2030 1085 2163 1105; baseline 0.015 -2"><span class='ocrx_word' id='word_1_899' title='bbox 2030 1085 2139 1105; x_wconf 79' lang='lat' dir='ltr'>Notandum.</span> <span class='ocrx_word' id='word_1_900' title='bbox 2162 1095 2163 1098; x_wconf 69' lang='lat'><em>=</em></span> 
     </span>
    </p>
   </div>
   <div class='ocr_carea' id='block_1_24' title="bbox 2029 1933 2141 1951">
    <p class='ocr_par' dir='ltr' id='par_1_34' title="bbox 2029 1933 2141 1951">
     <span class='ocr_line' id='line_1_131' title="bbox 2029 1933 2141 1951; baseline 0 0"><span class='ocrx_word' id='word_1_901' title='bbox 2029 1933 2141 1951; x_wconf 67' lang='lat' dir='ltr'>Noiandum.</span> 
     </span>
    </p>
   </div>
   <div class='ocr_carea' id='block_1_25' title="bbox 2162 1584 2166 2403">
    <p class='ocr_par' dir='ltr' id='par_1_35' title="bbox 2162 1584 2166 2403">
     <span class='ocr_line' id='line_1_132' title="bbox 2162 1584 2166 2403; baseline 0 0"><span class='ocrx_word' id='word_1_902' title='bbox 2162 1584 2166 2403; x_wconf 95' lang='lat' dir='ltr'> </span> 
     </span>
    </p>
   </div>
   <div class='ocr_carea' id='block_1_26' title="bbox 2163 1648 2166 2403">
    <p class='ocr_par' dir='ltr' id='par_1_36' title="bbox 2163 1648 2166 2403">
     <span class='ocr_line' id='line_1_133' title="bbox 2163 1648 2166 2403; baseline 0 0"><span class='ocrx_word' id='word_1_903' title='bbox 2163 1648 2166 2403; x_wconf 95' lang='lat' dir='ltr'> </span> 
     </span>
    </p>
   </div>
   <div class='ocr_carea' id='block_1_27' title="bbox 2028 2402 2164 2432">
    <p class='ocr_par' dir='ltr' id='par_1_37' title="bbox 2028 2402 2164 2432">
     <span class='ocr_line' id='line_1_134' title="bbox 2028 2402 2164 2432; baseline -0.015 -11"><span class='ocrx_word' id='word_1_904' title='bbox 2028 2402 2138 2421; x_wconf 74' lang='lat' dir='ltr'>Notandum.</span> <span class='ocrx_word' id='word_1_905' title='bbox 2161 2426 2164 2432; x_wconf 30' lang='grc' dir='ltr'><strong><em>ν</em></strong></span> 
     </span>
    </p>
   </div>
   <div class='ocr_carea' id='block_1_28' title="bbox 2162 1648 2166 2592">
    <p class='ocr_par' dir='ltr' id='par_1_38' title="bbox 2162 1648 2166 2592">
     <span class='ocr_line' id='line_1_135' title="bbox 2162 1648 2166 2592; baseline 0 0"><span class='ocrx_word' id='word_1_906' title='bbox 2162 1648 2166 2592; x_wconf 95' lang='lat' dir='ltr'> </span> 
     </span>
    </p>
   </div>
  </div>
 </body>
</html>
