2166 3366
120 653 257 672 Fundamenta.

141 1824 170 1842 Ad
183 1823 257 1846 opposi-

178 1848 222 1864 lum.

261 194 317 222 678
940 189 1193 218 SENTENTIARUM
1215 189 1274 217 LlB.
1297 189 1337 217 lll.

1027 291 1190 352 Quaesrio
1212 316 1251 344 111.

727 404 829 432 Utrum
852 402 935 431 leonio
955 403 1049 440 possit
1067 412 1222 440 resurgere
1244 403 1274 431 in
1296 402 1422 431 curitute
1443 401 1561 430 minori.

341 506 432 534 Tertio
451 504 606 542 quaeritur,
629 506 723 531 utrum
748 502 831 530 bomo
853 502 938 539 possit
960 510 1108 539 resurgere

262 553 289 581 in
311 553 425 582 caritate
448 551 557 580 minori.
581 551 611 579 Et
632 550 706 587 quod
729 550 784 583 sic,
808 549 936 578 videtur:

346 601 367 627 1.
390 599 460 635 Quia
482 598 624 636 quantitas
645 597 766 626 caritatis
792 596 818 624 in
846 597 905 633 ipso
934 597 1046 625 homine
1073 599 1110 624 at-

261 647 387 678 tenditur
417 646 571 675 secundum
595 644 789 673 liberalitatem
813 644 879 678 Dei,
901 644 950 672 sed
973 643 1021 672 Dei
1046 643 1110 671 libe-

263 694 358 722 ralitas
391 702 443 721 11011
466 695 506 721 est
528 695 632 721 arctata
664 691 715 728 ipsi
747 691 883 728 peccatori
917 691 952 719 ad
985 690 1108 719 dandum

264 745 395 773 tantuin,
417 748 467 769 nec
489 739 553 776 plus
575 746 625 767 uec
648 738 758 766 minus:
780 746 847 774 ergo
869 737 941 766 sicut
962 739 1052 773 potest
1071 742 1111 763 re-

263 795 380 824 surgere
402 787 429 815 in
452 786 566 821 maiori,
589 786 625 814 ita
646 789 673 814 et
695 785 720 813 in
745 784 853 813 minori.

343 836 368 863 2.
390 834 471 868 Item,
502 834 573 862 Deus
596 833 642 861 dat
665 832 767 860 bomini
792 831 931 868 gratiam,
955 829 1109 858 secundum

263 881 338 919 quod
367 889 396 910 se
418 882 567 918 praeparat
587 883 615 908 et
636 878 798 916 disponit¹3
820 878 867 906 sed
896 876 1026 913 possibile
1055 879 1111 910 est,

263 929 336 966 quod
355 931 498 966 peccator,
520 935 584 956 cum
607 927 744 963 resurgit,
762 926 853 953 minus
869 932 897 953 se
913 926 1061 960 praeparet
1076 923 1111 951 ad

264 976 398 1014 gratiam,
420 983 503 1012 quam
531 978 594 1002 ante
615 982 644 1002 se
668 974 901 1010 praeparaverat:
933 978 999 1007 ergo
1029 970 1112 1008 possi-

264 1023 319 1052 bile
341 1026 398 1056 est,
421 1022 494 1059 quod
519 1022 544 1049 in
569 1021 668 1049 minori
690 1020 803 1047 caritate
823 1021 849 1046 et
864 1018 953 1055 gratia
974 1022 1111 1054 resurgat.

345 1069 370 1098 3.
394 1069 475 1103 ltem,
497 1068 597 1097 caritas
620 1066 790 1103 praecedens
822 1065 890 1093 nibil
921 1068 1045 1093 meretur
1074 1072 1113 1093 re-

266 1120 363 1154 spectu
378 1115 501 1145 caritatis
516 1113 715 1150 subsequentis
726 1113 750 1147 ἓ,
766 1113 830 1141 item
855 1112 952 1149 culpa,
976 1114 1111 1148 quantum

265 1167 306 1194 est
328 1164 362 1192 de
384 1171 429 1197 se,
451 1162 554 1199 expelli
570 1164 659 1198 potest
675 1168 724 1197 per
743 1159 1032 1197 quantulamcumque
1054 1166 1114 1195 gra-

267 1211 350 1239 tiam:
374 1211 458 1247 igitur
474 1217 523 1238 nec
539 1209 639 1237 caritas
660 1207 831 1244 praecedens
846 1214 895 1235 nec
915 1206 998 1242 culpa
1020 1205 1114 1234 subse-

266 1266 355 1295 quens
376 1257 478 1293 exigit,
500 1255 574 1292 quod
598 1255 681 1282 bomo
696 1254 722 1282 in
738 1253 846 1290 aequali
863 1253 978 1282 caritate
994 1252 1038 1281 vel
1054 1260 1113 1288 gra-

266 1306 303 1333 tia
325 1307 471 1340 resurgat:
494 1311 559 1339 ergo
582 1301 713 1339 possibile
735 1304 791 1335 est,
814 1301 905 1337 ipsum
923 1307 1071 1336 resurgere
1087 1299 1114 1327 in

266 1352 376 1381 minori.

346 1400 372 1427 li.
394 1399 473 1432 ltem,
495 1397 516 1425 si
540 1397 623 1425 1101110
655 1403 708 1424 11011
731 1398 824 1432 posset
845 1402 993 1431 resurgere
1016 1394 1043 1422 in
1065 1394 1114 1422 1111-

268 1447 327 1475 nori
360 1446 486 1478 caritate,
516 1447 580 1472 tunc
602 1443 705 1471 cadens
725 1450 741 1470 a
763 1442 876 1470 caritate
909 1441 1031 1478 perfecta
1061 1449 1113 1469 non

267 1496 360 1530 posset
382 1499 529 1528 resurgere
551 1490 603 1519 nisi
625 1490 652 1518 in
674 1489 788 1518 caritate
810 1488 949 1525 perfecta3
972 1488 1021 1517 sed
1048 1488 1114 1517 cari-

268 1544 325 1574 tas,
347 1548 409 1569 cum
434 1538 570 1574 resurgit,
593 1540 634 1565 est
656 1536 806 1573 incipiens:
830 1543 896 1572 ergo
918 1535 1002 1564 simul
1022 1539 1064 1564 est
1079 1535 1116 1563 in-

268 1587 372 1624 cipiens
394 1589 421 1615 et
443 1585 582 1622 perfecta,
604 1583 679 1621 quod
702 1582 847 1611 manifeste
868 1582 968 1611 falsum
985 1586 1034 1617 est,
1051 1590 1114 1611 cum

274 1646 287 1660 «
302 1642 384 1662 nemo
406 1635 519 1669 repente
542 1631 589 1660 fiat
609 1638 737 1659 summus
750 1630 759 1643 ⁸
775 1641 802 1664 n,
817 1633 844 1658 et
858 1633 921 1658 ante
937 1633 1039 1658 statum
1057 1638 1116 1667 per-

269 1680 393 1710 fectionis
415 1678 571 1708 necessario
592 1679 758 1715 praecurrat
780 1679 867 1704 status
891 1676 1071 1713 imperfectus
1090 1679 1116 1704 et

268 1727 439 1765 inceptionis.

349 1775 401 1802 SED
421 1781 545 1802 conruit:
574 1774 593 1800 1.
618 1771 767 1800 Ezechielis
789 1771 896 1799 decimo
918 1770 1053 1799 octavo⁴z
1084 1770 1118 1799 Si

271 1822 381 1858 impius
406 1820 496 1857 egyerit
522 1818 748 1856 poenitentium,
771 1817 902 1845 omnium
924 1817 1116 1855 iniquitatum

271 1867 350 1901 eius,
373 1875 447 1905 quus
468 1869 606 1902 operatus
628 1868 684 1897 est,
701 1872 759 1891 non
775 1863 973 1897 rceorctubor;
993 1867 1114 1897 constat,

271 1915 343 1951 quod
368 1922 421 1942 non
444 1912 571 1949 intelligit
592 1912 627 1940 de
648 1911 786 1939 oblivione
807 1915 943 1947 quantum
965 1911 998 1939 ad
1022 1914 1115 1939 actum

272 1961 419 1997 cogitandi,
434 1960 482 1988 sed
495 1962 630 1996 quantum
643 1958 676 1986 ad
693 1961 785 1986 actum
802 1957 952 1994 puniendi;
967 1958 1015 1986 sed
1033 1958 1116 1985 bomo

272 2016 326 2036 non
349 2007 464 2044 punitur
486 2006 576 2034 solum
600 2013 649 2042 per
666 2004 841 2033 inflictionem
865 2004 945 2038 mali,
968 2004 1017 2033 sed
1032 2004 1114 2032 etiam

272 2063 322 2092 per
343 2053 559 2083 subtractionem
584 2052 666 2080 boui:
688 2051 710 2080 si
739 2059 805 2087 ergo
834 2052 968 2080 Dominus
994 2060 1047 2080 non
1078 2060 1117 2081 re-

271 2101 404 2130 cordatur
426 2100 538 2128 illorum
562 2102 738 2135 peccatorum
761 2098 795 2126 ad
819 2106 934 2134 poenam
958 2102 1117 2132 aeternann

271 2155 335 2176 cum
357 2146 505 2176 diminutio
526 2145 649 2174 caritatis
664 2145 744 2173 faciat
760 2144 794 2173 ad
811 2144 1023 2173 diminutionem
1041 2152 1117 2182 prae-

272 2195 318 2223 mii
341 2193 531 2223 substantialis
552 2196 579 2221 et
600 2192 636 2220 ita
658 2191 692 2220 ad
722 2191 856 2219 damnum
886 2195 1051 2226 aeternum,
1081 2192 1118 2219 vi-

272 2243 369 2273 detur,
403 2241 477 2278 quod
506 2239 693 2269 necessarium
717 2239 763 2273 sit,
796 2239 935 2267 bominem
959 2240 985 2267 in
1008 2239 1117 2276 aequali

272 2289 401 2322 caritate,
423 2287 467 2316 vel
489 2287 514 2315 in
538 2286 635 2314 maiori
659 2293 815 2322 resurgere.

351 2337 377 2364 2.
400 2335 479 2368 Item,
501 2334 534 2362 ad
562 2334 698 2362 Romanos
727 2332 860 2360 octavo⁵:
891 2331 1023 2366 Scimus,
1053 2341 1119 2370 quo-

273 2382 354 2410 nium
377 2380 563 2419 (litiyentibus
585 2380 678 2408 Deum
699 2378 799 2407 onznia
819 2383 1014 2415 cooperantur
1030 2379 1060 2407 in
1077 2379 1119 2407 bo-

1165 510 1237 529 num
1249 512 1259 534 ;
1280 501 1393 529 Glossa:
1420 512 1433 526 «
1448 501 1507 537 lpse
1529 500 1613 529 etiam
1635 508 1716 529 casus
1737 501 1764 529 in
1787 501 1904 529 mortale
1918 512 1946 535 »;
1965 501 2014 529 sed

1167 556 1248 577 casus
1271 548 1296 576 in
1321 548 1437 576 mortale
1459 551 1603 584 peccatum
1627 556 1680 576 non
1703 551 1901 584 cooperaretur
1924 549 1950 576 in
1971 548 2016 576 bo-

1167 604 1251 629 nnm,
1274 595 1325 623 nisi
1350 595 1432 622 bomo
1452 597 1614 631 resurgeret
1630 595 1656 622 in
1671 594 1797 631 aequali,
1814 595 1857 623 vel
1874 595 1899 622 in
1914 595 2011 623 maiori

1168 642 1300 670 caritate:
1325 641 1436 669 videtur
1468 649 1549 678 ergo,
1582 641 1657 678 quod
1679 641 1867 670 necessarium
1891 642 1940 676 sit,
1970 642 2016 669 110-

1168 687 1270 715 minem
1294 687 1320 715 in
1343 687 1453 724 aequali
1475 687 1606 720 caritate,
1629 687 1672 715 vel
1698 687 1795 715 maiori
1819 695 1975 724 resurgere.

1248 734 1273 762 3.
1297 735 1379 769 ltem,
1401 742 1486 771 super
1508 734 1577 763 illud
1601 734 1714 763 Genesis
1736 734 1867 771 primo‘³:
1890 735 2015 763 Factum

1169 785 1209 809 est
1229 790 1344 818 vespere
1365 785 1391 809 et
1411 790 1497 809 mune
1517 781 1578 809 dies
1608 790 1685 809 unus
1697 792 1707 815 ,·
1735 781 1847 810 Glossa:
1875 792 1888 808 «
1902 782 2018 819 Vesper-

1170 829 1225 857 tina
1248 828 1297 857 lux
1319 832 1374 862 est,
1397 837 1413 857 a
1434 836 1489 865 qua
1510 828 1572 865 quis
1595 829 1712 863 cecidit3
1735 829 1885 863 matutina,
1912 829 1938 857 in
1961 837 2015 866 qua

1170 875 1291 911 resurgit
1306 886 1332 903 u:
1354 875 1375 903 si
1399 883 1465 912 ergo
1488 875 1537 903 lux
1561 876 1698 903 matutina
1727 883 1837 912 semper
1866 876 1954 904 maior
1976 879 2017 904 est

1169 923 1344 959 vespertina,
1367 923 1493 957 videtur,
1516 923 1589 959 quod
1614 922 1702 950 maior
1725 923 1759 951 sit
1780 922 1896 956 caritas.
1919 923 1944 951 in
1962 931 2017 959 qua

1170 969 1232 1005 quis
1255 969 1391 1005 resurgit,
1413 977 1497 1005 quam
1520 969 1636 1003 caritas,
1658 977 1674 997 a
1696 977 1751 1006 qua
1772 969 1878 998 cecidit.

1249 1016 1275 1043 li.
1298 1016 1381 1050 Item,
1405 1016 1517 1045 maioris
1539 1016 1650 1045 virtutis
1672 1019 1713 1045 est
1734 1016 1808 1053 quod
1824 1016 1916 1053 pellit,
1932 1024 2016 1053 quam

1170 1063 1243 1100 quod
1267 1063 1399 1100 pellitur:
1422 1063 1471 1092 sed
1493 1064 1609 1093 caritas,
1642 1064 1667 1092 in
1700 1072 1755 1101 qua
1786 1064 1849 1100 quis
1877 1064 2017 1100 resurgit,

1172 1109 1248 1147 pellit
1270 1110 1340 1138 illud
1363 1110 1436 1147 quod
1459 1110 1569 1147 expulit
1590 1111 1750 1144 caritatem,
1772 1119 1788 1139 a
1810 1118 1865 1147 qua
1886 1112 1951 1147 quis
1973 1118 2017 1139 ce-

1171 1157 1254 1185 cidit:
1277 1165 1344 1194 ergo
1366 1165 1477 1186 necesse
1493 1161 1547 1192 est,
1563 1158 1707 1186 caritatem
1730 1157 1946 1194 subsequentem
1964 1166 2018 1186 ma-

1171 1204 1257 1232 iorem
1280 1207 1307 1232 et
1328 1204 1470 1233 fortiorem
1493 1212 1553 1233 esse
1575 1205 1621 1233 illo
1643 1205 1717 1242 quod
1734 1205 1877 1234 caritatem
1900 1205 2017 1242 expulit,

1171 1255 1198 1280 et
1220 1260 1269 1288 per
1291 1260 1464 1289 consequens
1486 1252 1545 1289 ipsa
1567 1252 1695 1286 caritate,
1718 1260 1734 1280 a
1755 1260 1811 1289 qua
1833 1252 1896 1289 quis
1911 1252 2018 1281 cecidit.

1488 1353 1703 1374 CONCLUSIO.

1176 1439 1317 1467 Possibile
1340 1443 1396 1473 est,
1419 1439 1496 1477 quod
1510 1438 1607 1473 bomo,
1623 1439 1737 1468 amissa
1760 1439 1901 1474 caritate,
1923 1449 2020 1468 resur·
2073 1469 2076 1470 ⁷
2161 1425 2166 1471 1

1249 1491 1302 1523 yut
1329 1490 1355 1514 et
1381 1486 1410 1514 in
1433 1486 1544 1514 inuiori
1565 1490 1590 1514 et
1611 1487 1642 1514 in
1664 1486 1775 1515 minori
1795 1490 1819 1514 et
1841 1486 1872 1514 in
1902 1486 2021 1524 aequati

1252 1533 1384 1561 caritate.

1253 1628 1432 1656 Ruspounno:
1456 1627 1492 1655 Ad
1516 1627 1723 1664 praedictorum
1747 1628 1955 1665 intelligentiam
1978 1630 2019 1656 est

1174 1675 1343 1707 notandum,
1365 1674 1439 1711 quod
1465 1674 1625 1711 aliquorum
1654 1673 1805 1711 aliquando
1832 1674 1883 1702 fuit
1911 1674 2130 1711 opini0,omn101.

1173 1722 1248 1758 quod
1271 1729 1382 1750 necesse
1404 1724 1479 1755 erat,
1502 1721 1642 1750 hominem
1665 1729 1814 1758 resurgere
1836 1721 1863 1749 iu
1884 1721 2018 1759 aequati,
2164 1750 2166 1760 Α

1173 1769 1217 1797 vel
1238 1769 1350 1797 maiori
1370 1769 1492 1797 caritate.
1511 1769 1540 1796 Et
1555 1768 1589 1796 ad
1611 1768 1662 1797 hoc
1684 1768 1844 1804 ponendum
1867 1769 1932 1797 moti
1955 1771 2019 1797 sunt
2032 1774 2107 1817 ”⁴23¹
2120 1780 2150 1794 ra-

1173 1820 1232 1845 tum
1265 1824 1301 1844 ex
1333 1815 1553 1844 consideratione
1586 1815 1703 1844 diuinae
1732 1815 1932 1852 dispositionis
1961 1816 2018 1845 sive
2096 1812 2100 1816 ⁴

1173 1862 1451 1899 praedestinationis,
1474 1867 1532 1891 tum
1555 1870 1591 1891 ex
1607 1862 1827 1891 consideratione
1846 1862 1964 1891 divinae
1979 1871 2021 1891 re·
2165 1863 2166 1887 1

1174 1909 1359 1942 tributionis,
1384 1913 1443 1937 tum
1465 1917 1500 1938 ex
1523 1909 1743 1938 consideratione
1758 1913 1877 1937 nostrae
1894 1918 2020 1947 praepu-

1172 1956 1308 1985 racionis.
1331 1956 1369 1984 Ex
1393 1956 1612 1985 consideratione
1629 1963 1749 1993 namque
1765 1955 1882 1984 diuinae
1900 1957 2020 1993 praede-
2032 1966 2103 1985 Prima.

1172 2003 1341 2032 stiiuttionis
1364 2003 1430 2031 moti
1453 2006 1532 2031 sunt:
1549 2003 1615 2040 quia
1635 2002 1784 2037 dixerunt,
1806 2003 1881 2039 quod
1903 2003 2021 2041 diligen-

1175 2050 1250 2078 tibus
1275 2050 1364 2078 Deum
1386 2050 1486 2078 omniu
1508 2053 1703 2086 cooperantur
1726 2049 1756 2077 in
1772 2049 1895 2083 bonum,
1912 2049 1957 2078 liis
1972 2050 2024 2088 (lui

1174 2097 1335 2125 seeundum
1364 2096 1550 2133 propositum
1582 2096 1680 2124 vocati
1704 2100 1772 2124 sunt
1794 2096 1937 2130 Su¹ncti⁷‚·
1959 2096 2021 2125 ideo

1174 2144 1284 2172 divinae
1315 2143 1576 2179 praedestinationis
1607 2142 1818 2171 immutabilitas
1844 2150 2021 2180 nequaquam

1175 2191 1277 2218 sineret
1309 2190 1450 2218 hominem
1474 2190 1527 2218 labi
1549 2198 1565 2218 a
1586 2190 1716 2224 caritate,
1738 2190 1789 2218 nisi
1812 2198 1846 2218 ex
1872 2190 1952 2227 lapsu
1975 2189 2021 2218 illo

1176 2238 1283 2266 videret
1304 2237 1521 2274 subsequentem
1548 2237 1711 2270 utilitatem,
1734 2244 1783 2265 nec
1812 2236 1934 2273 regimen
1956 2236 2022 2265 divi-

1176 2292 1226 2313 nae
1242 2284 1433 2321 providentiae
1449 2282 1536 2311 filium
1553 2283 1629 2320 regni
1650 2283 1823 2320 permitteret
1838 2283 1953 2317 cadere,
1968 2283 2020 2312 nisi

1175 2339 1211 2360 ex
1235 2332 1286 2359 boc
1308 2330 1393 2359 simul
1421 2330 1618 2367 praevideret3
1640 2331 1730 2358 maius
1763 2330 1866 2358 bonum
1896 2338 1931 2359 ex
1962 2330 2021 2367 ipso

1176 2386 1243 2407 casu
1264 2378 1372 2406 elicere.
1395 2394 1433 2397 ——
1456 2377 1495 2405 Ex
1524 2380 1603 2413 parte
1624 2384 1691 2405 vero
1715 2376 1917 2405 retributionis
1942 2378 2127 2406 ratio-secunda.

336 2484 344 2498 ¹
361 2483 406 2507 Cfr.
423 2489 493 2511 supra
510 2489 563 2511 pag.
581 2482 633 2510 677,
652 2485 703 2503 nota
725 2481 742 2503 1.

336 2524 345 2538 2
362 2523 420 2546 Vide
438 2523 461 2545 11.
480 2523 540 2544 Seni.
559 2521 580 2543 d.
599 2521 635 2542 27.
653 2527 672 2542 a.
691 2521 711 2542 2.
731 2526 752 2548 q.
775 2520 791 2541 1.

335 2563 345 2577 3
362 2563 466 2591 Gregor.r
485 2562 508 2583 ll.
531 2561 613 2583 Homil.
631 2561 652 2582 in
676 2560 754 2582 Ezccli.
777 2560 838 2581 110111.
857 2559 877 2580 3.
896 2565 917 2580 11.
942 2559 962 2580 3.
981 2557 1025 2581 Ct'r.
1046 2558 1117 2581 verba

273 2602 381 2624 Bernardi
401 2605 454 2624 tom.
473 2601 495 2622 ll.
513 2606 566 2628 pag.
584 2599 641 2626 984,
660 2602 710 2621 nota
730 2599 750 2620 3.
770 2598 841 2620 allata.
859 2610 889 2613 -—
909 2597 994 2619 Deinde
1014 2603 1055 2624 pro
1075 2597 1119 2619 im-

272 2641 389 2670 perfectus
411 2640 461 2662 cod.
480 2640 495 2661 Z
513 2638 706 2668 imperfectionis.
731 2637 798 2659 codd.
817 2637 879 2659 GlT
890 2636 907 2658 U
919 2637 937 2658 V
948 2636 968 2658 X
985 2635 1116 2665 profectus,

273 2680 337 2708 quod
354 2679 418 2701 11111111
436 2678 503 2701 codd.
521 2678 580 2699 male
598 2680 745 2699 mutaverunt
762 2676 783 2697 in
800 2674 924 2704 perfectus.

337 2717 345 2732 ⁴
364 2718 427 2740 Vers.
447 2718 483 2739 21.
501 2723 548 2745 seq.
568 2717 618 2738 Post
636 2714 801 2745 poenitentium
815 2714 910 2741 Vulgata
929 2713 993 2741 plura
1007 2713 1076 2735 addit.
1089 2725 1119 2728 m

273 2757 367 2778 Interius
385 2762 427 2784 pro
439 2762 492 2779 oum
506 2754 629 2778 diminutio
648 2753 754 2778 carituris
765 2752 839 2782 faciat
854 2753 946 2780 plurimi
963 2752 1030 2774 codd.
1043 2753 1119 2774 minus

274 2801 376 2823 congrue
394 2796 415 2817 et
432 2794 556 2817 clinu'nutz'o
574 2793 681 2817 caritatis
697 2792 783 2822 saciat,
808 2791 967 2821 Supplenzent.
992 2791 1052 2813 Alex.
1071 2792 1118 2813 Hal.

274 2834 346 2856 collat.
364 2834 401 2855 73.
420 2840 439 2855 a.
458 2834 478 2855 3.
497 2834 580 2855 rectius
598 2833 619 2855 et
635 2831 759 2855 diminutio
777 2830 882 2855 caritatis
898 2830 962 2859 fucit.

337 2872 346 2886 ⁵
364 2872 427 2893 Vers.
441 2872 477 2893 28.
487 2871 591 2898 -Apud
605 2871 661 2893 Petr.
674 2870 831 2893 Lombardum
841 2870 919 2892 Glossa
932 2870 952 2891 in
964 2871 1025 2891 bunc
1034 2869 1118 2897 locum,

275 2917 302 2933 ex
319 2911 422 2938 August.⁷
441 2910 469 2932 de
487 2910 588 2938 Corrept.
606 2914 627 2932 ct
645 2911 726 2937 gratia,
746 2916 763 2931 r.
783 2910 803 2931 9.
822 2915 843 2931 11.
862 2908 898 2936 21,
916 2909 947 2932 sic
959 2910 1038 2931 sonat:
1060 2908 1120 2929 Tali-

276 2949 319 2971 bus
345 2949 405 2971 Deus
427 2949 574 2977 diligentibus
595 2955 648 2970 cum
672 2948 700 2977 [i.
723 2955 742 2970 e.
765 2949 804 2976 qui
828 2950 977 2975 perseverant
998 2953 1072 2975 usque
1097 2947 1118 2968 in

276 2987 360 3017 finem]
378 2989 454 3010 «tannia
477 2991 614 3015 cooperatur
632 2989 652 3009 in
676 2987 775 3015 bonum,
795 2994 868 3016 usque
886 2987 943 3009 adeo
961 2993 1056 3015 prorsus
1073 2993 1119 3008 om-

1177 2481 1224 2509 nia⁷
1252 2484 1275 2502 ut
1295 2481 1382 2502 etiamsi
1405 2480 1443 2508 qui
1464 2485 1545 2502 eorum
1569 2479 1661 2501 deviant
1682 2482 1703 2501 et
1724 2478 1861 2506 exorbitant,
1888 2479 1955 2501 etiam
1979 2480 2022 2501 boc

1176 2521 1252 2548 ipsum
1270 2521 1303 2541 eis
1321 2521 1386 2542 saciat
1408 2519 1519 2547 proficere
1541 2519 1561 2540 in
1581 2518 1678 2545 1101111111,
1700 2519 1753 2546 quia
1776 2518 1908 2540 humiliores
1926 2518 2022 2542 redeunt

1176 2563 1244 2587 atquo
1262 2559 1382 2582 doctiores.
1400 2571 1431 2575 —
1448 2559 1542 2581 Interius
1559 2564 1600 2585 pro
1618 2557 1736 2580 hominem
1754 2557 1805 2580 cod.
1823 2558 1843 2579 k
1861 2557 1957 2580 homini.

1238 2597 1247 2612 ⁶
1266 2598 1330 2619 Vers.
1348 2598 1373 2625 ὅ,
1392 2597 1477 2626 quibus
1494 2596 1572 2618 verbis
1589 2598 1693 2624 August„
1712 2596 1725 2617 l.
1745 2596 1772 2618 de
1790 2596 1845 2618 Gen.
1864 2596 1934 2618 adlit.
1948 2603 1967 2618 c.
1990 2596 2022 2618 17.

1177 2643 1197 2658 n.
1217 2637 1253 2665 33,
1266 2637 1390 2665 glossando
1408 2636 1497 2658 adiicit:
1514 2644 1523 2655 «ι
1539 2636 1564 2658 Ut
1578 2642 1619 2663 per
1637 2636 1692 2663 boc,
1710 2635 1773 2663 quod
1788 2635 1845 2657 sacia
1862 2638 1896 2657 est
1913 2642 2022 2664 vespera,

1176 2680 1296 2703 peccatum
1314 2677 1428 2698 rationalis
1449 2678 1579 2703 creaturae,
1602 2675 1665 2704 quod
1689 2678 1765 2697 autem
1783 2675 1868 2696 factum
1891 2677 1924 2697 est
1942 2681 2021 2702 mane,

1176 2716 1294 2737 renovatio
1311 2716 1360 2737 eius
1378 2714 1502 2742 significata
1521 2714 1626 2736 videatur
1638 2722 1702 2735 1).-
1715 2714 1757 2735 Pro
1774 2714 1864 2735 veriore
1882 2714 2021 2741 scripturas(

1176 2759 1223 2782 qus(
1246 2754 1298 2783 quis
1321 2753 1413 2781 recidit,
1431 2759 1501 2782 quam
1522 2754 1544 2774 in
1567 2752 1617 2775 cod.
1645 2752 1663 2774 U
1680 2753 1825 2779 invenimus,
1848 2752 1883 2774 cui
1906 2752 1974 2774 ctiam
1999 2752 2022 2773 B.

1176 2792 1267 2819 Albert.,
1286 2793 1307 2814 S.
1327 2793 1409 2814 Tbom.
1431 2796 1452 2814 et
1476 2793 1532 2814 Petr.
1554 2799 1565 2813 a
1589 2792 1641 2814 Tar.
1664 2792 1752 2818 tavent,
1775 2791 1825 2813 cod.
1844 2791 1862 2812 G
1884 2790 1952 2813 habet
1975 2797 2022 2820 qua

1176 2830 1228 2859 quis
1245 2831 1336 2859 cecidit,
1357 2832 1392 2853 alii
1411 2831 1477 2853 codd.
1496 2833 1516 2853 et
1533 2830 1585 2853 edd.
1604 2830 1628 2853 in
1644 2836 1692 2859 qua
1709 2829 1761 2859 quis
1773 2829 1859 2852 cecidit.
2010 2830 2013 2833 ’

1239 2870 1248 2885 7
1265 2871 1329 2893 Rom.
1348 2872 1373 2899 S,
1392 2872 1428 2893 28.
1441 2883 1470 2887 —-
1483 2871 1550 2892 Paulo
1569 2871 1675 2898 superius
1692 2875 1734 2897 pro
1751 2870 1846 2892 nostrae
1861 2868 2023 2898 praeparatio-

1177 2909 1212 2931 nis
1229 2910 1281 2931 edd.
1300 2916 1352 2932 cum
1366 2910 1471 2937 pluribus
1489 2909 1557 2931 codd.
1569 2910 1665 2932 'nostrae
1682 2907 1847 2938 reparationis.
1860 2908 1922 2930 Idem
1940 2908 2021 2929 vitium

1177 2950 1273 2970 recurrit
1290 2950 1404 2977 aliquanto
1419 2950 1519 2971 inferius.

1241 2986 1250 3001 Β
1266 2987 1337 3010 Codd.
1356 2988 1372 3010 G
1383 2987 1414 3010 bb
1430 2987 1569 3017 provideret.
