2166 3366
114 356 248 375 Fundamenta.

143 1629 249 1648 Conclusio.

154 2193 208 2212 Ratio
221 2193 254 2212 tri-

151 2218 200 2241 plex.

185 2383 254 2400 Prima.

162 2525 255 2544 Secunda.

258 219 315 248 324

334 298 386 325 SED
407 303 531 325 CONTRA:
557 296 580 323 1.
597 294 693 323 Omnis
709 293 831 331 potentia
852 295 998 322 creaturae
1016 292 1106 329 sequi-

255 348 301 374 tur
323 345 413 382 ipsam
434 342 619 372 substantiam
641 345 803 375 creaturae3
830 340 879 369 sed
905 340 1105 376 omnipotentia

255 391 398 430 praecedit
419 389 604 419 substantiam
626 388 716 417 omnis
736 391 901 422 creaturae,
921 386 987 424 quia
1015 389 1106 424 potest

254 438 411 476 producere
433 444 516 465 omne
537 444 586 464 ens
600 435 624 464 ¹:
647 443 714 472 ergo
729 434 799 463 nulli
815 437 962 463 creaturae
983 440 1107 462 commu-

255 485 342 514 nicari
364 484 454 521 potuit
475 482 683 519 omnipotentia.

335 533 360 560 Ξ.
383 531 464 565 ltem,
485 530 554 559 nihil
577 529 684 558 habens
705 528 933 565 omnipotentiam
956 530 1047 565 potest
1070 527 1106 555 ab

255 579 350 616 aliquo
378 578 476 607 excedi
506 577 551 606 vel
579 576 726 614 superari,
754 576 820 613 quia
848 575 917 603 nihil
945 577 987 603 est
1015 574 1107 603 maius

256 626 445 663 omnipotente
457 636 464 659 3
494 625 542 654 sed
564 632 676 653 necesse
697 626 754 658 est,
776 630 886 651 omnem
910 624 1069 651 creaturam
1090 629 1107 649 a

256 674 314 702 Deo
335 672 433 701 excedi
456 675 483 700 et
504 671 646 708 superari:
669 678 736 707 ergo
757 669 929 711 impossibile
944 672 1001 703 est,
1023 668 1106 697 alicui

257 723 403 749 creaturae
424 718 653 756 omnipotentiam
675 716 885 746 communicari.

338 767 364 795 3.
385 767 467 801 ltem,
488 765 622 794 «nullius
641 764 812 794 substantiae
827 764 921 793 finitae
941 766 1032 801 potest
1047 771 1108 792 esse

258 815 349 843 virtus
378 813 527 847 infinita»,
549 812 621 841 sicut
642 812 709 841 dicit
736 811 922 848 Philosophus
935 810 954 845 ²,
982 813 1009 839 et
1038 810 1108 838 ratio

260 861 429 895 [nanifestat;
451 860 499 889 sed
515 859 715 896 omnipotentia
736 862 778 887 est
792 858 883 886 virtus
904 857 1022 886 infinita:
1042 865 1109 894 ergo

258 908 329 937 nulli
352 907 524 937 substantiae
542 906 636 935 finitae
658 908 749 943 potest
763 903 965 934 communicari
986 904 1110 940 omnipo-

259 956 353 985 tentia.
382 955 435 984 Sed
463 954 553 983 omnis
582 956 712 983 creatura
739 955 781 981 est
803 951 974 981 substantiae
1000 951 1108 985 finitae,

260 1011 323 1032 cum
347 1002 381 1031 sit
409 1005 503 1031 creata
524 1001 554 1029 iii
583 1008 720 1034 numero,
741 999 868 1037 pondere
895 1002 921 1027 et
946 1006 1108 1026 mensura:

261 1058 328 1087 ergo
346 1053 397 1079 etc.

339 1097 366 1125 li.
388 1097 475 1131 Item,
507 1095 585 1124 nulla
613 1095 703 1123 virtus
728 1094 799 1123 entis
821 1093 906 1122 creati
939 1092 1110 1121 transcendit

261 1152 310 1172 ens
323 1143 351 1177 3;
373 1143 422 1172 sed
437 1142 637 1180 omnipotentia
658 1141 830 1170 transcendit
845 1149 910 1174 ciis,
933 1139 999 1177 quia
1020 1141 1110 1176 potest

261 1191 295 1220 de
316 1193 450 1219 non-ente
473 1190 564 1218 facere
585 1198 651 1217 ens:
674 1196 740 1226 ergo
755 1187 926 1225 impossibile
948 1190 1005 1221 est,
1027 1186 1110 1215 alicui

260 1238 358 1266 virtuti
380 1240 490 1266 creatae
511 1236 570 1265 dari
594 1235 832 1273 omnipotentiam.

577 1321 788 1343 CONCLUSIO.

262 1395 320 1424 Nec
348 1394 467 1423 animae
497 1392 608 1422 Christi
635 1401 685 1421 nee
711 1392 805 1420 alicui
835 1394 992 1420 creaturae
1020 1393 1111 1427 potest

341 1440 549 1478 omnipotentia
576 1438 794 1468 commtmieari
824 1442 856 1466 at
885 1437 1055 1476 proprietas
1086 1436 1113 1465 ei

341 1488 505 1517 inhaerens.

342 1568 522 1596 Ruspoxnno:
546 1565 717 1599 Dicendum,
739 1564 813 1602 quod
836 1572 886 1593 nec
907 1563 1016 1592 animae
1038 1563 1114 1591 Chri-

263 1616 298 1645 sti
313 1623 363 1644 nec
384 1614 468 1643 alicui
483 1616 629 1642 creaturae
651 1614 742 1649 potest
761 1611 969 1648 omnipotentia
991 1619 1114 1640 commu-

262 1663 363 1697 nicari,
385 1661 437 1690 nisi
460 1664 591 1694 eatenus,
621 1667 676 1697 qua
705 1658 929 1687 communicatur
957 1658 981 1686 ei
1013 1665 1114 1686 nomen

263 1713 290 1739 et
311 1708 477 1738 excellentia
499 1706 664 1741 divinitatis,
687 1706 739 1735 hoc
760 1708 802 1735 est
817 1713 867 1743 per
889 1704 1115 1734 communicatio-

263 1764 326 1785 nem
356 1749 541 1789 idiomatum,
570 1761 641 1791 quae
673 1756 766 1781 ortum
795 1752 879 1781 habet
910 1759 947 1780 ex
974 1750 1112 1788 personali

264 1803 367 1831 unione
381 1819 420 1823 —-
435 1802 507 1831 sicut
528 1801 600 1830 enim
624 1807 776 1838 possumus
802 1799 910 1833 dicere,
932 1798 1007 1836 quod
1030 1798 1114 1826 homo

264 1853 306 1879 est
320 1850 407 1883 Deus,
429 1849 468 1877 ita
482 1855 634 1885 possumus
656 1847 762 1880 dicere,
778 1846 853 1883 quod
875 1846 959 1874 homo
974 1848 1016 1874 est
1030 1845 1116 1873 omni-

264 1901 362 1935 potens
377 1913 416 1916 —
430 1899 458 1925 et
479 1896 550 1924 sicut
571 1894 738 1923 excellentia
760 1893 925 1921 divinitatis
946 1892 1016 1921 nulli
1044 1900 1116 1921 com-

265 1943 400 1973 municari
423 1945 514 1980 potest
536 1942 607 1971 sicut
628 1941 718 1970 forma
739 1944 765 1969 et
786 1940 943 1977 proprietas
964 1939 1055 1968 eidem
1078 1939 1116 1967 in-

264 1992 384 2020 haerens
406 1988 641 2021 substantialiter,
664 1987 707 2016 vel
729 1987 954 2020 accidentaliter;
977 1987 1015 2015 sic
1031 1986 1114 2015 etiam

265 2046 316 2067 nec
337 2036 553 2074 omnipotentia.

345 2084 423 2113 Ratio
444 2087 552 2118 autem,
574 2090 662 2120 quare
684 2082 893 2119 omnipotentia
914 2081 1115 2110 communicari

266 2141 321 2161 non
349 2134 439 2169 potest
460 2130 543 2159 alicui
572 2132 734 2163 creaturae,
757 2131 813 2163 est,
837 2129 903 2166 quia
924 2128 1014 2156 omnis
1043 2135 1117 2156 crea-

267 2182 331 2208 tura
352 2186 385 2207 eo
400 2178 472 2214 ipso,
495 2177 570 2215 quod
592 2185 628 2205 ex
657 2176 744 2205 nihilo
765 2178 822 2210 est,
849 2175 943 2204 deficit
967 2183 983 2203 a
1005 2182 1117 2203 summa

266 2225 438 2259 stabilitate,
460 2225 535 2253 unde
557 2232 612 2253 non
627 2223 724 2252 existit
745 2230 796 2260 per
818 2230 847 2251 se
866 2222 972 2259 ipsam3
994 2221 1087 2250 delicit
1101 2230 1118 2249 a

268 2281 379 2302 summa
399 2271 600 2308 simplicitate,
622 2270 698 2299 unde
720 2278 773 2298 non
796 2269 859 2307 ayit
880 2277 929 2306 per
956 2276 985 2297 se
1011 2272 1116 2302 totam3

268 2319 361 2349 deficit
382 2327 398 2347 a
419 2326 531 2348 summa
558 2317 769 2350 immensitate,
791 2316 866 2345 unde
888 2316 1000 2344 distare
1028 2319 1119 2353 potest

268 2368 295 2396 in
317 2367 377 2404 ipsa
398 2366 488 2395 virtus
509 2374 525 2394 a
547 2364 735 2394 substantia&
762 2364 792 2392 Et
813 2363 945 2401 quoniam
967 2371 987 2391 a
1012 2371 1042 2391 se
1062 2371 1116 2391 non

268 2414 401 2444 subsistit
421 2422 472 2443 nec
493 2413 525 2442 iu
545 2422 588 2447 se,
609 2412 662 2441 nisi
684 2414 857 2441 sustentetur
872 2419 888 2439 a
910 2410 1004 2439 divina
1025 2413 1119 2447 poten-

271 2462 322 2495 tia;
344 2461 407 2490 ideo
428 2460 599 2498 impossibile
621 2462 675 2494 est,
697 2459 786 2496 ipsam
809 2466 868 2486 esse
883 2457 1118 2494 omnipotentem,-

270 2516 323 2537 non
345 2508 418 2537 enim
436 2510 524 2544 potest
538 2515 567 2535 se
583 2506 679 2543 ipsam
701 2505 847 2534 sustinere.
863 2521 902 2525 —
918 2505 1039 2539 Rursus,
1054 2512 1120 2541 quo-

271 2556 345 2583 niam
367 2563 403 2584 ex
425 2562 454 2583 se
476 2557 532 2582 tota
547 2562 602 2582 non
623 2553 698 2591 ayit,
721 2560 775 2581 non
798 2555 888 2589 potest
917 2552 945 2580 in
967 2554 1052 2580 totam
1079 2551 1119 2579 rei

933 214 1186 243 SENTENTIARUM
1207 214 1268 243 LIB.
1290 214 1330 242 Ill.

1163 292 1363 326 substantiam3
1392 295 1419 321 et
1447 292 1510 321 ideo
1538 300 1593 320 non
1621 294 1711 329 potest
1739 299 1800 321 esse
1822 292 2011 329 omnipotens,

1162 347 1226 368 cum
1242 347 1297 367 non
1319 339 1406 376 possit
1424 342 1513 367 totum
1536 339 1701 375 producere.
1716 355 1755 359 -
1770 339 1924 373 Postremo,
1946 339 2011 376 quia
2024 344 2093 362 Terna-

1164 386 1253 414 virtus
1274 386 1335 415 eius
1356 386 1448 414 distat
1468 394 1484 414 a
1505 386 1673 420 substantia,
1696 389 1803 414 tantum
1826 389 1916 422 potest
1939 386 2013 414 elon-

1162 433 1235 469 gari,
1250 433 1322 470 quod
1340 433 1453 461 omnino
1468 432 1589 467 deficiet,
1605 433 1681 462 unde
1695 441 1749 461 non
1766 436 1855 470 potest
1870 433 1897 461 in
1910 433 2010 461 omnia.

1162 496 1201 500 ——
1223 480 1299 509 Sicut
1319 480 1404 517 igitur
1426 480 1476 508 soli
1499 480 1556 508 Deo
1577 480 1706 509 convenit
1719 487 1831 508 summa
1851 479 2011 514 stabilitas,

1164 534 1275 555 summa
1296 526 1485 563 simplicitas,
1509 534 1620 556 summa
1646 527 1729 555 etiam
1751 526 1952 560 immensitas,·
1974 527 2012 555 sle

1163 574 1248 602 etiam
1263 573 1482 610 omnipotentia,
1494 582 1566 611 quae
1582 573 1739 603 necessario
1754 574 1872 611 requirit
1884 574 1935 602 ista
1952 574 2012 602 tria.

1165 620 1196 648 Et
1216 620 1278 649 ideo
1300 620 1500 657 omnipotentia
1521 620 1721 649 communicari
1742 628 1796 648 non
1819 624 1909 658 potest
1929 620 2013 650 alicui

1164 670 1323 701 creaturae,
1346 675 1396 695 nec
1418 667 1527 696 animae
1556 667 1657 696 Christi
1680 674 1730 696 nec
1751 667 1807 695 alii.
1822 684 1861 688 ——
1880 668 1910 696 Et
1933 667 2013 696 ratio-

1163 722 1228 749 nes,
1250 722 1322 751 quae
1343 714 1396 743 hoc
1417 714 1583 748 ostendunt,
1605 717 1670 743 sunt
1690 714 1892 743 concedendae.

1247 762 1270 789 l.
1293 761 1332 789 Ad
1354 761 1421 790 illud
1446 768 1513 789 vero
1527 761 1603 798 quod
1625 761 1767 796 obiicitur,
1787 762 1861 798 quod
1884 761 1961 790 dedit
1975 761 2014 790 illi
2028 765 2099 792 50¹i¹²i⁰
2113 770 2155 789 ουκ

1166 816 1280 842 nomen,
1306 809 1381 846 quod
1411 811 1452 837 est
1474 816 1560 845 super
1588 816 1670 837 omne
1699 817 1818 843 nomen;
1847 809 2014 844 dicendum,

1166 856 1241 893 quod
1263 856 1339 884 datio
1361 855 1436 885 illius
1454 855 1574 884 nominis
1596 856 1647 884 suit
1662 864 1712 893 per
1734 856 2015 885 communicationem

1167 902 1348 936 idiomatum,
1370 905 1402 931 ut
1422 903 1507 931 homo
1528 902 1575 931 ille
1596 902 1738 931 diceretur
1753 910 1814 932 esse
1835 903 1910 932 Deus
1925 907 1952 932 et
1966 903 2015 932 Dei

1166 950 1259 979 Filius.
1283 950 1322 979 De
1344 950 1396 978 hac
1417 952 1511 979 autem
1534 950 1785 979 communicatione
1813 958 1868 979 non
1891 950 2016 988 intelligi-

1167 999 1214 1025 tur
1235 997 1271 1025 ad
1292 1004 1444 1034 praesens,
1467 996 1528 1025 ideo
1550 997 1701 1026 auctoritas
1728 997 1777 1025 illa
1805 997 1874 1025 nihil
1895 997 1960 1027 facit
1981 997 2017 1026 ad

1167 1047 1352 1081 propositum.

1247 1092 1273 1119 Ξ.
1296 1091 1334 1119 Ad
1356 1090 1427 1119 illud
1450 1098 1516 1119 vero
1532 1091 1606 1128 quod
1628 1091 1771 1125 obiicitur,
1793 1091 1868 1128 quod
1894 1091 2017 1128 potentia

2028 791 2136 812 positorum.

1168 1138 1306 1167 antecedit
1324 1138 1482 1172 scientiam3
1497 1138 1661 1173 dicendum,
1677 1138 1753 1175 quod
1768 1138 1899 1175 potentia
1914 1138 2017 1167 dicitur
2030 1148 2116 1166 Potentia
2126 1148 2157 1167 dus.

1168 1185 1330 1223 dupliciter:
1347 1189 1476 1222 respectu
1488 1188 1568 1214 actus
1584 1185 1735 1214 interioris
1751 1189 1778 1214 et
1792 1189 1923 1223 respectu
1938 1188 2017 1215 actus

1169 1232 1332 1261 exterioris.
1361 1232 1486 1261 Dicimus
1514 1232 1605 1267 enim,
1633 1232 1756 1269 aliquem
1786 1240 1867 1269 posse
1894 1232 1971 1261 scire
1991 1236 2019 1261 et

1168 1279 1257 1313 velle;
1278 1279 1398 1308 dicimus
1419 1279 1519 1313 etiam,
1540 1287 1621 1316 posse
1644 1279 1771 1316 operari.
1794 1279 1863 1308 Cum
1892 1287 1960 1316 ergo
1981 1279 2020 1308 di-

1169 1327 1275 1360 cimus,
1290 1326 1365 1363 quod
1381 1326 1407 1354 in
1423 1329 1553 1355 creatura
1571 1326 1694 1363 potentia
1708 1326 1846 1355 antecedit
1861 1326 2019 1360 scientiam,

1170 1373 1222 1402 hoc
1239 1381 1337 1403 verum
1354 1377 1395 1402 est
1418 1377 1547 1410 respectu
1562 1377 1641 1402 actus
1657 1373 1822 1407 interioris,
1842 1374 1888 1402 sed
1906 1381 1959 1402 non
1975 1382 2020 1402 ex-

1171 1421 1288 1449 terioris
1298 1420 1319 1454 ⁵,
1339 1421 1404 1458 quia
1420 1421 1541 1457 potentia
1563 1421 1715 1458 operativa
1733 1421 1914 1458 consequitur
1935 1421 2021 1450 scien-

1170 1469 1245 1497 tiam.
1268 1468 1338 1496 Cum
1367 1471 1461 1497 autem
1484 1468 1587 1497 dicitur
1608 1468 1808 1505 omnipotentia
1836 1476 1897 1497 esse
1919 1469 1945 1497 in
1974 1468 2022 1497 ali-

1171 1524 1239 1553 quo,
1266 1516 1318 1544 hoc.
1340 1524 1395 1544 non
1424 1515 1589 1553 intelligitur
1610 1519 1739 1553 respectu
1767 1519 1846 1545 actus
1868 1516 2020 1545 interioris

1171 1565 1293 1596 tantum,
1316 1562 1363 1591 sed
1380 1562 1463 1590 etiam
1486 1565 1616 1599 respectu
1635 1562 1807 1596 eoetei'ioris;
1829 1562 1891 1591 ideo
1912 1570 1967 1590 non
1983 1569 2022 1591 se-

1171 1610 1281 1646 quitur,
1303 1609 1403 1646 quodsi
1432 1609 1460 1637 in
1488 1608 1582 1646 aliquo
1610 1609 1645 1638 sit
1666 1609 1874 1644 omniscientia,
1896 1609 1971 1646 quod
1993 1609 2021 1637 in

1172 1664 1204 1685 eo
1226 1656 1260 1685 sit
1278 1656 1487 1693 omnipotentia.

1252 1703 1277 1732 3.
1300 1703 1339 1732 Ad
1361 1703 1431 1732 illud
1453 1703 1529 1741 quod
1551 1703 1696 1738 obiicitur,
1718 1703 1793 1740 quod
1809 1703 1953 1740 amplioris
1974 1711 2021 1732 ex-

1172 1750 1306 1780 tensionis
1320 1753 1362 1779 est
1377 1750 1492 1780 scientia
1513 1758 1597 1788 quam
1614 1750 1748 1787 potentian
1767 1750 1931 1785 dicendum,
1946 1750 2022 1787 quod

1172 1805 1233 1826 esse
1255 1797 1368 1826 maioris
1389 1797 1560 1826 extensionis
1581 1800 1623 1826 est
1641 1797 1804 1834 dupliciter:
1827 1796 1870 1825 vel
1892 1800 2022 1834 respectu
2036 1805 2141 1824 pisimano.
2160 1793 2162 1824 ὲ

1173 1845 1288 1879 obiecti,
1310 1845 1355 1873 vel
1370 1848 1499 1883 respectu
1520 1843 1649 1873 subiecti.
1666 1844 1691 1872 Si
1708 1844 1858 1881 loquamur
1872 1844 1907 1872 de
1929 1847 2023 1872 exten-

1174 1892 1250 1920 sione
1273 1895 1401 1929 respectu
1417 1891 1531 1925 obiecti,
1554 1891 1668 1920 maioris
1689 1891 1860 1920 extensionis
1874 1894 1916 1920 est
1937 1891 2023 1919 omni-

1175 1939 1290 1969 scientia
1311 1947 1395 1976 quam
1417 1938 1631 1976 omnipotentia,
1654 1938 1720 1976 quia
1741 1941 1869 1975 respectu
1897 1937 2023 1975 plurium

1174 1990 1224 2016 est.
1246 1986 1272 2014 Si
1294 1989 1389 2014 autem
1412 1985 1561 2022 loquamur
1577 1985 1611 2014 de
1626 1985 1788 2014 extensione
1809 1988 1940 2022 respectu
1960 1983 2025 2013 sab-

1174 2033 1258 2067 iecti,
1287 2032 1401 2061 maioris
1426 2032 1620 2069 amplitudinis
1647 2034 1690 2060 est
1714 2031 1913 2068 omnipotentia
1939 2038 2024 2068 quam

1174 2080 1378 2112 omniscientia,
1393 2083 1529 2117 quantum
1551 2082 1593 2108 est
1608 2079 1643 2108 de
1659 2078 1787 2116 propria
1802 2077 1908 2106 ratione
1923 2077 2025 2106 utrius-

1175 2135 1238 2165 que.
1264 2127 1332 2156 Nam
1357 2126 1557 2164 omnipotentia
1582 2126 1659 2163 ponit
1684 2125 1840 2155 subiectum
1863 2133 1947 2154 suum
1969 2133 2025 2153 om-

1175 2175 1240 2203 nino
1256 2174 1425 2203 immensum
1447 2177 1474 2202 et
1489 2173 1642 2207 infinitum,
1664 2172 1855 2201 omniscientia
1874 2179 1940 2200 vero
1955 2179 2023 2206 non,

1176 2222 1248 2250 sicut
1269 2221 1295 2249 in
1318 2220 1571 2258 praecedentibus⁶
1592 2220 1644 2249 fuit
1665 2223 1817 2248 ostensum.
1841 2219 1871 2247 Et
1892 2218 1954 2247 ideo
1970 2226 2023 2247 non

1176 2268 1313 2305 sequitur,
1329 2267 1428 2305 quodsi
1444 2267 1527 2296 alicui
1542 2267 1667 2296 subiecto
1683 2269 1799 2295 naturae
1814 2268 1923 2295 creatae
1938 2265 2025 2302 possit

1176 2315 1377 2345 communicari
1393 2314 1597 2347 omniscientia,
1612 2313 1687 2351 quod
1703 2316 1818 2350 propter
1833 2313 1884 2341 hoc
1900 2312 1986 2349 possit
2000 2312 2024 2341 ei

1177 2361 1378 2391 communicari
1393 2360 1601 2397 omnipotentia.
1616 2359 1835 2388 Communicatio
1850 2359 1924 2388 enim
1939 2359 2025 2387 omni-

1176 2409 1315 2447 potentiae
1337 2408 1401 2446 plus
1422 2408 1535 2445 respicit
1563 2407 1777 2445 amplitudinem
1798 2406 1921 2435 subiecti
1940 2414 2025 2444 quam

1177 2455 1286 2484 obiecti.

1256 2503 1282 2531 li.
1306 2503 1343 2531 Ad
1373 2502 1442 2531 illud
1471 2502 1545 2539 quod
1575 2501 1720 2535 obiicitur,
1749 2501 1823 2538 quod
1845 2508 1926 2538 posse
1955 2500 2026 2529 scire

1178 2558 1260 2579 mnne
1276 2549 1370 2578 scibile
1396 2554 1437 2578 est
1452 2557 1545 2586 posse:
1568 2548 1732 2583 dicendum,
1757 2548 1831 2585 quod
1854 2555 1917 2576 cum
1933 2547 2027 2575 anima

335 2676 340 2690 ¹
361 2676 405 2699 Ctr.
423 2682 494 2704 supra
512 2676 534 2697 d.
554 2676 561 2697 l
573 2676 589 2697 Ι.
602 2675 658 2697 dub.
678 2675 697 2697 l.
716 2687 746 2690 —
758 2674 789 2696 Dc
807 2673 896 2696 maiori
906 2674 960 2696 ride
972 2677 1028 2696 tom.
1041 2674 1055 2695 l.
1068 2680 1121 2702 pag.

273 2716 317 2745 84,
336 2718 386 2738 nota
405 2716 426 2738 6.

335 2755 345 2770 ²
362 2755 422 2777 Libr.
443 2755 493 2776 Vlll⁴
514 2755 578 2782 Phys.
606 2756 657 2776 text.
683 2753 721 2775 78.
744 2759 808 2782 seqq.
827 2753 856 2781 (c.
877 2753 930 2781 =l0.).
948 2765 978 2768 —
996 2753 1121 2775 Testimon.

274 2795 405 2822 scripturae
423 2797 457 2816 est
474 2794 527 2821 Sap.
547 2794 571 2815 *tt
582 2811 587 2821 ‚
606 2792 750 2815 2l.—lnsra
770 2798 811 2820 pro
829 2793 863 2815 est
879 2791 1025 2815 substantiae
1041 2791 1123 2822 finitae

274 2833 324 2856 cod.
344 2833 362 2855 Κ
381 2834 415 2855 est
431 2832 564 2855 substantia
580 2831 655 2862 finita.

335 2872 345 2887 ³
363 2873 419 2900 Quia
438 2878 486 2895 esse
504 2871 571 2893 habet
589 2872 700 2893 rationem
718 2870 813 2900 effectus
830 2869 1019 2893 communissimi
1031 2872 1052 2892 et
1064 2872 1124 2891 tran-

275 2911 405 2933 scendentis
422 2916 491 2932 omne
509 2916 558 2933 esse
576 2910 713 2938 particulare
731 2913 753 2932 et
770 2910 932 2938 participatum
950 2912 972 2931 et
989 2915 1030 2937 per
1047 2914 1124 2931 conse-

276 2957 349 2979 quens
361 2951 429 2972 ctiam
438 2949 551 2972 virtutem
560 2950 617 2971 entis
626 2949 782 2977 particularis,
793 2952 818 2971 ut
829 2948 912 2971 docent
923 2948 982 2970 Scot.
996 2948 1025 2970 de
1037 2947 1122 2970 Rerum

277 2989 400 3017 principiis,
414 2989 435 3010 S.
450 2989 531 3010 Tuom.
544 2988 573 3010 de
587 2988 670 3010 Poterit.
686 2994 708 3016 q.
722 2988 742 3009 3.
755 2994 774 3009 a.
785 2987 805 3014 7,
819 2990 841 3010 et
854 2987 939 3009 Bonav.
952 2987 967 3009 1.
980 2987 1040 3008 Sent.
1054 2986 1075 3008 d.
1087 2985 1123 3007 43.

277 3034 298 3057 q.
317 3029 334 3056 l,
350 3031 371 3050 et
386 3028 407 3049 ll.
424 3027 483 3049 Sent.
498 3027 520 3049 d.
541 3028 558 3049 l.
572 3034 594 3055 p.
608 3027 622 3049 l.
635 3033 654 3049 a.
668 3027 688 3048 2.
702 3026 746 3049 Csr.
759 3027 826 3049 etiam
840 3028 894 3048 tom.
907 3026 930 3048 ll.
943 3032 965 3053 p.
980 3025 1020 3053 lli,
1037 3027 1088 3047 nota
1101 3024 1122 3046 7.

1241 2672 1250 2687 4
1268 2673 1312 2696 Csr.
1331 2673 1345 2695 Ι.
1363 2673 1423 2695 Sent.
1442 2672 1464 2694 d.
1482 2672 1503 2693 8.
1522 2678 1544 2699 p.
1563 2671 1585 2693 ll.
1612 2678 1634 2700 q.
1661 2672 1681 2697 ⁴2,
1707 2670 1729 2692 d.
1748 2670 1784 2692 37.
1802 2676 1825 2697 p.
1842 2670 1857 2691 l.
1879 2676 1899 2691 a.
1919 2670 1939 2691 fl.
1958 2676 1980 2697 q.
2003 2669 2025 2697 1,

1155 2744 1158 2745 ⁷
1180 2712 1202 2735 d.
1221 2712 1256 2734 43.
1276 2718 1297 2741 q.
1318 2713 1325 2734 l
1337 2730 1342 2739 ,
1360 2714 1382 2733 et
1399 2711 1422 2733 ll.
1441 2711 1501 2732 Sent.
1520 2710 1541 2732 d.
1565 2710 1601 2731 37.
1628 2716 1647 2731 a.
1665 2709 1685 2731 Ἰ.
1705 2715 1726 2737 q.
1745 2709 1765 2730 2.
1785 2720 1814 2724 -
1831 2707 1934 2730 Subinde
1952 2713 1994 2735 pro
2012 2712 2027 2729 a

1180 2757 1204 2774 se
1220 2757 1268 2774 non
1286 2750 1391 2773 subsistit
1407 2756 1449 2773 nec
1466 2749 1491 2772 in
1506 2755 1544 2777 se,
1564 2755 1623 2777 quae
1641 2751 1675 2770 est
1696 2748 1808 2775 scriptura
1827 2747 1878 2769 cod.
1896 2747 1914 2768 N
1932 2752 1986 2774 (nec
2002 2745 2027 2768 iot

1180 2796 1204 2813 se
1222 2790 1306 2812 liabent
1323 2790 1390 2812 etiam
1409 2789 1473 2811 multi
1491 2789 1527 2810 alii
1545 2788 1630 2816 codd),
1646 2786 1698 2809 edd.
1716 2786 1741 2809 in
1758 2792 1782 2809 se
1798 2792 1847 2809 ‘non
1865 2785 1971 2809 subsistit
1985 2791 2027 2808 nec

1180 2835 1194 2851 [ι
1212 2835 1243 2851 se.
1262 2829 1304 2850 Pro
1321 2834 1363 2851 nec
1375 2827 1399 2850 iit
1416 2833 1440 2850 se
1458 2826 1524 2849 codd.
1543 2826 1561 2847 Α
1572 2825 1670 2848 DUYZ
1687 2824 1719 2847 hh
1736 2830 1778 2847 nec
1795 2830 1838 2854 per
1853 2830 1885 2847 se.

1243 2868 1253 2882 ⁵
1270 2867 1342 2890 Codd.
1360 2867 1403 2888 FG
1414 2867 1419 2888 l
1430 2867 1449 2888 K
1460 2866 1476 2887 L
1486 2866 1504 2888 T
1516 2866 1533 2888 U
1544 2865 1561 2887 V
1572 2865 1588 2887 Z
1606 2871 1632 2886 aa
1650 2865 1756 2886 omittunt
1772 2863 1813 2886 sect
1829 2869 1878 2886 ozon
1902 2862 2027 2886 exterioris

1180 2913 1223 2935 pro
1241 2912 1288 2935 quo
1305 2906 1356 2928 cod.
1373 2906 1390 2927 A
1408 2905 1500 2928 exhibet
1517 2910 1565 2927 non
1581 2903 1689 2932 respecta
1705 2902 1838 2925 eoelerioris.

1243 2945 1252 2960 ⁸
1271 2946 1317 2967 Art.
1336 2946 1356 2967 2.
1375 2951 1396 2973 q.
1415 2945 1436 2967 3.
1455 2956 1484 2960 --
1502 2944 1571 2966 Paulo
1588 2942 1694 2970 superius
1711 2947 1753 2969 pro
1776 2940 1878 2964 maioris
1894 2940 2027 2970 mnplitucli-

1180 2984 1217 3007 iiis
1230 2984 1280 3007 cod.
1293 2984 1325 3006 bb
1336 2983 1479 3007 mansionis
1492 2981 1623 3012 amplioris.
1636 2981 1723 3004 Versus
1744 2981 1813 3003 finem
1831 2981 1897 3003 solut.
1910 2986 1953 3008 pro
1965 2979 2028 3010 qnod

1178 3024 1277 3053 propter
1294 3022 1337 3046 hoc
1353 3022 1421 3045 codd.
1440 3022 1455 3043 E
1464 3021 1479 3043 F
1489 3021 1507 3043 G
1517 3021 1523 3043 l
1534 3021 1551 3043 Κ
1563 3021 1579 3042 L
1590 3021 1607 3042 T
1618 3021 1637 3042 V
1649 3026 1674 3042 aa
1692 3021 1715 3043 et
1728 3020 1826 3049 propter
1843 3019 1893 3043 hoc.

2043 1172 2091 1195 plex.

2158 719 2159 733 l

2158 743 2160 759 l
2164 755 2166 757 .
