2166 3366
12 335 14 343 ι

12 346 14 358 Ι

12 364 15 388 l

0 1617 8 1641 'l
39 1621 128 1639 Hilarius.

14 1964 82 1983 nerum
92 1964 128 1983 Au-

0 1988 3 2003 t
15 1988 87 2014 ustinus
99 1993 130 2011 op-

10 2013 84 2029 nomtur.

4 2069 7 2122 l

14 287 15 294 ι

12 301 136 329 juamascenus.

880 176 1066 205 DlSTlNCTlO
1088 177 1140 205 Vll.

142 254 166 280 in
186 256 313 288 quantum
333 256 373 279 est
392 253 479 284 Deus,·
499 256 525 279 et
543 252 622 279 aliud
640 256 746 284 natura,
766 261 818 287 qua
833 257 872 279 est
892 253 980 284 homo,

142 295 220 322 aliud
239 299 346 328 natura,
365 303 418 329 qua
438 299 477 322 est
496 296 573 322 Deus.
593 295 626 321 Ut
646 295 715 322 enim
735 296 772 321 ait
800 296 911 322 Ioannes
930 296 980 322 Da-

142 338 316 365 masceuus¹z
340 338 519 364 «inconverse
539 341 564 364 et
590 338 791 364 inalterabiliter
811 339 899 364 unitae
919 341 981 364 sunt

141 382 174 408 ad
194 382 307 407 invicem
328 384 452 411 naturae,
474 388 560 414 neque
588 380 677 407 divina
698 380 812 407 distante
836 388 851 407 a
871 381 980 415 propria

140 423 320 458 simplicitate,
334 430 420 457 neque
435 423 550 449 hnmana
575 426 621 449 aut
635 430 764 449 conversa
781 423 804 448 in
819 423 926 449 deitatis
940 430 982 449 na-

141 470 236 497 turam,
250 469 295 492 aut
309 466 333 492 in
348 466 576 492 non-existentiam
591 473 720 492 conversa
731 465 749 496 ²,
764 473 850 500 neque
870 473 902 492 ex
916 466 980 492 dua-

142 509 191 535 bus
210 516 261 535 una
278 509 344 535 lacta
358 508 503 542 composita
515 512 624 535 natura.
638 508 788 542 Composita
803 509 870 534 enim
886 512 980 535 natura

141 552 227 578 neutri
247 558 352 582 earum,
366 558 398 577 ex
413 551 511 584 quibus
525 551 695 584 componitur
708 551 817 581 naturis.
832 551 980 582 homousia,

142 594 167 620 id
182 598 220 620 est
234 593 477 624 consubstantialis,
496 600 553 619 esse
573 597 670 627 potest,
685 601 717 620 ex
731 594 820 619 alteris
840 594 980 627 perficiens

141 636 266 667 alterum,
286 640 314 662 ut
333 643 432 670 corpus
451 643 484 662 ex
504 639 619 669 quatuor
638 636 774 662 elementis
802 636 979 670 compositum

141 687 190 706 nec
210 679 280 714 zym's
300 679 451 705 nominatur
472 686 519 705 nec
539 680 585 705 ae'r
605 686 653 705 nec
672 682 806 705 terraneo
826 687 911 713 aqua,
932 686 981 705 nec

142 722 235 748 horum
256 721 335 747 alicui
356 721 516 747 homousion
545 721 651 747 dicitur.
680 721 705 748 Si
735 722 814 754 igitur
833 721 980 748 secuudum

143 764 290 791 haereticos
309 764 429 790 Christus
443 764 521 790 nnius
534 764 698 798 compositae
712 767 822 790 naturae
836 767 896 797 post
911 764 982 790 unio-

143 814 201 834 nem
221 807 334 837 exstitit,
349 814 381 833 ex
395 806 509 840 simplici
531 809 622 832 natura
644 813 789 832 conversus
808 809 847 832 est
868 807 892 832 in
912 813 982 832 com-

142 850 270 884 positam,
298 852 322 875 et
350 856 435 882 neque
464 849 532 875 Patri
562 848 692 882 simplicis
721 852 830 875 naturae
858 849 980 874 existenti

143 899 227 926 neque
246 891 321 917 Matri
336 894 375 917 est
390 891 559 923 liomousios3
574 894 599 917 et
613 898 699 925 neque
720 891 789 917 Deus
803 898 888 924 neque
902 890 980 916 homo

141 934 358 961 denominabitur
369 934 386 964 ⁵,
415 933 461 960 sed
485 934 606 960 Christus
625 934 723 965 solum;
752 937 777 959 et
797 933 847 960 erit
866 933 916 959 hoc
936 940 982 959 no-

142 985 213 1008 men,
238 976 341 1003 scilicet
371 975 508 1007 Christus,
538 984 588 1002 non
610 983 739 1010 personae
764 976 848 1009 ipsius
868 983 980 1008 nomen,

141 1020 188 1046 sed
208 1020 286 1046 unius
313 1019 461 1045 secundum
492 1019 564 1052 ipsos
591 1019 756 1052 compositae
785 1022 904 1045 naturae.
928 1018 981 1045 Nos

141 1064 230 1088 autem
250 1061 383 1088 Christum
405 1068 455 1087 non
472 1061 550 1087 unius
564 1061 728 1094 compositae
746 1064 856 1087 naturae
876 1061 981 1094 dogma-

143 1103 265 1134 tizamus,
285 1107 309 1129 et
329 1103 380 1129 boc
400 1110 510 1133 nomen,
539 1103 640 1129 scilicet
671 1102 806 1133 Clu-istus,
830 1103 980 1137 personae4

142 1145 256 1172 dicimus
284 1153 335 1172 non
363 1149 552 1179 monotropos,
581 1145 606 1171 id
636 1149 676 1171 est
695 1153 747 1171 uno
768 1146 846 1172 modo
866 1146 981 1177 (lictum,

140 1188 188 1215 sed
216 1188 329 1215 duarum
358 1191 513 1214 naturarum
543 1195 600 1214 esse
632 1188 851 1221 significativum,
880 1188 982 1214 scilicet

141 1231 247 1258 deitatis
266 1235 290 1257 et
305 1231 483 1257 humanitatis.
500 1231 539 1257 Ex
553 1231 650 1258 deitate
664 1235 751 1257 autem
773 1234 798 1258 et
817 1232 981 1258 humanitate

142 1274 225 1300 Deum
253 1274 399 1308 perfeetum
426 1277 452 1299 et
477 1273 611 1299 hominem
638 1274 785 1307 perfectum
813 1273 926 1300 eundem
956 1277 981 1300 et

142 1324 199 1343 esse
222 1320 248 1343 et
266 1317 318 1342 dici
340 1324 372 1342 ex
391 1316 496 1343 duabus
516 1320 542 1342 et
561 1316 590 1342 in
615 1316 720 1343 duabus
744 1317 856 1348 naturis,
877 1317 982 1343 consite-

141 1366 236 1386 mur».
254 1374 289 1379 -
308 1359 351 1386 Sic
365 1366 427 1392 ergo
441 1359 540 1385 dicitur
553 1358 633 1385 aliud
651 1366 709 1385 esse
728 1359 810 1386 Filius
830 1360 890 1392 Dei,
904 1359 983 1386 aliud

140 1401 209 1428 filius
229 1402 357 1434 hominis,
371 1402 433 1435 quia
447 1401 559 1428 alterius
573 1405 612 1428 est
624 1400 787 1428 substantiae
802 1402 842 1428 vel
858 1406 980 1434 naturae,

142 1445 166 1470 in
187 1448 315 1478 qnantum
335 1447 374 1470 est
393 1444 475 1470 Filius
489 1444 550 1475 Dei,
564 1447 590 1470 et
608 1444 731 1475 alterius,
750 1445 774 1470 in
794 1449 922 1479 quantum
943 1449 982 1471 est

141 1487 210 1513 filius
229 1487 355 1518 hominis,
371 1494 420 1512 non
441 1486 512 1520 quod
526 1486 583 1520 ipse
603 1487 685 1513 Filius
704 1487 750 1513 Dei
771 1491 796 1513 et
815 1488 929 1514 hominis
948 1488 982 1514 sit

141 1529 194 1555 duo
214 1528 257 1555 illa
277 1529 397 1561 diversa,
418 1529 443 1555 id
458 1532 497 1555 est
511 1529 579 1555 duae
600 1529 722 1556 diversae
742 1533 860 1555 naturae.

214 1572 310 1606 Aperte
328 1572 397 1598 euim
418 1571 534 1598 Hilarius
553 1571 578 1597 in
599 1579 670 1598 nouo
696 1572 763 1598 libro
783 1572 816 1598 (le
835 1572 981 1599 Trinitate⁶

142 1614 194 1640 ait:
219 1614 304 1640 «Cum
325 1621 376 1640 non
395 1613 473 1640 atiud
501 1614 533 1639 sit
560 1613 630 1640 filius
651 1614 779 1645 bominis,
800 1622 886 1648 neque
904 1614 983 1641 aliud

145 1657 225 1683 Filius
243 1657 289 1683 Dei
308 1671 344 1676 —
362 1655 476 1683 Verbum
495 1656 566 1683 enim
580 1664 642 1682 caro
654 1657 754 1690 factum
775 1660 810 1682 est
828 1671 863 1676 —-
882 1660 981 1683 etcum

144 1699 186 1726 ille
206 1700 250 1734 qui
272 1699 353 1725 Filius
373 1699 417 1725 Dei
446 1702 498 1730 est,
520 1700 575 1733 ipse
605 1703 630 1725 et
650 1699 764 1725 hominis
784 1700 817 1725 sit
837 1700 921 1732 filius;
941 1708 983 1726 re-

143 1742 228 1776 quiro,
242 1742 302 1776 quis
316 1742 341 1768 in
356 1742 406 1768 hoc
421 1741 474 1768 filio
488 1742 603 1768 hominis
617 1741 780 1774 glorificatus
793 1743 856 1768 sit».
877 1758 913 1762 —
927 1743 983 1768 Evi-

142 1785 234 1811 denter
253 1785 329 1817 dicit,
349 1792 400 1811 non
419 1783 498 1810 aliud
522 1792 579 1811 esse
609 1785 703 1810 Filium
733 1785 778 1811 Dei
806 1789 830 1811 et
858 1784 937 1812 allud
957 1786 983 1812 fi-

142 1828 206 1854 lium
226 1828 348 1854 hominis.
368 1828 408 1853 Ex
436 1835 489 1861 quo
518 1828 661 1861 praemissa
684 1827 825 1854 roboratur
844 1832 868 1854 et
889 1836 983 1862 appro-

143 1870 220 1897 batur
239 1870 432 1897 determinatio.

211 1912 285 1944 Quod
306 1913 384 1939 etiam
405 1913 505 1939 dictum
526 1916 577 1939 est:
599 1916 742 1947 utrumqne
761 1916 800 1939 est
819 1913 938 1940 Christus
958 1917 982 1940 et

143 1963 192 1983 una
207 1963 329 1990 persona,
344 1962 450 1982 movere
464 1959 549 1989 potest
564 1955 701 1988 lectorem3
716 1956 785 1982 sicut
799 1959 821 1982 et
836 1956 898 1982 illud
910 1957 981 1990 quod

144 1999 307 2033 Augustinus
328 1999 393 2025 dicit
416 1998 440 2024 in
461 1998 528 2024 libro
552 1999 638 2032 primo
662 1998 694 2025 de
717 1999 876 2025 Trinitate⁶z
893 2010 903 2021 «
917 1998 981 2030 Quia

143 2041 224 2068 forma
239 2041 285 2067 Dei
301 2041 410 2066 formam
425 2040 494 2066 servi
509 2041 621 2074 accepit,
636 2043 779 2074 utrumque
794 2041 873 2071 Deus,
885 2044 983 2067 utrum-

141 2091 193 2118 que
214 2083 300 2110 homo.
330 2083 379 2110 Sed
410 2086 553 2117 utrumque
580 2084 651 2109 Deus
676 2087 787 2117 propter
806 2084 981 2118 accipientem

141 2127 240 2158 Deum,
267 2130 293 2152 et
321 2129 464 2160 utrumque
493 2125 571 2152 homo
599 2130 709 2160 propter
737 2130 878 2160 acceptum
898 2127 983 2153 homi-

142 2177 236 2196 nem».
256 2170 288 2195 Et
309 2169 372 2195 illud
392 2169 462 2203 quod
485 2169 554 2195 idem
575 2169 612 2195 ait
638 2169 662 2195 in
692 2169 761 2196 libro
780 2169 813 2196 de
832 2170 903 2195 Bono
922 2176 983 2203 per-

140 2212 338 2239 severantiae⁷:
364 2211 434 2242 «Qui
456 2211 540 2237 fidelis
568 2215 607 2238 est
637 2212 662 2238 in
683 2219 714 2238 eo
746 2219 836 2238 veram
861 2216 981 2239 naturam

142 2255 283 2281 humanam
296 2254 389 2286 credit,
399 2254 561 2287 suscipiente
576 2254 629 2280 Deo
644 2254 740 2286 Verbo,
755 2255 789 2280 ita
803 2254 981 2286 sublimatam,

142 2300 171 2323 ut
189 2296 238 2332 qui
255 2297 373 2330 suscepit
393 2300 418 2323 et
433 2296 505 2331 qaod
523 2297 639 2330 suscepit
655 2304 706 2323 una
721 2300 790 2323 esset
810 2297 835 2323 in
856 2297 983 2324 Trinitate

143 2346 264 2373 persona,
284 2339 445 2366 assumt10ne
469 2339 514 2366 illa
537 2339 703 2366 ineffabiliter
726 2340 837 2366 faciente
852 2347 982 2374 personae

206 2596 212 2611 ¹
231 2597 291 2620 Libr.
309 2598 340 2620 lll.
359 2598 387 2620 de
405 2598 457 2620 Fide
475 2598 564 2620 orthod.
582 2605 600 2620 c.
620 2599 640 2620 3.
659 2599 681 2620 in
697 2599 767 2620 inuio.
786 2599 858 2621 Prima
877 2605 930 2627 pars
942 2599 984 2620 hu-

143 2636 178 2658 ius
195 2639 268 2658 textus
285 2636 381 2658 liabetur
398 2637 465 2658 etiarn
483 2637 504 2658 in
522 2637 600 2659 Glossa
618 2637 712 2665 Lyram,
730 2637 795 2659 Rom.
817 2637 839 2665 l,
858 2637 878 2659 3.

204 2674 214 2689 ²
232 2675 260 2697 lta
273 2675 309 2697 ed.
322 2676 335 2697 8
348 2676 407 2697 iuxta
422 2678 506 2698 textum
518 2676 630 2698 Graecum
649 2674 802 2707 (χωρησάσης)
821 2676 869 2698 Vat.
882 2676 981 2703 mutata,

144 2714 165 2735 in
183 2715 264 2736 ceteris
280 2714 332 2736 edd.
350 2717 372 2736 et
387 2714 454 2736 codd.
466 2713 547 2737 divisa.
562 2715 616 2736 lutra
631 2718 682 2742 post
690 2714 814 2744 perficiens
832 2714 882 2737 cod.
897 2715 919 2742 Ε,
933 2714 981 2736 Vut.

141 2756 164 2775 ot
180 2752 215 2774 ed.
235 2752 247 2775 4
265 2752 364 2776 alteram
383 2760 424 2780 pro
441 2752 543 2775 alterum
561 2752 663 2782 (ἕτερον).

204 2790 214 2805 ³
231 2790 302 2813 Codd.
321 2793 336 2812 Α
348 2791 389 2813 BC
406 2794 428 2813 et
445 2791 497 2813 edd.
516 2792 542 2819 2,
560 2792 573 2813 6
591 2791 764 2814 denominatur.

205 2829 213 2843 ⁴
231 2830 286 2851 Edd.
307 2830 329 2857 t,
349 2830 373 2857 5,
391 2830 404 2851 8
421 2830 551 2858 praefigunt
567 2835 660 2852 nomen.

204 2867 214 2882 ⁵
230 2867 295 2890 Num.
315 2867 350 2890 40.

196 2905 215 2937 *⁶
232 2905 286 2934 cap.
303 2906 325 2928 7.
344 2912 364 2928 n.
384 2905 419 2928 th.
437 2907 458 2928 in
477 2906 528 2929 nne.

204 2944 214 2959 ⁷
231 2944 283 2967 Sive
301 2945 366 2968 Dono
384 2952 473 2973 persev.
492 2952 511 2967 c.
529 2945 565 2967 24.
584 2952 604 2967 n.
623 2945 660 2967 67.

1823 179 1877 207 167

1038 254 1117 280 unius
1131 254 1155 280 in
1173 254 1224 280 Deo
1245 257 1271 280 et
1291 253 1397 280 homine
1411 254 1581 281 veritatem».
1607 254 1632 281 Si
1650 258 1737 281 autem
1758 254 1807 290 qui
1824 263 1879 281 sus-

1037 296 1109 330 cepit
1128 299 1153 322 et
1172 295 1244 331 quod
1266 297 1384 330 suscepit
1409 304 1460 323 una
1489 300 1528 323 est
1548 304 1676 331 persona:
1696 304 1758 330 ergo
1783 300 1878 324 natura

1037 338 1154 365 humana
1168 345 1228 364 cum
1242 338 1331 365 Verbo
1346 346 1397 365 una
1412 342 1450 365 est
1466 346 1588 373 persona.
1599 354 1634 358 —
1644 339 1695 366 Sed
1709 339 1775 366 haec
1789 340 1876 366 onmia

1037 388 1070 407 ex
1090 381 1134 407 tali
1154 388 1233 407 sensu
1252 381 1322 408 dicta
1344 382 1399 408 fore
1425 382 1543 415 tradunt,
1564 385 1592 408 ut
1611 385 1754 416 utrumque
1772 381 1877 409 dicatur
1890 386 2018 410 Respondent·

1038 430 1095 450 esse
1105 423 1225 450 Clu-istus
1235 427 1259 450 et
1274 432 1326 450 una
1340 431 1466 458 persona,
1480 424 1543 458 quia
1558 425 1583 450 in
1599 428 1711 458 utroque
1726 432 1794 451 unus
1807 424 1879 451 Chri-

1037 469 1094 492 stus
1112 470 1138 492 et
1153 474 1204 493 nna
1223 474 1336 500 persona
1355 467 1482 493 subsistit.
1497 467 1533 494 lta
1549 468 1627 493 etiam
1647 472 1796 501 susceptum
1816 475 1877 494 cum

1036 508 1194 543 suscipiente
1214 509 1312 535 dicitur
1333 517 1383 536 una
1403 517 1528 544 persona,
1548 510 1610 544 quia
1625 513 1777 544 susceptum
1797 511 1879 537 susci-

1036 552 1118 585 pienti
1139 556 1178 578 est
1197 553 1326 579 sociatum
1343 552 1367 578 in
1382 553 1481 579 unitate
1502 560 1638 586 personae,
1654 553 1679 579 itl
1694 556 1733 579 est
1747 554 1790 584 ita,
1805 553 1877 587 quod

1038 595 1125 621 unitas
1145 602 1275 629 personae
1295 595 1451 628 permansit,
1473 603 1523 621 non
1545 596 1597 626 ita,
1619 599 1646 621 ιιι
1665 603 1728 622 caro
1747 599 1773 622 et
1790 596 1878 622 anima

1037 637 1089 663 sint
1103 637 1179 667 Deus,
1194 638 1265 671 quia,
1280 641 1307 663 ut
1321 638 1357 663 ait
1371 638 1547 671 Hieronymus
1558 637 1575 669 Β,
1595 649 1605 660 «
1616 638 1732 664 Verbum
1747 641 1785 664 est
1800 639 1877 670 Deus,
1898 642 2005 666 Hieronym-

1038 687 1088 705 non
1109 687 1171 706 caro
1191 683 1343 706 assumta».
1364 680 1395 706 Et
1414 680 1571 706 Ambrosius
1601 680 1625 706 in
1654 680 1722 706 libro
1749 681 1825 707 tertio
1844 681 1877 708 de
1890 666 2006 684 etsmbros.

1036 721 1136 755 Spiritu
1165 721 1277 748 saucto⁹
1306 722 1353 748 ait:
1379 720 1488 748 «Aliud
1515 724 1553 748 est
1584 722 1656 756 quod
1683 723 1820 754 assumsit,
1851 726 1877 750 et

1037 763 1115 790 aliud
1133 764 1205 798 quod
1225 768 1372 791 assumtum
1393 767 1465 790 est».

1108 807 1153 832 Est
1172 810 1260 833 antem
1281 810 1306 833 et
1325 806 1411 837 alind,
1435 806 1506 841 quod
1535 807 1598 833 huic
1627 807 1773 834 sententiae
1793 808 1940 842 pluri-Aliud
1949 813 2019 831 dietum

1038 856 1109 875 mum
1140 850 1244 876 videtur
1268 850 1385 876 obviare.
1414 850 1455 875 Ait
1483 850 1552 876 enim
1582 850 1745 883 Augustinus
1765 851 1790 876 iu
1810 850 1878 877 libro
1893 837 1969 877 stiffi?
1987 837 2019 854 ⁰¹³⁴

1038 896 1129 918 contra
1150 893 1321 919 Maximinum
1333 892 1367 918 ¹⁰:
1393 903 1404 915 α
1416 892 1535 919 Christus
1550 900 1599 919 una
1615 900 1728 926 persona
1742 896 1781 919 est
1800 894 1879 926 gemi-

1036 942 1086 960 nae
1105 935 1280 967 substantiae,
1300 937 1362 969 quia
1382 938 1408 962 et
1427 936 1497 961 Deus
1517 939 1542 961 et
1562 935 1642 962 homo
1660 939 1706 962 est.
1721 936 1776 962 Nec
1791 940 1877 963 tamen

1037 977 1116 1007 Deus,
1138 977 1177 1003 vel
1199 978 1277 1004 liomo
1293 985 1355 1011 pars
1375 977 1455 1004 huius
1475 985 1605 1011 personae
1624 978 1676 1004 dici
1697 981 1797 1012 potest;
1818 979 1879 1005 alio-

1038 1020 1101 1053 quin
1131 1020 1213 1046 Filius
1241 1020 1286 1046 Dei
1315 1020 1399 1050 Deus.
1430 1023 1572 1054 antequam
1598 1020 1747 1054 susciperet
1767 1021 1878 1047 sormam

1037 1062 1121 1091 servi,
1142 1070 1192 1088 uon
1212 1066 1269 1089 erat
1289 1065 1359 1088 totus
1382 1066 1407 1088 et
1435 1063 1531 1095 crevit,
1551 1070 1611 1088 cum
1642 1063 1721 1089 homo
1745 1063 1877 1090 divinitati

1037 1105 1094 1130 eius
1119 1106 1266 1132 accessit».
1280 1120 1315 1124 —
1334 1105 1412 1137 Ecce,
1432 1105 1515 1131 Deum
1535 1105 1600 1132 dicit
1620 1113 1669 1132 non
1690 1113 1747 1132 esse
1772 1110 1875 1140 partem

1039 1147 1108 1173 illius
1122 1154 1260 1181 personae.
1280 1147 1355 1173 Unde
1369 1147 1474 1174 videtur
1493 1147 1537 1174 illa
1557 1155 1669 1182 persona
1684 1155 1735 1174 uon
1755 1152 1878 1175 constare

1038 1196 1070 1215 ex
1091 1189 1144 1215 Deo
1158 1192 1183 1215 et
1197 1189 1312 1215 homine.
1331 1203 1366 1208 —
1385 1189 1424 1215 Ad
1437 1189 1507 1224 quod
1524 1189 1602 1216 etiam
1623 1190 1659 1216 illi
1679 1190 1785 1222 dicunt,
1806 1190 1876 1217 illam
1890 1195 2018 1218 Respondent-

1038 1239 1178 1266 personam
1200 1240 1250 1258 non
1278 1233 1311 1258 ita
1331 1236 1454 1259 constare
1479 1239 1511 1259 ex
1533 1233 1587 1259 Deo
1607 1236 1633 1259 et
1657 1233 1775 1264 homine,
1801 1234 1877 1267 qnasi

1039 1277 1121 1301 totum
1140 1283 1172 1300 ex
1189 1274 1321 1309 partibus.
1339 1275 1375 1301 Ita
1396 1275 1463 1301 enim
1484 1279 1573 1309 partes
1592 1275 1705 1302 alicuius
1719 1277 1800 1302 totius
1819 1284 1879 1302 con-

1039 1318 1160 1348 veniunt,
1182 1321 1209 1344 ut
1235 1325 1267 1344 ex
1291 1318 1342 1344 illis
1367 1318 1438 1352 quod
1459 1326 1510 1344 non
1537 1322 1591 1345 erat
1611 1319 1794 1345 constituatur.
1821 1320 1878 1346 Non

1039 1363 1126 1386 autem
1147 1361 1186 1386 sic
1206 1360 1320 1387 humana
1347 1364 1372 1387 et
1391 1360 1480 1387 divina
1501 1364 1595 1387 natura
1616 1361 1641 1387 in
1665 1360 1768 1388 Clu-isto
1789 1362 1880 1388 uniun-

1038 1406 1088 1429 tur.
1108 1403 1305 1437 lnexplicabilis
1331 1403 1400 1429 enim
1424 1407 1464 1429 est
1490 1403 1564 1429 istius
1584 1403 1702 1435 unionis,
1729 1411 1797 1438 quae.
1827 1411 1879 1430 non
1892 1408 1973 1426 Dubium
1990 1408 2006 1426 1-

1039 1450 1078 1472 est
1101 1447 1229 1480 partium,
1256 1445 1502 1477 ratio—Quidam
1529 1449 1616 1472 tamen
1643 1447 1747 1472 nomine
1774 1446 1824 1473 bez·
1843 1447 1878 1473 ibi

1039 1496 1180 1523 personam
1200 1489 1343 1523 significari
1358 1492 1462 1523 putant,
1483 1489 1544 1523 quia
1563 1489 1595 1515 de
1610 1489 1694 1515 trIbus
1714 1489 1808 1522 agebat
1822 1497 1879 1523 per-

1039 1531 1127 1563 sonis,
1147 1538 1260 1565 quarum
1282 1531 1379 1557 nullam
1399 1531 1533 1557 Trinitatis
1553 1538 1611 1557 esse
1630 1535 1732 1565 partem
1758 1532 1878 1563 dicebat,

1038 1573 1108 1599 sicut
1127 1581 1189 1607 pars
1214 1574 1290 1599 istius
1315 1581 1444 1607 personae
1465 1581 1515 1600 non
1541 1577 1580 1600 est
1601 1574 1678 1600 Dens.
1705 1574 1778 1605 Quod
1799 1574 1819 1600 si
1847 1574 1879 1601 de

1039 1623 1151 1650 persona
1173 1616 1340 1648 intelligitur,
1360 1616 1526 1642 manifestum
1547 1619 1598 1647 est,
1617 1616 1679 1650 quia
1700 1624 1813 1650 persona
1828 1624 1878 1643 non

1039 1662 1078 1684 est
1098 1665 1159 1692 pars
1178 1665 1361 1692 personae—
1374 1658 1460 1684 Posita
1481 1661 1520 1684 est
1539 1658 1678 1691 diligenter
1697 1659 1825 1685 sententia
1839 1666 1880 1685 se-

1039 1700 1126 1727 cunda
1146 1704 1172 1727 et
1191 1701 1248 1727 eius
1270 1700 1435 1734 explanatio,
1454 1701 1497 1727 cui
1523 1701 1548 1726 in
1569 1700 1640 1727 nullo
1666 1701 1705 1727 vel
1728 1701 1752 1727 in
1773 1701 1878 1728 modico

1039 1743 1147 1769 obviant
1167 1743 1339 1769 auctoritates
1360 1743 1383 1768 in
1405 1743 1481 1769 tertia
1501 1744 1628 1769 sententia
1650 1743 1787 1774 inductae,
1810 1751 1880 1777 quae

1039 1786 1090 1812 iam
1111 1785 1304 1812 consideranda
1325 1788 1371 1811 est.

1109 1829 1136 1855 In
1163 1829 1212 1855 hac
1239 1829 1318 1862 igitur
1343 1828 1470 1854 sententia
1497 1829 1535 1855 sie
1555 1828 1669 1855 dieitur:
1698 1829 1767 1855 Deus
1795 1830 2019 1862 Ῑὰοίιιεεεοιιῃιιιπιωλ

1039 1871 1133 1901 homo,
1147 1872 1209 1905 quia
1224 1871 1356 1897 hominem
1375 1870 1491 1905 aceepit,
1510 1874 1534 1897 et
1546 1871 1565 1884 ¹¹
1586 1871 1624 1897 sic
1644 1871 1742 1897 dicitur
1761 1879 1813 1897 esse
1836 1871 1879 1897 ho·
1892 1863 2006 1881 ⁰⁹¹⁰'⁰¹¹e'¹¹'

1038 1922 1097 1945 mo,
1117 1914 1180 1948 quia
1201 1914 1333 1940 hominem
1355 1912 1446 1944 hahet,
1467 1913 1508 1939 vel
1528 1914 1590 1947 quia
1617 1917 1656 1940 est
1676 1913 1776 1939 habens
1796 1914 1880 1940 homi-

1039 1964 1115 1987 nem;
1135 1959 1160 1982 et
1180 1955 1257 1982 homo
1281 1956 1365 1990 sactus
1385 1960 1421 1981 est
1441 1957 1526 1986 Deus,
1555 1956 1617 1989 quia
1641 1960 1772 1982 assumtus
1801 1960 1839 1982 est
1864 1964 1878 1983 a

1039 2000 1106 2029 Deo:
1136 2002 1161 2024 et
1190 1997 1267 2024 homo
1287 2006 1339 2024 esse
1364 1999 1448 2028 Deus,
1472 1998 1535 2032 qula
1556 1998 1657 2024 habeus
1681 1998 1813 2025 homiuem
1840 2002 1879 2025 est

1039 2042 1115 2067 Deus.
1136 2041 1200 2067 Cum
1221 2048 1283 2073 ergo
1303 2040 1413 2067 dicitur:
1438 2041 1508 2066 Deus
1534 2044 1574 2067 est
1592 2040 1686 2071 homo,
1713 2041 1753 2067 vel
1773 2040 1879 2067 habitus

1039 2083 1224 2118 praedicatur,
1244 2083 1284 2109 vel
1296 2091 1430 2117 persona,
1450 2083 1495 2109 sed
1511 2083 1662 2110 humanata.
1684 2084 1715 2109 Et
1734 2084 1805 2118 quod
1822 2092 1881 2118 per-

1038 2134 1105 2152 sona
1128 2125 1276 2152 humanata
1296 2125 1483 2159 praedicetur,
1506 2125 1679 2152 Cassiodorus
1694 2126 1713 2139 ¹²
1739 2126 1880 2153 ostendere

1040 2169 1157 2201 videtur,
1183 2169 1288 2195 dicens:
1314 2168 1434 2194 «Factus
1454 2171 1507 2199 est,
1527 2171 1555 2194 ut
1581 2168 1615 2194 ita
1642 2168 1768 2201 dixerim,
1789 2169 1880 2195 huma-

1040 2215 1116 2238 natus
1136 2212 1217 2242 Deus,
1231 2211 1275 2245 qui
1297 2211 1375 2237 etiam
1399 2211 1424 2237 in
1445 2211 1606 2237 assumtione
1632 2211 1720 2237 carnis
1739 2211 1809 2237 Deus
1822 2218 1880 2237 esse

1039 2262 1089 2281 non
1110 2254 1246 2281 destitit».
1266 2254 1340 2285 Quod
1362 2257 1447 2280 tamen
1468 2254 1540 2280 varie
1563 2254 1649 2287 accipi
1670 2257 1768 2288 potest,
1795 2257 1822 2280 ut
1842 2254 1879 2280 di-

1039 2300 1126 2323 catur:
1146 2297 1215 2322 Deus
1229 2296 1313 2322 sactus
1326 2296 1498 2327 humanatus,
1518 2296 1559 2322 vel
1575 2295 1696 2322 Christus
1711 2296 1795 2322 sactus
1809 2297 1879 2323 Deus

1040 2340 1211 2370 humanatus;
1231 2341 1373 2372 utrumque
1393 2338 1462 2364 enim
1476 2345 1540 2365 sane
1559 2338 1612 2364 dici
1630 2342 1723 2372 potest.
1737 2338 1801 2365 Cum
1816 2346 1878 2372 ergo

1101 2597 1110 2612 ⁸
1127 2598 1199 2620 Sorm.
1217 2597 1271 2625 <non
1298 2597 1420 2625 genuinus)
1438 2597 1467 2619 de
1484 2597 1628 2619 Assumtione
1645 2597 1673 2619 ad
1691 2597 1782 2619 Paulam
1799 2601 1820 2620 et
1838 2598 1878 2619 Eu·

1039 2637 1110 2658 stocll.
1128 2642 1147 2658 c.
1168 2636 1201 2657 13.
1217 2647 1249 2651 -
1266 2636 1334 2657 Paulo
1351 2636 1456 2663 superius
1473 2638 1524 2657 unte
1543 2635 1603 2658 Deus
1619 2635 1685 2663 cdd,
1703 2636 1802 2663 exceptis
1818 2636 1840 2664 l,
1854 2636 1878 2664 8,

1040 2676 1128 2698 addunt
1144 2681 1213 2697 unus.

1101 2714 1111 2728 ⁹
1130 2714 1157 2735 lta
1176 2713 1242 2735 codd.
1269 2716 1290 2735 ot
1314 2713 1380 2739 edd..
1406 2715 1498 2740 excepta
1521 2713 1545 2740 8,
1564 2719 1622 2741 quae
1639 2716 1699 2735 recte
1716 2713 1831 2736 substituit
1853 2713 1880 2736 de

1042 2751 1215 2775 lncarnanonis
1232 2751 1361 2774 dominicae
1378 2752 1526 2774 sacramento
1544 2751 1572 2779 (c.
1590 2752 1611 2773 6.
1630 2757 1651 2773 n.
1669 2752 1723 2779 61,).

1104 2789 1122 2804 ¹⁰
1139 2790 1198 2812 Libr.
1217 2790 1240 2812 ll.
1258 2796 1277 2812 c.
1299 2791 1332 2812 l0.
1350 2796 1371 2812 n.
1389 2790 1410 2812 2.

1103 2828 1120 2842 ¹¹
1139 2829 1161 2850 ln
1179 2828 1246 2851 codd.
1263 2832 1285 2851 et
1301 2828 1366 2856 edd,
1383 2829 1483 2856 exceptis
1503 2829 1526 2856 t,
1544 2828 1570 2856 8,
1588 2829 1698 2851 omittitur
1714 2829 1741 2851 el.

1104 2866 1121 2880 ¹²
1139 2866 1183 2888 Csr.
1201 2867 1279 2888 (ilossa
1297 2867 1378 2894 Lyrani
1391 2866 1418 2888 ad
1433 2866 1496 2888 ltom.
1516 2867 1539 2894 l,
1556 2866 1577 2889 3.
1590 2866 1643 2895 (sub
1655 2868 1746 2889 nomine
1758 2867 1879 2895 Origcnis).

1042 2917 1070 2921 -—-
1089 2905 1156 2926 Paulo
1173 2905 1267 2927 interius
1286 2907 1335 2932 post
1353 2904 1461 2928 Christus
1477 2904 1554 2934 sactus
1571 2905 1624 2928 edd.
1644 2906 1651 2927 l
1664 2923 1669 2933 ,
1687 2906 1699 2927 8
1717 2909 1739 2928 et
1751 2906 1800 2928 cod.
1813 2906 1829 2927 E
1841 2905 1881 2928 ad-

1041 2944 1097 2966 dunt
1113 2944 1154 2966 est.
