2166 3366
256 227 310 254 120

255 311 399 330 501130-
418 304 457 329 Ex
483 303 524 329 his
549 303 687 329 manifeste
713 302 878 334 ostenditur,
904 302 977 336 qnod
1006 305 1099 328 natura

255 347 344 373 divina
360 347 496 373 incarnata
511 349 558 372 est.
572 346 647 371 Unde
668 348 693 371 et
707 345 800 372 eadem
821 352 883 371 vere
897 345 996 371 dicitnr
1014 352 1102 371 susce-

254 391 326 424 pisse
346 390 489 416 humanam
508 392 638 415 naturam.

620 475 680 502 CAP.
701 476 730 502 H.

354 563 400 589 Au
420 562 516 589 divino
534 565 635 589 nectara
659 561 750 588 debeat
769 561 825 588 dict
842 570 903 588 earo
922 562 1000 597 focco.

325 650 375 676 Sed
393 649 543 684 quaeritur,
559 652 646 675 utrum
668 649 760 675 eadem
775 648 872 675 (limina
891 652 992 675 aalma
1006 649 1103 676 debeat

250 694 303 720 dici
325 701 386 719 emo
405 693 490 728 lacta,
510 692 580 718 sieut
604 690 719 718 Verbum
740 691 839 718 (ilcitur
863 700 925 718 coro
945 693 1053 726 stlocum.
1075 692 1102 719 Si

252 736 321 763 enim
342 736 413 762 idem
434 738 474 761 est
492 733 638 761 incarnari
651 734 722 768 quod
741 737 780 760 est
793 742 902 760 earnem
919 734 995 769 sieri,
1016 734 1101 760 videri

251 783 339 814 potest
358 779 394 805 ita
414 779 513 805 debere
532 778 601 809 dici,
621 778 692 812 quod
712 777 747 804 sic
767 786 828 804 earo
847 778 934 812 facta,
955 778 1025 804 sieut
1039 778 1093 804 dici

122 828 196 858 (1113951-
211 825 238 844 in·
252 826 293 849 tur
313 821 464 849 mem-muca.
478 836 514 840 —
527 821 566 847 Ad
587 821 659 855 quod
686 821 815 852 dicimus,
836 821 913 854 quia,
938 821 959 846 si
982 820 1045 846 illud
1066 820 1103 846 di-

121 850 185 891 1335?
201 850 321 893 soi-cmm
343 866 369 891 in
389 872 466 892 sacra
487 864 626 898 Scriptura
655 864 833 898 reperiretur7
862 871 894 890 ex
915 863 1009 889 eadem
1030 863 1103 889 intel-

250 910 358 944 ligentia
378 909 560 942 acciperetur,
580 915 647 942 (μω,
668 915 729 933 cum
750 907 849 933 dicitur
869 906 1021 933 incarnata.
1049 906 1101 933 Sed

249 953 310 987 quia
333 952 398 979 illud
419 952 565 978 auctoritas
579 951 722 982 subticuit,
743 954 823 985 atque
842 950 985 977 locutionis
1005 950 1101 976 modus

249 996 359 1022 nimiam
380 995 516 1021 videretur
529 995 535 1007 ¹
556 995 645 1020 facere
665 994 880 1028 expressionem,
900 994 921 1020 si
949 997 1043 1020 natura
1065 994 1102 1019 di-

249 1040 310 1066 vina
330 1039 466 1065 diceretur
491 1045 554 1064 caro
576 1038 655 1070 facta,
676 1037 771 1063 melius
796 1037 847 1063 hoc
867 1037 947 1063 silere
974 1040 1039 1071 puto
1061 1037 1101 1063 vel

247 1089 346 1115 negare
374 1089 454 1116 quam
485 1085 584 1107 temere
613 1087 747 1113 asserere,
769 1088 813 1113 ne,
834 1080 855 1106 si
888 1080 952 1106 illud
979 1080 1100 1111 dicatur,

248 1125 460 1152 eoiwertibilitas
480 1128 591 1150 naturae
616 1124 641 1149 in
663 1127 785 1149 naturam
811 1123 957 1156 significari
983 1126 1100 1156 putetur.

248 1184 284 1188 —
298 1169 336 1195 Ex
350 1168 505 1203 praemissis
516 1167 524 1180 ²
540 1166 752 1193 indubitabiliter
765 1169 881 1197 constat,
899 1166 970 1200 quod
986 1173 1100 1199 persona

249 1212 330 1240 Verbi
348 1213 405 1238 sive
425 1215 519 1238 natura
533 1209 652 1237 hominis
672 1213 816 1240 uallarem,
831 1209 933 1236 scilieet
952 1217 1059 1236 carnem
1076 1213 1101 1236 et

250 1256 380 1285 animam,
401 1255 539 1285 assumsit,
559 1254 604 1279 sed
627 1261 677 1279 non
697 1261 842 1287 personam
862 1252 989 1279 hominis.
1010 1253 1036 1279 Si
1057 1260 1100 1279 au<

143 1304 235 1323 obiectio.
250 1302 302 1325 tem
323 1302 417 1325 natura
431 1298 521 1324 divina
542 1300 663 1323 naturam
677 1296 793 1322 hominis
809 1296 928 1330 accepit,
949 1303 1033 1330 quare
1049 1304 1098 1322 non

249 1341 347 1368 dieitur
366 1341 436 1375 [heco
457 1340 546 1370 homo,
562 1340 602 1366 vel
617 1347 670 1365 esse
690 1338 785 1369 homo,
806 1339 875 1365 sicut
895 1339 1014 1365 Verbum
1030 1339 1099 1365 Dei?

157 1390 283 1409 50111ti0.—
297 1384 335 1410 Ad
355 1383 427 1418 quod
448 1383 500 1409 dici
516 1385 617 1417 potest,
637 1382 710 1416 quod
732 1382 777 1408 Dei
793 1382 875 1408 Filius
895 1381 994 1407 dicitur
1012 1382 1099 1416 filetus

248 1427 344 1458 homo,
365 1427 406 1453 vel
427 1434 479 1452 esse
504 1425 598 1456 homo,
619 1423 670 1451 non
693 1425 779 1451 solum
803 1424 866 1458 quia
881 1424 889 1437 ²³
904 1424 1040 1451 bominem
1061 1432 1100 1451 as-

246 1471 353 1500 sumsit,
374 1470 421 1496 sed
441 1469 504 1503 quia
526 1469 613 1502 ipsum
640 1468 665 1494 in
687 1468 814 1494 unitatem
836 1470 862 1494 et
885 1467 1097 1501 singularitatem

246 1514 300 1546 sui,
321 1513 347 1539 id
367 1516 407 1540 est
420 1519 562 1546 personae,
577 1512 690 1546 accepit.
711 1511 810 1538 Natura
832 1514 921 1537 autem
943 1511 1033 1537 divina
1054 1512 1098 1538 110-

246 1557 344 1582 minem
364 1555 473 1590 quidem
501 1555 620 1589 aceepit,
646 1555 671 1580 id
693 1557 744 1586 est,
771 1555 887 1581 hominis
914 1555 1024 1581 sormam
1046 1555 1096 1581 sibi

245 1600 344 1633 univit,
365 1599 411 1625 scd
433 1606 484 1625 non
505 1599 531 1624 111
551 1598 761 1631 singularitatem
782 1601 808 1624 et
828 1598 955 1624 unitatem
976 1598 1098 1624 5111501·-

246 1646 306 1670 vata
320 1643 390 1669 enim
405 1642 569 1676 proprietate
583 1648 614 1668 ac
628 1641 784 1668 diversitate
798 1641 913 1667 duarum
927 1644 1097 1672 naturarum,

247 1693 379 1721 personae
398 1685 570 1718 singularitas
590 1685 698 1711 exstitit.
719 1684 836 1718 Ideoque
857 1692 907 1710 non
932 1684 971 1710 sic
999 1684 1098 1710 dicitur

118 1735 199 1753 Dubium
218 1735 232 1753 ι.
248 1729 339 1756 divina
359 1732 454 1756 natura
467 1735 525 1755 esse
539 1728 632 1759 homo,
654 1727 694 1754 vel
716 1728 783 1754 tacta
797 1727 890 1760 homo,
905 1727 975 1759 sicut
988 1727 1035 1753 Dei
1056 1727 1099 1754 Fi-

247 1772 469 1803 lius—Quidam
485 1775 571 1798 tamen
586 1771 767 1797 indifferenter
780 1774 925 1805 utrumque
939 1770 1098 1797 concedunt.

612 1857 673 1884 CAP.
693 1857 733 1883 111.

249 1945 337 1977 Quare
356 1953 412 1971 ozon
432 1943 532 1979 [aceepit
544 1952 691 1979 personam
711 1942 845 1974 hominis,
865 1951 926 1970 oum
940 1942 1099 1970 assumserit

335 1987 489 2018 hominem,
509 1987 581 2023 quod
600 1986 713 2022 quidam
736 1986 852 2021 probare
872 1986 1006 2013 nitamur.

318 2074 379 2101 Ideo
401 2081 463 2101 voro
490 2082 541 2100 non
558 2082 705 2108 personam
732 2074 849 2100 hominis
868 2074 1008 2106 assumsit,
1035 2074 1098 2108 quia

130 2123 233 2150 ,lt-{ditm
246 2125 310 2145 caro
331 2118 374 2144 illa
401 2121 425 2144 et
445 2118 534 2144 anima
554 2117 599 2144 illa
625 2125 675 2143 uon
697 2120 773 2144 erant
799 2118 872 2144 unita
892 2118 918 2143 in
940 2125 1018 2144 unam
1040 2125 1099 2152 per-

105 2147 229 2194 {xxij-Sigeion
246 2168 351 2194 sonam,
372 2169 452 2195 quam
479 2161 646 2193 assumserit,
672 2161 734 2195 quia
757 2169 807 2187 non
828 2169 861 2188 ex
885 2161 936 2187 illis
957 2161 1099 2188 constabat

245 2211 374 2238 persona,
394 2204 502 2238 quando
517 2204 568 2230 illis
588 2204 691 2230 unitum
706 2207 745 2230 est
759 2204 887 2231 Verbum.
907 2204 974 2231 Nam
989 2204 1040 2230 sibi
1063 2205 1099 2230 in-

246 2247 332 2273 vicem
346 2250 407 2273 sunt
427 2247 499 2273 unita
512 2247 604 2278 simul,
625 2254 687 2273 cum
700 2247 789 2273 Verbo
810 2247 884 2274 unita
898 2250 959 2273 sunt
970 2247 988 2273 ⁴.
1007 2247 1097 2273 Altera

247 2292 334 2316 tamen
363 2289 462 2316 unione
490 2290 605 2316 invicem
636 2290 708 2316 unita
734 2293 796 2315 sunt
824 2290 868 2316 illa
898 2289 965 2322 duo,
996 2290 1100 2316 scilicet

310 2720 316 2734 ¹
335 2721 392 2743 Edd.
414 2721 431 2748 l,
450 2721 462 2742 8
480 2720 580 2748 videtur,
599 2721 675 2743 minus
693 2720 758 2742 bene.

309 2760 317 2773 Ξ
335 2760 375 2781 Hic
392 2766 411 2782 c.
434 2760 450 2781 l⁴
465 2772 495 2775 -
507 2760 569 2787 Quae
582 2763 710 2788 sequuntur
722 2760 861 2782 conveniunt
872 2765 925 2781 cum
947 2759 1043 2787 [lugoue
1053 2777 1058 2787 ‚
1071 2759 1093 2780 11.

246 2798 273 2820 de
291 2798 392 2820 Sacram.
412 2805 433 2826 p.
453 2799 465 2820 1.
485 2805 503 2820 c.
520 2800 540 2821 9.

307 2837 316 2851 3
333 2837 390 2859 Edd.
410 2838 430 2864 l,
449 2838 461 2859 8
480 2838 515 2860 bis
532 2844 578 2867 quo
596 2844 638 2866 pro
656 2837 728 2867 quia,
749 2840 771 2860 et
788 2839 863 2866 prImo
880 2838 930 2860 loeo
954 2838 1095 2860 conveniunt

245 2877 312 2899 etiam
330 2876 397 2898 codd.
415 2876 457 2899 BC
468 2877 490 2899 E.

307 2914 316 2929 ⁴
334 2915 384 2937 Vat.
406 2915 509 2944 aliaeque
532 2916 584 2937 edd.
609 2917 715 2938 omittunt
738 2915 804 2938 ιιηίία
826 2917 896 2944 sunt,
923 2915 1093 2944 refragantibus

245 2954 312 2977 codd.
331 2954 425 2976 BCDE
443 2957 465 2976 et
481 2954 534 2976 edd.
557 2955 578 2983 l,
598 2955 623 2983 5,
643 2956 663 2976 S.

306 2994 316 3008 ⁵
333 2994 397 3021 Edd.,
415 2996 508 3021 excepta
526 2994 540 3015 5
557 2996 579 3016 et
596 2995 620 3022 8,
638 2993 737 3023 accepit,
757 2994 926 3023 refragantibus
944 2994 1012 3017 codd.

306 3032 315 3047 ⁶
332 3033 440 3055 Boethius
458 3033 486 3055 de
506 3033 551 3054 Una
570 3033 668 3055 Persona
686 3036 707 3056 et
724 3033 816 3056 duabus
833 3035 920 3056 naturis
937 3040 956 3056 c.
975 3034 995 3055 3.

1150 2921 1171 2937 n.
1190 2915 1226 2936 30.
1245 2915 1345 2937 Enni-rat.
1365 2916 1386 2937 in
1404 2916 1440 2938 ΡΞ,
1459 2915 1495 2937 64.

930 224 1184 253 SENTENTIARUM
1206 224 1266 252 LlB.
1288 224 1328 252 111.

1158 303 1246 329 anima
1267 305 1292 328 et
1311 309 1387 334 caro,
1407 303 1459 329 alia
1474 303 1571 329 uni0ne
1588 302 1676 329 Verbo
1696 303 1769 329 unita
1783 306 1855 334 sunt;
1877 303 1939 337 quia
1955 303 2006 331 alia

1159 348 1198 371 est
1218 345 1280 371 unio
1294 346 1398 372 animae
1414 345 1483 371 illius
1498 345 1531 371 ad
1551 352 1671 377 carnem,
1686 348 1711 371 et
1732 345 1782 372 alia
1797 349 1836 372 est
1850 346 1911 373 unio
1926 347 2005 373 Verbi

1159 388 1192 415 ad
1214 389 1329 415 animam
1348 388 1419 414 illam
1434 392 1460 414 et
1479 395 1595 415 carnem.
1610 388 1668 414 Non
1688 395 1750 421 ergo
1764 389 1869 423 accepit
1888 389 2005 416 Verbum

1160 432 1206 458 Dei
1221 440 1366 466 personam
1387 432 1513 462 hominis,
1527 431 1574 457 sed
1593 435 1738 462 maltorum,
1756 432 1818 466 quia
1834 440 1884 458 non
1905 436 1961 459 erat
1974 440 2007 459 ex

1159 482 1240 501 carne
1261 475 1304 501 illa
1325 478 1350 501 et
1369 474 1457 501 anima
1479 474 1521 500 illa
1540 476 1688 508 composita
1710 482 1824 508 persona
1841 482 1905 508 una,
1926 483 2005 510 quam

1160 517 1277 544 Verbum
1299 517 1465 551 aceeperit⁵,
1487 517 1534 543 sed
1549 517 1707 551 accipiendo
1729 518 1814 543 univit
1840 521 1866 544 et
1892 519 2008 545 uniendo

1159 561 1272 594 accepit.

1230 604 1278 629 Hie
1299 611 1313 629 a
1328 603 1489 637 quibusdam
1505 604 1663 637 opponitur,
1684 604 1756 637 quod
1770 612 1887 638 persona
1907 612 2008 632 assum·
2022 610 2134 634 Oppouuur.

1159 647 1223 673 serit
1240 654 1394 681 personam.
1415 647 1536 673 Persona
1556 647 1625 672 enim
1646 650 1684 673 est
1705 647 1877 673 «substantia
1896 648 2010 675 rationa—

1160 690 1191 716 lis
1218 689 1372 716 individuae
1396 689 1559 721 naturae⁶»;
1579 690 1630 716 hoc
1653 692 1742 716 autem
1764 693 1803 716 est
1823 691 1927 717 anima:
1946 698 2008 725 ergo
2022 696 2079 720 Resp-

1159 734 1180 759 si
1195 732 1317 759 [minium
1333 733 1472 765 assumsit,
1487 736 1512 759 et.
1524 741 1677 767 personam.
1691 748 1727 752 ——
1739 732 1813 764 Quod
1830 734 1889 760 ideo
1906 741 1957 760 11011
1972 741 2009 761 se-

1160 776 1262 810 quitur,
1277 776 1339 810 quia
1360 776 1448 802 anima
1469 783 1520 801 non
1536 779 1575 802 est
1589 783 1715 809 persona,
1731 776 1838 810 quando
1853 776 1897 803 alii
1913 776 1950 803 rei
1970 781 2010 803 est

1159 820 1233 845 uuita
1253 819 1455 853 personaliter,
1481 819 1527 845 sed
1558 819 1665 853 quando
1683 827 1734 854 per
1757 827 1784 845 se
1810 822 1856 845 est.
1878 819 2007 847 Absoluta

1160 863 1229 888 enim
1251 870 1264 888 a
1285 869 1399 895 corpore
1414 869 1527 896 persona
1543 862 1605 893 est⁷,
1620 862 1697 888 sicuti
1715 862 1839 895 Angelus.
1855 862 1905 893 ‚Illa
1921 866 2008 889 autem

1159 906 1247 931 anima
1277 912 1414 939 nuiiquam
1444 905 1503 936 suit,
1533 905 1597 938 quin
1627 909 1695 931 esset
1719 905 1763 931 alii
1793 907 1829 932 rei
1857 907 2008 933 coniuncta.

1158 949 1275 983 Ideoque
1296 956 1356 980 non,
1374 956 1405 975 ea
1425 951 1554 979 assumta,
1572 956 1691 983 persona
1711 952 1751 975 est
1770 952 1896 975 assumta.
1908 964 1944 968 —
1959 949 2008 976 Ali-

1161 995 1199 1018 ter
1219 999 1327 1026 quoque
1348 992 1468 1018 nituntur
1489 991 1618 1025 prohat-e,
1639 991 1756 1018 Verbum
1778 992 1824 1018 Dei
1851 992 2009 1019 assumsisse

1159 1042 1317 1069 personam,
1338 1035 1400 1069 quia
1427 1035 1553 1061 assumsit
1572 1034 1688 1068 aliquem
1710 1035 1853 1062 bominem.
1876 1035 2009 1062 Assumsit

1159 1079 1229 1105 enim
1250 1079 1384 1105 hominem
1413 1078 1499 1104 Iesum
1519 1077 1670 1104 Christum:
1698 1085 1760 1112 ergo
1780 1078 1896 1111 aliquem
1923 1078 2009 1104 homi-

1158 1129 1225 1148 nem.
1247 1121 1320 1152 Quod
1342 1124 1430 1147 autem
1454 1121 1589 1147 hominem
1611 1121 1696 1147 Iesum
1717 1121 1850 1147 Christum
1877 1128 2009 1148 assumse-

1159 1165 1206 1196 rit,
1227 1165 1391 1198 Augustinus
1418 1165 1443 1190 in
1464 1165 1636 1198 Expositione
1663 1163 1804 1198 Symboli⁵
1824 1164 1874 1191 sub
1903 1164 2010 1190 anathe-

1158 1212 1228 1235 mate
1252 1208 1332 1234 tradit
1349 1208 1457 1234 dicens:
1482 1219 1493 1230 «
1508 1207 1533 1234 Si
1555 1208 1615 1242 quis
1635 1207 1733 1233 dixerit
1748 1211 1828 1241 atque
1849 1207 2008 1240 crediderit,

1157 1252 1292 1278 hominem
1313 1252 1398 1278 lesum
1425 1251 1558 1277 Christum
1583 1258 1595 1276 a
1624 1250 1689 1277 Filio
1714 1251 1760 1276 Dei
1788 1254 1935 1277 assumtum
1957 1258 2008 1277 non

1157 1295 1252 1325 fuisse,
1273 1295 1415 1321 anathema
1435 1294 1469 1320 sit
1482 1306 1506 1320 υ,
1526 1293 1574 1324 Qui
1596 1294 1675 1320 etiam
1697 1294 1722 1320 in
1750 1294 1872 1328 pluribus
1896 1295 2009 1328 scriptu-

1157 1346 1203 1365 rae
1223 1339 1289 1365 loeis
1304 1338 1312 1351 ⁰
1332 1338 1486 1364 huiusmodi
1507 1338 1588 1364 utitur
1614 1337 1806 1364 locutionibus:
1835 1349 1845 1360 ιι
1859 1338 1903 1364 ille
1928 1338 2008 1364 homo

1157 1390 1171 1408 a
1185 1382 1273 1408 Verbo
1288 1382 1332 1408 Dei
1349 1385 1387 1408 est
1402 1384 1536 1407 assumtus
1550 1390 1574 1413 »3
1600 1392 1609 1403 a
1626 1381 1668 1407 ille
1682 1381 1762 1407 homo
1783 1381 1867 1407 faetus
1882 1384 1921 1407 est
1934 1381 2010 1408 Chri-

1156 1428 1212 1451 stus
1220 1426 1285 1451 ».Et
1296 1425 1436 1459 Propheta,
1448 1425 1481 1451 de
1492 1425 1600 1451 homine
1610 1422 1853 1457 Christo’loquens,
1866 1424 1919 1451 Deo
1939 1425 1975 1451 ¹ait
1987 1424 2008 1438 ¹⁰

1155 1470 1269 1499 Beatus,
1290 1477 1367 1504 quem
1389 1467 1492 1504 elessz'stz'
1509 1472 1532 1494 et
1551 1467 1711 1495 assumsisti.
1737 1469 1774 1494 Ex
1795 1468 1894 1502 quibus
1914 1476 2008 1495 conse-

1155 1512 1200 1547 qui
1222 1512 1344 1545 videtur‚
1364 1512 1436 1546 quod
1457 1512 1554 1546 aliquis
1567 1512 1647 1538 homo
1667 1515 1801 1538 assumtus
1820 1512 1854 1538 sit
1867 1519 1881 1538 a
1902 1512 2005 1546 Verbo,

1155 1559 1180 1582 et
1201 1556 1235 1582 ita
1256 1563 1371 1589 persona
1391 1555 1425 1581 sit
1444 1558 1560 1582 assumta
1581 1562 1594 1581 a
1616 1562 1738 1589 persona.
1751 1570 1786 1575 —
1803 1554 1854 1581 Sed
1876 1555 1937 1589 quia
1953 1555 2005 1582 hoc
2018 1560 2073 1584 uesp.

1156 1599 1229 1625 nefas
1257 1601 1297 1625 est
1325 1598 1414 1624 dicere
1443 1601 1489 1624 aut
1517 1598 1633 1629 sentire,
1663 1598 1828 1631 praemissae
1857 1598 2006 1625 locutiones

1155 1642 1249 1679 eisque
1268 1641 1369 1668 similes
1388 1641 1535 1668 secundum
1557 1642 1627 1667 hanc
1653 1641 1854 1674 intelligentiam
1874 1648 1938 1668 sane
1965 1649 2006 1668 ac-

1155 1676 1208 1719 cipi
1230 1685 1342 1717 debent,
1370 1687 1397 1711 ut
1423 1684 1501 1710 homo
1525 1683 1664 1715 Christus,
1684 1684 1740 1711 sive
1765 1684 1843 1711 homo
1863 1684 1924 1717 ille,
1950 1685 2006 1712 sive

1155 1727 1268 1763 quidam
1287 1727 1367 1754 homo
1387 1727 1494 1754 dicatur
1514 1731 1648 1754 assumtus
1674 1734 1688 1754 a
1714 1727 1803 1754 Verbo
1829 1728 1886 1754 sive
1914 1728 2003 1754 unitus

1155 1771 1257 1801 Verbo,
1273 1778 1323 1797 non
1345 1771 1408 1805 quia
1422 1770 1536 1797 hominis
1555 1778 1670 1804 persona
1685 1770 1718 1796 sit
1738 1774 1856 1797 assumta
1871 1771 1912 1797 vel
1932 1771 2005 1798 unita

1156 1814 1258 1845 Verbo,
1279 1814 1326 1840 sed
1346 1814 1410 1848 quia
1430 1814 1519 1840 anima
1546 1814 1590 1840 illa
1610 1817 1636 1840 et
1655 1821 1718 1840 caro
1743 1814 1788 1840 illa
1808 1817 1926 1841 assumta
1944 1817 2005 1841 sunt

1156 1861 1181 1884 et
1201 1858 1274 1884 unita
1294 1857 1396 1889 Verbo,
1418 1857 1443 1883 in
1463 1857 1562 1891 quibus
1580 1857 1702 1883 subsistit
1722 1864 1836 1891 persona
1857 1857 1904 1884 Dei
1918 1860 1944 1884 et
1962 1857 2006 1884 ho-

1155 1901 1249 1933 minis,
1269 1903 1298 1927 ut
1317 1900 1350 1927 ad
1372 1900 1487 1927 hominis
1514 1903 1653 1932 naturam,
1673 1908 1725 1926 non
1753 1900 1785 1926 ad
1806 1907 1950 1935 personam
1969 1908 2008 1927 re-

1156 1944 1270 1978 spicias,
1284 1951 1345 1970 cum
1360 1947 1521 1979 asmantiam,
1537 1943 1577 1969 vel
1593 1942 1718 1974 amicum,
1733 1943 1774 1970 vel
1794 1943 1945 1979 quendam,
1965 1944 2007 1970 vel

1156 1986 1275 2022 aliquem
1296 1987 1321 2012 in
1342 1986 1495 2013 huiusmodi
1510 1986 1691 2012 locutionibus
1711 1986 1846 2020 scriptura
1869 1989 2005 2013 memorat.

1156 2029 1302 2061 Quocirca,
1322 2037 1383 2056 cum
1397 2030 1537 2063 quaeritur
1555 2029 1612 2055 sine
1626 2029 1763 2063 proposita
1785 2030 1958 2061 auctoritate,
1973 2037 2005 2056 an

1156 2072 1274 2108 aliquis,
1296 2072 1336 2099 vel
1357 2071 1470 2108 quidam
1490 2071 1569 2098 homo
1594 2072 1628 2098 sit
1647 2075 1782 2099 assumtus
1802 2080 1815 2099 a
1840 2072 1944 2104 Verbo,
1964 2073 2006 2099 vel

1156 2117 1247 2143 unitus
1272 2116 1378 2147 Verbo;
1399 2117 1456 2142 sine
1482 2116 1654 2142 distinctione
1679 2116 1869 2149 intelligentiae
1889 2124 1940 2143 non
1967 2120 2006 2143 est

1156 2160 1201 2186 hic
1212 2159 1232 2172 ¹¹
1247 2159 1383 2186 reddenda
1398 2159 1550 2193 responsio,
1562 2159 1688 2193 quoniam
1702 2159 1843 2193 multiplex
1858 2159 2005 2193 praemissa

1157 2208 1196 2230 est
1224 2203 1364 2237 quaesti03
1390 2203 1437 2229 sed
1460 2203 1612 2229 instantiam
1640 2203 1794 2237 quaerentis
1820 2203 1854 2229 ita
1880 2203 2006 2230 determi-

1158 2249 1233 2273 nato:
1250 2246 1272 2272 si
1292 2246 1326 2273 de
1340 2246 1455 2272 hominis
1470 2254 1589 2280 persona,
1604 2247 1726 2280 quaeris,
1747 2246 1911 2280 respondeo:
1931 2254 2005 2278 non,-

1157 2289 1178 2316 si
1199 2289 1232 2315 de
1251 2289 1368 2315 hominis
1387 2292 1506 2319 natum,
1526 2288 1601 2315 dieo:
1622 2292 1666 2314 est.

2024 954 2124 980 >0111101101*

2022 979 2096 996 iterum.

1215 2721 1224 2735 ⁷
1241 2721 1273 2743 De
1292 2722 1333 2743 hac
1351 2721 1460 2743 sententia
1478 2721 1579 2748 Magistri
1597 2720 1636 2742 cfr.
1655 2719 1782 2742 Comment.
1802 2720 1838 2741 hic
1856 2726 1875 2741 a.
1894 2720 1914 2741 2.
1937 2726 1958 2748 q.
1977 2720 1998 2742 3.

1213 2759 1223 2774 Β
1242 2760 1316 2782 Potius
1328 2762 1361 2782 est
1373 2760 1446 2782 Seru).
1460 2760 1512 2781 233.
1525 2759 1593 2787 (alias
1616 2759 1655 2780 129
1674 2759 1702 2780 de
1720 2759 1845 2786 tempore),
1865 2759 1904 2787 qui
1922 2759 1999 2780 inscri-

1151 2798 1213 2820 bitur
1229 2799 1302 2820 Serm.
1321 2799 1334 2820 Ι.
1353 2798 1382 2821 de
1400 2798 1453 2821 Fide
1471 2798 1595 2825 catholica,
1614 2804 1635 2819 n.
1654 2798 1678 2824 2,
1697 2797 1736 2819 ubi
1753 2797 1895 2819 verbotenus
1911 2798 1952 2820 ista
1970 2798 2001 2818 in-

1150 2838 1282 2860 veniuntur.

1213 2876 1223 2890 9
1239 2877 1339 2898 Enarrat.
1357 2877 1379 2898 in
1399 2877 1432 2899 Ps.
1451 2876 1487 2898 ὃὸ.
1506 2882 1527 2898 n.
1545 2875 1569 2903 5;
1589 2876 1602 2897 1.
1621 2875 1649 2897 de
1668 2875 1781 2898 Praedest.
1800 2876 1902 2898 Sanctor.
1925 2882 1944 2898 c.
1966 2875 1999 2898 15.

1515 2922 1535 2937 n.
1555 2915 1576 2937 7.

1214 2954 1233 2968 ¹⁰
1251 2955 1331 2976 Psalm.
1350 2954 1393 2982 fit,
1412 2955 1433 2977 5.

1213 2993 1232 3008 ¹¹
1250 2993 1322 3016 Codd.
1340 2994 1356 3015 Β
1367 2993 1382 3016 C
1393 2994 1410 3015 D
1427 2993 1468 3017 sic.
1487 2994 1572 3016 Deinde
1585 2996 1636 3021 post
1648 2993 1776 3023 respondeo
1795 2994 1845 3016 cod.
1870 2994 1885 3015 Ε
1906 2996 1928 3016 et
1945 2993 1997 3016 edd.

1154 3034 1172 3061 t,
1191 3032 1216 3061 5,
1235 3033 1247 3054 8
1266 3032 1354 3055 addunt
1371 3032 1441 3062 qnod.
