2166 3366
684 201 767 230 DIST.
790 201 926 231 XXXVIII.
949 203 1020 231 ART.
1043 203 1160 232 UNICUS
1182 203 1318 240 QUAEST.
1341 203 1358 231 I.

1843 203 1900 232 839

802 328 988 358 TRACTATIO
1010 329 1254 366 QUAESTIONUM.

229 426 268 455 Ad
280 426 490 464 intelligentiam
505 430 599 456 autem
614 427 700 456 huius
715 427 802 464 partis
814 431 931 465 possunt
945 436 996 457 sex

150 473 274 502 breviter
295 474 401 511 quaeri.

229 520 321 549 Primo
345 520 512 557 quaeritur,
540 523 637 549 utrum
662 520 809 549 essentiale
837 521 872 549 sit
895 521 969 549 omni
987 521 994 534 ¹

149 567 295 596 mendacio
316 575 377 597 esse
399 567 509 596 falsum.

228 614 355 643 Secundo
376 614 532 652 quaeritur,
548 617 645 644 utrum
666 615 813 644 essentiale
829 615 864 644 sit
886 615 997 644 menda-

149 660 192 690 cio
211 668 273 690 esse
293 664 448 698 peccatum.

1132 429 1224 458 Tertio
1245 429 1404 466 quaeritur,
1426 433 1523 458 utrum
1545 430 1722 460 mendacium
1752 430 1787 459 sit
1807 438 1902 468 pecca-

1053 478 1112 504 tum
1136 475 1252 504 mortale
1274 475 1379 504 ratione
1401 476 1444 504 sui
1466 477 1584 513 generis.

1132 522 1237 558 Quarto
1262 522 1417 559 quaeritur,
1439 525 1535 552 utrum
1561 531 1644 552 omne
1665 524 1842 553 mendacium
1865 524 1901 553 sit

1054 568 1172 597 mortale
1194 568 1262 597 viris
1283 569 1420 605 perfectis.

1131 615 1233 652 Quinto
1253 616 1400 652 quaeritur
1421 616 1456 645 de
1477 624 1595 646 numero
1617 617 1835 647 mendaciorum.

1131 663 1215 691 Sexto
1226 665 1253 691 et
1264 662 1364 691 ultimo
1379 663 1525 700 quaeritur
1537 664 1571 693 de
1586 664 1721 701 gradibus
1735 665 1898 694 eorundem.

812 760 1047 795 ARTICULUS
1072 761 1233 794 UNICUS.

912 856 953 884 De
973 855 1135 884 mendacio.

922 954 1086 991 QUAESTIO
1108 954 1126 982 I.

660 1041 763 1070 Utrum
786 1040 936 1070 essentiale
957 1041 996 1070 sz't
1016 1041 1169 1070 mendacio
1190 1050 1249 1070 esse
1269 1040 1391 1079 falsum.

226 1141 303 1171 Circa
319 1141 442 1179 primum
458 1141 497 1170 sic
513 1140 673 1178 proceditur
685 1144 712 1169 et
727 1141 882 1178 quaeritur,
897 1143 993 1169 utrum

146 1188 293 1218 essentiale
315 1188 350 1217 sit
379 1187 522 1217 mendacio
550 1195 610 1217 esse
632 1187 743 1216 falsum.
773 1188 804 1216 Et
832 1187 906 1225 quod
936 1187 994 1222 sic,

147 1235 273 1264 videtur:

228 1283 252 1310 1.
275 1281 366 1310 Primo
388 1289 438 1319 per
459 1280 649 1310 definitionem
672 1281 821 1316 mendacii,
843 1289 927 1318 quam
950 1289 995 1318 po-

6 1329 188 1358 Fundameutapit
201 1328 372 1366 Augustinus
388 1328 414 1357 in
437 1328 509 1357 libro
524 1328 559 1357 de
580 1328 722 1357 Mendacio
734 1327 758 1356 ²:
779 1339 792 1354 «
807 1328 994 1362 Mendacium,

147 1376 252 1413 inquit,
273 1378 316 1404 est
329 1375 398 1404 falsa
420 1375 496 1404 vocis
511 1374 675 1412 significatio
689 1383 754 1403 cum
776 1375 926 1403 intentione
948 1374 995 1403 fal-

146 1423 221 1452 lendi
235 1433 268 1451 »2
291 1423 313 1452 si
335 1430 402 1459 ergo
423 1422 548 1451 definitio
569 1426 596 1451 et
617 1425 711 1459 partes
740 1422 908 1451 definitionis
929 1425 994 1451 sunt

146 1469 308 1499 essentiales
340 1469 474 1498 definito:
507 1477 574 1506 ergo
605 1469 751 1498 essentiale
779 1472 821 1498 est
849 1469 994 1498 mendacio

147 1525 207 1546 esse
228 1516 339 1546 falsum.

226 1566 252 1593 2.
281 1564 364 1598 Item,
386 1563 439 1592 hoc
461 1563 552 1600 ipsum
574 1563 686 1592 videtur
708 1571 758 1600 per
773 1563 843 1592 illud
865 1563 940 1600 quod
956 1563 995 1592 di-

147 1611 184 1640 cit
204 1611 388 1648 Augustinus,
410 1613 507 1639 contra
525 1609 698 1638 Mendacium
710 1609 731 1637 ³:
759 1621 772 1635 «
787 1610 863 1638 Sicut
884 1609 934 1638 lux
949 1618 995 1647 op-

147 1658 262 1695 ponitur
283 1657 423 1692 tenebris,
446 1657 482 1686 ita
504 1657 607 1686 veritas
632 1657 782 1694 opponitur
804 1657 948 1685 mendacio
963 1668 994 1691 »;

148 1705 197 1734 sed
219 1696 346 1739 tenebra,
368 1703 552 1733 essentialiter
575 1703 729 1741 loquendo,
751 1707 793 1732 est
815 1703 934 1740 privatio
956 1703 995 1732 lu-

147 1751 202 1780 cis:
223 1759 290 1788 ergo
307 1751 482 1780 mendacium
504 1754 546 1779 est
561 1750 679 1787 privabo
702 1750 835 1779 veritatis.
850 1750 901 1779 Sed
926 1750 995 1779 veri-

149 1798 212 1827 tatis
233 1798 352 1835 privatio
373 1801 415 1826 est
436 1797 556 1826 falsitas:
579 1805 645 1834 ergo
666 1806 686 1826 α
706 1797 818 1834 primo,
847 1797 994 1826 essentiale

147 1849 189 1875 est
210 1845 261 1882 ipsi
285 1844 428 1874 mendacio
446 1851 506 1873 esse
527 1844 638 1872 falsum.

227 1892 253 1921 3.
275 1892 358 1926 Item,
380 1892 452 1920 sicut
473 1899 502 1920 se
523 1891 627 1920 habent
648 1899 709 1920 esse
730 1898 858 1920 veracem
879 1895 906 1920 et
921 1899 994 1920 men-

148 1940 244 1969 dacem
269 1940 344 1969 circa
369 1938 527 1972 hominem,
553 1938 592 1967 sic
617 1946 645 1967 se
671 1938 774 1967 liabent
789 1939 862 1967 circa
888 1938 994 1967 oratio-

147 1995 230 2020 1113111,-
251 1986 298 2015 sed
322 1986 374 2015 ista
399 1985 456 2014 duo
477 1989 542 2014 sunt
567 1985 802 2023 incompossibilia
824 1986 897 2014 circa
929 1993 994 2014 eun-

148 2034 211 2063 dem
234 2033 376 2062 hominem
399 2032 483 2061 simul
505 2036 532 2061 et
553 2032 651 2067 semel,
673 2032 803 2061 videlicet
826 2033 917 2070 ipsum
932 2040 993 2061 esse

149 2087 276 2109 veracem
299 2083 326 2109 et
347 2079 525 2108 mendacem:
547 2087 614 2116 ergo
635 2079 764 2108 similiter
789 2083 872 2108 erunt
894 2079 994 2108 incom-

148 2126 290 2164 possibilia
319 2126 392 2155 circa
423 2134 604 2154 sermonem:
636 2134 702 2163 ergo
734 2126 904 2163 impossibile
936 2129 993 2160 est,

148 2173 221 2210 quod
245 2173 317 2202 idem
339 2181 434 2201 sermo
456 2172 491 2201 sit
513 2173 597 2201 simul
620 2181 704 2202 verus
735 2176 762 2202 et
784 2173 906 2201 mendax
922 2173 938 2200 ⁴.
967 2172 992 2201 Si

147 2228 214 2258 ergo
239 2220 415 2249 mendacium
439 2228 493 2248 non
522 2223 611 2257 potest
632 2228 661 2249 se
689 2220 808 2257 compati
838 2228 901 2249 cum
925 2220 994 2248 veri-

149 2271 216 2301 tate,
238 2267 362 2302 videtur,
385 2267 459 2304 quod
479 2267 702 2304 inseparabiliter
724 2267 825 2296 habeat
840 2267 891 2296 sibi
913 2273 994 2295 anne-

149 2322 214 2342 xam
236 2314 392 2342 falsitatem.

226 2361 252 2388 Ιι,
276 2360 355 2394 Item,
377 2368 458 2389 omne
485 2368 597 2395 verum,
619 2359 773 2389 secundum
803 2359 877 2396 quod
901 2359 995 2387 liuius-

150 2407 241 2442 modi,
263 2411 304 2435 est
332 2415 348 2435 a
370 2407 491 2435 Veritate
518 2407 646 2444 prima⁵3
668 2406 715 2434 sod
745 2406 854 2434 nullum
885 2405 995 2435 menda-

1052 1140 1127 1169 cium
1149 1144 1220 1169 esta
1243 1141 1364 1170 Veritate
1379 1141 1484 1179 prima:
1507 1150 1574 1179 ergo
1589 1142 1699 1171 nullum
1722 1143 1899 1173 mendacium

1051 1191 1093 1216 est
1115 1195 1223 1216 verum.
1247 1188 1277 1216 Et
1298 1191 1340 1217 est
1368 1196 1483 1224 verum,
1505 1189 1549 1218 vel
1571 1189 1688 1219 falsum:
1718 1198 1784 1228 ergo
1811 1198 1901 1220 essen-

1052 1235 1116 1264 tiale
1138 1239 1180 1264 est
1200 1235 1251 1273 ipsi
1274 1236 1419 1265 mendacio
1440 1245 1501 1266 esse
1522 1237 1632 1266 falsum.

1130 1283 1183 1311 SED
1204 1291 1328 1312 CONTRA:
1354 1285 1377 1312 1.
1391 1284 1571 1321 ‘Augustinus
1592 1285 1619 1313 in
1642 1285 1713 1313 libro
1735 1285 1769 1314 de
1791 1286 2027 1332 Menda-Adgffiosi-

1052 1329 1116 1358 ci0⁶
1146 1329 1225 1363 dicit,
1246 1330 1322 1367 quod
1349 1341 1362 1356 «
1385 1330 1430 1359 ille
1453 1331 1601 1366 mentitur,
1623 1332 1670 1369 qui
1693 1332 1760 1361 dicit
1780 1341 1899 1368 verum,
1989 1327 1994 1332 ”

1051 1376 1126 1413 quod
1149 1379 1228 1413 putat
1248 1384 1309 1406 esse
1324 1377 1424 1405 falsum
1441 1389 1472 1412 »;
1494 1378 1543 1407 sed
1564 1378 1611 1415 qui
1632 1379 1765 1408 mentitur
1787 1381 1899 1410 menda-

1051 1423 1125 1451 cium
1148 1423 1226 1451 dicit:
1255 1431 1322 1460 ergo
1349 1423 1451 1461 aliquis
1472 1424 1589 1453 dicendo
1618 1433 1716 1454 verum
1738 1426 1802 1455 facit
1824 1435 1899 1456 men-

1051 1470 1177 1498 dacium:
1200 1478 1254 1498 non
1277 1478 1343 1508 ergo
1371 1479 1453 1500 omne
1475 1471 1652 1503 mendacium
1678 1474 1835 1502 necessario
1856 1478 1898 1504 est

1040 1513 1163 1545 *salsum

1131 1565 1156 1592 2.
1180 1564 1262 1597 Item,
1284 1564 1355 1593 sicut
1376 1564 1495 1593 verbum
1515 1565 1657 1594 discordat
1677 1566 1713 1594 ab
1734 1567 1897 1603 intentione,

1052 1618 1117 1639 cum
1138 1611 1201 1648 quis
1223 1614 1304 1648 negat
1326 1610 1394 1640 illud
1417 1611 1491 1648 quod
1515 1612 1608 1647 novit,
1631 1613 1669 1642 sic
1691 1613 1774 1642 etiam
1797 1614 1899 1643 discor-

1052 1657 1111 1692 dat,
1134 1657 1246 1695 quando
1266 1657 1388 1686 affirmat
1410 1658 1477 1687 illud
1508 1659 1583 1696 quod
1605 1659 1713 1696 ignorat
1735 1663 1761 1689 et
1787 1661 1821 1690 de
1842 1669 1898 1698 quo

1051 1704 1162 1733 dubitat
1172 1705 1195 1739 ⁷3
1214 1704 1262 1733 sed
1278 1705 1408 1742 possibile
1423 1708 1477 1740 est,
1492 1705 1613 1743 aliquem
1628 1706 1770 1736 affirmare
1785 1707 1898 1745 aliquod

1051 1759 1164 1786 verum,
1186 1752 1220 1780 de
1242 1760 1297 1789 quo
1319 1752 1445 1786 dubitat,
1467 1756 1587 1789 ponatur
1609 1761 1688 1790 erg0,
1704 1762 1767 1783 cum
1790 1755 1825 1783 sit
1840 1763 1900 1792 pos-

1051 1798 1146 1832 sibile;
1168 1798 1214 1827 sed
1243 1798 1270 1827 in
1292 1799 1338 1827 tali
1369 1799 1553 1828 affirmatione
1581 1800 1723 1829 discordat
1744 1809 1836 1830 sermo
1863 1803 1899 1831 ab

1052 1846 1202 1874 intentione
1219 1846 1368 1883 loquentis:
1389 1854 1456 1883 ergo
1470 1850 1513 1875 est
1534 1847 1570 1875 ibi
1588 1847 1687 1876 vitium
1703 1851 1730 1876 et
1745 1853 1898 1885 peccatum.

1052 1892 1104 1921 Sed
1126 1900 1180 1921 nou
1202 1896 1244 1921 est
1266 1893 1316 1921 nisi
1341 1897 1485 1929 peccatum
1508 1894 1659 1923 mendacii:
1683 1903 1749 1932 ergo
1778 1896 1898 1931 videtur,

1051 1939 1127 1976 quod
1148 1939 1254 1976 aliquid
1277 1940 1360 1969 simul
1384 1940 1470 1978 possit
1491 1949 1551 1970 esse
1566 1950 1678 1976 verum,
1701 1945 1728 1971 et
1749 1946 1841 1971 tamen
1861 1943 1900 1971 ni-

1051 1986 1204 2015 hilominus
1225 1990 1267 2016 est
1289 1987 1475 2016 mendacium.

1130 2033 1157 2062 3.
1180 2034 1263 2069 Item,
1291 2034 1312 2063 si
1336 2034 1451 2063 intentio
1479 2038 1520 2064 est
1549 2039 1637 2070 recta,
1667 2039 1755 2065 totum
1785 2040 1826 2066 est
1854 2045 1899 2066 re-

1051 2083 1126 2109 ctum
1140 2080 1162 2108 ⁸:
1185 2088 1251 2117 ergo
1270 2081 1291 2109 si
1315 2081 1430 2110 intentio
1444 2085 1485 2110 est
1508 2082 1643 2117 mendax,
1667 2086 1754 2111 totum
1770 2087 1810 2113 est
1825 2092 1899 2113 men-

1051 2127 1121 2161 dax;
1143 2128 1190 2156 sed
1213 2127 1314 2164 aliquis
1334 2131 1424 2165 potest
1450 2128 1542 2157 dIcere
1558 2129 1662 2157 dictum
1688 2137 1786 2158 verum
1815 2131 1900 2159 inten-

1051 2174 1124 2203 tione
1141 2174 1304 2203 mentiendi:
1330 2182 1396 2211 ergo
1413 2175 1544 2211 possibile
1566 2179 1620 2210 est,
1642 2176 1716 2213 quod
1739 2177 1840 2213 aliquis
1861 2177 1899 2205 di-

1051 2221 1139 2249 cendo
1161 2229 1260 2249 verum
1283 2221 1317 2249 sit
1340 2221 1470 2249 mendax.
1494 2221 1545 2250 Sed
1568 2230 1621 2250 non
1644 2226 1685 2251 est
1702 2223 1823 2251 mendax
1846 2223 1896 2252 nisi

1052 2267 1077 2295 in
1101 2267 1147 2295 illo
1169 2267 1254 2295 dicto:
1277 2275 1343 2304 ergo
1365 2267 1496 2304 possibile
1518 2272 1572 2302 est,
1595 2268 1700 2297 dictum
1723 2277 1821 2297 verum
1838 2277 1898 2299 esse

1052 2314 1238 2342 mendacium.

1130 2360 1156 2387 [ι.
1180 2359 1258 2393 ltem,
1280 2359 1351 2388 sicut
1366 2367 1394 2388 se
1416 2360 1500 2389 habet
1516 2364 1659 2397 peccatum
1675 2362 1709 2390 ad
1733 2361 1896 2397 bonitatem,

1052 2406 1089 2434 ita
1117 2413 1146 2434 se
1169 2406 1251 2434 babet
1279 2406 1456 2435 mendacium
1482 2407 1516 2435 ad
1540 2407 1699 2442 veritatem;
1722 2409 1770 2437 sed
1793 2409 1839 2446 qui
1862 2409 1898 2438 sa-

212 2528 218 2542 ¹
237 2528 292 2550 Cod.
312 2528 330 2550 K
353 2528 436 2550 omittit
452 2527 529 2555 omni,
549 2527 612 2556 quod
630 2530 722 2549 econtra
742 2527 792 2550 Vnt.
816 2527 885 2555 paulo
903 2528 995 2550 inferius

148 2568 259 2595 adiungit.

211 2607 220 2622 ²
237 2607 292 2634 (Iup.
311 2607 332 2628 3.
351 2613 372 2628 n.
391 2606 411 2627 3.
430 2612 477 2634 seq.
495 2605 666 2632 svmvmialiicr,
694 2605 735 2626 scd
759 2605 898 2627 x-‹rlmtonus
916 2606 936 2626 in
956 2605 994 2627 lib.

148 2649 225 2669 contra
251 2646 392 2667 Nlcmlw-imn
418 2644 447 2666 ad
465 2645 624 2670 unnsvmimn,
648 2651 666 2665 c.
697 2644 730 2666 12.
749 2651 770 2666 n.
792 2644 833 2666 20:
853 2644 994 2666 Mendacium

148 2688 182 2708 est
199 2691 286 2714 ‹piippc
304 2684 357 2706 falsu
376 2684 511 2712 significatio
529 2690 581 2705 :suni
600 2683 715 2705 voluntat«—
732 2683 828 2705 fallendi.
847 2683 890 2705 (tna
910 2684 945 2705 liin
964 2684 995 2705 lit.

149 2724 259 2752 Magistri,
278 2730 296 2745 c.
315 2724 335 2745 3.
356 2735 384 2738 —
402 2723 499 2749 Ariston,
518 2722 540 2744 ll.
560 2722 644 2744 Pus-tor.
662 2728 680 2744 c.
694 2722 720 2744 3:
734 2721 837 2743 Dcslnitiu
849 2722 909 2743 1-111111
923 2722 994 2749 ipsius

148 2762 211 2792 qnod
227 2761 284 2792 quid
301 2763 335 2784 est
351 2761 376 2791 [i.
395 2769 414 2783 ι’,
432 2761 552 2788 essu-ntinv]
579 2767 629 2782 iussae
656 2760 752 2782 vidntur.
776 2761 819 2782 tll'r.
847 2760 900 2782 ibid.
920 2767 938 2782 ν.
961 2761 993 2782 lt).

149 2801 177 2829 (c.
195 2802 238 2828 9.);
258 2801 291 2823 Vl.
310 2801 389 2829 'supin
408 2808 427 2822 (τ.
451 2801 466 2822 Ι,
486 2806 558 2829 ,ἐι-ηιμ,
576 2804 597 2821 vt
623 2799 666 2822 vn.
694 2799 790 2827 ila-tamti.
818 2802 869 2821 text.
888 2800 924 2821 33.
948 2800 993 2823 (VI.

148 2846 167 2862 c.
189 2840 240 2867 l0.),
259 2846 300 2861 ιιι-(τ
319 2846 362 2861 tum
382 2846 451 2867 supra
471 2845 523 2866 pag.
543 2838 594 2864 5501,
614 2842 664 2860 nota
684 2839 704 2860 2.

211 2878 220 2893 ³
237 2879 292 2907 (Iup.
311 2880 331 2901 3.
350 2886 371 2900 11.
391 2878 416 2900 -ίε
434 2879 489 2900 Num
507 2879 565 2899 sieut
590 2878 625 2899 lux
652 2882 674 2899 ct
692 2877 805 2904 ionem-nv,
824 2878 896 2905 pictas
914 2881 935 2899 nt
953 2878 995 2899 ini-

149 2918 243 2945 pietas...
262 2919 289 2939 im
309 2918 366 2939 inu-r
383 2924 407 2939 se
429 2922 480 2939 sum
508 2918 591 2938 veritas
617 2916 809 2944 uwndaviumqm·
827 2916 946 2938 cnuti-mia.
966 2929 990 2931 >—

150 2956 265 2979 Minormn
290 2957 381 2979 vxliilwt
407 2957 504 2983 Ariana,
524 2956 546 2977 ΙΙ.
564 2955 593 2977 d«-
611 2956 704 2982 Anium,
732 2958 781 2977 [vxi.
803 2955 839 2976 70.
858 2955 887 2982 (v,
905 2955 943 2983 Τ.)
964 2955 993 2976 Ι).-

149 2995 242 3018 falsitate
259 2996 298 3018 cl'r.
319 2996 344 3017 Υ.
364 2995 459 3023 §It-tupi».
478 2998 529 3017 text.
547 2995 559 3015 13
568 2994 583 3016 i.
602 2994 647 3022 (IV.
666 3001 685 3016 c.
704 2995 758 3022 w).

1116 2527 1124 2541 ⁴
1141 2528 1186 2550 (Ἰν.
1204 2527 1301 2555 Ariston,
1314 2527 1342 2550 de
1355 2528 1493 2550 praedicam.
1506 2535 1525 2551 c.
1538 2528 1565 2551 de
1577 2528 1714 2552 Substantia
1727 2530 1796 2558 (circu
1810 2530 1896 2559 tinem),

1054 2566 1093 2588 ubi
1111 2566 1220 2594 ostendit,
1238 2566 1335 2589 cundem
1354 2568 1480 2589 orationvm
1501 2569 1667 2590 contrat-imam}
1686 2575 1730 2590 mm
1751 2575 1802 2591 csse
1819 2576 1896 2591 susco-

1053 2605 1168 2633 ptibilvm,
1187 2605 1233 2627 scil.
1252 2612 1295 2626 nnn
1315 2612 1381 2633 possi·
1400 2606 1466 2627 simul
1484 2613 1535 2627 css(-
1553 2613 1631 2629 vorum
1644 2611 1666 2629 vt
1679 2607 1764 2629 salsam.
1783 2621 1811 2623 —
1824 2607 1896 2630 Codd.

1053 2645 1069 2666 A
1082 2645 1098 2666 N
1110 2645 1152 2666 137.
1168 2644 1241 2667 simul
1259 2651 1334 2667 ferna·
1351 2646 1371 2667 vl
1394 2645 1506 2667 mendam.
1530 2646 1552 2667 In
1579 2646 1665 2669 iunior-i
1691 2649 1741 2674 post
1757 2645 1791 2669 sic
1808 2647 1860 2669 cod.
1879 2648 1895 2669 A

1053 2683 1115 2705 addit
1133 2683 1251 2711 eti11111,‹·1
1269 2687 1320 2711 post
1337 2683 1468 2706 arationem
1487 2684 1536 2706 Vnt.
1554 2684 1673 2712 subiungit
1692 2684 1778 2707 veritas
1795 2686 1816 2708 et
1833 2692 1897 2708 mvii-

1052 2721 1154 2745 darium.

1115 2760 1125 2775 ⁵
1143 2761 1200 2783 Vidc
1213 2767 1282 2788 supra
1297 2768 1348 2788 pag.
1369 2761 1422 2789 707,
1435 2764 1485 2783 nota
1499 2762 1520 2783 2.
1541 2762 1561 2783 in
1580 2762 1635 2789 nno,
1649 2762 1718 2784 xvi-lm
1733 2764 1829 2791 August.
1847 2763 1897 2785 nllc·

1053 2803 1112 2828 gain,
1131 2804 1151 2822 υῑ
1170 2801 1219 2821 vius
1237 2800 1273 2821 lib.
1292 2800 1320 2821 aa
1339 2801 1381 2828 Ωιι.
1399 2807 1421 2828 ‘I-
1444 2801 1460 2822 I.

1114 2839 1124 2853 ⁶
1141 2839 1195 2866 Cup.
1215 2840 1235 2861 53.
1255 2846 1275 2861 11,
1294 2840 1313 2860 sl.
1332 2843 1352 2861 vt
1372 2839 1391 2861 ὅ,
1412 2839 1500 2861 Vidi-sis
1517 2840 1584 2862 ctiam
1604 2840 1639 2862 liic
1659 2840 1689 2862 lit.
1709 2841 1819 2868 Magistri,
1837 2847 1856 2863 (¹.
1875 2841 1895 2863 2.

1053 2880 1074 2899 vt
1096 2877 1118 2904 ί,
1137 2877 1175 2899 uiri
1194 2878 1274 2899 vadem
1294 2877 1362 2899 erm
1381 2883 1407 2899 vx
1426 2877 1537 2899 tim-bivul.
1551 2884 1569 2899 ι·.
1587 2878 1618 2900 18.
1633 2885 1654 2900 n.
1667 2879 1688 2900 ti.
1701 2879 1833 2901 aiii-ruutur.

1115 2916 1125 2930 ⁷
1142 2916 1186 2938 Csr.
1206 2917 1300 2943 .Iugti<t.
1320 2916 1374 2938 los-c.
1394 2917 1415 2937 in
1434 2916 1538 2944 praeced.
1558 2919 1608 2938 nola
1627 2918 1672 2939 eiu.

1115 2955 1124 2968 Ἀ
1143 2955 1217 2977 Manli.
1235 2957 1256 2982 li,
1276 2956 1316 2977 22:
1332 2955 1353 2976 Si
1372 2955 1452 2976 oculus
1471 2958 1522 2977 tuus
1548 2956 1613 2977 fucrit
1631 2957 1737 2985 simplex,
1760 2960 1832 2979 totum
1850 2964 1897 2979 cor-

1054 3001 1097 3022 pus
1115 2997 1178 3016 tunm
1198 2994 1298 3016 {mittum
1317 2995 1368 3016 crit.
1388 2993 1444 3016 Vidi·
1463 2993 1485 3016 ΙΙ.
1503 2994 1563 3016 Sciit.
1582 2994 1604 3016 d.
1624 2994 1658 3017 40.
1677 3002 1696 3018 u.
1718 2996 1735 3018 i.
1754 3002 1775 3025 q.
1798 2997 1814 3018 l.
