2166 3366
24 932 55 952 Ad
68 931 141 956 opposi-

760 196 842 224 DtS'r.
865 196 953 225 xxvt.
975 196 1047 224 ΛΒΤ.
1069 196 1086 223 Ι.
1108 195 1243 232 ΟΠΑΕΞΤ.
1268 195 1295 222 ll.

231 276 257 304 3.
281 275 362 309 ltem,
393 275 524 312 pauciora
549 278 614 303 sunt
645 273 799 311 speranda,
831 282 915 310 quam
942 274 997 302 sint

153 321 291 350 credenda
313 337 350 341 —-
372 321 515 350 credimus
542 320 615 349 euim
648 319 772 356 praemia
800 322 827 347 et
847 319 997 356 supplicia,

153 369 201 398 sed
224 376 277 396 nou
310 375 458 404 speramus
491 366 541 396 nisi
576 369 683 394 tautum
708 365 848 403 praemia¹
873 382 911 386 —
932 374 997 402 ergo

153 415 250 444 maior
274 414 384 443 videtur
408 421 470 442 esse
492 413 583 442 unitas
605 413 631 440 in
647 420 696 449 spe
711 419 796 450 quam
822 412 847 440 in
871 412 938 446 lide⁷
955 412 998 440 vel

152 462 234 491 etiam
259 465 359 494 tanta,-
380 461 427 490 sed
453 460 521 489 tides
542 463 584 488 est
605 467 662 488 una
684 459 789 488 unitate
817 459 917 496 speciei
940 466 999 495 spe-

152 507 332 537 cialissimae:
355 515 421 544 ergo
442 510 469 535 et
490 513 561 543 spes.

230 555 257 582 Ιι.
280 554 362 588 ltem,
384 553 442 590 spei
458 553 582 582 succedit
598 553 719 590 perlecta
736 553 831 587 tentio,
847 552 919 581 sicut
934 552 997 580 tidei

153 600 277 630 succedit
299 599 403 634 visi0²3
425 599 473 628 sed
496 599 617 636 perfecta
639 599 724 627 tentio
745 598 847 627 summi
871 598 935 626 Boni
958 601 999 627 est

154 655 209 676 uua
231 646 386 676 secundum
408 646 528 682 speciem
551 645 577 674 in
593 645 724 674 omnibus
740 645 829 674 Beatis
850 653 899 674 uec
917 644 999 673 liabet

154 693 336 723 diversificari
360 700 408 730 per
430 692 498 721 alias
520 692 598 721 dotes
620 691 710 729 specie
736 692 909 721 differentes:
932 699 999 728 ergo

154 748 203 770 uec
232 748 296 778 spes
329 740 411 769 babet
440 739 581 768 subdividi
615 739 641 767 in
663 739 732 768 alias
758 739 890 768 virtutes:
915 739 999 776 igitur

153 795 218 825 spes
238 791 285 816 est,
302 787 392 816 virtus
413 787 541 824 specialis
562 789 589 815 et
604 786 688 815 habet
704 786 730 814 in
747 794 776 815 se
792 786 924 815 unitatem
941 794 1000 823 spe-

155 834 205 864 ciei
227 834 451 871 specialissimae.

234 881 286 909 SED
307 888 431 910 conruit:
450 882 474 909 t.
491 881 670 910 Diversarum
686 884 799 910 actuum
815 881 919 910 diversi
935 884 1000 910 sunt

155 927 281 962 habitus3
303 927 351 956 sed
374 927 517 964 confidere
537 931 564 956 et
578 931 744 964 ans-peceare
765 930 829 956 sunt
849 931 929 957 actus
949 928 1001 956 l'or-

155 975 265 1004 maliter
287 975 459 1004 differentes:
482 975 504 1003 si
526 983 593 1011 ergo
614 975 649 1003 ad
671 983 748 1012 spem
777 975 895 1012 pertinet
916 975 1001 1012 conli-

155 1022 238 1056 dere,
259 1022 414 1051 secundum
437 1022 512 1059 quod
534 1022 655 1051 dicimur
677 1029 791 1059 sperare
807 1022 832 1050 in
850 1022 1000 1055 Domino³;

154 1069 190 1098 ad
211 1077 288 1106 spem
311 1069 393 1098 etiam
418 1069 535 1106 pertinet
557 1072 739 1106 exspectare,
755 1069 908 1098 secuudum
925 1069 1000 1106 quod

155 1115 276 1145 dicimur
308 1124 422 1153 sperare
454 1116 576 1145 suturam
610 1115 742 1152 gloriam:
776 1115 887 1144 videtur
918 1124 1000 1152 erge,

155 1162 229 1200 quod
252 1170 315 1200 spes
337 1162 437 1191 babeat
459 1162 641 1191 diversificari
663 1162 817 1191 formaliter
838 1162 917 1191 etita
938 1162 1002 1191 sub-

155 1209 241 1238 dividi
265 1209 291 1238 in
313 1209 382 1238 alias
404 1209 518 1246 species.

235 1257 261 1284 2.
284 1256 366 1288 ltem,
390 1264 477 1293 «spes
499 1259 540 1285 est
561 1256 732 1294 exspectatio
754 1256 865 1284 suturae
888 1256 1002 1285 beatitu-

156 1303 265 1337 diuis»,
288 1303 444 1332 secundum
466 1303 539 1340 quod
563 1303 629 1332 dicit
651 1303 779 1340 Magister
801 1303 827 1331 in
845 1303 960 1337 littet·a⁴‚
975 1306 1002 1332 et

156 1349 276 1379 liabetur
306 1350 332 1378 in
365 1350 460 1379 Glossa
481 1350 516 1379 ad
550 1351 685 1378 liomauos
707 1350 820 1387 quinto;
842 1351 889 1378 sed
917 1350 1002 1378 «bea-

157 1396 246 1425 titudo
266 1400 308 1425 est
330 1399 418 1426 status
439 1397 564 1425 onmium
581 1397 717 1426 bonorum
733 1397 928 1433 aggregatione
944 1404 1003 1433 per-

156 1443 282 1472 feetusnz
305 1451 371 1480 ergo
393 1452 456 1480 spes
477 1447 621 1480 exspectat
642 1452 725 1472 omne
748 1444 860 1472 bonum.
883 1444 935 1472 Sed
957 1451 1004 1472 ex-

157 1491 290 1528 spectatio
313 1490 496 1519 diversiiicari
520 1491 603 1519 liabet
625 1490 780 1519 secundum
813 1490 1002 1519 diversitatem

157 1537 219 1566 boui
242 1537 412 1574 exspectati,
433 1540 460 1565 et
481 1545 545 1573 spes
560 1545 612 1565 non
630 1540 735 1565 tantum
751 1540 895 1573 exspectat
914 1544 1002 1565 unum

157 1585 278 1618 bonum,
302 1584 387 1612 immo
418 1584 660 1620 congregationem
691 1583 817 1612 omnium
850 1584 1002 1612 bonorum:

157 1640 223 1669 ergo
246 1631 372 1665 videtur,
395 1631 469 1668 quod
493 1631 551 1668 ipsa
568 1630 683 1659 includit
706 1631 731 1658 in
748 1638 777 1659 se
793 1630 1002 1659 universitatem

157 1679 281 1707 omnium
306 1679 450 1707 virtutum.

236 1726 262 1754 3.
285 1726 367 1760 item,
389 1725 479 1754 omnis
502 1725 591 1753 virtus
613 1725 755 1753 meritoria
770 1725 846 1759 l'acit,
863 1724 1003 1753 liominem

159 1772 272 1801 tendere
294 1772 328 1801 ad
352 1772 434 1800 smem
457 1779 540 1800 suum
563 1771 784 1808 assequendum,
806 1779 888 1808 quem
913 1774 1003 1799 tamen

158 1819 281 1848 nondum
305 1819 424 1849 liabet⁵:
445 1819 492 1847 sed
517 1826 580 1856 spes
602 1822 643 1847 est
665 1818 755 1846 virtus
782 1818 843 1852 itta,
865 1826 921 1855 qua
942 1818 1004 1854 quis

158 1869 302 1903 exspectat
324 1866 479 1903 praemium
502 1865 625 1894 omnimn
644 1865 825 1894 meritorum:
846 1873 913 1902 ergo
932 1865 1005 1893 vide-

160 1916 220 1947 tur,
243 1913 316 1950 quod
342 1913 430 1941 virtus
452 1912 508 1949 spei
532 1912 689 1941 communis
715 1912 750 1941 sit
778 1912 813 1940 ad
835 1920 931 1941 omnes
954 1912 1005 1940 vir-

160 1963 246 1989 tutes:
262 1968 329 1996 ergo
346 1967 399 1988 non
418 1959 500 1988 babet
517 1959 649 1987 unitatem
665 1959 766 1996 speciei
781 1959 1004 1996 specialissimae.

237 2007 264 2034 [ι.
286 2006 369 2040 item,
391 2005 463 2034 sicut
484 2013 513 2034 se
536 2005 619 2034 babet
640 2005 775 2042 gaudium
798 2009 924 2042 respectu
941 2005 1005 2034 boni

162 2053 331 2090 praesentis,
354 2053 392 2082 sic
415 2061 443 2082 se
466 2053 549 2081 habet
571 2060 633 2090 spes
655 2056 785 2090 respectu
807 2052 869 2081 boni
886 2052 1005 2086 iuturi⁰;

159 2100 207 2129 sed
230 2100 380 2138 gaudium,
402 2108 457 2137 quo
472 2100 534 2137 quis
549 2100 651 2137 gaudet
672 2100 706 2128 de
721 2103 786 2128 actu
803 2099 913 2128 virtutis
929 2107 1006 2136 prae-

159 2147 260 2181 sentis‚
283 2155 335 2175 non
360 2147 442 2176 liabet
465 2147 597 2183 distingui
629 2147 664 2175 ab
700 2147 758 2183 ipsa
782 2147 899 2179 virtute.
923 2147 1007 2175 immo

1842 195 1898 222 5:59

1054 277 1095 302 est
1116 273 1246 302 omnibus
1267 273 1418 301 virtutibus
1440 272 1568 309 generale
1589 288 1628 293 —
1648 275 1741 301 castus
1762 272 1835 300 enim
1857 275 1899 300 est

1055 320 1102 357 qui
1131 320 1251 349 continet
1277 323 1303 348 et
1337 320 1387 348 lioc
1417 320 1475 357 ipso
1506 319 1607 355 gaudet
1629 335 1669 339 —
1689 327 1755 356 ergo
1777 318 1836 355 pari
1860 327 1900 347 ra-

1056 367 1128 394 tione
1151 367 1278 400 videtur,
1303 366 1377 403 quod
1404 374 1467 403 spes
1498 367 1533 395 de
1565 366 1660 395 futuro
1681 366 1753 394 bono
1774 365 1808 394 sit
1830 373 1901 394 com-

1057 413 1151 441 munis
1172 413 1206 441 ad
1229 421 1327 442 onmes
1342 413 1474 442 virtutes:
1490 421 1557 449 ergo
1571 413 1661 441 virtus
1676 412 1732 449 spei
1749 420 1801 441 non
1818 411 1901 440 habet

1056 459 1192 487 unitatem
1215 459 1316 496 speciei
1337 459 1561 496 specialissimae.

1371 560 1582 581 CONCLUSto.

1096 646 1166 682 Spes
1187 649 1226 673 cst
1248 654 1309 673 mm
1331 645 1426 673 vii-cns
1448 649 1472 673 et
1494 646 1635 674 uilitatem
1656 645 1738 674 stubei
1759 647 1863 683 ..s-pectes

1357 692 1596 729 specialissimae.

1137 788 1309 815 Respoxnuoz
1333 786 1503 820 Dicendum,
1526 787 1598 824 quod
1622 788 1858 823 quemadmodum
1877 788 1903 816 ti-

1059 834 1123 868 des,
1148 834 1210 862 licet
1231 834 1265 862 sit
1287 834 1360 862 circa
1382 833 1469 861 multa
1491 833 1647 865 credibilia,
1670 842 1725 862 una
1741 837 1831 862 tamen
1853 835 1905 863 vir-

1058 884 1102 909 tus
1123 884 1179 914 est,
1201 881 1266 918 quia
1289 888 1343 909 una
1364 884 1406 909 est
1427 880 1617 917 principaliter
1640 881 1708 909 ratio
1731 882 1858 910 movendi
1876 882 1900 910 in

1059 928 1189 956 omnibus
1211 927 1425 962 credibilibus⁷;
1447 927 1485 956 sic
1510 931 1536 955 ct
1560 928 1648 956 virtus
1668 928 1734 964 spei,
1760 931 1902 965 quotcum-

1057 982 1111 1011 que
1135 978 1161 1002 et
1183 977 1409 1011 quantacumque
1442 974 1513 1002 bona
1545 977 1700 1011 exspectet,
1732 983 1787 1003 una
1813 975 1902 1003 virtus

1058 1024 1100 1050 est
1127 1024 1154 1049 et
1177 1020 1311 1049 unitatem
1342 1021 1424 1049 babet
1453 1021 1552 1058 speciei
1576 1021 1805 1058 specialissimae,
1837 1022 1901 1059 quia

1060 1076 1115 1096 una
1136 1071 1177 1096 est
1199 1068 1284 1102 ratio,
1306 1068 1350 1096 cui
1374 1068 1500 1096 innititur
1522 1067 1547 1096 iu
1569 1068 1902 1105 exspectanda—Sicut

1058 1115 1132 1144 enim
1157 1116 1220 1144 lidei
1244 1116 1348 1149 virius,
1377 1115 1556 1144 assentiendo
1581 1115 1687 1152 primae
1709 1116 1822 1144 Veritati
1845 1124 1905 1153 pro-

1060 1166 1127 1199 pter
1148 1170 1177 1191 se
1208 1165 1235 1190 et
1266 1162 1480 1199 superomnia,
1512 1162 1604 1190 omnia
1635 1162 1680 1190 illa
1708 1162 1811 1197 credit,
1833 1170 1903 1199 quae

1059 1208 1110 1237 sibi
1134 1216 1244 1237 summa
1267 1208 1373 1237 Veritas
1406 1208 1490 1236 dictat
1521 1216 1582 1236 esse
1608 1208 1763 1242 credenda;
1785 1209 1823 1237 sic
1846 1209 1904 1245 ipsa

1060 1263 1139 1292 spes,
1161 1255 1328 1283 confidendo
1358 1258 1385 1283 et
1414 1255 1556 1283 innitendo
1579 1255 1728 1283 immensae
1760 1259 1787 1284 et
1812 1255 1905 1284 indesi-

1061 1302 1246 1330 cieutissimae
1269 1302 1387 1338 largitati
1411 1301 1536 1333 divinae,
1558 1302 1650 1329 onmia
1673 1302 1716 1330 illa
1746 1306 1904 1339 exspectat.

1059 1357 1131 1386 quae
1153 1348 1203 1377 sibi
1221 1348 1294 1377 Deus
1317 1348 1452 1385 promittit
1473 1356 1533 1377 esse
1556 1348 1582 1376 iu
1605 1349 1700 1377 l'uturo
1715 1349 1904 1377 retribuenda.

1062 1396 1093 1424 Et
1115 1395 1353 1432 quemmlmodum
1384 1395 1446 1424 lidei
1480 1395 1569 1424 virtus
1597 1396 1689 1424 omnia
1711 1404 1904 1433 quaecumque

1060 1442 1161 1476 credit,
1185 1442 1375 1479 principaliter
1391 1451 1442 1470 nou
1459 1442 1548 1471 solum
1565 1443 1653 1471 credit
1671 1443 1742 1476 Deo,
1758 1444 1805 1472 sed
1822 1444 1904 1472 etiam

1061 1489 1094 1517 dc
1116 1489 1174 1517 Deo
1196 1492 1223 1517 et
1244 1488 1326 1517 circa
1349 1489 1458 1521 l)ezcm,·
1480 1489 1519 1518 sic
1534 1489 1634 1526 etipsa
1649 1498 1712 1525 spes
1726 1490 1819 1518 omnia
1834 1498 1905 1527 quae

1061 1538 1215 1573 exspectat,
1233 1543 1286 1564 non
1303 1536 1393 1564 solum
1409 1539 1553 1573 exspectat
1567 1545 1587 1564 ιι
1603 1537 1670 1569 Deo,
1692 1536 1740 1565 sed
1755 1537 1837 1565 etiam
1860 1545 1906 1565 ex-

1061 1585 1167 1619 spectat
1182 1582 1229 1610 illa
1243 1582 1368 1611 obtinere
1391 1582 1500 1619 inipso
1522 1583 1589 1616 Deo,
1613 1586 1643 1611 ut
1668 1583 1796 1612 habendo
1816 1583 1904 1612 Deum

1062 1630 1161 1658 habeat
1187 1637 1268 1658 omne
1298 1629 1428 1657 bouum&
1456 1647 1494 1650 -—
1515 1631 1645 1663 Rursus,
1667 1630 1904 1667 quemadmodum

1062 1676 1131 1705 sides
1153 1676 1244 1705 credit
1265 1676 1320 1705 Deo
1343 1679 1473 1713 tanquam
1497 1677 1608 1705 νιιείοιιί
1629 1677 1753 1705 inovanti
1779 1681 1805 1706 et
1833 1678 1906 1706 circa

1063 1723 1154 1760 ipsum
1178 1727 1306 1752 versatur
1323 1727 1453 1760 tanquam
1470 1724 1543 1752 circa
1559 1724 1698 1752 obiecerim
1720 1728 1745 1753 et
1769 1725 1794 1752 in
1815 1725 1904 1761 ipsum

1063 1770 1150 1799 tendit
1172 1773 1303 1807 tanquam
1315 1794 1317 1796 .
1328 1770 1353 1798 in
1374 1770 1461 1807 finem
1473 1771 1646 1808 propriatim
1661 1771 1699 1799 sic
1714 1775 1740 1799 et
1756 1771 1815 1808 ipsa
1835 1780 1906 1809 spes.

1065 1817 1094 1845 Et
1109 1817 1239 1854 quoniam
1263 1817 1355 1846 unitas
1379 1818 1489 1846 virtutis
1505 1818 1659 1846 attenditur
1674 1826 1758 1855 penes
1773 1819 1906 1847 unitatem

1063 1864 1190 1892 racionis
1213 1864 1352 1892 moventis
1366 1868 1393 1892 et
1408 1864 1509 1892 obiecti
1528 1865 1706 1901 mancipati-s·
1720 1868 1747 1894 et
1761 1866 1829 1901 linis
1842 1874 1909 1902 pro-

1060 1910 1141 1948 prii)-
1161 1915 1188 1939 et
1212 1911 1278 1939 liaec
1304 1911 1394 1939 omnia
1430 1911 1552 1948 reperire
1584 1915 1625 1939 est
1657 1912 1682 1939 iu
1716 1912 1818 1941 virtute
1851 1912 1907 1949 spei

1063 1958 1134 1986 sieut
1155 1962 1182 1986 et
1212 1958 1237 1986 in
1271 1958 1373 1986 virtute
1397 1958 1475 1986 fidei:
1510 1958 1718 1987 concedendum
1741 1963 1797 1993 est,
1820 1959 1907 1996 ipsam

1063 2012 1141 2042 spem
1165 2013 1226 2033 esse
1248 2013 1332 2033 unam
1363 2005 1468 2033 unitate
1498 2005 1598 2042 speciei
1628 2006 1850 2042 specialissimae.
1872 2023 1909 2027 -—

1065 2052 1094 2080 Et
1117 2052 1250 2083 rationes,
1272 2060 1343 2089 quae
1366 2052 1538 2080 inducuntur
1559 2052 1593 2080 ad
1617 2052 1687 2081 hanc
1703 2056 1829 2089 partem,
1845 2057 1909 2081 sunt

1064 2099 1265 2128 concedendae.

1149 2147 1169 2174 l.
1193 2146 1229 2175 Ad
1254 2146 1322 2175 illud
1345 2146 1419 2183 quod
1450 2146 1595 2181 obiicitur.
1625 2147 1698 2184 quod
1731 2147 1908 2176 diversorum

224 2292 230 2307 ¹
251 2292 308 2315 Vide
327 2293 362 2315 liic
380 2293 410 2315 lit.
429 2293 539 2321 Magistri.
557 2300 576 2314 c.
594 2293 615 2314 3.
627 2292 736 2320 —Quod
750 2292 806 2315 tides
818 2294 844 2315 sit
863 2294 935 2316 xii-tus
947 2299 1004 2322 wia,

160 2328 277 2354 ostensum
295 2335 329 2354 est
345 2338 414 2359 supra
432 2331 454 2354 d.
473 2332 510 2353 23.
528 2338 547 2354 a.
571 2332 587 2353 Ι.
605 2338 628 2360 q.
646 2332 666 2353 3.
685 2343 714 2347 —-
741 2332 789 2353 Mox
812 2338 854 2359 pru
878 2331 914 2354 rel
937 2331 1006 2354 eliam

161 2370 212 2393 cod.
230 2371 246 2392 Z
265 2370 300 2393 rel
315 2370 406 2393 saltem.

223 2409 232 2423 ‘³
251 2409 295 2431 Csr.
314 2409 369 2431 infra
389 2416 411 2438 q.
428 2410 449 2432 3.
468 2410 489 2431 iu
507 2416 569 2437 corp.
588 2413 609 2432 et
626 2416 694 2437 supra
713 2416 765 2437 pag.
786 2409 844 2437 391,
870 2413 921 2431 nota
940 2410 960 2431 2.
977 2421 1008 2425 -

163 2449 212 2471 Vat.
231 2449 263 2470 sic
275 2449 422 2477 prosequitur
432 2455 438 2471 z
450 2448 491 2471 sed
499 2448 604 2477 perfecta
616 2447 673 2471 risio
685 2447 774 2471 summe*
790 2447 843 2470 Veri
853 2449 886 2470 est
899 2453 947 2470 uua
965 2450 1007 2469 etc.

224 2486 233 2501 ³
252 2487 332 2508 psalm.
352 2486 376 2514 4,
395 2487 423 2508 6:
441 2487 536 2514 sperate
561 2487 582 2508 in
610 2487 713 2508 Domino.
733 2487 766 2508 Ps.
785 2486 825 2513 36,
845 2486 874 2508 3:
892 2487 962 2513 Spera
985 2487 1007 2507 in

163 2525 261 2547 Domino
279 2529 300 2547 et
318 2525 353 2546 sac
371 2524 502 2547 bonitatem.
520 2537 550 2539 —
568 2524 598 2546 De
615 2524 704 2547 maiori
720 2524 773 2546 vide
789 2530 859 2551 supi-:i
879 2530 932 2551 pag.
951 2524 1008 2551 470,

163 2567 214 2586 nota
233 2564 253 2585 8.
272 2564 293 2585 in
311 2563 363 2585 nne.

226 2602 234 2617 ⁴
251 2603 292 2625 ilie
309 2608 327 2624 e.
350 2603 366 2624 l.
385 2601 516 2624 Secundum
534 2602 556 2624 S.
575 2602 659 2624 Bonav.
678 2602 743 2632 Ousia
762 2601 817 2624 dub.
836 2603 866 2629 2.)
883 2603 938 2624 llaec
956 2602 1008 2624 defi-

164 2643 218 2664 nitio
235 2645 310 2664 sumta
328 2644 361 2663 est
378 2647 405 2663 ex
422 2641 547 2669 Hayuionis
565 2641 661 2668 Exposit.
680 2641 700 2662 iu
720 2641 788 2668 Epist.
810 2641 838 2663 ad
862 2641 926 2663 Rom.
945 2641 969 2668 5,
988 2641 1008 2663 4.

163 2687 223 2710 seq,
242 2681 302 2703 unde
321 2681 341 2702 in
360 2680 463 2702 Glossam
481 2679 631 2702 ordinariam
649 2680 741 2702 transiit.
760 2680 849 2701 Plenius
866 2686 935 2708 quam
955 2680 1008 2702 alibi

164 2720 261 2742 liabetur
278 2719 341 2747 apud
368 2719 424 2741 Petr.
447 2718 570 2740 Lombard.
588 2719 609 2740 in
627 2718 754 2740 Commeat.
772 2724 842 2745 super
860 2719 924 2740 l'iom.
943 2718 968 2745 5,
987 2718 1007 2740 4.

162 2771 195 2776 —
212 2759 316 2781 Definitio
334 2758 491 2785 beatitudinis,
511 2764 570 2786 quae
587 2757 670 2779 deinde
689 2757 766 2784 datur,
784 2760 806 2779 et
823 2758 843 2778 in
856 2764 900 2785 qua
913 2757 964 2779 cod.
977 2757 1008 2779 bb

164 2804 217 2820 cum
235 2800 295 2820 textu
314 2797 419 2825 originali
432 2795 613 2826 conat-effatione
626 2802 667 2823 pro
681 2795 860 2825 aqui-effatione,
875 2791 913 2818 est'
924 2796 1008 2818 Boethii

165 2839 186 2859 et
202 2837 318 2858 invenitur
337 2837 358 2857 iu
377 2837 426 2858 eius
443 2836 475 2857 ΙΙΙ.
494 2835 531 2857 lib.
550 2835 578 2857 (ie
595 2834 685 2857 Cousol.
704 2841 771 2862 prosa
784 2835 805 2856 2.
818 2835 881 2856 —ln
900 2834 943 2856 fine
961 2841 1009 2862 arg.

166 2875 216 2897 Vat.
234 2874 340 2897 omnium
360 2873 477 2897 bonarum
496 2873 618 2896 rii-lutum.

228 2913 238 2928 ⁵
255 2913 299 2936 Cir.
317 2920 385 2941 supra
413 2920 465 2941 pag.
492 2913 547 2940 488,
570 2916 620 2934 nota
643 2913 664 2934 9.
681 2924 713 2928 —
730 2912 772 2933 l‘ro
789 2911 857 2934 habet
871 2912 924 2934 edd.
942 2911 1009 2935 ridet.

165 2952 235 2974 Paulo
252 2952 346 2974 inferius
372 2952 422 2974 cod.
440 2952 458 2974 U
475 2952 526 2973 voci
543 2951 684 2974 meritorum
702 2951 823 2978 praemittit
846 2950 959 2973 rii-tntum
976 2951 1009 2975 el.

166 2991 218 3013 cod.
235 2997 260 3013 aa
279 2990 395 3014 virtulum
414 2995 507 3013 tantun).

1126 2292 1136 2306 ⁶
1153 2292 1211 2314 Vide
1229 2293 1284 2314 infra
1302 2300 1322 2314 a.
1341 2293 1362 2314 ἱ).
1379 2298 1401 2320 q.
1421 2291 1440 2313 4.
1459 2292 1481 2313 iu
1499 2297 1562 2319 corp.
1580 2303 1611 2307 —
1629 2292 1692 2319 Quae
1710 2292 1731 2312 in
1750 2290 1838 2314 minori
1859 2298 1909 2319 pro-

1064 2335 1193 2359 ponuntur,
1219 2331 1362 2353 insinuantur
1379 2330 1408 2352 ab
1426 2331 1527 2357 Aristot„
1547 2331 1569 2351 ll.
1588 2331 1657 2352 Ethic.
1675 2336 1694 2352 c.
1713 2330 1741 2352 3:
1759 2330 1855 2358 Signum
1873 2337 1910 2352 au-

1065 2374 1110 2393 tem
1129 2370 1247 2392 habituum
1265 2371 1293 2391 sit
1310 2369 1345 2391 vel
1363 2369 1481 2396 voluptas,
1501 2369 1536 2391 vel
1554 2369 1686 2396 aegritudo,
1704 2375 1763 2397 quae
1781 2370 1837 2391 sacta
1856 2369 1910 2391 sub-

1064 2409 1175 2437 sequitur.
1194 2408 1249 2430 Nam
1267 2409 1305 2436 qui
1323 2414 1334 2430 a
1353 2408 1456 2435 corporis
1480 2407 1636 2435 voluptatibus
1653 2407 1761 2435 abstinet,
1779 2408 1797 2429 si
1815 2414 1842 2430 eo
1860 2409 1909 2436 l'DSU

1065 2447 1160 2475 gaudet.
1180 2450 1309 2475 temperans
1326 2445 1450 2475 [Averroes
1468 2447 1504 2468 iiic
1521 2445 1626 2476 custus],
1641 2447 1659 2468 si
1671 2446 1743 2474 dolet,
1757 2447 1910 2474 intemperans

1065 2488 1098 2507 est
1115 2484 1285 2507 existimandus.
1304 2485 1329 2507 Et
1346 2485 1359 2506 Ι.
1378 2485 1447 2507 Etliic.
1460 2490 1480 2506 c.
1493 2485 1505 2506 8
1517 2490 1522 2506 z
1535 2485 1577 2512 Qui
1590 2485 1656 2507 bonis
1668 2485 1795 2507 actionibus
1812 2492 1856 2507 non
1874 2486 1910 2507 de-

1066 2524 1161 2546 lectatur
1178 2523 1252 2546 benus
1271 2524 1363 2545 minime
1380 2527 1427 2550 est;
1447 2529 1522 2552 neque
1539 2523 1599 2545 enim
1617 2524 1652 2545 vel
1675 2524 1758 2545 iustum
1777 2525 1910 2552 quempiam

1066 2563 1161 2590 dixeris,
1180 2564 1218 2591 qui
1237 2563 1294 2585 iuste
1312 2562 1402 2590 agendo
1420 2568 1464 2584 non
1483 2562 1607 2584 delectetur
1618 2566 1661 2584 etc.
1678 2574 1708 2577 —
1726 2563 1774 2585 Mox
1788 2569 1831 2591 pro
1842 2569 1911 2592 prae-

1065 2602 1136 2624 semis
1153 2608 1197 2624 non
1216 2603 1282 2630 pauci
1300 2602 1367 2624 codd.
1385 2602 1513 2630 praesente.

1128 2640 1137 2655 ⁷
1157 2640 1213 2662 Vide
1230 2647 1299 2668 supra
1317 2640 1339 2662 d.
1358 2640 1394 2662 23.
1412 2647 1432 2662 a.
1456 2641 1471 2662 l.
1490 2646 1512 2668 q.
1531 2640 1551 2662 3.
1567 2653 1597 2655 -
1609 2641 1650 2662 1)ιό
1662 2640 1825 2670 principaliter
1842 2642 1909 2664 codd.

1066 2679 1084 2701 M
1096 2679 1113 2701 O
1130 2678 1276 2708 principalis.
1295 2679 1346 2701 Post
1363 2686 1435 2706 pauca
1454 2678 1508 2701 edd.
1525 2683 1576 2701 ante
1594 2678 1653 2701 bona
1671 2680 1772 2701 inserunt
1797 2681 1818 2702 el
1841 2686 1911 2710 quae-

1066 2723 1173 2747 cumque.

1128 2755 1138 2770 ⁸
1156 2756 1276 2783 Rern-ard,
1294 2756 1366 2778 Serui.
1384 2757 1405 2778 9.
1423 2757 1444 2777 in
1464 2756 1497 2778 ΡΞ,
1516 2756 1573 2785 (90.)
1593 2755 1640 2784 Qui
1656 2755 1757 2784 habital,
1778 2763 1799 2779 n.
1818 2758 1847 2779 8:
1873 2757 1911 2780 Ce-

1067 2799 1141 2818 terum
1159 2795 1221 2823 quod
1239 2795 1306 2817 dicit:
1326 2795 1360 2817 Tu
1377 2801 1413 2822 es,
1437 2794 1547 2823 Domine,
1574 2801 1626 2825 spes
1648 2801 1701 2818 meav
1727 2795 1758 2823 (v.
1785 2797 1830 2823 9.>‚
1856 2797 1911 2819 sorte

1067 2835 1166 2862 amplius
1183 2834 1268 2862 aliquid
1286 2837 1350 2856 sonat
1367 2837 1388 2856 ct
1405 2833 1539 2862 sublimius,
1558 2834 1620 2863 quod
1645 2835 1751 2857 videlicet
1773 2841 1817 2857 non
1842 2835 1911 2858 modo

1067 2872 1091 2895 ἱιι
1109 2878 1135 2895 eo
1153 2876 1241 2900 speret,
1259 2873 1300 2895 sed
1317 2879 1378 2895 eum.
1396 2872 1574 2896 Convenienuus
1591 2873 1704 2902 siquidem
1722 2880 1775 2902 spes
1787 2878 1862 2897 nostra
1880 2874 1912 2896 di-

1067 2912 1125 2934 citur
1142 2911 1205 2940 quod
1222 2917 1353 2939 speramus⁷
1373 2918 1442 2940 quam
1460 2912 1482 2934 in
1500 2918 1547 2941 quo
1569 2918 1696 2940 speramus.
1714 2925 1746 2929 —
1764 2913 1818 2935 Voci
1836 2913 1910 2936 Deum

1068 2950 1119 2973 cod.
1137 2957 1163 2972 aa
1180 2950 1284 2978 praefigit
1300 2950 1385 2979 ipsum.

1915 937 2018 954 cunctus-ia.

1916 1077 1975 1095 Ratio.

1923 2136 1993 2154 Salutio
2007 2140 2039 2157 os-

1924 2163 2032 2182 pitatiolum.
