2166 3366
13 1365 110 1384 Conclusio
121 1365 138 1384 ¹.

11 1643 94 1669 Quatuor
98 1649 141 1663 con-

11 1666 110 1686 ndei-anda
113 1681 117 1686 .

9 2247 106 2266 conclusio
116 2248 134 2266 ⁶2.

784 158 866 187 DIST.
889 159 930 188 Vl.
952 159 1024 188 ΛΒΤ.
1047 160 1075 188 11.
1097 161 1231 197 QUAEST.
1254 162 1283 190 11.

163 240 219 269 tia¹
234 251 240 269 ε
268 252 281 267 «
295 241 445 276 Potestate,
460 250 513 270 non
529 244 645 276 natura,
662 242 692 270 fit
706 242 820 271 Creator
834 247 962 272 creatura
977 255 1003 272 »:

161 304 200 308 —
220 295 286 324 ergo
307 287 434 320 videtur,
465 288 539 324 quod
568 287 614 315 illa
636 288 671 316 sit
698 288 790 317 unitas
810 291 1003 326 potestativa,-

162 333 210 362 sed
231 333 277 362 ille
307 333 407 362 modus
438 334 568 370 competit
597 337 623 362 et
644 334 784 371 reperitur
806 336 832 363 in
855 340 1001 365 creatura:

160 387 227 416 ergo
247 383 298 408 etc.

238 427 265 454 [ι.
289 427 370 461 ltem,
391 430 440 455 aut
460 427 507 454 illa
527 427 609 461 unio,
628 435 682 464 qua
697 427 827 457 divinitas
842 430 938 458 unitur
953 430 1003 458 hu-

160 473 302 506 manitati,
330 477 372 501 est
399 473 566 506 naturalis,
588 477 637 502 aut
655 475 813 511 97·ataz'ta,·
834 476 854 504 si
877 481 1000 505 natara-

160 519 215 547 lis:
237 527 302 556 ergo
324 519 479 547 continetur
500 520 552 548 sub
573 520 727 549 unitatibus
742 521 811 555 illis,
826 530 898 559 quae
912 531 928 551 a
944 523 1002 551 Phi-

160 565 294 602 tosoph0²
314 566 491 602 assignantur
503 577 510 600 ;
532 566 554 594 si
573 567 726 603 gratuita.-
742 576 807 604 ergo
823 577 886 597 cum
909 569 1000 598 unitas

159 612 279 648 gratuita
300 611 334 640 sit
355 612 446 640 unitas
467 612 580 646 votiva,
602 613 674 641 sicut
695 613 760 642 dicit
775 614 948 649 Bernardus,
964 616 1001 644 vi-

159 658 257 692 detur,
278 658 352 695 quod
375 658 425 687 iste
446 659 547 687 modus
568 659 681 688 unitatis
703 660 812 689 divinae
837 669 891 689 non
919 662 1000 690 faciat

158 704 304 741 specialem
326 704 440 733 unitatis
461 705 653 734 differentiam.

470 790 684 812 CONCLUSIO.

162 859 234 887 Unio
250 859 381 887 duarum
392 864 573 888 naturarum
587 861 616 888 z‘n
625 869 768 897 personae
779 861 890 889 unitate
901 862 999 899 quoad

236 913 333 933 omnes
347 906 523 934 conditiones
537 907 627 934 simul
647 907 778 935 collectas
798 908 998 944 superexcedit

234 960 346 980 omnem
360 956 502 981 naturam
517 956 544 981 et
554 953 687 990 qratiam
703 962 883 982 communem
898 958 923 982 et
936 954 997 991 pm·-

235 998 411 1035 losoplzz‘cam
432 999 584 1027 rationem.

234 1076 412 1104 Resposnsso:
445 1076 614 1110 Dicendum,
636 1077 710 1114 quod
732 1077 803 1106 sicut
824 1078 902 1106 nulla
923 1086 997 1107 crea-

154 1124 219 1151 tura
239 1122 358 1158 perfecte
379 1122 435 1151 Deo
456 1122 641 1156 assimilatur,
656 1123 705 1151 sed
720 1124 841 1160 quodam
859 1124 940 1153 modo
954 1128 996 1153 est

153 1169 277 1202 similis,
299 1169 419 1206 quodam
442 1169 524 1197 modo
545 1169 720 1203 dissimills;
741 1174 768 1199 et
788 1170 836 1199 ubi
852 1179 907 1200 una
922 1179 996 1200 crea-

155 1219 218 1244 tura
239 1216 321 1244 habet
340 1216 566 1249 similitudinem,
581 1216 740 1253 frequenter
755 1217 809 1246 alia
821 1217 830 1231 ⁸
846 1218 929 1246 habet
943 1218 996 1247 dis-

154 1263 383 1292 similitudinem:
413 1270 463 1299 per
487 1263 562 1291 hunc
583 1263 698 1292 modum
721 1264 931 1301 intelligendum
953 1268 995 1293 est

154 1310 227 1339 circa
258 1310 329 1338 hanc
360 1309 576 1338 sacratissimam
597 1310 736 1338 unionem.
758 1311 783 1338 Si
806 1311 879 1339 enim
903 1311 995 1348 loqua-

153 1364 217 1384 mur
238 1356 273 1384 de
294 1356 354 1393 ipsa
374 1359 510 1393 quantum
531 1356 565 1384 ad
586 1356 725 1393 speciales
745 1357 806 1385 eius
824 1357 994 1386 conditiones

151 1402 324 1440 sinyz'llatlm
345 1406 490 1440 acceptas,
512 1403 551 1431 sic
578 1406 668 1440 potest
699 1403 803 1432 habere
831 1404 995 1432 convenien-

153 1449 224 1478 tiam
252 1458 316 1478 cum
339 1449 427 1478 modis
448 1450 586 1478 unitatum
608 1449 635 1477 in
657 1450 793 1478 creaturis
815 1451 948 1487 repertis;
970 1451 992 1479 si

152 1499 244 1524 autem
276 1495 425 1532 loquamur
450 1498 584 1532 quantum
607 1495 642 1524 ad
664 1495 854 1524 collectionem
876 1504 991 1525 suarum

151 1543 370 1579 proprietatum,
392 1542 430 1570 sic
452 1542 518 1570 dicit
540 1542 653 1571 modum
675 1543 789 1571 unitatis
809 1543 982 1580 singu-laris.

231 1589 261 1617 Et
282 1589 334 1617 hoc
355 1592 430 1626 patet
451 1589 497 1617 sic.
520 1589 547 1617 ln
570 1589 621 1617 hac
642 1590 715 1618 enim
731 1590 832 1618 unione
854 1590 916 1618 est⁴
932 1598 993 1619 con-

151 1636 275 1664 siderare
296 1635 469 1664 distantiam
491 1635 654 1669 unibilium,
676 1636 785 1664 unionis
797 1636 991 1673 principium,

150 1682 260 1711 unionis
281 1682 438 1710 terminum
459 1685 485 1711 et
507 1682 649 1710 unitorum
669 1682 828 1710 vinculum.
850 1683 990 1718 Quantum

149 1728 185 1757 ad
206 1728 380 1757 distantiam
399 1728 573 1762 ambitium,
595 1736 651 1765 qua
672 1728 768 1756 unitur
790 1728 903 1757 Creator
918 1737 992 1758 crea-

150 1779 244 1809 turae,
276 1775 402 1803 convenit
424 1783 487 1803 cum
509 1774 637 1803 unitate⁵
658 1774 763 1803 votiva.
786 1775 925 1811 Quantum
955 1775 990 1804 ad

149 1822 267 1850 unionis
277 1821 458 1858 principium
471 1821 598 1850 convenit
609 1829 672 1850 cum
684 1821 789 1850 unitate
801 1822 991 1858 potestativa;

149 1869 215 1906 quia
237 1868 299 1897 talis
320 1868 411 1897 unitas
432 1872 474 1897 est
494 1876 530 1896 ex
552 1868 645 1896 divina
667 1868 770 1896 virtute
792 1871 818 1897 et
840 1876 917 1896 mera
932 1877 991 1905 gra-

150 1916 195 1944 tia.
216 1916 356 1952 Quantum
378 1918 470 1943 autem
493 1915 528 1943 ad
549 1914 668 1943 unionis
684 1914 841 1943 terminum
862 1915 990 1944 convenit

149 1970 213 1991 cum
235 1962 340 1990 unitate
360 1962 473 1995 nativa,
488 1969 558 1998 quae
573 1961 685 1998 quidem
702 1961 868 1990 terminatur
882 1962 916 1990 ad
933 1962 988 1990 uni-

149 2012 233 2037 tatem
254 2016 397 2045 personae.
419 2009 559 2045 Quantum
580 2011 674 2036 autem
696 2008 730 2036 ad
752 2008 871 2036 unionis
891 2008 990 2036 vincu-

149 2056 208 2084 lum
231 2056 358 2084 convenit
379 2063 442 2084 cum
469 2055 573 2083 unitate
594 2055 800 2092 eom'uyatz'va,
823 2055 849 2082 in
871 2063 926 2092 qua
948 2058 989 2083 est

151 2102 291 2131 vinculum
315 2105 481 2138 perpetuum
504 2104 531 2130 et
551 2101 696 2129 individua
717 2101 824 2138 copula.
847 2102 987 2137 Quantum

148 2152 241 2177 autem
263 2148 297 2176 ad
320 2156 416 2176 omnes
437 2147 612 2176 conditiones
630 2147 720 2175 simul
734 2147 863 2176 collectas
877 2147 987 2176 nullum

149 2195 262 2224 modum
284 2194 368 2223 habet
388 2194 501 2222 unitatis
522 2194 574 2222 sibi
596 2193 783 2228 consimilem,
805 2193 871 2230 quia
893 2201 988 2230 super-

148 2241 258 2270 excedit
288 2248 397 2269 omnem
430 2244 558 2269 naturam
579 2243 607 2268 et
634 2248 743 2269 omnem
765 2240 847 2268 aliam
870 2241 987 2277 gratiam

148 2295 340 2322 communem,
362 2287 489 2316 videlicet
510 2287 584 2324 quod
600 2287 693 2316 divina
707 2290 807 2315 natura
823 2290 849 2315 et
864 2287 987 2316 humana

146 2335 279 2363 uniantur
302 2335 326 2362 in
348 2342 432 2362 unam
455 2342 602 2371 personam
622 2333 850 2362 indissolubiliter
867 2342 916 2371 per
937 2334 985 2362 Dei

145 2382 304 2419 potentiam.

225 2427 256 2455 Et
277 2427 338 2455 ideo
368 2426 575 2455 concedendum
598 2429 654 2460 est,
676 2425 750 2462 quod
774 2426 836 2454 talis
857 2426 922 2454 unio
944 2434 987 2454 su-

209 2543 215 2557 ¹
237 2542 257 2564 ln
276 2542 323 2564 sest.
347 2542 418 2564 Nativ.
445 2542 540 2564 Domini.
567 2541 610 2563 Csr.
637 2542 715 2563 Franc.
741 2542 782 2563 los.
801 2542 879 2569 otone,
901 2542 983 2570 Hymni

146 2583 206 2604 latini
224 2582 291 2603 nwdii
310 2582 374 2608 aevi,
391 2585 444 2603 tom.
463 2581 483 2602 2.
502 2586 522 2602 n.
541 2581 598 2602 389:

413 2643 534 2670 Pota—state,
551 2648 594 2663 non
613 2645 705 2669 natura,

412 2681 443 2703 Fit
460 2681 552 2702 Creator
568 2684 686 2708 creatura,

411 2720 547 2747 [leportctur
565 2722 587 2741 ut
605 2720 690 2742 sau—tura

411 2759 509 2780 Furtoris
527 2759 547 2780 in
566 2758 644 2785 gloria.

207 2813 216 2828 ²
234 2814 273 2835 llic
289 2814 310 2835 in
329 2813 428 2835 tundam.
447 2813 468 2834 2.
488 2812 561 2834 Verba
581 2812 686 2833 ilci-nardi
706 2812 790 2834 videsis
807 2813 828 2834 in
846 2812 947 2834 tundam.
961 2813 981 2834 3.

146 2865 176 2868 —
193 2852 247 2874 Voci
266 2851 394 2875 unitatibus
413 2851 461 2873 Vnt.
480 2851 602 2878 pras-mittit
619 2849 778 2873 natm-atibus.

208 2890 218 2905 ³
233 2890 304 2912 Cotlrl.
323 2890 354 2911 lL
371 2896 397 2911 aa
415 2896 440 2911 cr:
456 2889 542 2917 ullum,
563 2890 611 2911 Vnt.
624 2889 648 2911 in
660 2888 720 2917 alio,
735 2895 793 2917 quoe
811 2893 834 2911 et
851 2889 918 2917 paulo
932 2893 982 2911 anu:

146 2928 170 2951 in
186 2934 234 2951 uno
251 2929 365 2951 substituit
381 2935 423 2956 pro
441 2934 497 2951 una.

269 2979 294 3002 S.
312 2980 400 3002 Bonan.
419 2992 448 2995 —
466 2980 532 3001 Tom.
551 2979 584 3001 til.

1847 170 1896 197 161

1060 239 1224 275 perexcellit
1236 239 1246 252 ⁸
1267 248 1376 268 omnem
1397 241 1644 271 considerationem
1660 244 1880 281 philosophicam
1893 258 1898 280 ς
1913 251 2011 270 Conclusio
2023 252 2040 270 ³-

1060 292 1110 313 nec
1132 285 1250 319 mirum,
1279 286 1345 323 quia
1371 287 1405 315 ad
1430 287 1516 324 ipsam
1539 289 1587 317 vix
1608 290 1739 327 pertingit
1760 291 1829 319 ratio
1850 301 1901 329 per

1060 330 1143 359 fidem
1165 331 1279 360 elevata.
1304 333 1333 361 Et
1354 333 1416 362 ideo
1445 334 1603 364 Bernartius
1634 337 1788 366 secundum
1819 339 1898 368 istam

1060 377 1190 406 unionem
1222 378 1372 415 assignavit
1393 381 1539 417 specialem
1562 383 1675 411 unitatis
1696 383 1899 420 differentiam,

1059 431 1161 452 vocans
1181 432 1242 452 eam
1275 426 1407 454 unitatem
1430 427 1622 463 dtqnativam.
1644 446 1683 450 —
1703 430 1900 460 Concedendae

1059 473 1123 498 sunt
1144 470 1229 507 igitur
1250 472 1384 506 rationes,
1406 481 1477 510 quae
1500 478 1564 503 sunt
1584 476 1619 504 ad
1642 476 1721 505 istam
1744 480 1859 513 partem.

1139 518 1162 545 1.
1186 517 1223 545 Ad
1245 518 1313 546 illud
1336 526 1401 555 ergo
1423 520 1497 556 quod
1512 520 1640 549 obiicitur
1663 522 1688 550 in
1711 525 1897 558 contrarium,
1911 529 2029 555 summon-

1057 563 1131 599 quod
1163 564 1261 592 similis
1292 568 1333 593 est
1364 566 1459 594 unioni
1488 567 1712 605 coniuyalivae;
1741 570 1794 598 iam
1823 574 1898 607 patet
1912 554 2020 575 pommm'

1057 609 1217 645 responsio:
1239 610 1320 646 quia,
1342 612 1391 639 etsi
1415 612 1449 640 sit
1470 613 1622 642 similitudo
1637 619 1772 652 quantum
1789 618 1823 646 ad
1838 618 1898 646 vz'n-

1056 654 1172 688 culum,
1194 663 1247 683 non
1270 659 1360 685 tamen
1390 661 1430 686 est
1459 658 1611 688 similitudo
1632 664 1766 698 quantum
1789 664 1824 692 ad
1846 668 1898 692 ter-

1055 700 1185 735 minum,
1208 702 1252 730 vel
1274 702 1446 732 distantiam
1468 705 1632 734 unibz'llum.

1133 748 1158 775 2.
1181 747 1219 776 Ad
1243 747 1311 777 illud
1331 750 1406 785 quod
1421 750 1566 786 obiicitur,
1581 753 1655 789 quod
1671 754 1768 783 similis
1783 759 1824 784 est
1839 757 1898 785 uni-

1054 794 1102 821 tati
1123 794 1255 827 nativae,
1278 803 1329 831 pro
1350 803 1382 824 eo
1403 797 1477 833 quod
1499 801 1541 826 est
1566 799 1631 826 unio
1654 800 1680 827 in
1701 808 1838 837 persona;
1859 803 1897 831 di-

1054 839 1191 874 cendum,
1223 841 1298 877 quod
1320 842 1370 870 etsi
1393 843 1427 871 sit
1448 843 1602 872 similitudo
1623 849 1759 881 quantum
1781 847 1816 875 ad
1846 851 1897 876 ter-

1054 885 1184 919 minum,
1206 895 1259 915 non
1283 891 1374 917 tamen
1395 893 1530 926 quantum
1553 891 1588 919 ad
1609 891 1777 926 vinculum,
1799 894 1842 922 vel
1857 894 1897 922 (11-

1052 932 1195 961 slantz'am
1216 934 1382 963 unibz'lz‘um.

1132 978 1157 1007 3.
1178 980 1217 1008 Ad
1249 980 1318 1009 illud
1350 982 1425 1018 quod
1456 983 1600 1018 obiicitur,
1633 985 1707 1021 quod
1729 989 1770 1014 est
1798 987 1895 1016 similis

1053 1025 1151 1054 unitati
1181 1027 1391 1062 potestativae;
1411 1029 1577 1065 dicendum,
1599 1031 1673 1067 quod
1696 1032 1746 1060 etsi
1768 1033 1803 1061 sit
1823 1033 1896 1061 simi-

1053 1072 1141 1101 litudo
1162 1077 1296 1110 quantum
1319 1075 1353 1103 ad
1372 1076 1573 1113 principium,
1589 1078 1655 1114 quia
1670 1081 1789 1116 utraque
1803 1082 1844 1108 est
1859 1088 1894 1109 ex

1052 1118 1155 1147 virtute
1177 1120 1286 1155 divina,
1308 1121 1505 1151 dissimilitudo
1526 1126 1617 1152 tamen
1639 1128 1681 1153 est
1702 1129 1837 1162 quantum
1859 1127 1894 1155 ad

1051 1165 1201 1194 vinculum
1223 1169 1249 1195 et
1270 1171 1406 1204 quantum
1427 1169 1462 1197 ad
1485 1170 1650 1198 terminum.

1129 1212 1155 1240 4,
1178 1212 1215 1241 Ad
1239 1213 1308 1242 illud
1330 1215 1404 1251 quod
1419 1215 1564 1250 obiicitur,
1579 1217 1652 1254 quod
1669 1221 1710 1246 est
1724 1218 1822 1247 similis
1837 1219 1895 1247 uni-

1051 1257 1098 1286 tati
1121 1258 1249 1292 votivae,
1272 1268 1336 1288 cum
1358 1261 1392 1289 sit
1415 1269 1463 1297 per
1484 1263 1620 1299 gratiani;
1637 1263 1801 1298 dicendum,
1818 1266 1892 1302 quod

1050 1307 1092 1333 est
1112 1305 1166 1333 alia
1197 1306 1302 1342 gratiae
1333 1307 1503 1343 differentia,
1525 1317 1580 1346 qua
1601 1310 1693 1338 anima
1715 1313 1810 1340 unitur
1838 1313 1893 1341 Deo

1050 1358 1100 1388 per
1131 1352 1286 1380 caritatem
1314 1352 1491 1390 perfectam,
1518 1359 1545 1383 et
1565 1364 1621 1392 qua
1642 1360 1742 1386 natura
1770 1358 1892 1387 humana

1050 1397 1147 1426 unitur
1178 1399 1269 1427 Verbo
1300 1399 1326 1427 in
1358 1400 1499 1429 unitatem
1521 1410 1685 1438 personae;
1706 1412 1755 1433 nec
1784 1408 1890 1433 tantum

1050 1447 1185 1480 quantum
1207 1446 1242 1473 ad
1265 1444 1317 1474 hoc
1338 1450 1379 1475 est
1400 1447 1570 1482 differentia,
1592 1449 1639 1477 sed
1656 1450 1738 1478 etiam
1754 1455 1888 1487 quantum

1049 1490 1084 1519 ad
1107 1491 1255 1519 vinculum
1277 1495 1303 1521 et
1324 1497 1458 1530 quantum
1474 1495 1509 1523 ad
1526 1495 1703 1530 termimtm;
1722 1501 1749 1525 et
1763 1497 1825 1526 ideo
1840 1498 1891 1526 ista

1049 1537 1115 1565 unio
1136 1537 1199 1566 facit
1220 1538 1390 1575 singularem
1413 1540 1527 1569 modum
1545 1541 1562 1568 ⁷.

1127 1584 1153 1612 Si
1174 1588 1267 1613 autem
1289 1590 1441 1622 quaeratur
1460 1587 1624 1616 sufficientia
1639 1589 1776 1618 unitatum
1799 1590 1891 1619 modo-
1904 1594 1992 1635 ngestio
2005 1595 2032 1613 in-

1049 1638 1111 1658 rum
1133 1631 1356 1668 assignatorum3
1390 1633 1555 1668 dicendum,
1587 1635 1661 1671 quod
1692 1635 1744 1664 ista
1765 1637 1889 1673 quaestio
1914 1623 1930 1635 ω
1946 1622 1986 1636 ⁶⁰⁵⁴

1047 1677 1112 1705 alibi
1126 1678 1135 1691 ⁸
1158 1678 1241 1706 habet
1262 1687 1343 1707 suum
1367 1680 1472 1714 locum,
1493 1684 1520 1709 et
1541 1681 1651 1718 singula
1672 1682 1730 1711 suis
1753 1683 1818 1712 locis
1840 1687 1891 1712 tra-

1047 1724 1147 1752 ctanda
1168 1728 1241 1753 sunt.
1264 1725 1376 1754 illorum
1399 1730 1490 1755 tamen
1512 1736 1611 1756 novem
1634 1729 1780 1757 modorum
1803 1730 1890 1758 unita-

1048 1773 1122 1804 tum,
1144 1779 1213 1808 quos
1236 1772 1394 1802 Bernardus
1415 1773 1550 1810 assignat,
1573 1778 1663 1811 potest
1683 1775 1721 1804 sic
1743 1776 1814 1804 sumi
1835 1776 1888 1805 suf—
1902 1780 1982 1822 Sogigr
1995 1785 2018 1799 ex

1047 1817 1175 1846 ficientia.
1197 1819 1242 1847 Est
1263 1819 1335 1847 enim
1358 1820 1450 1849 unitas
1470 1820 1620 1849 naturalis
1641 1824 1667 1850 et
1686 1822 1839 1858 yraluz'ta,
1862 1826 1889 1851 et
1915 1808 1925 1826 p
1970 1817 1973 1821 ’

1047 1864 1138 1893 unitas
1159 1873 1247 1901 saper
1268 1869 1424 1903 utramque
1438 1867 1601 1895 constituta.
1623 1867 1716 1896 Unitas
1730 1872 1823 1896 autem
1838 1877 1888 1897 na·
1902 1872 1966 1914 ffi‘ffi
1985 1879 2017 1892 ua-

1047 1911 1154 1939 taralis
1175 1915 1216 1940 est
1239 1912 1264 1940 in
1286 1913 1462 1950 quadruplici
1478 1913 1641 1942 differentia.
1657 1914 1797 1950 Quaedam
1814 1916 1885 1944 enim
1951 1902 1973 1914 ιδ’

1046 1961 1088 1986 est
1108 1966 1158 1995 per
1179 1959 1416 1996 ayqreqatlonem
1436 1968 1530 1988 rerum
1546 1960 1733 1989 differentium
1750 1961 1888 1991 distincta-

1047 2012 1126 2039 rum,
1147 2005 1218 2034 sicut
1240 2006 1331 2034 unitas
1352 2005 1506 2034 collectiva.
1529 2007 1672 2042 Quaedam
1685 2006 1694 2020 ⁹
1715 2011 1755 2036 est
1771 2016 1820 2044 per
1835 2008 1888 2036 eol-

1046 2051 1211 2089 lz'yationem
1233 2060 1327 2080 rerum
1349 2052 1502 2081 formaliter
1523 2053 1727 2088 differentium,
1749 2055 1806 2083 sive
1828 2063 1887 2091 par-

1046 2098 1115 2126 tium
1138 2099 1402 2135 lieterogenearu11i3
1424 2103 1451 2128 et
1472 2099 1511 2128 sic
1526 2103 1567 2127 est
1582 2100 1674 2128 unitas
1689 2101 1884 2129 constitutiva.

1045 2145 1187 2181 Quaedam
1209 2153 1258 2182 per
1274 2146 1494 2174 coniunctionem
1509 2145 1704 2183 differentium
1718 2156 1807 2180 sexu,
1827 2156 1886 2184 ope-

1045 2191 1158 2220 ratione
1188 2192 1438 2226 convenientium;
1459 2196 1486 2221 et
1506 2193 1545 2221 sic
1565 2197 1607 2222 est
1628 2194 1720 2222 unitas
1749 2194 1885 2231 coniuga-

1045 2238 1113 2266 tiva.
1126 2238 1266 2274 Quaedam
1284 2247 1332 2275 per
1343 2239 1474 2267 unionem
1490 2238 1683 2277 differentium
1699 2244 1882 2268 natm-arum

1045 2285 1075 2312 in
1090 2285 1226 2313 unionem
1241 2286 1478 2314 concurrentiam
1490 2296 1499 2319 ;
1513 2290 1540 2314 et
1555 2287 1593 2314 sic
1608 2290 1650 2314 est
1665 2287 1756 2315 unitas
1771 2287 1881 2316 nativa.

1044 2348 1082 2351 —
1104 2331 1197 2360 Unitas
1228 2335 1320 2360 autom
1351 2332 1487 2368 gratuita
1509 2332 1636 2361 similiter
1657 2337 1777 2370 quatuor
1800 2334 1881 2362 habet
1895 2335 2012 2377 iffiissfssm'

1044 2377 1230 2406 differentias:
1252 2382 1300 2406 aut
1322 2378 1393 2406 enim
1416 2381 1457 2406 est
1488 2379 1579 2407 unitas
1609 2379 1738 2407 eiusdem
1766 2379 1883 2408 animae

1044 2425 1085 2453 ad
1104 2433 1134 2452 se
1154 2424 1308 2452 secundum
1338 2428 1461 2453 statuum
1493 2425 1697 2459 diversitatem,
1729 2428 1756 2454 et
1781 2426 1819 2454 sic
1841 2430 1881 2454 est

1103 2540 1113 2555 ⁴
1130 2541 1201 2563 Codd.
1219 2540 1469 2562 AGlllKLN'I'UZ
1487 2547 1511 2562 aa
1530 2541 1551 2563 el
1568 2542 1607 2563 esl.

1104 2579 1113 2593 ⁵
1131 2580 1221 2601 Plurimi
1245 2579 1311 2601 codd.
1334 2578 1439 2602 convenil
1460 2578 1539 2601 imitas
1558 2578 1650 2606 *votivus
1673 2580 1693 2601 in
1718 2586 1761 2608 qua
1786 2580 1879 2602 tectione.

1041 2619 1123 2646 supple
1145 2624 1199 2640 cam
1221 2617 1278 2646 ipsa.
1306 2618 1373 2639 l'uulo
1393 2618 1485 2639 inst-rius
1506 2624 1547 2645 pro
1567 2624 1634 2640 mera
1652 2618 1732 2647 qratia
1751 2619 1817 2641 codd.
1831 2620 1849 2641 l<
1863 2620 1878 2641 Z

1041 2663 1128 2686 maqna
1142 2656 1228 2685 qratia.

1102 2696 1112 2710 ὃ
1129 2696 1199 2717 Codd.
1217 2696 1235 2717 G
1246 2696 1261 2717 11
1273 2696 1278 2717 1
1290 2696 1307 2717 Κ
1320 2695 1334 2716 L
1345 2695 1360 2716 Ν
1371 2695 1389 2716 Τ
1401 2695 1417 2717 U
1428 2695 1447 2717 x
1459 2696 1473 2716 Ἀ
1491 2702 1515 2717 aa
1534 2696 1717 2724 superexcessit,
1737 2697 1787 2718 cod.
1807 2697 1823 2718 Α
1841 2703 1878 2719 sit-

1039 2733 1201 2763 pereoecrescit.
1221 2734 1287 2755 Paulo
1306 2734 1397 2756 iuferius
1415 2740 1457 2761 pro
1474 2734 1543 2758 islam
1571 2734 1679 2757 unionem
1697 2736 1748 2757 edd.
1772 2737 1793 2763 t,
1812 2737 1824 2758 2
1843 2743 1878 2759 ox-

1041 2773 1118 2795 hsswnt
1135 2772 1204 2795 islam
1220 2772 1352 2801 opinionem
1368 2776 1389 2795 et
1407 2773 1458 2795 dein
1477 2780 1518 2801 pro
1543 2773 1657 2796 unitatem
1676 2773 1822 2803 (Itynalz'onm
1840 2782 1877 2803 po-

1040 2816 1133 2833 suorum
1150 2811 1255 2834 animum
1274 2811 1370 2833 unilulis
1386 2811 1531 2841 ‹liquatioam
1549 2813 1581 2840 (1).

1102 2850 1111 2864 7
1128 2850 1171 2872 (It'r.
1189 2856 1257 2878 supra
1276 2850 1297 2872 d.
1317 2851 1337 2872 2.
1355 2857 1374 2872 11.
1393 2851 1414 2873 3.
1432 2858 1453 2880 q.
1472 2852 1494 2873 2.

1102 2888 1111 2903 ⁸
1129 2889 1217 2911 scilicet
1234 2890 1254 2911 in
1274 2891 1435 2918 metaphysica.

1101 2927 1111 2941 ⁹
1128 2928 1219 2950 Plurimi
1237 2928 1304 2950 codd.
1322 2929 1357 2950 liic
1375 2930 1449 2957 inopte
1467 2933 1571 2957 repetunt
1588 2929 1656 2953 enim.

1721 2983 1744 3003 21
