2166 3366
11 2348 107 2392 d‘opposi·

734 185 817 213 DlST.
839 185 869 213 V.
892 185 955 213 ΛΒΤ

111 266 150 289 bet
167 269 266 289 creatam
283 263 434 288 substantiam
457 264 599 292 singularem
624 270 666 292 per
691 264 810 291 propriam
833 264 954 285 essentiam

112 305 197 327 hahere
213 304 341 334 potentiam
359 310 400 332 per
417 310 441 326 se
458 306 480 326 et
496 304 518 325 in
536 309 560 325 se
581 302 734 329 subsistendi,
753 303 808 331 quin
825 303 899 331 aliqua
917 302 955 324 ad·

111 344 196 366 ditione
213 343 242 366 ad
260 345 302 366 hoc
320 342 434 372 indiyeat,
449 345 483 365 ast
495 343 563 364 etiam
575 342 629 370 quin
642 340 786 364 excludatur
803 340 952 370 possibilitas,

112 383 176 412 quod
192 389 204 405 a
222 382 269 404 Deo
286 383 315 404 ita
333 382 423 404 uniatur
440 381 477 403 aiii
494 380 649 407 substantiae,
668 383 693 402 ut
719 386 762 402 non
788 380 896 402 subsistat
914 380 956 402 nisi

113 421 268 449 dependenter
293 420 322 443 ab
348 421 396 448 iila,
422 420 458 442 cui
484 420 675 441 communicatur.
698 419 754 441 ilinc
772 418 887 447 quaelibet
904 418 956 441 sub-

112 461 191 482 stantia
208 459 377 489 subsistentiam
395 459 462 481 etiam
480 457 599 481 actualem
611 458 632 479 in
645 464 669 479 se
687 457 755 480 habet
772 463 799 479 eo
817 458 880 485 ipso,
893 456 956 485 quod

113 505 157 521 non
175 500 266 521 uniatur
283 499 318 521 aiii
330 498 470 521 substantiae
482 497 620 530 subsistenti.
633 497 720 525 Quodsi
733 497 755 518 S.
773 497 855 518 Thom.
874 497 957 525 aliique

113 539 199 567 antiqui
216 538 305 563 dicunt,
324 537 388 566 quod
404 535 553 566 suppositum
578 536 648 559 addat
664 535 751 564 aliquid
767 536 883 563 naturae,
904 537 957 557 tunc

113 579 156 600 hoc
173 577 346 605 intelligendum
371 583 421 599 esse
445 576 525 598 volunt
550 575 579 598 de
600 579 696 603 natura,
715 578 827 604 quatenus
844 575 957 602 significat

113 616 237 640 essentiam
254 615 343 645 speciei.
357 616 386 637 ita
399 621 442 637 non
455 615 522 642 pauci
541 620 583 636 nec
594 614 717 642 spernendi
730 615 880 641 recentiores,
898 613 957 635 duce

113 654 208 677 Claudio
226 654 331 682 Tiphano
343 654 365 676 S.
378 653 392 675 Ι.
410 653 545 681 (Declaratio
563 659 589 674 ac
606 653 708 675 defensio
725 652 858 674 scholastica
877 651 957 674 doctri-

113 700 156 716 nae
172 694 206 716 Ss.
220 694 311 715 Patrum
328 693 478 721 Doctorisque
498 692 594 720 angelici
611 691 640 713 de.
661 692 777 720 hypostasi
800 697 826 713 ac
847 696 956 719 persona,

114 734 246 761 Mussiponti
269 731 347 760 i634);
365 732 404 760 qui
421 732 488 753 etiam
501 731 535 753 Ss.
548 731 662 753 Thomam
675 734 696 753 et
714 730 896 752 Bonaventuram
914 729 957 751 sibi

115 772 234 800 suffragari
253 772 339 793 volunt.

177 812 208 833 iii.
225 811 247 832 S.
265 810 350 832 Bonav.
370 811 406 832 hic
422 813 444 832 et
466 809 518 831 aiibi
536 809 565 831 de
586 810 673 831 ratione
691 809 781 830 unionis
802 808 958 836 hypostaticae

114 850 168 873 nihii
185 850 249 878 dicit,
262 849 325 878 quod
339 855 383 871 non
401 849 488 876 optime
500 848 620 870 conveniat
632 854 685 870 cum
697 847 799 869 doctrina
812 847 834 869 S.
847 846 958 868 Thomae.

114 889 229 911 Praedicta
247 893 323 911 autem
341 888 444 917 quaestio
460 886 634 917 philosophica,
654 886 710 915 quid
720 891 823 915 persona
840 885 909 908 addat
921 892 959 907 su-

113 935 154 957 pra
167 931 272 950 naturam
289 927 429 955 singularem
443 927 566 949 humanam
589 926 662 954 (quae
681 931 736 947 sane
752 925 893 947 connectitur
905 929 958 946 enm

114 967 301 995 profundissimis
323 965 505 994 problematibus
527 964 711 992 metaphysicis),
733 970 744 986 a
769 967 844 986 nostro
862 964 959 985 Doctore

114 1007 217 1034 explicite
235 1012 279 1027 non
298 1008 412 1027 tractatur.
437 1005 491 1026 ilinc
508 1005 528 1026 ei
550 1011 562 1026 a
580 1003 678 1025 diversis
699 1002 832 1025 auctoribus
852 1003 959 1024 diversae

115 1046 239 1068 sententiae
256 1044 339 1066 dehac
357 1050 380 1066 re
393 1043 554 1065 attribuuntur.
574 1043 594 1064 Ρ.
608 1042 705 1064 Barthoi.
724 1048 735 1063 a
749 1041 862 1064 Barbcriis
880 1041 958 1068 (Curs.

115 1085 235 1111 theologie.
253 1087 267 1105 t.
285 1083 308 1105 ii.
326 1083 384 1110 disp.
404 1083 424 1104 2.
443 1089 464 1110 q.
488 1082 519 1110 i.)
538 1087 592 1103 cum
609 1081 658 1103 aliis
669 1087 722 1103 eum
741 1082 833 1108 exponit
850 1082 909 1103 iuxta
927 1086 959 1103 se-

115 1122 218 1146 cundam
234 1123 377 1150 opinionem,
390 1121 506 1143 atterendo
519 1121 567 1142 ilios
582 1121 654 1148 iocos,
672 1120 711 1148 qui
724 1119 815 1148 aliquod
833 1120 959 1147 positivum

115 1163 195 1185 rationi
212 1167 323 1189 personae
339 1160 472 1183 attribuunt.
490 1160 512 1182 Ρ.
530 1160 631 1182 Matthias
649 1159 753 1182 iiauzcur
770 1159 877 1188 (Collatio
891 1160 959 1182 totius

115 1201 182 1224 theol.
199 1203 213 1223 t.
232 1200 254 1222 il.
273 1200 314 1222 eoi.
332 1199 377 1221 267
395 1199 469 1228 seqq.)
486 1204 530 1220 non
545 1199 593 1220 sine
611 1199 716 1220 acumine
734 1198 917 1220 Bonaventuram
938 1200 959 1220 et

115 1241 208 1262 Scotum
221 1240 253 1261 sic
265 1239 367 1266 exponit,
381 1241 405 1260 ut
416 1244 461 1260 non
474 1237 516 1260 sibi
534 1237 704 1264 contradicant,
715 1237 755 1259 sed
769 1237 844 1264 potius
860 1237 959 1259 invicem

115 1279 243 1307 suppleant.
261 1278 368 1300 Similiter
385 1277 517 1299 defensores
533 1277 633 1306 quartae
655 1277 778 1298 sententiae
796 1278 910 1304 asserunt,
933 1282 959 1298 ca

117 1325 176 1347 quae
192 1319 214 1340 in
232 1318 274 1340 hae
291 1320 379 1346 quaest.
396 1319 418 1338 et
435 1316 488 1338 alibi
511 1316 531 1337 in
550 1316 594 1337 hoc
615 1315 673 1337 libro
691 1315 722 1336 iii.
740 1315 800 1337 56111Δ
824 1318 959 1342 occurrunt,

117 1364 182 1380 suam
195 1363 288 1379 causam
301 1360 379 1384 apt-rte
391 1356 510 1378 sustinere.
523 1367 553 1370 —
566 1354 675 1376 iudicium
689 1354 717 1376 de
730 1355 764 1376 his
776 1355 871 1382 sapienti
884 1354 961 1376 lectori

117 1397 268 1423 remittentes,
286 1398 392 1417 notamus
410 1397 497 1416 tantum
510 1394 647 1421 praecipuos
659 1393 721 1415 locos
738 1396 760 1415 et
777 1392 859 1415 modos
870 1393 962 1421 loquen-

117 1436 140 1458 di
157 1435 186 1458 ad
201 1436 260 1457 hanc
271 1440 320 1456 rem
337 1437 477 1462 spectantes,
490 1433 528 1461 qui
546 1433 614 1455 etiam
632 1432 653 1454 in
671 1432 719 1454 aliis
741 1433 808 1454 huius
825 1432 876 1454 iibri
894 1438 961 1460 quae-

117 1474 229 1497 stionibus
245 1474 399 1496 inveniuntur.
418 1472 490 1494 Hicin
509 1472 574 1494 solut.
587 1471 615 1493 ad
637 1472 654 1493 1.
668 1472 688 1493 ⁵2.
706 1472 727 1493 3.
745 1472 785 1493 tria
804 1471 832 1493 ad
850 1472 961 1493 rationem

117 1518 229 1541 personae
252 1512 414 1540 requiruntur,
435 1511 520 1532 scilicet
540 1509 713 1539 singulatim-5,
736 1509 962 1533 incommunicabili-

119 1553 166 1580 tas,
185 1550 288 1580 dignitas
306 1550 358 1578 (eir.
377 1550 436 1572 Alex.
455 1550 510 1577 ilai„
528 1549 550 1571 S.
569 1555 591 1577 p.
612 1549 642 1571 iii.
660 1556 681 1577 q.
706 1548 726 1571 4.
754 1555 783 1571 ιιι.
809 1550 837 1575 6,
863 1550 901 1571 ubi
925 1556 962 1571 ea-

119 1591 172 1614 dem
184 1593 327 1619 ponuntur),
345 1590 400 1618 quin
418 1593 493 1611 tamen
512 1588 572 1611 ratio
586 1587 696 1617 formalis
714 1594 825 1616 personae
843 1588 961 1616 indicetur,

117 1631 175 1652 sicut
198 1635 240 1651 nec
259 1629 315 1651 int'ra
338 1628 360 1651 d.
383 1629 415 1650 10,
437 1635 456 1650 a.
483 1628 501 1650 i.
527 1635 548 1656 q.
567 1628 593 1655 3,
611 1628 744 1655 praesertim
762 1628 783 1648 in
802 1627 858 1655 tine,
877 1627 915 1649 ubi
934 1627 962 1649 de

117 1668 238 1692 individuo
255 1670 277 1690 et
292 1667 412 1697 supposito
429 1668 511 1695 agitur.
530 1666 584 1689 ibid.
602 1674 623 1695 q.
642 1667 663 1689 2.
685 1666 714 1688 ad
733 1667 753 1689 2.
776 1666 881 1694 docetur,
899 1665 962 1694 quod

118 1707 221 1730 Christus
237 1710 261 1729 ut
279 1707 348 1728 homo
365 1709 398 1728 est
416 1711 453 1728 res
465 1704 580 1734 completa
597 1704 663 1728 omni
673 1704 824 1734 completione
837 1704 959 1732 absoluta,

119 1753 163 1769 non
181 1749 258 1769 autem
275 1745 414 1775 respectiva,
429 1751 489 1773 quae
506 1748 540 1767 est
556 1744 654 1772 dignitas
666 1744 887 1772 superexcellentiae.
906 1743 961 1766 ibid.

118 1785 148 1808 ad
165 1785 185 1807 3.
204 1785 301 1812 dicitur,
320 1784 383 1813 quod
401 1787 480 1806 natura
499 1784 640 1811 hypostatice
659 1784 719 1805 unita
738 1782 836 1811 digniori
854 1788 898 1804 non
922 1788 963 1810 po-

119 1826 161 1847 test
186 1823 270 1846 habere
293 1829 359 1846 suam
382 1823 500 1851 propriam
524 1822 719 1851 personalitatem,
743 1821 783 1844 sed
806 1821 864 1844 bene
883 1825 962 1844 natura

118 1863 210 1892 dignior
227 1863 287 1885 unita
307 1863 383 1885 minus
400 1862 490 1890 dignae.
508 1862 563 1884 item
581 1861 610 1884 ad
629 1860 649 1884 4.
667 1861 762 1889 legitur,
780 1860 842 1890 quod
860 1866 963 1890 persnmt

119 1902 166 1925 duo
184 1902 248 1930 dicit,
270 1903 355 1924 scilicet.
377 1902 530 1930 hypostasim,
553 1900 577 1923 in
595 1907 641 1930 qua
663 1901 697 1923 est
718 1899 869 1923 subsistentia
891 1899 962 1923 totius

958 207 964 213 .
986 184 1014 212 ΙΙ.
1037 184 1173 221 QUAEST.
1194 184 1235 212 iii.
1804 183 1857 211 '135

1012 268 1060 285 esse
1082 262 1129 290 rei,
1153 266 1175 285 et
1198 263 1360 290 proprietatem
1382 261 1577 291 supereminentis
1602 261 1741 291 alyni'tatis;
1764 262 1859 289 insuper

1013 301 1075 330 qnod
1093 302 1115 323 in
1138 302 1255 329 hypostasi
1278 301 1354 323 divina
1378 300 1583 330 substantificatur
1604 301 1678 323 totum
1696 305 1744 322 esse
1764 298 1858 322 Ciu-isti.

1013 340 1099 362 Deinde
1117 340 1146 362 ad
1164 340 1185 362 5.
1204 340 1310 367 docetur,
1328 340 1391 368 quod
1404 343 1483 362 natura
1502 340 1600 361 humana
1619 339 1713 366 Christi,
1731 339 1749 360 si
1767 344 1860 366 separa-

1014 382 1087 407 retur,
1109 385 1137 401 eo
1154 379 1204 406 ipso
1226 379 1295 401 alium
1313 378 1409 401 modum
1427 378 1543 401 existendi
1559 378 1658 406 [scilicet
1674 376 1859 406 substantialem]

1015 417 1109 440 haberet
1120 421 1142 440 et
1159 417 1223 440 fieret
1234 424 1339 445 persona.
1359 417 1413 439 lbid.
1432 424 1454 446 q.
1467 418 1487 439 3.
1501 418 1647 445 suppositum
1660 417 1790 439 nominatur
1806 416 1861 446 fitn-

1014 456 1151 480 [Iamentum
1169 456 1239 479 totins
1252 455 1388 480 ecristentiae
1400 456 1532 485 naturalis,
1556 465 1565 477 α
1579 457 1600 478 111
1614 463 1660 485 quo
1678 458 1752 479 totum
1764 463 1813 480 esse
1825 458 1860 481 rei

1014 495 1134 519 stabilitur
1150 496 1172 518 et
1187 495 1311 525 fundatur.
1332 496 1426 523 insuper
1443 496 1482 517 cir.
1501 495 1531 517 ibi
1549 502 1613 524 seqq.
1632 502 1678 524 111.,
1696 498 1718 518 61
1730 496 1751 518 d.
1770 496 1790 518 6.
1804 503 1824 519 a.
1841 497 1858 518 i.

1015 542 1036 563 q.
1056 536 1076 557 i.
1094 536 1228 563 praesertim
1245 535 1274 557 ad
1292 536 1312 556 6.
1330 538 1351 557 et
1363 542 1385 564 q.
1406 535 1434 561 3,
1452 535 1505 557 (1.2,
1519 541 1540 563 q.
1563 535 1580 557 i.
1599 536 1624 562 2,
1644 535 1665 557 d.
1687 536 1704 557 1.
1723 542 1742 558 a.
1759 536 1777 558 1.
1792 542 1814 564 q.
1833 537 1860 564 2,

1015 574 1037 596 tl.
1051 575 1071 596 2.
1084 580 1103 596 a.
1117 574 1137 596 3.
1151 580 1172 602 q.
1186 573 1206 596 4.
1224 574 1246 595 in
1259 574 1302 595 tine
1315 573 1359 601 (de
1377 574 1448 601 gratia
1466 574 1566 603 unionis)
1578 577 1600 596 et
1612 575 1647 596 hic
1665 581 1686 603 q.
1704 575 1810 602 praeced.
1832 575 1860 598 ad

1016 614 1036 635 2.
1055 613 1075 635 3.
1094 613 1114 635 4.

1079 652 1101 673 111
1124 652 1157 674 his
1175 652 1270 680 aliisque
1288 651 1342 673 locis
1359 651 1445 679 passim
1463 652 1562 673 occurrit
1579 652 1679 679 phrasis,
1698 652 1761 680 quod
1778 653 1799 674 in
1823 653 1861 680 hy-

1017 691 1100 719 postasi
1119 691 1168 712 sive
1180 691 1202 711 in
1214 690 1334 718 supposito
1348 691 1396 711 sire
1409 690 1430 712 in
1444 696 1541 718 persona
1555 691 1629 713 totam
1641 696 1689 713 esse
1701 690 1736 713 rei
1751 690 1861 714 snbstan-

1016 728 1126 758 tificatttr.
1147 728 1250 751 Verbum
1266 727 1453 758 substantificari
1468 732 1569 751 sumtum
1583 732 1616 751 est
1628 736 1654 751 ex
1667 730 1741 752 Latina
1755 731 1860 753 versione

1016 768 1116 795 Dionysii
1135 767 1163 789 de
1186 767 1235 789 niv.
1259 768 1324 789 Nom.
1346 767 1379 795 (c.
1403 767 1423 790 4.
1441 768 1454 795 ς
1476 768 1527 795 20.)
1545 774 1570 789 ac
1588 768 1655 795 Epist.
1679 767 1698 790 4.
1719 768 1747 790 ad
1764 768 1860 797 Caium,

1016 809 1038 828 et
1050 807 1156 834 exprimit
1168 806 1280 828 Graecum
1298 805 1397 828 verbum
1410 803 1553 834 οὗσιοῦσθαι,
1567 809 1590 828 111
1602 807 1647 828 iam
1665 808 1795 829 notavimus
1807 810 1861 829 tom.

1017 845 1040 867 li.
1059 851 1112 873 pag.
1130 845 1187 872 8152,
1206 848 1257 866 nota
1275 845 1302 872 6,
1314 848 1336 866 et
1353 851 1423 872 supra
1442 851 1494 873 pag.
1512 845 1548 872 10,
1567 848 1617 867 nota
1632 844 1652 867 4.
1670 845 1692 867 S.
1711 845 1794 867 Bonav.
1813 852 1862 868 ver-

1017 884 1072 906 bum
1090 883 1280 913 substantificam
1292 884 1395 912 inteiligit
1407 884 1435 906 de
1448 890 1475 905 eo
1488 884 1644 909 fundamento,
1657 884 1719 912 quod
1731 883 1862 914 hypostasis

1017 924 1055 946 dat
1075 924 1185 946 naturae.
1202 923 1288 945 Eodem
1314 923 1387 945 verbo
1413 923 1482 945 utitur
1509 923 1576 945 ctiam
1602 923 1624 944 S.
1647 923 1728 945 Thom.
1756 923 1862 951 (Quaest.

1018 963 1100 991 disput.
1120 963 1147 985 de.
1165 963 1251 985 Unione
1264 962 1334 984 Verbi
1347 962 1432 984 incarn.
1450 968 1470 984 a.
1484 961 1527 990 4.),
1540 962 1581 983 sed
1597 968 1641 984 non
1657 962 1678 983 in
1691 962 1773 984 eodem
1786 968 1862 989 sensu,

1017 1008 1070 1024 cum
1088 1002 1148 1024 dicat
1167 1001 1196 1023 de
1210 1007 1315 1030 persona
1333 1001 1391 1028 Filii,
1413 1000 1475 1029 quod
1498 1001 1651 1028 «simpliciter
1670 1000 1863 1023 substantificatur

1005 1042 1058 1069 'per
1071 1044 1174 1063 naturam
1193 1040 1295 1062 divinam
1307 1048 1327 1062 ».
1344 1052 1376 1056 —
1392 1040 1433 1061 Alii
1452 1040 1493 1061 loci
1516 1040 1537 1061 S.
1562 1040 1646 1062 Bonav.
1670 1039 1699 1061 ad
1717 1040 1774 1061 hanc
1796 1046 1863 1068 quae-

1017 1080 1113 1102 stionem
1131 1082 1259 1108 spectantes
1282 1079 1354 1101 videri
1373 1080 1470 1106 possunt
1486 1079 1508 1100 in
1526 1079 1593 1101 citato
1610 1079 1708 1107 scholio,
1728 1079 1742 1101 1.
1761 1080 1821 1101 Seni.
1840 1079 1862 1101 d.

1018 1119 1054 1141 ⁴25.
1072 1125 1092 1141 a.
1114 1119 1130 1140 1.
1148 1126 1170 1147 q.
1193 1119 1217 1146 i,
1236 1118 1275 1141 ubi
1294 1119 1362 1141 etiam
1385 1124 1492 1146 expressa
1518 1119 1617 1140 auctoris
1635 1118 1705 1140 verba
1724 1119 1863 1147 afferuntur,

1018 1158 1080 1187 quod
1098 1159 1196 1186 prix-atio
1214 1158 1383 1180 communitatis
1401 1158 1422 1179 in
1441 1163 1538 1185 persona
1558 1157 1632 1185 magis
1649 1158 1677 1179 sit
1691 1156 1775 1186 positio
1794 1164 1863 1186 quam

1018 1198 1123 1225 privatio.
1140 1196 1185 1219 Cir.
1209 1197 1276 1218 etiam
1294 1197 1316 1218 li.
1335 1197 1396 1218 Sent.
1414 1196 1436 1218 d.
1459 1196 1480 1218 3.
1502 1203 1524 1224 p.
1548 1197 1562 1218 l.
1586 1203 1605 1218 a.
1628 1197 1644 1218 i.
1669 1203 1690 1225 q.
1715 1197 1735 1218 2.
1753 1197 1775 1218 in
1793 1203 1864 1225 corp.,

1018 1236 1057 1259 ubi
1075 1239 1154 1258 auctor
1171 1235 1275 1257 diversos
1296 1234 1387 1264 =aradus
1405 1234 1564 1257 subsistentiae
1585 1235 1704 1263 distinguit
1721 1238 1789 1263 atque
1812 1235 1864 1257 sub-

1018 1277 1105 1299 stantiis
1116 1275 1286 1304 spiritualibus,
1299 1278 1324 1297 ut
1340 1274 1420 1297 formis
1437 1274 1626 1302 subsistentibus,
1645 1275 1747 1296 altiorem
1765 1275 1864 1303 gradum

1019 1316 1041 1338 in
1067 1321 1150 1343 genere
1175 1314 1315 1337 substantiae
1335 1316 1357 1336 et
1381 1313 1541 1336 subsistentiae
1564 1314 1671 1336 vindicat.
1695 1314 1726 1336 De
1752 1314 1864 1342 personali

1020 1354 1155 1377 discretione
1172 1354 1194 1376 in
1207 1353 1299 1381 Angelis
1317 1353 1392 1381 agitur
1403 1352 1458 1375 ibid.
1478 1359 1497 1375 a.
1516 1353 1536 1375 2.
1555 1359 1576 1381 q.
1593 1353 1613 1375 2.

1082 1392 1200 1421 Quidquid
1216 1395 1292 1414 autem
1309 1392 1337 1414 sit
1360 1391 1387 1413 de
1406 1393 1448 1414 hac
1470 1392 1602 1420 quaestione
1623 1392 1790 1419 philosophica,
1809 1391 1864 1420 quid

1019 1433 1075 1455 ratio
1082 1437 1198 1461 personae
1210 1430 1327 1453 hamanus
1339 1431 1408 1453 addat
1420 1431 1533 1453 humanae
1548 1433 1652 1458 naturae;
1662 1433 1722 1453 extra
1736 1433 1865 1453 controver·

1019 1472 1076 1493 siam
1089 1475 1132 1498 est,
1151 1470 1213 1499 quod
1231 1470 1285 1492 unio
1302 1470 1444 1498 hypostatica
1461 1470 1483 1491 in
1501 1468 1589 1491 Christo
1607 1469 1631 1491 tit
1643 1475 1684 1497 per
1699 1477 1709 1489 α
1722 1468 1864 1491 additionem

1020 1511 1127 1537 alicuius,
1145 1509 1207 1538 quod
1229 1512 1262 1531 est
1274 1503 1344 1536 supra
1357 1509 1480 1530 humanam
1500 1510 1616 1534 naturam,
1635 1507 1698 1536 quod
1718 1511 1751 1529 est
1770 1508 1823 1529 unio
1836 1508 1865 1530 ad

1020 1549 1122 1571 divinam
1139 1553 1262 1576 personam
1274 1556 1283 1567 u
1305 1547 1340 1575 (S.
1359 1547 1449 1575 Thom.,
1470 1548 1491 1568 S.
1510 1547 1540 1568 iil.
1559 1553 1580 1575 q.
1600 1546 1619 1568 4.
1633 1553 1653 1568 a.
1672 1547 1693 1568 ⁴2.
1711 1546 1740 1568 ud
1757 1546 1799 1575 2.),
1819 1552 1865 1575 quo

1020 1589 1133 1610 humanae
1150 1588 1172 1608 in
1189 1586 1278 1609 Christo
1290 1590 1384 1609 naturae
1400 1586 1516 1608 confertur
1527 1585 1612 1608 mottus
1623 1584 1739 1608 εει-1311111111
1755 1586 1775 1608 et
1792 1584 1867 1608 subsi-

1019 1625 1095 1650 stendz·
1111 1632 1207 1654 prorsus
1224 1626 1306 1648 unicus
1323 1628 1344 1648 et
1361 1625 1460 1653 dignitas
1478 1625 1570 1647 infinita.

1084 1665 1120 1687 iV.
1139 1665 1170 1687 De
1188 1666 1236 1692 ipsa
1249 1665 1394 1693 quaestione:
1412 1664 1473 1686 Alex.
1486 1664 1541 1691 Hal,
1559 1664 1581 1686 S.
1601 1670 1622 1692 p.
1637 1664 1668 1686 iil.
1680 1670 1701 1692 q.
1715 1663 1736 1686 4.
1753 1670 1783 1686 m.
1802 1664 1822 1685 6.
1836 1676 1867 1679 -

1020 1706 1087 1732 Scot.,
1105 1705 1127 1726 in
1145 1707 1243 1732 utroque
1260 1704 1349 1732 Scripto
1367 1704 1404 1726 hic
1420 1710 1442 1732 q.
1456 1704 1476 1725 2.
1488 1715 1520 1719 —-
1531 1703 1553 1725 S.
1572 1703 1662 1731 Thom.,
1679 1703 1715 1725 hic
1732 1710 1753 1732 q.
1775 1704 1793 1725 i.
1806 1709 1825 1725 a.
1839 1703 1864 1732 3,

1021 1750 1043 1772 q.
1062 1744 1083 1766 3.
1096 1750 1115 1766 a.
1129 1744 1153 1771 3,
1166 1744 1188 1766 S.
1206 1743 1238 1765 lii.
1256 1749 1278 1772 q.
1297 1744 1317 1765 2.
1335 1749 1355 1765 a.
1368 1743 1389 1765 2.
1402 1749 1423 1771 q.
1438 1742 1459 1765 4.
1471 1749 1491 1765 a.
1505 1743 1531 1771 2,
1544 1743 1565 1764 S.
1579 1748 1599 1765 c.
1611 1743 1675 1764 Gent.
1690 1743 1724 1765 lV.
1738 1749 1756 1764 c.
1770 1742 1806 1764 34.
1825 1743 1865 1770 383

1021 1783 1112 1811 Quaest.
1126 1782 1185 1810 disp.
1198 1782 1226 1804 (16
1238 1782 1325 1804 Unione
1344 1781 1413 1804 Verbi
1426 1784 1467 1804 etc.
1484 1788 1504 1803 a.
1523 1782 1544 1803 2.
1554 1794 1583 1797 —
1593 1782 1617 1803 Β.
1629 1781 1720 1809 Albert.,
1738 1782 1774 1804 hic
1791 1788 1810 1804 a.
1833 1781 1865 1804 14.

1022 1834 1051 1837 -
1061 1822 1117 1844 Petr.
1131 1828 1142 1844 a
1156 1821 1218 1849 Tar.,
1231 1821 1267 1843 hic
1279 1827 1301 1849 q.
1315 1820 1335 1843 4.
1348 1827 1367 1843 a.
1381 1821 1402 1843 2.
1415 1833 1446 1836 —
1457 1820 1562 1843 Richard.
1576 1827 1588 1842 a
1600 1820 1666 1849 Med„
1683 1821 1719 1842 hic
1730 1827 1749 1843 a.
1763 1821 1783 1843 2.
1802 1827 1824 1849 q.
1845 1822 1865 1849 ⁴2,

1021 1867 1041 1884 a.
1060 1860 1080 1883 4.
1099 1867 1121 1889 q.
1139 1861 1160 1883 2.
1173 1860 1289 1888 —AEgid.
1307 1860 1341 1888 R„
1360 1860 1396 1882 hic
1408 1866 1429 1888 q.
1448 1860 1469 1882 2.
1482 1866 1501 1882 a.
1520 1860 1545 1888 3,
1564 1866 1586 1888 q.
1605 1859 1625 1881 3.
1644 1866 1664 1882 a.
1682 1860 1703 1881 2.
1716 1872 1746 1875 —
1758 1860 1866 1889 Durand.,

1021 1900 1058 1922 hio
1081 1906 1102 1928 q.
1127 1900 1147 1921 2.
1164 1911 1196 1916 -
1213 1899 1305 1926 Dionys.
1327 1898 1410 1927 Carth.,
1429 1899 1465 1920 hic
1487 1905 1508 1927 q.
1532 1899 1553 1920 2.
1570 1910 1602 1914 —-
1619 1898 1663 1920 Biel
1675 1916 1680 1926 ,
1699 1899 1734 1920 hic
1752 1905 1773 1927 q.
1792 1899 1865 1920 unica.

881 1978 1044 2015 QUAESTtO
1065 1978 1104 2006 tit.

225 2068 330 2096 Utrum
347 2066 484 2104 ponenda
505 2066 542 2094 sit
564 2066 682 2095 intentio
701 2065 923 2103 personalitatis
944 2065 976 2093 in
996 2065 1100 2093 anima
1120 2068 1279 2102 separata,
1301 2064 1382 2101 omni
1402 2063 1509 2092 unione
1531 2063 1766 2100 circumscripta.

199 2153 291 2183 'sertio
313 2153 458 2190 quaeritur
486 2155 582 2181 utrum
604 2153 638 2181 sit
661 2160 763 2190 ponere
785 2152 964 2181 intentionem

121 2200 326 2238 personalitatis
355 2200 381 2228 in
414 2200 506 2228 anima
528 2202 668 2236 separata,
697 2199 770 2227 omni
793 2199 895 2228 unione
916 2199 966 2227 cir-

122 2247 300 2284 cumscripta.
323 2247 353 2275 Et
374 2246 448 2284 quod
470 2246 524 2281 sic,
546 2246 665 2275 videtur.

202 2295 225 2323 i.
248 2294 338 2322 Primo
359 2297 434 2331 patet
455 2301 505 2330 per
520 2293 682 2330 Magistrum
699 2292 724 2320 iu
741 2292 832 2321 littera
845 2292 865 2320 ¹:
887 2292 966 2320 «Ani-

122 2349 166 2370 ma
186 2341 314 2370 absoluta
334 2349 351 2369 a
372 2348 489 2378 corpore
503 2347 623 2377 persona
637 2342 693 2373 est,
715 2339 786 2368 sicut
807 2339 965 2376 Angelus»;

121 2388 170 2417 sed
200 2388 320 2425 Angelus
343 2395 407 2416 vere
439 2390 466 2416 et
500 2386 612 2424 proprie
635 2393 752 2423 persona
773 2389 829 2414 est:
852 2393 918 2422 ergo
939 2389 966 2414 et

121 2435 214 2463 anima
236 2437 371 2471 separata.

200 2483 226 2509 2.
250 2481 332 2515 item,
354 2480 428 2509 sicut
449 2480 593 2508 consuevit
614 2479 798 2507 communiter
820 2478 964 2515 distingui:

123 2535 243 2564 persona
264 2529 305 2555 est
326 2534 370 2555 res
393 2526 523 2554 distincta
544 2525 713 2562 proprietate
744 2525 778 2554 ad
803 2525 965 2561 dignitatem

190 2629 195 2644 ¹
215 2629 255 2652 llic
272 2635 291 2651 c.
309 2629 329 2650 3.
348 2640 378 2644 —-
396 2628 427 2649 Dte
444 2626 533 2650 minor-t
557 2627 610 2649 vide
629 2627 651 2648 ii.
668 2627 729 2648 Sent.
747 2626 768 2648 d.
787 2627 808 2648 3.
827 2633 848 2654 p.
868 2626 891 2648 ii.
909 2632 928 2648 a.
947 2627 967 2648 2.

125 2675 148 2698 q.
169 2669 187 2691 i.
205 2675 268 2697 seqq.
285 2680 316 2684 —
334 2667 402 2689 i'auio
420 2670 470 2688 ante
488 2666 540 2688 edd.
559 2666 663 2688 omittunt
679 2666 748 2694 patet.

188 2707 197 2721 ‘²
216 2707 246 2729 De
264 2707 306 2729 hat:
323 2706 453 2728 delinitione
470 2705 523 2727 ride
542 2704 555 2726 1.
573 2705 633 2726 Seni.
652 2704 674 2726 (l.
693 2703 728 2726 25.
746 2711 766 2726 a.
781 2704 800 2733 ‚¹-
813 2710 834 2732 q.
848 2704 868 2726 2.
881 2704 902 2726 in
917 2704 967 2726 tine.

126 2757 157 2761 —
173 2745 223 2767 Mox
241 2749 292 2773 post
310 2744 373 2774 quod
388 2744 453 2773 patet
471 2743 519 2765 Vat.
538 2743 584 2765 sola
602 2749 628 2764 ex
647 2749 694 2771 seq.
712 2748 760 2770 arg.
773 2743 867 2770 apponit
885 2742 968 2764 verba:

125 2783 207 2807 anima
225 2783 295 2806 eliam
313 2782 492 2811 circumscripta
511 2780 678 2804 assumtione...
703 2782 725 2803 et
746 2781 843 2810 proprie
860 2782 881 2804 et
898 2787 966 2809 vere,

127 2823 213 2852 quibus
230 2822 307 2845 verbis
324 2822 427 2850 adiungit
444 2822 613 2844 conclusionem
631 2826 687 2850 erpo
704 2821 737 2842 est
752 2826 861 2849 persona.
881 2820 922 2842 I‘ro
938 2819 969 2842 tti-

126 2861 216 2892 stt'nqtti
231 2862 282 2884 cod.
301 2862 317 2884 R
336 2861 388 2885 dici.

190 2900 200 2915 ³
217 2900 277 2923 Libr.
296 2900 324 2923 tle
342 2900 388 2923 Una
408 2900 503 2922 i‘vrsona
522 2902 544 2921 et
560 2898 652 2920 duabus
669 2898 765 2925 naturis,
783 2904 802 2919 c.
815 2898 836 2919 3.
850 2910 879 2913 —
892 2897 913 2919 Ιιι
926 2898 969 2920 hoc

129 2941 194 2963 tertio
211 2946 259 2968 arg.
277 2939 343 2962 codd.
361 2942 383 2961 et
399 2938 452 2961 edd.
474 2940 495 2966 i,
515 2939 528 2960 2
545 2938 650 2960 omittunt
663 2936 733 2959 verba
751 2942 805 2960 cum
822 2936 903 2959 anima
920 2935 970 2959 uni-

129 2979 170 3001 tur
186 2978 295 3008 corpori,
315 2984 363 3001 nott
378 2977 464 3000 unitur
480 2976 584 3007 (limitari
599 2975 649 3004 rei,
673 2982 742 3005 quam
760 2976 907 2998 omissionem
925 2981 969 2998 non

1021 2151 1212 2189 pertinente²;
1241 2151 1290 2180 sed
1321 2147 1414 2179 anima
1445 2153 1572 2187 separata
1593 2153 1634 2179 est
1655 2150 1785 2179 distincta
1807 2158 1866 2184 res,

1022 2198 1097 2235 qnod
1119 2201 1206 2235 patet:
1229 2206 1296 2235 ergo
1317 2201 1359 2226 est
1379 2205 1506 2234 persona.

1102 2245 1128 2273 3.
1151 2246 1230 2279 116111,
1253 2244 1337 2279 ratio,
1359 2252 1446 2281 quare
1462 2244 1585 2272 humana
1600 2246 1701 2272 natura
1716 2243 1741 2271 in
1758 2243 1867 2271 Christo

1024 2300 1078 2320 non
1099 2295 1141 2320 est
1163 2299 1293 2329 persona,
1325 2294 1367 2319 est
1398 2294 1512 2328 propter
1533 2290 1664 2319 unionem
1686 2290 1721 2318 ad
1743 2289 1867 2327 dignius:

1024 2339 1073 2367 sed
1095 2346 1158 2367 cum
1180 2338 1273 2366 anima
1295 2337 1391 2366 unitur
1413 2337 1535 2374 corpori,
1555 2345 1608 2365 non
1631 2337 1727 2365 unitur
1748 2336 1867 2373 digniori

1024 2385 1080 2418 rei,
1101 2389 1128 2413 et
1149 2385 1257 2418 anima,
1279 2383 1490 2420 circumscripta
1511 2383 1680 2411 assumtione
1702 2386 1729 2411 61
1750 2383 1867 2417 111110116,

1025 2431 1160 2468 complete
1192 2431 1275 2459 habet
1307 2430 1381 2458 iilam
1414 2430 1548 2458 rationem
1572 2430 1599 2457 111
1621 2438 1662 2464 se,
1685 2438 1768 2466 quam
1792 2430 1868 2467 ponit

1026 2477 1187 2506 Boethius³z
1215 2478 1359 2506 «Persona
1380 2480 1422 2505 est
1444 2476 1588 2505 individua
1609 2476 1764 2505 substantia
1785 2477 1868 2505 ratio-

1024 2523 1094 2552 nalis
1126 2526 1241 2552 naturae
1260 2533 1289 2551 »1
1314 2518 1388 2560 'ergo
1420 2522 1542 2558 videtur,
1575 2523 1648 2560 quod
1682 2522 1751 2551 ratio
1776 2531 1868 2560 perso-

1027 2626 1067 2648 nisi
1086 2626 1185 2648 incuriae
1211 2624 1356 2647 librariorum
1375 2623 1509 2652 tribuimus,
1527 2624 1579 2652 qui,
1598 2630 1650 2646 cum
1669 2624 1799 2647 immediate
1818 2627 1869 2652 post

1026 2665 1108 2686 iterum
1125 2664 1223 2686 verbum
1241 2663 1323 2686 anima
1340 2666 1455 2690 occurrat,
1468 2662 1539 2685 verba
1558 2662 1716 2690 praecedentia
1734 2665 1755 2685 et
1772 2670 1783 2685 a
1803 2663 1868 2685 nobis

1025 2710 1038 2726 e
1055 2704 1166 2726 solutione
1184 2703 1251 2725 huius
1268 2702 1349 2725 obiect.
1368 2703 1468 2725 restituta
1486 2708 1530 2724 non
1548 2702 1736 2724 animadvertisse
1753 2702 1867 2725 videntur.

1027 2742 1093 2770 Quod
1112 2748 1203 2764 neeesse
1221 2742 1287 2764 suerit
1304 2748 1329 2763 ea
1348 2741 1479 2768 restituere,
1491 2747 1518 2763 ex
1535 2741 1583 2768 ipsa
1601 2741 1667 2763 solut.
1680 2741 1793 2763 elucescit.
1807 2742 1868 2769 Vah,

1026 2788 1098 2809 (piae,
1117 2784 1140 2803 ut
1161 2781 1206 2802 iam
1233 2781 1374 2808 notavimus,
1392 2779 1462 2802 verba
1481 2779 1579 2801 subinde
1595 2785 1660 2808 seqq.
1677 2778 1759 2802 areima
1776 2779 1868 2809 [etiam]

1026 2819 1207 2848 circumscripta
1224 2818 1392 2842 assumtione...
1418 2820 1438 2842 et
1462 2817 1558 2848 proprie
1583 2819 1605 2841 et
1620 2824 1674 2841 vere
1690 2824 1743 2841 cuin
1762 2818 1868 2846 praeced.

1026 2865 1074 2886 arg.
1094 2859 1225 2885 connexuit,
1252 2859 1288 2880 liic
1313 2860 1363 2886 post
1385 2857 1488 2887 diamari
1510 2857 1546 2880 rei
1561 2863 1573 2879 e
1590 2857 1701 2880 solutione
1719 2857 1774 2879 infra
1793 2857 1867 2879 habita

1027 2903 1069 2919 sno
1087 2899 1158 2919 marte
1175 2896 1238 2919 addit
1255 2903 1310 2926 erqo
1330 2895 1448 2919 unibilitas
1465 2895 1501 2919 vel
1514 2895 1569 2919 1111ἰο
1580 2895 1612 2918 ad
1628 2901 1714 2925 corpus
1731 2902 1778 2919 11011
1790 2895 1869 2926 attst’rt

1027 2935 1072 2964 ipsi
1086 2934 1180 2958 animae
1194 2935 1363 2964 proprietatem
1378 2940 1500 2964 personae.
1517 2934 1562 2957 Sed
1579 2937 1624 2957 tota
1642 2935 1684 2957 hac
1696 2935 1820 2957 mutatione
1836 2940 1869 2956 ar-

1027 2975 1129 3003 gumenti
1147 2975 1182 2997 vis
1200 2974 1336 2997 debilitatur.
