2166 3366
26 2177 39 2196 d
50 2177 123 2201 opposi-

749 167 830 195 DIST.
853 168 917 196 vlu.
938 169 1010 197 ΛΒΤ.
1032 169 1061 196 11.
1082 169 1217 206 QUAEST.
1241 170 1257 197 Ι.
1818 172 1868 200 191

853 276 1086 311 ARTICULUS
1113 278 1149 310 ll.

547 370 586 398 De
607 369 759 397 nativitate
781 369 934 406 temporali
954 369 984 397 in
1006 371 1224 407 comparatione
1244 372 1285 400 ad
1304 377 1461 401 aeternam.

212 456 417 493 Consequenter
439 455 583 492 quaeritur
604 455 638 484 de
664 455 807 483 nativitate
828 455 973 492 temporali

134 501 162 530 in
183 502 388 539 comparatione
402 502 437 530 ad
458 505 608 530 aeternam.
625 502 655 530 Et
676 502 749 530 circa
764 501 816 530 hoc
837 510 974 539 quaerun-

134 552 180 577 tur
201 549 261 577 tria.

212 596 303 624 Primo
323 595 483 632 quaeritur,
501 595 643 632 supposito
664 595 737 632 quod
754 595 781 623 in
802 595 911 623 Christo
926 594 974 623 du-

134 642 200 679 plex
216 642 250 671 sit
265 641 394 670 nativitas
405 642 422 676 ¹,
437 645 534 670 utrum
547 641 753 670 concedendum
771 641 817 675 sit,
832 641 973 670 Christum

133 688 175 717 bis
195 691 291 716 natum
314 695 381 717 esse.

1109 456 1235 484 Secundo
1257 457 1415 494 quaeritur,
1436 462 1531 487 utrum
1554 460 1581 488 in
1600 460 1708 489 Christo
1730 461 1784 490 sint
1805 461 1872 490 filia-

1032 502 1119 530 tiones
1141 502 1222 531 duae.

1110 549 1201 577 Tertio
1223 550 1384 586 quaeritur,
1406 554 1500 580 utrum
1523 552 1558 580 sit
1579 554 1714 582 naturalis
1736 554 1809 583 filius
1831 563 1872 582 ra-

1031 595 1104 624 tione
1136 596 1283 633 utriusque
1316 597 1484 632 nativitatis,
1515 599 1619 628 scilicet
1654 601 1814 637 temporalis
1844 604 1872 630 et

1031 644 1168 670 aeternae.

905 774 1068 810 QUAESTlO
1090 774 1108 802 1.

570 860 680 888 'Utrum
702 859 913 888 eoncedendum
935 859 989 894 sit,
1013 859 1162 888 Christum
1184 860 1227 888 tis
1248 869 1307 889 esse
1326 865 1438 890 natum.

210 946 289 975 Circa
300 946 423 983 primum
440 946 478 975 sic
490 946 652 983 proceditur
667 949 694 974 et
706 946 864 982 quaeritur,
879 949 975 974 utrum

132 993 340 1022 concedendum
363 993 409 1028 sit,
425 993 566 1022 Christum
590 993 632 1021 bis
647 996 742 1021 natum
765 988 837 1021 esse]
857 993 886 1021 Et
901 993 976 1030 quod

133 1039 188 1074 sie,
211 1039 329 1068 videtur.

215 1088 238 1115 1.
261 1087 431 1123 Augustinus
451 1087 486 1115 de
508 1086 571 1115 Fide
589 1087 624 1115 ad
646 1087 756 1115 Petrum
773 1087 797 1114 ⁹:
825 1097 839 1112 «
854 1086 977 1123 Unigeni-

23 1137 178 1165 „amentatus
200 1134 247 1162 Dei
270 1134 393 1162 secundo
421 1137 503 1162 natus
524 1138 580 1168 est,
602 1133 688 1162 semel
716 1141 751 1161 ex
776 1133 868 1167 Patre,
890 1133 976 1162 semel

131 1189 169 1209 ex
197 1181 328 1215 Matre»;
356 1181 405 1209 sed
428 1181 527 1218 primo
548 1185 574 1209 et
593 1181 719 1209 seeundo
742 1180 826 1209 nasci
853 1188 906 1208 non
934 1183 975 1209 est

132 1227 182 1256 nisi
201 1227 243 1255 bis
257 1227 359 1255 nasci:
381 1235 447 1264 ergo
465 1227 586 1262 videtur,
608 1227 683 1265 quod
700 1227 782 1256 Filius
804 1226 851 1255 Dei
875 1226 917 1255 bis
932 1234 977 1254 na-

134 1278 178 1302 tus
199 1277 249 1302 est.

212 1321 237 1348 2.
260 1320 339 1355 ltem,
360 1320 548 1349 Damascenus
561 1321 584 1349 ⁸:
614 1332 626 1346 «
642 1321 670 1348 In
689 1320 798 1349 Christo
819 1320 890 1348 duas
911 1320 977 1348 nati-

135 1367 232 1396 vitates
254 1375 422 1396 veneramur
437 1379 468 1402 »3
490 1368 538 1396 sed
554 1368 727 1404 ubicumque
742 1371 784 1395 est
804 1366 911 1404 duplex
933 1375 976 1395 na-

136 1414 239 1448 tivitas,
260 1414 297 1442 ibi
319 1417 360 1442 est
381 1414 487 1451 duplex
508 1414 608 1447 nasci,
630 1418 657 1443 et
678 1414 849 1450 ubicumque
870 1417 912 1442 est
927 1414 977 1441 du-

130 1461 198 1498 pteae
218 1461 319 1494 nasci,
341 1461 377 1489 ibi
400 1465 441 1489 est
463 1460 506 1489 bis
526 1461 624 1489 nasci:
647 1469 713 1497 ergo
734 1465 785 1489 etc.

213 1507 239 1536 3.
262 1508 341 1542 ltem,
364 1507 492 1536 Christus
517 1507 602 1536 semel
625 1507 734 1544 genitus
755 1511 796 1536 est
824 1516 859 1535 ex
882 1508 976 1541 Patre,

135 1555 288 1584 secundum
313 1555 380 1583 illud
403 1554 502 1583 Psalmi
519 1555 544 1582 ⁴:
567 1554 658 1583 Semel
686 1554 798 1583 loeutus
820 1559 860 1583 est
881 1555 976 1588 Deus-5

135 1601 243 1636 Glossa,
265 1602 290 1630 id
307 1605 361 1631 est.
382 1613 395 1627 «
410 1602 506 1630 Filium
529 1602 623 1638 genuit
638 1612 669 1633 »;
691 1605 717 1630 et
732 1601 817 1630 semel
839 1606 921 1630 natus
936 1605 977 1630 est

135 1657 171 1677 ex
199 1649 300 1682 Matre;
321 1652 348 1677 et
369 1652 491 1682 constat,
513 1648 582 1677 illud
604 1648 690 1676 semet
709 1651 736 1676 et
765 1648 834 1677 illud
861 1656 914 1676 uon
936 1652 977 1676 est

134 1702 236 1729 unum,
258 1695 329 1723 sicut
344 1694 497 1731 temporale
518 1698 545 1723 et
559 1698 717 1723 aeternum:
740 1702 806 1731 ergo
828 1698 935 1731 ponunt
949 1695 976 1722 in

134 1749 294 1770 numerum.
315 1742 341 1770 Si
363 1750 429 1778 ergo
451 1741 536 1770 semel
551 1745 578 1770 et
599 1741 683 1770 semel
706 1741 811 1769 faciunt
825 1741 881 1774 bis,
902 1741 978 1769 Curi-

135 1791 195 1817 stus
215 1791 256 1816 est
278 1788 319 1817 bis
340 1792 430 1816 natus.

212 1835 239 1863 lt.
261 1835 343 1869 item,
364 1835 435 1863 actio
463 1835 602 1871 geminata
629 1835 750 1872 geminat
778 1835 934 1872 passionem
951 1835 976 1862 ⁶:

136 1882 220 1919 igitur
241 1882 262 1910 si
284 1882 337 1910 alia
359 1886 400 1910 est
421 1882 575 1919 generatio,
590 1890 646 1919 qua
667 1882 761 1915 Pater,
783 1886 811 1910 et
831 1882 901 1915 alia,
922 1890 978 1918 qua

135 1929 221 1957 Mater
251 1929 361 1965 genuit.
393 1937 459 1965 ergo
486 1929 540 1957 alia
570 1933 597 1957 et
625 1929 679 1957 alia
710 1929 769 1957 vice
797 1928 906 1965 genitus
937 1932 979 1957 est

135 1974 261 2003 Christus
282 1983 298 2003 a
312 1975 391 2003 Patre
405 1978 432 2003 et
452 1983 468 2003 a
484 1975 582 2003 Matre:
604 1982 671 2011 ergo
691 1978 733 2003 est
754 1974 860 2011 pluries
882 1977 978 2007 natus;

136 2021 185 2050 sed
207 2029 259 2049 non
287 2024 345 2056 ter,
367 2021 410 2050 vel
433 2025 546 2058 quater,
574 2024 601 2049 et
622 2021 661 2050 sic
682 2021 717 2049 de
737 2021 817 2049 aliis:
848 2028 915 2057 ergo
936 2020 978 2049 his

136 2071 226 2097 natus.

214 2115 266 2143 San
287 2123 413 2143 com-aa:
438 2116 462 2143 1.
489 2115 542 2143 Bis
563 2115 629 2143 dicit
657 2115 808 2143 consimilis
836 2118 915 2143 actus
936 2122 979 2151 ge-

136 2161 312 2190 minationem
334 2178 374 2182 —
395 2162 469 2190 unde
490 2169 544 2190 non
566 2161 668 2190 dicitur
689 2161 790 2198 aliquis
817 2161 923 2198 aliquid
945 2161 980 2189 se-

137 2208 207 2237 cisse
228 2208 285 2242 bis,
307 2216 339 2236 eo
361 2208 435 2245 quod
458 2208 523 2245 legit
543 2211 571 2236 et
592 2208 763 2245 disputavit⁶
778 2224 817 2228 —-
831 2208 879 2236 sed
901 2215 980 2244 gene-

199 2328 205 2343 ¹
224 2328 268 2351 Cl‘r.
287 2330 323 2351 hic
340 2329 370 2351 lit.
389 2329 502 2357 Magistri,
520 2336 539 2351 c.
558 2330 578 2351 2.

198 2366 207 2378 ¹
224 2367 279 2395 Cap.
297 2369 318 2390 2.
337 2374 357 2389 n.
380 2368 417 2396 10,
436 2367 474 2390 ubi
494 2371 565 2390 textus
583 2368 664 2396 origin.
683 2374 724 2395 pro
742 2367 784 2390 Dei
800 2368 892 2390 exhibet
908 2368 978 2390 Deus.

136 2419 166 2422 —
185 2406 236 2429 Post
254 2406 391 2436 Uniyenitus
408 2406 451 2429 Det
467 2407 519 2429 edd.
537 2408 673 2429 interserunt
689 2406 766 2436 primo
783 2408 811 2430 et.
828 2406 872 2429 Csr.
896 2407 932 2429 hic
949 2407 978 2428 lit.

139 2446 250 2474 Magistri,
268 2452 287 2468 c.
306 2446 326 2468 2.

198 2484 208 2499 ³
226 2484 285 2507 Linr.
304 2485 336 2506 lll.
354 2484 382 2507 de
400 2485 454 2507 Fide
471 2485 560 2507 orthod.
572 2491 592 2507 c.
609 2485 630 2507 7.
644 2484 701 2507 Vide
713 2485 749 2506 nic
765 2485 795 2507 lit.
809 2485 914 2512 Magistri⁷
927 2491 945 2506 c.
959 2485 980 2506 2.

200 2522 209 2537 ⁴
226 2523 308 2545 Psalm.
326 2524 350 2545 til
362 2541 367 2551 ,
387 2524 422 2546 w.
440 2536 471 2539 —
486 2524 577 2551 (nossa,
594 2530 653 2552 quae
666 2523 762 2546 habetur
773 2523 835 2551 apud
849 2523 905 2545 l'etr.
918 2523 982 2544 Lom-

138 2561 237 2584 bardum
254 2565 276 2584 et
292 2562 421 2590 Lyranum,
440 2562 534 2584 formata
551 2565 586 2584 est
610 2568 637 2584 ex
662 2562 698 2584 illo
716 2563 822 2589 August,
841 2562 941 2583 Enni-rat.
959 2561 981 2583 in

139 2601 199 2622 hunc
216 2600 258 2623 loc.
277 2607 297 2622 u.
320 2601 358 2623 18:
376 2601 443 2629 Apud
462 2607 487 2623 se
504 2601 573 2623 semel
592 2601 652 2623 Deus
671 2601 759 2623 locutus
775 2605 820 2629 est,
838 2601 891 2629 quia
910 2606 981 2622 unum

140 2638 242 2661 Verbum
260 2640 338 2667 genuit
349 2639 417 2661 Deus.
427 2651 459 2656 -
468 2640 516 2661 Mox
530 2643 581 2667 post
593 2640 684 2662 constat
696 2640 762 2662 codd.
775 2640 790 2661 F
800 2639 816 2661 N
828 2639 844 2661 Y
859 2639 889 2662 nb
902 2640 983 2661 interii-

139 2679 200 2700 ciunt
212 2678 280 2707 quod.
294 2678 395 2701 Subinde
408 2684 449 2706 pro
461 2684 509 2701 nan
521 2680 555 2701 cst
570 2685 647 2701 uuum
658 2679 711 2701 edd.
724 2685 776 2700 cum
790 2679 903 2700 nonnullis
914 2678 982 2700 codd.

102 2718 106 2722 ·
139 2716 278 2739 substituunt
293 2722 342 2739 uon
353 2723 402 2740 esse
413 2723 501 2745 unum,
515 2721 537 2739 et
550 2717 598 2739 Vat.
619 2720 671 2745 post
686 2716 747 2740 sicut
763 2717 822 2739 bene
839 2716 916 2739 subdit
933 2722 982 2739 uec.

202 2755 211 2770 ⁵
228 2755 285 2778 uitb.
304 2756 395 2783 vot-ret„
414 2757 443 2778 de
464 2757 506 2778 Sex
534 2756 663 2784 Principiis,
681 2762 700 2778 c.
723 2755 751 2778 de
776 2755 885 2778 Actione:
903 2755 983 2777 Omnis

139 2795 199 2816 enim
218 2795 276 2817 actio
293 2796 405 2822 passionis
421 2798 455 2817 est
476 2796 586 2817 edet-tiva.
604 2807 634 2810 —-
653 2795 674 2817 ln
693 2794 736 2816 [lue
761 2801 809 2822 arg.
836 2797 888 2822 post
912 2794 983 2816 natus

140 2833 192 2855 edd.
210 2836 231 2855 et
247 2834 332 2862 aliquot
349 2833 416 2856 codd.
434 2833 521 2856 addunt
537 2834 572 2856 est
588 2832 702 2856 Clemens.

203 2872 213 2886 '³
229 2873 356 2894 Generatim
375 2872 488 2901 siquidem
507 2878 617 2894 numerus
640 2872 694 2893 (licit
716 2872 812 2893 unitates
829 2870 932 2893 eiusdem
951 2877 983 2892 ra-

141 2911 219 2938 tionis,
238 2911 290 2939 quia
307 2914 342 2933 est
359 2911 479 2933 multitudo
504 2914 633 2933 mensurata
660 2916 701 2937 per
726 2915 804 2931 unum.
823 2909 867 2931 Cl'r.
886 2909 983 2936 aristot„

142 2949 170 2971 x.
189 2949 284 2977 Metapa.
302 2953 353 2972 text.
371 2950 408 2972 20.
425 2956 473 2978 seq.
492 2950 539 2977 (lx.
557 2956 576 2971 r.
594 2950 634 2978 6.).

1033 947 1103 975 ratio
1124 951 1236 976 aeterua
1257 951 1284 976 et
1307 948 1466 985 temporalis
1488 956 1541 977 non
1563 952 1604 977 est
1625 949 1698 978 idem
1725 953 1803 979 actus
1825 958 1874 980 nec

1033 994 1194 1023 consimilis:
1218 1002 1284 1032 ergo
1299 995 1404 1024 ratione
1426 995 1501 1024 illius
1516 996 1635 1033 duplicis
1657 997 1806 1026 nativitatis
1821 1006 1875 1026 non

1033 1044 1123 1078 potest
1144 1041 1196 1069 dici
1219 1042 1261 1070 his
1283 1045 1371 1070 uatus.

1112 1089 1137 1115 2.
1165 1088 1249 1122 ltem,
1279 1088 1365 1117 semel
1395 1093 1421 1117 et
1453 1088 1496 1117 bis
1527 1089 1623 1118 dieunt
1655 1090 1874 1119 vicissitudinem

1032 1135 1158 1163 —idem
1180 1136 1253 1163 enim
1269 1139 1310 1164 est
1331 1136 1436 1173 aliquid
1460 1136 1502 1164 bis
1521 1136 1589 1173 fieri
1615 1141 1641 1166 et
1662 1138 1736 1175 quod
1759 1138 1874 1167 duabus

1032 1181 1145 1210 vicibus
1158 1181 1226 1218 fieri
1235 1198 1273 1203 —
1285 1182 1333 1211 sed
1354 1183 1429 1219 apud
1445 1183 1541 1212 Filium
1565 1192 1620 1212 uon
1636 1184 1708 1213 cadit
1729 1188 1875 1213 transmu-

1034 1229 1105 1256 tatio
1126 1237 1176 1256 nec
1198 1229 1411 1257 vicissitudinis
1425 1229 1608 1259 obumbratio
1622 1231 1650 1259 ⁷:
1672 1239 1739 1267 ergo
1754 1239 1808 1259 non
1830 1232 1874 1260 de-

1034 1275 1079 1303 bet
1101 1275 1152 1303 dici
1177 1276 1218 1304 bis
1236 1279 1325 1304 natus.

1112 1322 1137 1350 3.
1159 1322 1224 1350 Item
1235 1345 1242 1356 ‚
1257 1322 1299 1350 bts
1315 1323 1380 1351 dicit
1402 1326 1481 1352 aetus
1504 1323 1734 1361 interruptionem
1747 1341 1785 1345 —-
1799 1325 1874 1353 unde

1033 1369 1228 1397 convenienter
1249 1369 1351 1397 dicitur
1373 1369 1474 1407 aliquis
1498 1370 1540 1398 his
1562 1370 1646 1399 fuisse
1668 1371 1804 1405 Pau-isius,
1825 1371 1873 1399 sed

1033 1423 1086 1443 non
1109 1415 1305 1443 convenienter
1325 1416 1427 1444 dicitur
1450 1416 1491 1444 bis
1505 1416 1590 1445 fuisse
1611 1417 1694 1445 homo
1709 1434 1748 1437 —
1762 1417 1810 1445 sed
1832 1425 1875 1454 ge-

1033 1461 1156 1495 neratio,
1186 1470 1257 1499 quae
1277 1465 1319 1490 est
1340 1466 1450 1490 aeterna
1478 1470 1513 1491 ex
1536 1463 1627 1497 Patre,
1643 1463 1802 1492 nullatenus
1824 1464 1875 1492 suit

1034 1508 1207 1545 interrupta:
1236 1516 1302 1545 ergo
1334 1508 1445 1537 videtur
1477 1509 1639 1546 simpliciter
1666 1518 1727 1539 esse
1755 1510 1873 1539 falsum:

1033 1554 1160 1583 Christus
1182 1555 1225 1583 his
1246 1558 1328 1583 uatus
1350 1559 1390 1583 est
1403 1555 1420 1582 ⁸.

1112 1602 1138 1630 lt.
1161 1602 1239 1635 item,
1262 1602 1312 1630 hoc
1334 1602 1498 1630 adverbium
1520 1602 1562 1630 bis
1578 1603 1707 1639 importat
1727 1607 1806 1632 actus
1824 1607 1876 1632 ter-

1034 1648 1228 1681 minationem,
1249 1648 1315 1685 quia
1336 1649 1370 1677 de
1392 1653 1469 1682 actu,
1491 1645 1536 1685 qui
1554 1657 1606 1677 non
1628 1650 1805 1683 terminatur,
1821 1658 1874 1678 non

1033 1698 1075 1723 est
1089 1695 1195 1728 dicere,
1212 1695 1302 1731 ipsum
1325 1695 1367 1723 bis
1381 1695 1523 1729 exerceri3
1539 1695 1585 1724 sed
1602 1696 1742 1732 generatio
1763 1700 1876 1724 aeterua

1034 1749 1087 1769 non
1111 1741 1193 1769 hahet
1215 1741 1381 1775 terminum,
1403 1741 1469 1778 quia
1491 1741 1574 1769 Filius
1595 1749 1705 1778 semper
1726 1746 1876 1778 generatur

1034 1795 1050 1815 a
1072 1787 1185 1815 Patre-⁰:
1208 1795 1274 1824 ergo
1295 1791 1346 1815 etc..

1114 1835 1139 1862 5.
1162 1834 1244 1867 Item,
1266 1834 1318 1862 hoc
1339 1834 1503 1862 adverbium
1521 1833 1563 1862 bz's
1584 1834 1715 1871 importat
1729 1835 1877 1863 successio-

1036 1882 1078 1910 nis
1098 1881 1237 1913 ordinem;
1266 1881 1314 1909 sed
1337 1881 1410 1909 circa
1438 1881 1538 1909 Christi
1566 1881 1769 1918 generationem
1792 1885 1878 1910 aeter-

1036 1936 1098 1956 nam
1115 1931 1243 1964 respectu
1259 1928 1419 1964 temporalis
1434 1928 1512 1956 nulla
1526 1928 1599 1956 catlit
1620 1928 1758 1956 successio
1770 1929 1798 1956 ¹¹¹:
1811 1936 1877 1964 ergo

1036 1975 1107 2004 sicut
1128 1975 1229 2011 aliquis
1254 1983 1307 2002 non
1330 1975 1433 2003 dicitur
1462 1974 1504 2002 bis
1525 1978 1630 2008 natu-s,
1653 1975 1699 2011 qui
1729 1975 1812 2003 simul
1835 1983 1877 2011 ge-

1036 2025 1151 2050 neratur
1171 2030 1187 2050 a
1210 2025 1286 2058 patre
1307 2025 1334 2050 et
1355 2030 1371 2049 a
1392 2025 1497 2055 matre;
1519 2022 1556 2050 ita
1577 2030 1630 2050 non
1657 2022 1780 2055 videtur,
1802 2022 1877 2059 quod

1036 2068 1164 2096 Christus
1185 2068 1295 2097 dicatur
1317 2068 1359 2096 bts
1381 2072 1486 2101 natus,
1509 2077 1572 2097 cum
1595 2069 1678 2097 simul
1707 2069 1741 2096 sit
1763 2076 1877 2102 verum,

1037 2115 1127 2152 ipsum
1143 2115 1235 2143 dicere
1251 2116 1376 2151 generari
1393 2123 1408 2143 a
1430 2115 1508 2143 Patre
1523 2119 1550 2143 et
1563 2124 1580 2143 a
1594 2115 1691 2145 Matre:
1711 2115 1790 2143 Pater
1803 2115 1877 2143 enim

1036 2170 1115 2189 uuae
1136 2164 1249 2197 generat
1271 2161 1383 2191 Filium.
1405 2165 1432 2189 et
1447 2161 1473 2189 in
1496 2164 1619 2197 tempore
1641 2161 1790 2189 nativitatis
1812 2168 1878 2189 suae

1036 2208 1079 2235 ste
1101 2208 1184 2244 Virgo
1206 2208 1290 2236 Maria
1312 2209 1414 2244 genuit.

1097 2329 1107 2344 ⁷
1125 2330 1165 2351 lac.
1186 2330 1193 2351 l
1206 2347 1211 2357 ,
1234 2329 1266 2351 17.
1279 2341 1310 2345 -
1327 2329 1382 2351 Ante
1394 2328 1487 2351 (luobus
1500 2327 1587 2351 vicibus
1604 2328 1671 2350 codd.
1690 2328 1706 2349 Β
1716 2327 1733 2349 Ο
1743 2328 1758 2349 Ζ
1771 2327 1802 2349 bb
1814 2328 1878 2350 omit-

1036 2371 1085 2391 tunt
1101 2368 1170 2398 quod.

1099 2406 1108 2420 ⁸
1126 2407 1157 2428 Dt·
1174 2405 1262 2429 maiori
1284 2410 1389 2428 notentur
1410 2405 1480 2427 verba
1504 2405 1560 2427 Petr.
1585 2405 1685 2432 Hispan,
1712 2405 1824 2426 Summul.
1851 2407 1877 2426 tr.

1037 2445 1065 2468 de
1084 2444 1203 2468 Distribut.
1221 2451 1240 2466 e.
1258 2444 1285 2467 de
1301 2443 1381 2473 Siquis
1406 2443 1495 2466 distrm.
1522 2442 1674 2472 quantitatis:
1692 2443 1878 2472 Quotiescunque

1038 2484 1098 2506 suisti
1116 2484 1228 2511 Parisinus,
1246 2484 1310 2505 toties
1328 2483 1387 2505 fuisti
1405 2483 1485 2509 Ιὶυιηος
1503 2482 1542 2504 sed
1561 2482 1596 2504 bis
1613 2482 1673 2503 suisti
1692 2482 1801 2503 Parisios:
1822 2487 1878 2509 ergo

1038 2523 1073 2545 bis
1091 2523 1149 2544 ruisti
1169 2523 1249 2549 nomm
1267 2521 1330 2550 quod
1347 2524 1381 2543 est
1397 2522 1491 2547 salsum,
1509 2521 1561 2549 quia
1580 2522 1636 2543 naec
1653 2520 1720 2542 dit-tio
1738 2519 1771 2543 bis
1793 2521 1879 2548 impur—

1040 2564 1069 2583 tat
1086 2561 1272 2588 interruptionem
1291 2561 1339 2581 eius
1357 2560 1392 2581 cui
1410 2559 1549 2587 adiungitur,
1567 2559 1609 2581 scd
1625 2563 1689 2581 actus
1705 2559 1794 2581 essendi
1808 2559 1878 2580 homi-

1040 2606 1090 2622 nem
1109 2606 1153 2622 uon
1171 2600 1212 2621 suit
1229 2600 1369 2627 interruptus
1385 2599 1406 2620 in
1426 2597 1556 2620 t‹·.—Cod.
1574 2597 1592 2619 Ο
1610 2598 1645 2620 hic
1663 2597 1735 2619 addit:
1754 2597 1878 2626 Praeterea,

1039 2639 1146 2667 quamvis
1162 2638 1223 2659 Deus
1241 2638 1306 2659 t'ucrit
1323 2637 1351 2659 ab
1369 2639 1461 2658 aeterno
1478 2639 1499 2658 et
1516 2639 1567 2664 post
1591 2636 1658 2658 simul
1684 2642 1736 2658 cum
1763 2638 1877 2664 tempore,

1039 2683 1083 2698 nou
1101 2680 1175 2698 tamen
1194 2676 1254 2697 Deus
1270 2675 1352 2697 dicitur
1370 2674 1404 2696 bis
1422 2675 1500 2701 suisse;
1522 2674 1634 2701 similiter,
1660 2676 1683 2696 ut
1704 2674 1805 2701 videtur,
1830 2674 1879 2696 lit-et

1039 2715 1141 2737 Christus
1153 2715 1219 2736 suerit
1231 2714 1300 2735 semel
1314 2716 1379 2735 natus
1391 2713 1419 2734 de
1433 2713 1507 2740 Matre,
1520 2713 1589 2735 semel
1602 2713 1630 2735 (le
1643 2713 1714 2740 l‘atrc,
1729 2718 1772 2734 uon
1786 2715 1879 2740 propter

1040 2754 1082 2775 linc
1105 2753 1172 2775 dent-t
1189 2752 1232 2775 dici
1251 2752 1286 2774 bis
1308 2756 1386 2778 natus,
1404 2758 1456 2773 cum
1475 2752 1496 2773 in
1514 2752 1563 2779 ipso
1585 2757 1629 2773 non
1651 2751 1717 2773 cadat
1738 2752 1878 2778 interruptio.

1100 2792 1110 2806 ⁹
1127 2792 1171 2813 Cir.
1190 2792 1202 2813 Ι.
1221 2792 1280 2813 sent.
1296 2791 1318 2813 d.
1337 2792 1357 2812 9.
1375 2797 1397 2819 q.
1416 2790 1436 2812 4.

1102 2830 1120 2844 ¹⁰
1137 2830 1192 2851 Nam
1210 2834 1326 2852 ueternum
1339 2830 1497 2857 complectitur
1508 2829 1641 2858 exceditque
1654 2829 1786 2857 temporale.
1798 2841 1829 2845 —
1839 2829 1878 2851 lm-

1040 2869 1137 2891 mediate
1155 2872 1205 2896 post
1222 2875 1264 2896 pro
1288 2874 1343 2897 erqo
1367 2867 1429 2890 sir-ut
1445 2867 1512 2890 codd.
1531 2868 1547 2889 Α
1557 2869 1574 2889 G
1586 2868 1601 2889 ll
1613 2868 1619 2890 Ι
1630 2868 1648 2890 K
1660 2867 1700 2889 LN
1712 2868 1730 2889 Τ
1742 2867 1758 2890 U
1775 2874 1800 2889 aa
1823 2873 1879 2897 erqo

1038 2907 1065 2931 si.
1084 2908 1105 2929 ln
1124 2908 1167 2929 tlne
1184 2913 1233 2935 arg.
1251 2913 1292 2935 pro
1309 2907 1342 2930 sic
1364 2906 1433 2936 Vir-qo
1452 2907 1500 2929 Vnt.
1513 2912 1566 2929 cum
1583 2907 1650 2929 codd.
1663 2907 1708 2929 ΝΤ
1720 2906 1780 2930 sicut
1801 2906 1879 2936 Virqo.
