2166 3366
261 205 316 234 732
935 204 1188 233 SENTENTIARUM
1210 204 1271 233 LlB.
1292 205 1333 232 Ill.

622 282 683 308 CAP.
704 282 745 308 Ill.

484 369 579 395 Utrum
599 367 629 394 in
650 367 755 394 Christo
774 367 886 402 fuerint.

331 455 358 481 ln
378 455 483 481 Christo
503 455 582 481 etiam
604 455 671 481 haec
689 454 783 481 eadem
798 454 891 485 fuisse,
905 453 1005 480 Isaias¹
1027 457 1112 480 osten-

118 509 146 528 De
153 509 251 532 &quaese
262 498 301 524 dit
320 498 429 524 dicens:
449 496 611 533 Eyrediettcr
629 497 708 531 'cirea
728 496 759 523 (le
777 496 869 523 radice
883 496 966 527 Iesse,
981 500 1004 522 et
1015 497 1065 531 flos
1079 495 1111 522 de

259 540 351 568 radice
371 540 427 568 cias
446 540 585 571 ascendet,
605 544 628 567 et
647 539 791 576 requiescet
809 548 891 575 saper
911 548 972 567 eain
997 539 1111 574 spiritns

259 583 389 615 Domini,
402 583 517 619 spiritus
536 583 684 618 sapientiae
698 587 721 609 ec
734 583 900 613 intellectas,
920 582 1034 618 spiritus
1053 591 1111 609 eon-

259 627 319 654 silii
336 631 360 653 ec
383 626 572 662 fortitudinis,
602 625 716 661 spiritns
745 625 871 652 scientiae
901 630 923 652 et
944 625 1068 660 pietatis,
1089 629 1112 652 et

133 680 215 699 nubium
228 681 245 699 1.
258 669 371 705 replebit
391 678 452 696 eam
471 668 585 705 spiritns
605 668 712 695 timoris
731 667 852 695 Domini.

331 714 377 740 His
397 716 485 740 autem
507 713 613 740 videtur
632 713 743 739 obviare
763 712 835 747 quod
851 712 943 739 Beda²
963 712 996 739 de
1016 713 1111 739 timore

143 763 248 782 Difficultas
261 757 366 783 Domini
388 756 454 783 dicit
473 763 555 790 super
581 755 738 790 parabolas,
758 755 862 782 scilicet
881 756 954 790 quod
975 755 1061 782 omnis
1081 756 1112 781 ti-

117 787 248 834 {fnffleihffl
262 807 319 826 mor
340 800 365 826 in
386 800 475 826 futuro
496 799 620 826 cessabit.
641 799 683 825 Ait
703 799 772 825 enim
801 799 841 825 sic
869 806 952 833 super
972 799 1046 825 illum
1072 798 1111 825 lo-

260 850 338 869 cum:
371 841 464 869 Timor
494 841 607 869 Domini
631 841 801 877 principium
829 841 994 876 sapientiae:
1020 853 1031 865 α
1053 842 1111 868 Duo

133 896 215 915 nubium
228 897 246 914 a.
260 889 322 913 sunt
344 886 453 912 timores
472 886 594 912 Domini:
615 884 740 916 servilis,
761 886 807 920 qui
827 885 991 919 principium
1012 888 1052 911 est
1070 892 1112 911 sa-

260 929 394 963 pientiae;
414 932 440 955 et
453 927 623 959 (amicabilis,
638 929 683 963 qui
699 928 890 962 perfectionem
904 927 1053 962 sapientiae
1067 935 1112 954 eo-

261 972 377 999 mitatur.
399 971 511 999 Servilis
540 972 704 1006 principium
733 971 881 1005 sapientiae
902 973 955 1002 est,
975 971 1038 1005 quia
1065 970 1110 1005 qui

259 1018 319 1049 post
339 1018 427 1041 errata
447 1022 542 1048 sapere
563 1015 657 1048 incipit
677 1014 764 1048 primo
787 1014 881 1040 timore
902 1014 1050 1047 corripitur
1072 1013 1112 1039 di—

260 1058 336 1089 vino,
356 1065 389 1084 ne
408 1058 553 1091 puniatur;
573 1057 620 1083 sed
640 1057 711 1083 huuc
723 1057 839 1091 perfecta
853 1055 951 1082 caritas
965 1056 1040 1090 foras
1053 1055 1112 1082 mic-

260 1100 297 1127 cit.
319 1101 445 1127 Succedit
465 1101 528 1127 huic
555 1100 636 1126 linior
663 1099 779 1126 Domini
802 1103 928 1129 sanctas,
947 1107 1111 1133 permanens

259 1143 290 1169 in
308 1143 445 1170 saeculam
474 1142 591 1173 saeculi,
613 1150 692 1176 quem
714 1150 764 1168 non
785 1142 905 1169 excludi-t
924 1142 1038 1173 caritas,
1063 1142 1110 1168 sed

260 1190 356 1221 augct3
377 1194 430 1221 quo
452 1187 526 1213 timet
545 1186 629 1218 tillus,
648 1193 680 1212 ne
695 1186 736 1212 rel
752 1186 897 1212 inmodico
917 1185 1010 1212 oculos
1023 1192 1112 1212 amau-

261 1230 355 1256 tissimi
376 1229 461 1264 patris
480 1229 604 1256 offendat.
625 1229 744 1263 Uterque
764 1229 789 1254 in
811 1228 898 1254 futuro
919 1228 1043 1255 cessabit.
1066 1228 1112 1254 Ca-

128 1280 249 1304 Augustinus.
260 1271 328 1299 ritas
349 1280 411 1298 vero
431 1280 574 1307 nunquam
600 1271 701 1298 excidet
714 1282 737 1298 ».
758 1272 922 1305 Augustinus
942 1279 1051 1305 quoque
1070 1279 1112 1297 su-

260 1323 308 1350 per
329 1315 403 1341 illum
423 1315 511 1341 locum
540 1314 637 1341 Psalmi
650 1314 672 1341 ³:
692 1313 821 1340 Adorabo
840 1313 877 1340 ed
896 1314 1026 1349 templum
1050 1323 1111 1341 san-

1080 1446 1150 1474 PAns

625 1581 684 1607 CM».
707 1581 746 1607 IV.

491 1668 529 1694 De
549 1666 679 1693 timorum
698 1666 877 1693 discinctiwze.

332 1755 364 1781 Et
383 1755 445 1788 quia
466 1754 499 1781 de
520 1754 615 1780 timore
635 1754 765 1780 tractandi
788 1754 863 1780 nobis
883 1754 1003 1780 occurrit
1023 1753 1110 1786 locus,

119 1804 250 1823 nummum.
261 1798 400 1825 sciendum
415 1801 466 1830 est,
480 1800 596 1831 quatuor
610 1804 668 1823 esse
688 1797 809 1829 timores,
829 1797 929 1823 scilicet
946 1797 1109 1823 mundanum

260 1841 317 1867 sive
330 1841 492 1871 humanum,
511 1840 649 1871 servilem,
664 1839 804 1870 initialem,
825 1842 927 1865 castum
943 1839 984 1865 vel
1003 1839 1108 1865 filialem

260 1885 316 1910 sive
335 1883 513 1910 amicabilem.
536 1884 672 1909 Humanus
696 1883 774 1909 timor
794 1886 849 1914 est,
876 1885 902 1908 ut
923 1882 960 1908 ait
973 1882 1110 1908 Cassiodo-

119 1937 247 1956 Cassiodorus.
261 1935 307 1954 rus
319 1927 341 1959 ⁷,
356 1927 464 1961 quando
479 1927 603 1953 timemus
616 1926 670 1960 pati
686 1926 805 1960 pericula
820 1926 922 1956 earnis,
941 1925 981 1952 vel
997 1925 1110 1959 perdere
1137 1954 1139 1964 Ι

262 1970 329 1996 bona
350 1969 455 2000 mundi,
475 1972 585 2003 propter
599 1968 671 2002 quod
692 1968 880 2002 delinquimus.
897 1968 944 1994 Hic
965 1969 1044 1994 timor
1057 1975 1109 1994 ma-
1137 1993 1139 1995 .

261 2013 303 2039 lus
315 2015 366 2043 est,
380 2012 425 2046 qui
442 2012 467 2038 in
482 2012 569 2045 primo
583 2011 667 2045 gradu
683 2018 743 2037 cum
759 2011 858 2037 mundo
872 2011 1013 2040 deseritur,
1028 2018 1108 2044 quem

262 2055 390 2081 Dominus
411 2054 535 2088 probibet
556 2054 580 2080 in
595 2053 760 2086 Evaugelio⁸
781 2053 887 2079 dicens:
907 2053 997 2080 Nolite
1017 2053 1109 2079 amere

261 2106 303 2124 eos
322 2096 372 2132 qai
391 2096 514 2123 occidant
533 2104 630 2131 corpas
650 2099 700 2123 etc.
720 2096 810 2122 Timor
830 2100 918 2122 autem
933 2096 1038 2122 servilis
1058 2100 1109 2128 est,

129 2148 250 2171 Augustinus.
262 2144 290 2167 ut
303 2141 340 2167 ait
354 2141 529 2173 Augustinus,
553 2147 614 2166 cum
634 2147 682 2173 per
696 2139 817 2166 timorem
832 2140 969 2172 gehennae
992 2140 1110 2166 continet

261 2184 382 2210 schomo
403 2191 416 2210 a
432 2186 558 2217 peccato,
578 2191 631 2217 quo
652 2183 830 2217 praesentiam
854 2182 952 2209 iudicis
971 2185 996 2209 ct
1010 2190 1109 2216 poenas

262 2227 367 2258 metuit,
388 2230 413 2252 et
428 2226 523 2252 timore
538 2225 612 2256 facit,
626 2225 757 2260 quidquid
779 2225 840 2251 boni
856 2225 930 2257 facit,
948 2233 999 2251 non
1015 2225 1109 2252 timore

262 2270 400 2296 amittendi
416 2273 553 2295 aeteruum
570 2270 681 2301 bonum,
696 2269 767 2302 quod
782 2276 833 2295 non
848 2272 934 2299 amat,
953 2268 999 2295 scd
1015 2269 1110 2295 timore

262 2313 379 2347 patiendi
401 2313 515 2343 malum,
535 2312 606 2347 quod
627 2312 759 2338 formidat.
777 2312 833 2338 Non
855 2312 942 2344 timet,
963 2319 996 2338 nc
1016 2311 1110 2345 perdat

266 2356 407 2390 amplexus
426 2355 602 2390 pulcherrImi
622 2355 727 2389 sponsi;
741 2355 787 2381 sed
803 2355 890 2386 timet,
905 2362 937 2381 ne
952 2354 1071 2381 mittatur
1085 2355 1109 2381 in

262 2400 419 2432 gebennam.
438 2399 526 2425 Bonus
546 2402 585 2424 est
606 2399 654 2424 istc
674 2398 753 2424 timor
779 2401 804 2424 et
825 2398 910 2429 utilis,
931 2397 993 2423 licet
1014 2397 1110 2423 insuffi-

261 2442 352 2473 ciens,
374 2449 421 2475 per
441 2449 520 2476 quem
542 2442 570 2467 stt
590 2441 718 2475 paulatim
740 2440 906 2466 consuetudo
927 2440 1058 2471 iustitiae,
1085 2444 1110 2466 et

261 2484 383 2511 succedit
396 2484 504 2510 initialis
518 2484 605 2516 timor,
619 2483 727 2518 quando
742 2483 835 2517 incipit
854 2483 925 2517 quod
941 2483 1038 2509 durum
1054 2487 1110 2509 erat

1166 285 1237 308 ecum
1257 286 1334 309 cnam
1354 282 1383 309 in
1408 282 1502 308 timore
1529 286 1595 313 ΜΟ,-
1625 283 1747 309 timorem
1777 283 1925 310 desiturum
1951 284 2017 311 dicit

1166 325 1223 351 sic:
1247 336 1258 348 α
1272 326 1362 352 Timor
1381 326 1485 352 Domini
1505 328 1545 352 est
1558 332 1683 358 magnum
1698 326 1862 360 praesidium
1878 328 2017 361 proficien-

1169 367 1239 393 tibus
1258 368 1291 394 ad
1306 368 1419 394 salutem
1429 390 1435 400 ,
1448 368 1493 394 sed
1509 368 1727 401 pervenientibus
1740 369 1809 395 foras
1823 369 1945 396 mittitur.
1958 370 2016 396 Non

1168 410 1238 436 enim
1258 411 1352 437 timent
1372 412 1423 437 iarn
1445 411 1577 442 amicum,
1596 418 1657 437 cum
1678 411 1782 437 scilicet
1801 411 1834 438 ad
1850 412 1875 438 id
1889 412 1960 446 quod
1979 420 2017 439 re-

1168 454 1331 487 promissum
1352 458 1406 485 est,
1434 454 1558 488 perducti
1580 454 1677 481 fuerint
1690 465 1713 480 ».
1734 455 1774 481 Ex
1794 454 1836 481 his
1854 456 2017 482 auctoritati-

1168 496 1218 522 bus
1237 496 1418 530 significatur,
1438 497 1510 531 quod
1532 497 1611 523 timor
1631 505 1682 523 non
1703 497 1753 523 erit
1773 497 1797 523 in
1818 498 1916 525 futuro.
1933 498 1959 525 Si
1974 506 2017 525 au-

1169 542 1220 565 tem
1243 539 1321 565 timor
1340 547 1392 565 non
1417 539 1496 565 fuerit
1506 539 1516 552 ⁴
1530 539 1555 565 in
1571 539 1676 572 tuturo;
1691 547 1754 573 ergo
1768 547 1817 567 nec
1830 544 1932 575 septem
1948 541 2017 568 dona

1168 585 1246 608 erunt
1266 589 1315 608 nec
1334 582 1414 608 modo
1432 585 1494 609 sunt
1514 583 1539 608 in
1560 583 1667 616 Angelis
1689 591 1737 610 nec
1758 583 1783 609 in
1807 584 1948 610 animabus
1961 592 2018 610 san-

1168 625 1326 652 ctis—Ad
1347 625 1418 660 quod
1439 625 1568 657 dicimus,
1588 626 1777 653 auctoritatum
1807 627 2016 661 praemissarum

1169 676 1238 702 quae
1267 668 1373 695 videtur
1399 669 1604 703 repugnantiam
1624 669 1795 703 dirimentes,
1815 670 1887 704 quod
1913 674 2016 705 septem

1169 711 1213 738 illa
1234 711 1304 738 dona
1324 715 1350 738 ct
1371 711 1394 738 in
1415 711 1522 745 Angelis
1542 712 1622 738 mocio
1643 715 1704 738 sunt
1718 716 1743 739 et
1757 713 1782 739 in
1803 713 1945 740 animabus
1962 721 2020 741 san-

1169 755 1220 781 ctis
1249 755 1361 782 feliciter
1390 755 1543 782 viventibus
1569 758 1595 782 et
1623 756 1648 781 in
1669 755 1746 782 nobis
1766 759 1843 783 erunt
1863 756 1889 782 in
1916 757 2018 790 futuro,

1169 799 1215 825 sed
1236 806 1287 825 non
1308 799 1446 825 habebunt
1465 799 1554 826 omnia
1567 799 1576 812 ⁵
1600 799 1649 825 hos
1667 807 1732 826 usus
1751 800 1808 826 sive
1827 799 1895 826 haec
1914 799 2018 835 officia,

1169 849 1239 876 quac
1259 849 1330 868 nunc
1349 842 1466 874 liabent3
1486 845 1514 868 ut
1535 842 1608 869 verbi
1629 843 1729 875 gratia,
1745 843 1823 869 timor
1837 843 1924 869 filialis
1939 843 2018 870 modo

1170 885 1230 910 facit
1253 885 1360 917 timere,
1381 892 1413 911 ne
1433 884 1602 920 offendamus
1622 893 1702 919 quem
1722 885 1870 920 diligimuS,
1890 889 1916 912 et
1935 893 1968 913 nc
1980 894 2019 913 se-

1167 935 1300 961 paremur
1319 927 1352 954 ab
1372 934 1417 958 eo,
1447 928 1510 954 facit
1529 928 1608 954 etiam
1629 936 1676 954 nos
1695 928 1816 954 revereri
1834 929 1966 961 eundem;
1992 930 2018 956 in

1170 971 1258 998 futuro
1280 979 1343 998 vero
1363 972 1443 998 faciet
1462 979 1510 998 nos
1523 971 1658 1002 revereri,
1672 972 1780 1006 quando
1797 980 1847 999 non
1864 972 2018 999 timebimus

1168 1013 1309 1047 separari,
1331 1013 1370 1039 vel
1392 1013 1531 1048 offendere.
1552 1014 1610 1040 Non
1631 1021 1693 1047 ergo
1715 1018 1801 1041 metus
1822 1013 2017 1049 separationis,

1169 1056 1210 1082 vel
1230 1055 1387 1091 offensionis
1408 1064 1477 1083 nunc
1507 1060 1545 1083 est
1574 1057 1598 1083 in
1629 1057 1736 1091 Angelis
1766 1057 1806 1083 vel
1833 1057 1858 1083 iu
1879 1057 2018 1085 animabus

1168 1100 1267 1126 sanctis
1282 1107 1330 1126 nec
1345 1100 1369 1126 in
1385 1100 1462 1126 nobis
1475 1101 1525 1126 erit
1539 1101 1564 1126 in
1579 1100 1682 1132 futuro,
1702 1101 1748 1127 sed
1767 1100 1934 1131 reuerentia,
1949 1108 2018 1134 quae

1169 1146 1207 1169 est
1228 1143 1309 1169 mixta
1329 1150 1390 1169 cum
1405 1143 1571 1169 subiectione
1585 1143 1693 1169 dilectio
1705 1152 1711 1175 ;
1725 1151 1795 1178 quae
1808 1144 1888 1170 etiam
1904 1144 1929 1169 in
1943 1143 2018 1170 Chri-

1168 1189 1208 1212 sto
1230 1186 1291 1217 fuit,
1310 1186 1381 1213 sicut
1401 1186 1544 1220 Apostolus
1558 1187 1624 1213 dicit
1639 1187 1663 1213 in
1678 1187 1797 1221 Epistola
1813 1187 1844 1213 ad
1860 1186 1996 1213 Hebraeos
2007 1186 2016 1200 ⁶

1168 1228 1281 1262 loquens
1301 1229 1334 1255 de
1353 1229 1475 1255 Christo:
1506 1229 1559 1261 Qui
1586 1229 1730 1256 emendatas
1749 1234 1786 1256 esc
1803 1238 1854 1264 pro
1873 1238 1923 1256 saa
1947 1237 2018 1256 reve-

1167 1271 1265 1298 rentia.
1284 1286 1318 1291 —
1338 1272 1450 1303 Quidam
1478 1276 1565 1298 tamen
1586 1273 1735 1299 secundum
1755 1273 1874 1307 effectam
1896 1274 2016 1299 timorem

1168 1315 1193 1340 in
1215 1314 1319 1340 Christo
1339 1318 1364 1340 et
1384 1315 1409 1340 in
1430 1314 1537 1347 Angelis
1559 1318 1658 1341 tantum
1679 1322 1737 1341 esse
1756 1315 1928 1342 contendunt.

1172 1446 1200 1474 ll.

1169 1581 1271 1613 amari;
1292 1585 1317 1607 et
1337 1582 1376 1608 sic
1397 1582 1491 1616 incipit
1511 1581 1617 1607 excludi
1638 1581 1744 1608 servilis
1765 1582 1843 1608 timor
1863 1590 1876 1608 a
1897 1582 2016 1609 caritate.

1169 1624 1201 1649 Et
1220 1624 1342 1650 succedit
1361 1624 1457 1651 deinde
1485 1625 1564 1650 timot·
1583 1627 1672 1651 castus
1691 1624 1748 1650 sive
1774 1624 1942 1658 amicabilis,
1964 1633 2017 1659 quo

1170 1668 1308 1699 timemus,
1331 1676 1362 1694 ne
1382 1676 1497 1702 sponsus
1518 1667 1617 1698 tardet,
1638 1675 1669 1693 ne
1690 1667 1825 1699 discedat,
1852 1675 1884 1694 ne
1904 1668 2018 1695 offenda-

1169 1718 1242 1742 mus,
1264 1717 1295 1736 ue
1315 1718 1345 1737 eo
1366 1718 1514 1737 careamus.
1534 1710 1624 1736 Timor
1640 1710 1687 1736 iste
1707 1710 1740 1736 de
1754 1718 1845 1737 amore
1867 1711 1952 1742 venit,
1974 1711 2016 1737 ille

1168 1753 1276 1787 quidem
1298 1752 1403 1778 servilis
1422 1756 1461 1778 est
1481 1753 1570 1784 utilis,
1596 1752 1642 1778 sed
1670 1760 1721 1778 non
1742 1760 1901 1786 permanens
1930 1753 1956 1779 in
1977 1760 2017 1780 ae-

1169 1800 1288 1829 ternum,
1309 1800 1335 1822 ut
1363 1796 1423 1826 iste;
1452 1796 1530 1822 timor
1549 1795 1657 1822 divinus
1683 1803 1772 1822 comes
1791 1799 1829 1822 est
1856 1804 1904 1830 per
1923 1803 2015 1823 omnes

1167 1839 1274 1873 gradus.

1238 1883 1270 1908 Et
1289 1882 1409 1912 attende,
1430 1881 1501 1916 quod
1522 1885 1638 1915 quatuor
1658 1882 1702 1908 bic
1722 1882 1922 1915 distinguuntur
1942 1883 2016 1909 timo-

1168 1934 1218 1957 res,
1232 1933 1293 1952 cum
1307 1932 1389 1959 supra
1408 1925 1478 1951 Beda
1499 1925 1611 1956 dixerit,
1628 1925 1695 1952 duos
1717 1933 1783 1952 esse.
1803 1926 1854 1952 Sed
1874 1926 1944 1952 Beda
1966 1925 2016 1952 lta-

1166 1977 1280 1995 mnnam
1301 1964 1422 1995 timorem
1444 1968 1625 2002 praetermisit
1642 1971 1667 1994 et
1687 1969 1792 1995 nomine
1810 1969 1919 1996 seruilis
1933 1969 2014 2001 duos,

1167 2020 1235 2046 quos
1255 2012 1298 2037 bic
1319 2011 1503 2042 distinximus,
1523 2011 1681 2045 complexus
1695 2011 1755 2042 fuit,
1774 2011 1877 2038 scilicet
1890 2011 2015 2038 servilem

1167 2056 1192 2079 et
1208 2052 1341 2079 initialem
1349 2063 1361 2084 ,·
1375 2053 1545 2079 amicabilem
1561 2060 1623 2079 vero
1644 2057 1747 2079 eastum
1761 2053 1834 2081 dicit.
1851 2054 2015 2087 Augustinus

1167 2104 1276 2131 quoque
1296 2096 1435 2127 servilem,
1455 2100 1480 2123 et
1499 2100 1602 2123 castum
1618 2097 1739 2123 timorem
1760 2091 1852 2131 aperte
1872 2097 2014 2128 discernit,

2029 631 2144 655 Explanatio.

2031 1272 2112 1291 Dubium
2127 1271 2144 1290 3.

2030 1889 2111 1908 Dubium
2126 1890 2143 1908 3.

2028 1933 2087 1952 Beda.

2028 2058 2111 2076 Dubium
2125 2058 2142 2077 t.

1167 2141 1230 2167 dum
1260 2141 1396 2175 Epistolae
1425 2140 1458 2166 ad
1487 2140 1644 2166 Romanos⁹
1674 2140 1747 2166 iilum
1771 2140 1858 2167 locum
1887 2141 2166 2176 exponitzAugusfinns..

1167 2184 1230 2210 Non
1249 2183 1322 2209 enim
1341 2182 1478 2217 accepistis
1496 2182 1626 2217 spiritam
1645 2182 1781 2209 set-vitatis
1804 2183 1903 2210 aarum
1928 2183 1958 2210 in
1984 2183 2015 2209 ti-

1168 2234 1257 2256 more,
1278 2225 1324 2251 sed
1339 2225 1475 2260 accepistis
1493 2224 1623 2260 spiritam
1640 2225 1794 2260 adoptionis
1812 2225 1935 2260 filioram
1949 2226 2014 2257 Dei,

1169 2269 1202 2295 ita
1223 2269 1331 2294 dicens:
1352 2269 1408 2294 Duo
1424 2268 1531 2294 timores
1552 2268 1595 2294 bic
1610 2268 1791 2294 insumantur:
1813 2277 1896 2301 uitus,
1916 2269 1960 2303 qui
1976 2273 2016 2295 est

1168 2313 1193 2338 in
1215 2312 1331 2346 perfecta
1351 2312 1480 2342 caritate,
1506 2311 1609 2337 scilicet
1636 2311 1715 2337 timor
1734 2315 1820 2338 castas
1831 2322 1843 2343 ,·
1866 2312 1950 2345 alter,
1968 2313 2014 2345 qui

1168 2363 1219 2381 non
1240 2358 1279 2381 est
1300 2355 1324 2380 in
1351 2355 1475 2385 caritate,
1500 2354 1603 2380 scilicet
1622 2354 1745 2384 servilis,
1767 2355 1791 2380 in
1813 2362 1865 2389 quo
1892 2356 2015 2389 quamvis

1168 2399 1221 2425 Deo
1241 2398 1381 2429 credatur,
1402 2405 1453 2423 non
1474 2400 1560 2423 tamen
1583 2396 1612 2423 in
1627 2398 1729 2427 Deam,
1751 2401 1776 2423 et
1795 2397 1933 2424 sibonum
1952 2398 2017 2429 fiat,

1168 2448 1219 2467 non
1241 2445 1327 2467 tamen
1343 2440 1413 2467 bene.
1438 2452 1447 2463 ιι
1460 2440 1543 2467 Nemo
1559 2441 1628 2466 enim
1647 2441 1744 2466 invitus
1758 2440 1824 2467 bene
1839 2441 1914 2472 facit,
1934 2441 2014 2467 etiam

1167 2484 1188 2509 si
1210 2483 1308 2509 bonum
1329 2487 1369 2509 est
1388 2483 1459 2517 quod
1481 2482 1574 2509 facit¹⁰
1589 2494 1612 2509 υ,

326 2686 331 2700 ¹
351 2686 405 2714 Cup.
429 2687 460 2714 ll,
485 2687 502 2708 1.
521 2687 541 2708 2.
561 2688 581 2708 13.

324 2726 333 2739 ‘-'
352 2726 426 2753 Super
445 2726 509 2747 Prov.
533 2726 554 2752 l,
572 2726 593 2747 7.
613 2726 642 2747 lbi
661 2726 782 2753 respicitur
799 2726 812 2747 Ι.
831 2726 890 2747 ioan.
913 2726 929 2747 i.
953 2726 990 2752 15³3
1011 2726 1044 2748 l's.
1068 2726 1105 2753 18,

270 2765 397 2792 10;t.t:0r.
416 2766 447 2791 ts,
466 2765 487 2786 8.

325 2803 334 2817 3
352 2804 433 2826 Ρεδίιη.
452 2803 476 2831 55,
495 2804 521 2830 83
540 2806 561 2825 vt
579 2804 609 2826 ibi
628 2805 723 2831 August.
742 2804 843 2826 linari-at.
862 2810 882 2826 n.
901 2804 922 2825 5).

326 2842 334 2856 ⁴
353 2844 401 2864 Vnt.
420 2849 473 2865 cum
492 2844 572 2871 paucis
589 2843 641 2865 odd.
659 2843 710 2865 erit.

326 2882 335 2896 ⁵
352 2882 407 2904 Cod.
426 2883 441 2903 A
460 2885 482 2904 ct
499 2882 551 2904 mid.
575 2883 594 2910 t,
614 2883 625 2902 8
645 2882 747 2905 omnino.

326 2920 335 2934 ⁶
353 2920 406 2947 Cat).
426 2921 446 2945 51¹.
465 2921 486 2943 7.

327 2958 335 2971 7
354 2959 374 2979 tn
393 2960 490 2986 Prologo
507 2966 577 2987 super
596 2960 628 2982 l’s.
646 2961 699 2986 1-27,
712 2961 883 2986 sententialiter;
896 2960 936 2982 scd
950 2962 1005 2982 baec
1017 2963 1039 2982 et
1051 2967 1109 2989 quae

264 3001 393 3024 sequuntur
411 2998 457 3019 sore
474 2998 614 3020 verbotenus
631 2999 693 3025 apud
712 2999 827 3026 Lyranum
845 2999 900 3021 ibid.
913 3006 935 3021 v.
958 2999 974 3025 l,
993 3002 1015 3021 et
1032 2999 1109 3027 quoad

1168 2693 1262 2708 sonsum
1280 2686 1342 2714 apud
1360 2687 1456 2714 August.
1475 2686 1530 2707 ibid.
1550 2686 1650 2707 Euarrat.
1669 2692 1689 2707 n.
1708 2685 1730 2707 7.
1757 2698 1786 2700 —
1804 2686 1876 2712 Sum-a
1896 2691 1937 2712 pro
1954 2684 2014 2707 tntil-

1167 2724 1249 2748 catalis
1274 2725 1342 2747 codd.
1368 2728 1390 2747 et
1415 2725 1467 2747 edd.
1490 2724 1611 2751 amicalis,
1639 2724 1702 2753 quod
1727 2725 1794 2746 etiam
1822 2724 1890 2750 infra,
1909 2723 1949 2745 sed
1969 2730 2012 2745 non

1167 2768 1308 2791 constanter,
1327 2767 1439 2791 repetunt.
1458 2764 1558 2792 Utraque
1576 2764 1647 2785 forma
1666 2767 1699 2786 est
1717 2764 1804 2785 usitata.

1230 2803 1239 2817 3
1257 2804 1332 2825 Manu.
1355 2804 1386 2830 10,
1405 2804 1447 2830 21η
1466 2803 1519 2825 Luc.
1542 2803 1579 2830 1-2,
1600 2802 1619 2824 4.

1230 2843 1239 2857 ⁰
1257 2843 1312 2870 Cap.
1331 2844 1352 2870 8,
1375 2843 1412 2869 15,
1431 2848 1500 2871 quem
1514 2842 1590 2864 locum
1603 2843 1697 2869 August.
1710 2841 1803 2868 exponit
1815 2841 1835 2861 in
1850 2841 1936 2868 Evang.
1951 2841 2010 2863 ioan.

1168 2885 1194 2903 tr.
1213 2881 1249 2903 85.
1268 2888 1289 2903 n.
1308 2882 1328 2903 3.

1231 2920 1249 2934 ¹⁰
1266 2921 1370 2948 August.,
1388 2920 1416 2941 de
1434 2920 1518 2947 Spiritu
1544 2921 1566 2941 et
1583 2919 1612 2940 lit.
1635 2924 1654 2940 e.
1673 2918 1709 2939 32.
1728 2924 1748 2939 n.
1775 2917 1816 2944 ὕὸς
1841 2918 1855 2940 1,
1874 2918 1974 2941 Cont'ess.
1993 2925 2011 2941 c.

1172 2960 1204 2981 t2.
1224 2966 1244 2981 n.
1266 2960 1300 2980 19.
