2166 3366
148 741 212 764 Quoad
224 745 264 759 esse

135 765 265 788 praedestina-

137 791 181 806 tum.

146 951 268 975 Augustinus.

153 1424 235 1443 Dubium
250 1424 268 1442 2.

274 188 328 215 168

273 264 387 290 dicitur:
415 263 500 289 sactus
525 264 565 287 est
587 261 658 287 Deus
687 260 779 291 homo,
804 258 945 292 multiplex
970 257 1119 284 secundum

274 308 338 334 istos
357 306 386 332 fit
411 303 595 338 intelligentia,
616 305 642 328 ut
662 305 784 328 naturam
803 301 947 327 humanam
968 299 1119 333 accepisse,

274 350 315 376 vel
344 350 517 376 humanatum
549 345 667 372 Verbum
695 352 753 371 esse
785 344 916 377 incepisse
949 342 1119 375 intelligatur.

273 394 328 420 Nec
348 396 448 423 tamen,
468 390 489 416 si
511 389 610 422 incepit
629 395 687 414 esse
705 387 885 413 humanatum
908 384 1036 415 Verbum,
1060 384 1120 411 ideo

274 435 407 469 sequitur,
428 433 499 468 quod
530 432 660 466 inceperit
683 438 740 457 esse
769 429 899 460 Verbum,-
922 435 971 454 nec
1000 428 1022 453 si
1053 428 1121 453 Deus

275 479 360 505 factus
386 479 426 503 est
451 475 632 501 humanatum
663 472 791 502 Verbum,
821 472 957 505 sequitur⁷
987 469 1058 505 quod
1090 470 1123 496 sa-

275 523 334 546 ctus
353 519 387 545 sit
411 517 544 548 Verbum·
564 517 633 542 sicut
652 516 685 542 de
714 515 804 549 aliquo
833 514 945 540 dicitur:
970 512 1050 539 hodie
1073 512 1122 538 iste

276 563 365 596 coepit
385 568 443 588 esse
464 559 548 586 bonus
568 559 661 589 homo,
682 558 722 584 vel
743 558 829 584 factus
857 560 896 583 est
917 555 1000 582 bonus
1026 554 1122 585 ltomo;

276 612 325 631 nec
355 607 441 630 tamen
471 603 551 629 hodie
579 601 669 635 coepit
697 607 755 627 esse
780 599 874 629 homo,
899 598 940 625 vel
970 598 1055 624 sactus
1084 599 1123 623 est

276 647 363 673 homo.

348 688 499 716 Secundum
521 688 584 713 istos
605 686 704 712 dicitur
722 685 855 716 Christus,
882 684 1030 711 secundum
1051 682 1123 717 quod

278 733 372 764 homo,
391 729 606 766 praedestinatus
632 737 685 755 esse
704 727 793 755 Filius
812 726 878 758 Dei,
905 727 968 761 quia
989 729 1026 752 est
1047 733 1125 759 prae-

278 775 440 802 destinatum
460 781 474 800 a
494 774 548 799 Deo
568 772 601 799 ab
626 775 747 802 aeterno,
767 774 792 797 et
812 771 837 796 in
858 773 978 803 tempore
997 769 1123 795 collatum

278 822 317 845 est
337 819 359 845 ei
383 825 432 852 per
456 817 584 850 gratiam,
605 818 631 841 ut
659 816 715 849 ipse
736 821 782 840 ens
807 813 887 839 honio
907 813 941 839 sit
966 812 1049 838 Filius
1070 812 1124 838 Dei.

279 861 334 887 Hoc
354 861 423 887 enim
444 867 495 886 non
510 866 616 892 semper
630 858 738 889 habuit,
758 857 805 883 sed
825 856 850 882 in
871 859 991 890 tempore
1004 862 1053 889 per
1066 862 1125 888 gra-

279 905 341 931 tiam
362 903 473 937 accepit.
492 901 567 933 Quod
588 901 694 927 videtur
707 899 871 933 Augustinus
891 901 996 925 notasse
1017 898 1041 924 in
1058 897 1126 924 libro

279 947 312 973 ad
333 947 492 980 Prosperum
519 947 545 970 et
571 942 720 970 Hilarium¹
750 942 856 967 dicens:
881 952 891 963 «
909 940 1127 967 Praedestinatus

280 993 319 1016 est
337 990 425 1020 Iesus,
445 991 485 1019 ut,
500 988 544 1021 qui
559 987 664 1013 futurus
683 988 740 1012 erat
759 984 907 1011 secundum
927 990 1034 1010 carnem
1056 983 1127 1009 filius

279 1032 379 1063 David,
399 1034 468 1057 esset
488 1031 513 1056 in
528 1030 625 1056 virtute
645 1029 727 1055 Filius
748 1029 833 1054 Dei».
854 1027 883 1053 Hi
899 1027 992 1058 etiam,
1014 1033 1074 1052 cum
1090 1025 1126 1051 di-

280 1077 367 1102 citur:
388 1074 508 1101 Christus
536 1074 622 1099 minor
642 1073 735 1103 Patre,
755 1071 903 1097 secundum
932 1070 1004 1104 quod
1032 1069 1127 1102 homo,

280 1118 428 1146 secundum
453 1115 575 1143 habitum
595 1116 646 1142 hoc
666 1115 816 1148 intelligunt
835 1114 935 1140 dIctum
948 1135 954 1145 ‚
976 1113 1001 1139 id
1024 1115 1075 1145 est,
1102 1113 1127 1138 in

281 1165 410 1196 quantum
432 1160 511 1187 babet
525 1159 659 1185 hominem
673 1157 724 1184 sibi
744 1157 856 1184 unitum.
869 1156 945 1182 Unde
965 1156 1129 1188 Augustinus

282 1205 308 1231 in
328 1204 396 1230 libro
416 1203 502 1237 primo
522 1202 556 1228 de
575 1200 735 1228 Trinitate²:
762 1211 771 1223 «
785 1200 856 1226 Deus
875 1199 958 1225 Filius
982 1198 1037 1224 Deo
1058 1197 1127 1224 Patri

282 1251 376 1274 natura
397 1249 436 1272 est
453 1245 587 1279 aequale,
607 1244 699 1270 babitu
714 1244 808 1269 minor.
829 1242 856 1268 In
870 1242 953 1267 forma
974 1241 1043 1267 enim
1058 1240 1128 1266 servi

283 1291 369 1316 minor
388 1292 428 1315 est
447 1289 536 1319 Patre,
557 1288 582 1313 in
603 1287 685 1313 forma
706 1286 751 1312 Dei
773 1285 894 1319 aequalis
913 1287 952 1311 est
972 1284 1080 1310 Patri».
1098 1284 1129 1309 Et

283 1333 346 1367 quia
372 1331 518 1358 secundum
543 1328 665 1356 habitum
691 1328 849 1362 accipienda
875 1330 913 1353 est
938 1326 1129 1353 incarnationis

282 1376 362 1406 ratio,
382 1374 442 1400 ideo
464 1374 548 1400 Deum
573 1372 767 1401 humanatum,
794 1377 846 1396 non
866 1369 1002 1396 horizt'nem
1022 1368 1129 1400 deifica-

284 1421 339 1444 tum
359 1417 411 1443 dici
437 1415 550 1442 tradunt.
572 1414 647 1441 Unde
673 1414 783 1440 Ioannes
810 1412 1022 1439 Damasoenusfl:
1048 1411 1128 1438 «Non

282 1460 417 1486 hominem
437 1458 590 1485 deificatum
611 1457 740 1488 dicimus,
761 1455 806 1481 sed
833 1455 914 1481 Deum
934 1454 1069 1481 hominem
1097 1454 1130 1480 fa-

283 1507 356 1529 ctum
370 1514 393 1529 ι).

948 180 1201 209 SENTENTIARUM
1224 179 1283 207 LlB.
1306 179 1346 206 ΙΙΙ.

1537 254 1598 281 Car.
1618 254 1657 280 Ill.

1303 340 1379 373 Quod
1397 348 1454 366 non
1473 339 1547 366 debet
1565 338 1621 366 dz'cz'
1639 339 1717 365 homo
1737 338 1896 365 dominicus.

1249 427 1281 453 Et
1300 427 1360 453 licet
1382 426 1487 453 dicatur
1512 425 1590 452 homo
1610 426 1694 456 Deus,
1720 432 1771 451 non
1798 428 1884 451 tamen
1906 432 2022 458 congrue
2035 430 2115 448 Dubium
2129 429 2145 449 ³.

1178 469 1276 496 dicitur
1296 469 1374 495 lto-mo
1394 468 1554 495 dominicus.
1574 468 1650 494 Unde
1666 468 1829 501 Augustinus
1850 468 1874 493 in
1889 467 1957 493 libro
1976 467 2023 494 Re-

1179 512 1365 538 tractationum
1378 512 1399 537 ⁴:
1425 523 1435 534 «
1448 511 1505 538 Non
1522 511 1610 541 video,
1631 514 1718 537 utrum
1734 514 1806 537 reete
1826 510 1931 536 dicatur
1944 509 2022 536 Immo

1179 554 1331 581 dominicus
1355 554 1400 588 qui
1421 557 1460 580 est
1481 554 1611 581 mediator
1626 554 1672 580 Dei
1693 556 1717 580 et
1731 554 1882 584 hominum,
1902 553 2022 579 Christus

1180 597 1264 628 Iesus,
1283 604 1343 623 cum
1364 597 1398 622 sit
1412 597 1504 631 utique
1523 596 1657 623 Dominus
1666 607 1677 628 ‚·
1697 599 1722 622 et
1742 596 1793 622 boo
1812 596 1919 629 quidem
1940 599 1969 622 ut
1986 596 2023 622 di-

1180 647 1279 669 cerem,
1300 639 1371 673 apud
1393 639 1523 673 quosdam
1544 639 1593 672 legi
1616 642 1774 665 tractatores
1793 639 1948 665 catholicos.
1970 638 2022 665 Sed

1180 682 1344 716 ubicumque
1365 682 1416 708 hoc
1429 682 1497 713 dixi,
1516 682 1616 708 dixisse
1637 689 1677 708 me
1692 681 1797 708 nollem.
1814 682 1906 708 Postea
1921 682 2023 716 quippe

1180 725 1249 757 vidi,
1270 732 1320 750 non
1341 732 1398 750 esse
1418 724 1574 755 dicendum,
1594 725 1717 758 quamvis
1737 724 1862 751 nonnulla
1883 724 1966 758 possit
1985 731 2023 750 ra-

1180 768 1250 793 tione
1265 767 1368 793 defendi
1384 778 1405 792 ι».
1417 767 1613 793 —Secundum
1629 767 1692 793 istos
1705 767 1784 793 etiam
1798 767 1897 794 dicitur
1911 775 2024 802 persona

1181 810 1239 837 Filii
1260 818 1290 836 m
1310 810 1415 836 duabus
1435 813 1459 836 et
1483 818 1515 836 ew
1533 810 1638 836 duabus
1657 810 1771 836 existere
1795 810 1909 842 naturis,
1930 818 2025 837 secun-

1182 853 1244 879 dum
1259 852 1463 879 adhaerentiam
1477 856 1503 879 et
1522 852 1727 879 inhaerentiam.
1743 853 1831 879 Altera
1846 854 1915 879 enim
1929 853 2025 880 adhae-

1181 900 1221 922 ret
1240 896 1278 928 ei,
1299 896 1381 922 altera
1402 895 1477 922 inest.

1253 939 1322 965 Satis
1342 939 1482 971 diligenter
1501 939 1575 965 iuxta
1594 938 1762 965 diversorum
1782 939 1925 965 sententias
1943 926 2162 973 supraMassisfiersuss

1183 982 1283 1016 positas
1294 981 1303 994 ⁵
1318 981 1419 1015 absque
1433 981 1578 1007 assertione
1592 984 1617 1007 et
1637 981 1803 1014 praeiudicio
1818 981 1927 1007 tractavi
1948 988 2026 1015 quae·
2038 966 2103 1008 ‘e’ieffift
2118 965 2154 984 mm

1183 1025 1302 1051 stionem.
1324 1025 1512 1051 Verumtamen
1532 1024 1606 1055 nolo,
1628 1024 1652 1049 in
1675 1026 1744 1050 tanta
1765 1031 1793 1050 re
1812 1027 1919 1058 tamque
1938 1024 1971 1050 ad
1991 1024 2027 1050 di-

1184 1067 1365 1101 gnoscendum
1380 1067 1480 1093 difficili
1496 1070 1590 1101 putare
1600 1066 1740 1098 lectorem,
1756 1067 1831 1093 istam
1846 1067 1895 1093 sibi
1910 1070 2026 1093 nostram

1184 1111 1282 1137 debere
1303 1110 1426 1136 sufficere
1445 1110 1663 1144 disputationem
1684 1110 1729 1136 scd
1756 1110 1825 1144 legat
1845 1113 1869 1136 et
1889 1110 1940 1136 alia
1960 1110 2027 1137 sorte

1185 1155 1279 1181 melius
1298 1154 1465 1180 considerata
1486 1157 1565 1187 atque
1586 1156 1710 1184 tractata,
1730 1156 1755 1179 et
1775 1160 1804 1179 ea
1826 1160 1895 1187 quae
1915 1153 1959 1179 hic
1975 1161 2028 1180 mo-

1186 1204 1247 1223 vere
1267 1199 1390 1231 possunt,
1410 1195 1577 1228 vigilantiore
1596 1198 1677 1229 atque
1696 1195 1910 1229 intelligentiore,
1936 1195 1957 1221 si
1984 1203 2029 1229 po-

1186 1243 1247 1272 test,
1268 1242 1355 1265 mente
1375 1238 1513 1269 discutiat,
1526 1238 1577 1264 hoc
1597 1238 1708 1264 firmiter
1723 1241 1825 1271 tenens,
1843 1238 1914 1271 quod
1933 1249 1943 1261 «
1958 1238 2028 1265 Deus

1185 1282 1320 1308 bominem
1345 1281 1484 1312 assumsit,
1503 1281 1583 1307 homo
1604 1281 1629 1307 in
1651 1282 1734 1307 Deum
1758 1282 1892 1313 transivit,
1912 1289 1964 1308 non
1984 1289 2030 1308 na-

1187 1328 1261 1351 turae
1282 1324 1470 1356 versibilitate,
1495 1324 1542 1350 sed
1568 1324 1613 1350 Dei
1640 1324 1806 1357 dignatione;
1832 1327 1861 1350 ut
1886 1332 1934 1351 nec
1959 1325 2029 1351 Deus

1186 1371 1334 1394 mutaretur
1354 1368 1379 1393 in
1400 1367 1543 1393 humanam
1563 1367 1738 1393 substantiam
1764 1367 1924 1393 assumendo
1948 1368 2029 1394 homi-

1186 1418 1259 1441 nem,
1280 1418 1328 1436 nec
1343 1410 1422 1436 homo
1437 1410 1461 1435 in
1481 1410 1612 1442 divinam,
1631 1410 1794 1443 glorificatus
1808 1410 1832 1436 in
1851 1410 1947 1441 Deum;
1966 1411 2029 1444 quia

1187 1454 1297 1479 mutatio
1318 1453 1358 1479 vel
1383 1452 1543 1478 versibilitas
1563 1455 1673 1479 naturae
1697 1452 1900 1479 diminutionem
1925 1455 1951 1479 et
1969 1452 2031 1479 abo-

1187 1496 1304 1522 litionem
1326 1495 1490 1522 substantiae
1510 1494 1591 1521 facit⁶
1604 1506 1614 1518 n

589 1610 1029 1662 COMMENTARIUS
1064 1610 1126 1658 IN
1160 1609 1597 1657 DISTINOTIONEM
1632 1609 1729 1656 VH.

865 1727 1065 1772 Explicantur
1090 1726 1250 1770 ambiguae
1276 1725 1451 1758 locutiones.

742 1834 908 1863 Secundam
927 1833 1061 1870 primam
1083 1841 1151 1860 vero
1173 1832 1283 1860 dictem·
1307 1832 1382 1860 Deus
1403 1830 1503 1868 factus
1525 1834 1574 1860 etc.

1017 1930 1140 1960 DiViSlO
1162 1931 1300 1959 TEXTUS.

366 2048 456 2084 Supra
477 2045 602 2074 narravit
617 2044 744 2081 Magister
759 2043 914 2071 multorum
935 2042 1088 2079 opiniones.
1104 2041 1132 2069 ln

288 2096 340 2124 bac
361 2097 439 2132 parte
461 2093 582 2130 applicat
602 2092 637 2120 ad
656 2090 808 2128 principale
830 2089 1017 2127 propositum,
1039 2088 1133 2117 videli-

289 2145 331 2171 cet
346 2142 379 2170 ad
396 2139 576 2177 explicandas
590 2138 736 2174 ambiguas
753 2137 911 2166 locutiones.
929 2135 1067 2164 Dividitur
1086 2143 1133 2163 au-

289 2193 343 2218 tem
359 2196 425 2225 pars
447 2188 498 2216 ista
513 2187 540 2215 in
562 2190 656 2223 partes
672 2189 727 2213 tres
749 2184 904 2213 secundum
924 2184 984 2211 illas
1006 2186 1062 2211 tres
1078 2182 1133 2219 opi-

289 2236 393 2264 niones.
416 2227 444 2262 lu
465 2241 586 2270 quarum
608 2233 699 2269 prima
724 2231 846 2268 explicat
875 2230 1027 2258 locutiones
1049 2228 1133 2257 ambi-

290 2290 358 2320 guas
380 2281 534 2310 secundum
548 2280 705 2316 opinionem
728 2278 856 2315 primam.
878 2276 906 2305 ln
929 2276 1051 2305 secunda
1066 2283 1133 2303 vero

290 2328 444 2358 secundum
473 2327 630 2364 opinionem
659 2325 826 2358 secundam,
856 2323 910 2351 ibi:
940 2323 976 2351 Iit
1004 2321 1133 2350 secundet

289 2384 357 2404 vero
376 2374 517 2403 sententia
539 2372 627 2401 lautus
650 2371 826 2400 tractitz'om's.
850 2370 877 2397 ln
899 2369 980 2398 tertia
1005 2376 1072 2397 vero
1095 2375 1134 2396 se-

291 2423 414 2452 cundum
436 2421 562 2454 tertiam,
586 2420 639 2448 ibi:
670 2419 706 2447 In
727 2417 781 2446 hac
804 2417 896 2455 igitur
922 2415 1063 2444 sententia
1090 2414 1133 2443 stc

291 2470 418 2498 dicitnr:
441 2469 518 2496 Deus
539 2466 638 2504 factus
661 2465 744 2494 hoino
766 2468 817 2493 etc.

370 2516 460 2544 Prima
483 2522 547 2551 pars
562 2513 696 2542 dividitur
712 2513 738 2540 in
762 2512 840 2540 duas.
857 2511 885 2539 ln
906 2518 1027 2547 quarum
1044 2509 1135 2546 prima

292 2564 371 2592 iuxta
392 2562 512 2599 primam
533 2560 697 2589 sententiam
716 2559 862 2595 ambiguas
878 2557 1030 2586 locutiones
1052 2564 1133 2593 expo·

356 2703 362 2717 ¹
381 2703 405 2726 ld
422 2706 455 2725 est
478 2703 506 2725 de
524 2702 637 2724 Praedesi.
656 2702 757 2723 Sanctor.
775 2706 794 2722 c.
817 2700 850 2721 15.
869 2706 889 2721 n.
908 2700 944 2721 31.

354 2742 364 2757 2
381 2742 435 2770 Cap.
453 2742 474 2763 7.
493 2748 513 2763 n.
536 2741 568 2763 14.

356 2780 365 2795 3
382 2780 442 2802 Libr.
461 2781 491 2801 lll.
511 2780 538 2801 de
556 2779 609 2801 Fide
627 2778 716 2800 orthod.
735 2784 753 2800 c.
773 2778 793 2799 2.

356 2818 365 2833 ⁴
382 2819 443 2841 Libr.
463 2819 476 2840 l.
494 2825 513 2840 c.
535 2819 568 2840 19.
587 2824 607 2840 n.
627 2818 647 2839 8.
666 2830 695 2832 —-
713 2818 755 2838 Pro
779 2815 852 2845 possit
873 2815 940 2837 codd.
957 2815 1029 2836 ΑΒΕ)
1047 2818 1069 2836 et
1086 2814 1138 2836 edd.

295 2859 320 2885 2,
339 2858 363 2883 3,
383 2857 408 2885 4,
427 2857 454 2885 5,
472 2858 497 2885 6,
514 2857 539 2885 7,
558 2858 571 2878 9
588 2857 680 2885 posset,
708 2858 730 2877 et
747 2862 789 2883 pro
806 2854 919 2877 adhaeret
935 2860 1015 2876 omnes
1033 2853 1099 2875 codd.
1118 2856 1139 2875 et

295 2897 347 2919 edd.
365 2896 459 2918 eaedem
477 2895 589 2918 inhaeret.

357 2935 366 2949 ⁵
383 2936 411 2957 lta
431 2934 498 2956 codd.
517 2934 596 2962 BCE;
615 2934 664 2956 Vat.
683 2936 704 2956 ct
721 2933 773 2955 edd.
793 2934 819 2961 2,
837 2933 863 2960 3,
883 2932 908 2960 li,
927 2932 953 2960 5,
972 2932 998 2960 6,
1016 2932 1042 2959 7,
1060 2932 1073 2953 9
1090 2937 1139 2954 sen-

296 2973 392 2997 tentiam
404 2979 478 3002 supi-cz
488 2972 605 3002 positum,
624 2972 677 2994 edd.
699 2973 720 2999 l,
739 2972 751 2993 >3
770 2974 792 2993 et
809 2972 875 2993 codd.
894 2972 911 2992 A
922 2971 939 2993 D
956 2970 1082 2993 sententias
1100 2976 1139 2992 su.-

1191 2041 1238 2069 nit.
1260 2041 1287 2068 In
1311 2040 1432 2069 secunda
1449 2048 1515 2068 vero
1536 2048 1568 2068 ea
1589 2047 1661 2076 quae
1680 2039 1839 2076 praedictae
1859 2038 1981 2076 opinioni
1996 2039 2034 2067 vi-

1190 2088 1292 2116 dentur
1314 2087 1465 2121 contraria,
1487 2086 1626 2120 dissolvit,
1648 2086 1697 2114 ibi:
1717 2085 1795 2114 Httt'c·
1809 2089 1908 2113 autem
1928 2089 2034 2113 senten-

1191 2134 1247 2162 tiae
1268 2134 1433 2170 opponitur.

1269 2180 1395 2209 Secunda
1411 2188 1476 2208 vero
1491 2188 1556 2216 pars
1570 2179 1731 2216 principalis
1747 2179 1882 2208 dividitur
1898 2179 1925 2207 in
1940 2182 2033 2216 partes

1191 2231 1255 2256 tres.
1277 2227 1305 2255 In
1328 2235 1447 2264 quarum
1469 2226 1561 2263 prima
1582 2226 1735 2255 locutiones
1757 2226 1926 2263 praemissas
1941 2225 2035 2262 expla-

1190 2277 1244 2302 nat.
1262 2274 1288 2302 ln
1305 2274 1427 2302 secunda
1442 2281 1508 2301 vero
1526 2273 1704 2301 auctoritates
1719 2273 1799 2309 prius
1822 2273 1925 2309 positas
1940 2272 2034 2308 expla-

1190 2325 1249 2355 nat,
1279 2321 1333 2349 ibi:
1364 2320 1566 2348 Decet-minam
1592 2323 1689 2347 autem
1718 2319 1929 2352 auctoritates,
1958 2327 2032 2356 quae

1187 2367 1321 2405 primae¹
1345 2370 1395 2395 ete.
1419 2367 1445 2394 ln
1469 2367 1550 2395 tertia
1570 2374 1637 2395 vero
1658 2366 1726 2394 alias
1749 2365 1940 2399 auctoritates.
1963 2373 2033 2402 quae

1191 2415 1322 2443 videntur
1343 2414 1499 2447 adversari,
1522 2414 1630 2442 reducit
1644 2413 1678 2441 ad
1701 2413 1890 2447 concordiam,
1913 2413 1962 2440 ibi:
1979 2412 2035 2440 Sed

1192 2461 1236 2490 ln‘s
1257 2462 1392 2489 videntur
1414 2460 1573 2489 adversari
1592 2463 1640 2488 etc.
1666 2460 1695 2488 Et
1717 2460 1763 2487 illa
1785 2468 1850 2496 pars
1878 2460 1906 2487 in
1932 2459 2034 2487 multas

1192 2512 1284 2546 posset
1305 2508 1392 2537 dividi
1415 2511 1507 2544 partes
1532 2507 1687 2535 ses-undum
1714 2507 1816 2535 multas
1841 2507 2034 2539 auctoritates,

1192 2555 1263 2584 sicut
1285 2555 1311 2583 in
1334 2554 1424 2582 littera
1446 2556 1528 2590 patet.

1194 2702 1239 2725 pra
1250 2695 1351 2725 positam
1364 2696 1420 2721 (scil.
1433 2694 1600 2723 quaestionem)
1611 2702 1615 2721 ;
1628 2694 1711 2716 deinde
1722 2699 1774 2715 cum
1787 2692 1854 2715 codd.
1869 2692 1885 2714 A
1896 2692 1913 2714 D
1924 2693 1938 2713 Ε
1950 2694 1972 2714 et
1983 2691 2035 2714 edd.

1197 2736 1222 2762 si,
1241 2735 1267 2763 5,
1286 2736 1298 2756 8
1318 2736 1437 2762 posuimus
1455 2733 1555 2756 tractavi
1571 2739 1613 2761 pro
1631 2731 1785 2756 tractavimus
1794 2740 1804 2759 ,⁵
1816 2732 1914 2760 denique
1928 2737 1969 2759 pro
1981 2732 2037 2753 tam-

1196 2781 1239 2804 que
1256 2774 1288 2797 ad
1304 2773 1488 2803 diffuse-endum
1505 2773 1627 2800 pleraeque
1648 2771 1700 2793 edd.
1723 2776 1776 2793 cum
1799 2770 1846 2792 Vat.
1870 2771 1985 2799 tunquam
2006 2769 2038 2791 acl

1196 2812 1389 2842 cognoscendum.

1259 2851 1268 2865 ⁵
1284 2851 1398 2878 Gennad.,
1416 2851 1444 2872 de
1462 2851 1586 2872 Ecclesiast.
1605 2850 1685 2876 Dogm.
1704 2854 1722 2870 c.
1741 2849 1761 2870 2.

1411 2889 1506 2911 NOTAE:
1523 2888 1560 2911 AD
1578 2886 1822 2911 COMMENTARIUM.

1260 2929 1266 2942 ¹
1286 2928 1358 2951 Codd.
1372 2928 1526 2957 praemissae.
1545 2927 1611 2949 Paulo
1629 2927 1722 2948 inferius
1738 2926 1787 2947 Vat.
1811 2926 1892 2947 omittit
1908 2923 2037 2947 secundum

1196 2968 1287 2991 multas
1304 2968 1464 2991 aitclorz'tates.

2160 855 2162 867 l

2162 1023 2164 1046 l
