2166 3366
13 1261 42 1281 Ad
55 1263 129 1286 opposi-

47 1287 92 1304 tum.

773 157 856 185 DtST.
878 158 919 186 tx.
941 158 1013 186 ART.
1035 158 1053 186 Ι.
1075 158 1211 195 QUAEST.
1234 159 1263 187 V.

1838 163 1894 191 209

890 286 1150 323 SOHOLION.

213 377 227 398 l.
245 376 327 405 Opinio
343 377 361 398 1.
378 377 414 399 liic
426 377 495 399 relata
513 376 641 398 detenditur
652 376 681 398 ab
694 376 790 398 ilenrico
806 376 878 398 Gand.
897 376 992 405 (Quodl.

151 416 186 438 10.
205 422 227 444 q.
245 416 276 443 6.)
294 419 315 437 et
338 416 451 437 nonnullis
467 416 516 437 aliis
533 414 698 443 posterioribus
715 415 841 443 theologis,
858 419 880 437 et
897 422 991 443 gencra-

149 455 189 476 tim
208 454 313 482 docetur,
326 454 388 483 quod
405 455 517 482 imagines
529 460 573 475 non
591 453 717 476 debeamus
730 455 835 476 venerari
853 455 934 477 eodem
948 455 992 477 cul-

150 497 185 520 tu,
202 494 253 515 lieet
270 493 375 521 relativo,
394 494 452 515 sicut
469 495 597 520 prototypa.
611 493 656 514 Sed
673 493 732 514 hanc
749 493 881 521 opinionem
899 494 991 521 plurimi

149 539 202 556 cum
220 534 242 555 S.
265 533 349 554 Bonav.
367 534 388 554 et
410 532 498 553 Thomu
517 537 561 553 non
584 531 720 559 approbant.
743 532 901 555 Commonitor
923 534 990 555 otiam

148 572 295 600 distinguitur
311 572 333 593 in
351 577 434 599 genere
452 577 519 598 crux,
537 574 650 599 quatenus
667 571 825 594 consideratur
837 575 860 594 ut
877 571 987 601 sianum,

147 612 197 633 sive
217 612 295 638 imago
317 610 434 637 Crucifixi,
452 613 473 632 et
490 613 515 632 ut
532 615 569 632 res
586 609 710 639 quaedam.
729 610 803 632 Primo
822 611 891 633 modo
908 611 990 633 eadem

147 650 210 672 latria
227 649 336 672 adoratur
358 649 472 677 quaelibet
494 655 548 670 crux
570 655 623 671 cum
646 649 697 676 ipso
719 648 844 676 Crucifixo,
867 649 896 671 ad
920 656 989 678 quem

147 689 249 711 adoratio
266 689 369 711 refertur.
387 688 493 710 Secundo
514 688 584 710 modo
601 689 684 710 iterum
701 689 853 710 communiter
870 688 990 716 distingui-

146 730 183 749 tur
200 728 249 755 ipsa
266 733 336 755 crux,
354 733 423 755 quam
442 730 515 749 morte
527 733 567 749 sua
580 726 684 749 Christus
701 728 856 755 consecravit,
880 734 891 749 a
909 728 990 755 vulga-

145 765 210 788 ribus
222 765 336 788 crucibus.
349 766 430 794 Quoad
445 772 526 788 reram
538 765 618 788 Christi
636 772 727 788 crucem
746 767 767 787 in
780 772 804 788 se
822 766 988 788 consideratam

145 809 179 828 est
195 806 330 833 opinionum
348 805 472 827 differentia
491 805 582 833 triplex,
600 811 699 833 quarum
717 806 790 832 prima
808 808 842 828 est
858 805 935 832 opinio
953 806 989 827 hie

146 845 248 867 secundo
265 845 315 867 loco
333 844 401 867 relata
418 847 440 866 et
457 845 505 866 iure
518 844 652 872 reprobata;
670 844 769 866 secunda
788 847 821 866 est
832 844 852 865 ei
870 844 986 871 opposita,

1050 384 1109 406 quae
1122 378 1246 406 perlectam
1264 379 1351 400 latriam
1364 385 1433 401 verae
1450 380 1513 402 cruci
1525 380 1642 402 vindicare
1652 381 1711 409 vult;
1725 382 1788 403 tertia
1805 384 1839 403 est
1851 387 1895 404 me-

1050 416 1099 444 dia,
1112 423 1182 446 quam
1195 418 1231 439 liic
1243 419 1337 440 sustinet
1350 419 1370 440 S.
1382 419 1552 446 Bonaventura,
1569 422 1591 441 et
1602 421 1638 442 cui
1652 421 1763 442 consentit
1775 420 1796 442 S.
1812 421 1894 442 Thom.

1050 456 1072 477 in
1090 455 1259 479 Commentario
1277 457 1327 483 (hic
1344 463 1364 479 a.
1382 457 1402 479 2².
1421 458 1563 486 quaestiunc.
1582 457 1626 485 4.),
1645 459 1686 481 nisi
1704 459 1767 487 quod
1786 458 1815 481 ibi
1835 460 1895 481 hunc

1049 496 1135 518 cultum
1159 496 1259 517 nomini-t
1276 494 1449 524 ltgsperduli'am.
1462 496 1507 517 Sed
1520 496 1580 518 idem
1603 497 1625 518 in
1638 497 1701 519 Sum.
1715 497 1762 525 (111.
1781 505 1802 526 q.
1822 497 1858 520 ²25.
1874 505 1894 520 a.

1050 534 1080 562 4,)
1098 535 1146 556 aliis
1164 533 1241 555 verbis
1264 535 1344 556 utitur:
1366 542 1375 553 u
1389 534 1453 556 Unde
1475 537 1572 563 utroque
1590 536 1660 557 modo
1682 536 1791 558 adoratur
1812 537 1893 559 eadem

1048 573 1180 595 adoratione
1198 578 1250 594 cum
1263 572 1364 599 Christo,
1383 573 1467 595 scilieet
1480 573 1612 596 adoratione
1630 575 1707 596 latriae
1721 583 1740 596 n.
1759 575 1814 597 ilinc
1827 575 1895 598 disci-

1048 611 1095 638 puli
1113 611 1134 633 S.
1159 611 1262 633 Thomae
1284 611 1306 632 in
1324 612 1508 639 interpretatione
1529 618 1599 634 verae
1624 614 1673 635 eius
1697 614 1820 636 sententiae
1849 620 1893 636 non

1047 650 1203 676 consentiunt,
1222 649 1277 671 dum
1296 650 1347 677 alii,
1366 652 1390 671 ut
1407 650 1465 672 Gotti
1484 653 1506 672 et
1528 651 1625 679 Sum-ez,
1643 658 1696 673 eum
1719 652 1796 674 favere
1814 653 1897 675 volunt

1048 688 1125 710 tertiae.
1143 688 1256 715 opinioni,
1275 688 1311 709 alii
1329 694 1385 709 vero
1403 689 1526 710 secundae.

1110 727 1132 748 ll.
1151 727 1212 748 Alex.
1231 727 1285 753 ilat,
1303 727 1325 749 S.
1345 733 1366 754 p.
1384 727 1416 748 ΙΙΙ.
1435 734 1457 755 [[.
1475 727 1511 749 30.
1530 734 1560 749 m.
1574 728 1594 750 3.
1613 734 1632 750 a.
1646 728 1667 750 3.
1681 741 1710 744 -
1722 730 1789 757 scot,
1803 730 1893 758 Report.

1047 765 1060 786 l.
1079 765 1139 787 Sent.
1156 765 1177 787 d.
1199 765 1232 787 16.
1251 772 1272 793 q.
1290 766 1368 793 unica,
1386 765 1418 788 ad
1433 765 1602 794 probationem.
1620 779 1651 782 —-
1668 767 1725 789 Petr.
1744 774 1755 789 a
1780 768 1840 795 Tar.,
1858 769 1894 791 liic

1047 811 1068 833 q.
1089 804 1108 826 i.
1126 811 1146 826 a.
1165 805 1185 826 2.
1199 805 1340 833 quaestiunc.
1355 805 1375 826 3.
1392 817 1424 821 —
1440 805 1546 827 Richard.
1559 812 1572 827 a
1590 806 1655 834 Med.y
1669 806 1704 828 hic
1721 813 1740 828 a.
1759 807 1780 828 2.
1793 814 1814 836 q.
1834 808 1895 829 3.—

1046 843 1120 871 .Egid.
1133 843 1166 870 R.,
1185 843 1221 865 hic
1238 849 1260 872 q.
1280 844 1300 864 2.
1318 849 1338 865 a.
1357 843 1378 866 3.

907 933 1069 970 QUAESTIO
1091 933 1122 961 V.

637 1020 740 1049 Utrum
762 1019 853 1048 latria
874 1018 1035 1048 exhibenda
1055 1019 1094 1047 sit
1114 1019 1252 1048 membris
1275 1018 1394 1048 Clu-isti.

220 1120 321 1156 Quinto
352 1119 513 1157 quaeritur,
535 1121 632 1148 utrum
655 1118 746 1147 latria
767 1117 927 1146 exhibenda
949 1117 984 1147 sit

140 1167 274 1196 membris
295 1167 405 1195 Christi.
428 1166 459 1194 Et
479 1166 554 1203 quod
576 1166 630 1198 sic,
653 1165 780 1194 videtur:

221 1215 245 1242 1.
267 1214 358 1242 Primo
379 1212 543 1241 auctoritate
557 1215 584 1241 et
598 1212 728 1249 exemplo
744 1211 830 1249 ipsius
844 1211 983 1247 Abrahae,

141 1261 202 1299 qui,
223 1261 250 1289 in
272 1261 384 1289 Genesis
405 1260 513 1289 decimo
535 1259 667 1293 octavo¹‚
688 1262 745 1287 tres
766 1259 841 1287 viros
864 1259 932 1287 vidit
957 1262 984 1287 et

141 1316 228 1337 unum
244 1308 386 1342 adoravit,
400 1311 428 1336 et
442 1306 612 1344 Augustinus
632 1305 762 1342 exponit,
784 1305 857 1342 quod
875 1305 927 1334 viri
943 1305 981 1334 illi

140 1355 234 1392 Angeli
255 1355 388 1389 fuerunt3
409 1354 457 1383 sed
479 1357 571 1383 tamen
594 1354 620 1382 in
642 1353 697 1381 illis
711 1353 838 1382 adoravit
852 1353 940 1381 Deum
956 1356 983 1382 et

139 1402 240 1431 obtulit
261 1401 300 1430 eis
321 1401 509 1430 adorationem
534 1400 647 1429 latriae:
670 1408 736 1436 ergo
751 1400 772 1428 si
788 1400 862 1428 Deus
878 1400 983 1428 habitat

139 1449 167 1478 in
188 1449 323 1478 membris
344 1448 458 1483 Christi,
480 1448 608 1482 videtur,
623 1447 698 1484 quod
714 1447 754 1475 eis
768 1446 861 1475 cultus
877 1446 984 1475 latriae

140 1496 239 1526 debeat
259 1495 396 1525 exhiheri.

219 1544 245 1571 ἱ).
267 1542 349 1575 Item,
371 1542 398 1570 in
419 1540 599 1578 Apocalypsi²
620 1540 738 1575 dicitur,
767 1540 842 1576 quod
871 1539 984 1568 loannes

140 1589 239 1618 cecidit
260 1589 288 1617 in
308 1588 405 1617 faciem
428 1595 523 1619 suam,
544 1591 576 1616 ut
594 1587 724 1615 adoraret
739 1586 889 1622 Angelum,
904 1590 931 1615 et
946 1586 982 1614 ibi

140 1636 258 1670 dicitur,
279 1635 353 1673 quod
375 1634 495 1671 Angelus
517 1642 569 1662 non
592 1633 738 1670 permisit;
759 1636 808 1662 aut
828 1641 895 1669 ergo
910 1632 983 1661 loan-

140 1691 188 1712 nes
209 1683 327 1711 adorare
348 1681 436 1709 voluit
456 1680 618 1709 adoratione
650 1679 773 1713 latriae,
805 1682 854 1707 aut
875 1679 982 1708 (taliae.

140 1730 166 1759 Si
188 1729 315 1758 latriae:
343 1736 410 1765 ergo
438 1735 502 1756 cum
524 1727 638 1755 loannes
660 1730 734 1755 recte
756 1726 851 1755 fecerit
873 1734 922 1755 nee
944 1734 985 1754 re·

140 1775 331 1813 prehendatur
361 1777 493 1811 tanquam
527 1773 688 1806 idololatra,
720 1772 845 1801 adoratio
877 1772 984 1800 latriae

139 1826 230 1860 potest
249 1822 377 1851 exhiberi
401 1820 528 1849 rationali
549 1823 712 1849 creaturae:
729 1827 795 1856 ergo
810 1820 831 1848 si
854 1819 930 1856 paris
945 1819 984 1847 di-

140 1869 251 1907 gnitatis
282 1872 347 1897 sunt
378 1867 469 1904 Angeli
500 1870 526 1896 et
557 1867 683 1895 membra
708 1866 824 1900 Christi,
854 1866 983 1901 videtur,

140 1916 214 1953 quod
236 1915 370 1945 membris
391 1914 492 1943 Christi
513 1914 691 1943 exhibendus
711 1914 746 1942 sit
760 1913 853 1942 cultus
868 1913 983 1942 latriae.

140 1963 174 1993 Sz'
194 1963 293 1996 dicas,
315 1962 388 2000 quod
412 1962 526 1991 loannes
554 1961 642 1990 voluit
672 1961 791 1990 adorare
822 1961 983 1989 adoratione

140 2009 260 2043 dulium
280 2013 403 2037 contra:
426 2008 503 2037 dulia
524 2008 642 2037 debetur
657 2007 776 2044 Angelis
798 2007 894 2036 bonis:
917 2015 984 2044 ergo

141 2056 213 2085 male
234 2056 351 2085 faciebat
373 2055 507 2091 Angelus,
528 2054 625 2092 quod³
646 2054 812 2091 prohibebat
832 2054 867 2083 ab
888 2054 984 2082 adora-

140 2103 229 2138 tione,
250 2110 334 2140 quam
356 2102 494 2135 debebat;
515 2101 614 2138 quodsi
637 2101 730 2138 Angeli
752 2109 895 2138 nunquam
911 2100 984 2129 male

140 2149 253 2183 faciunt,
269 2152 362 2183 restat,
376 2149 450 2185 quod
466 2148 636 2185 praecedens
651 2143 810 2176 membrum
822 2151 865 2176 est
876 2155 983 2176 verum.

220 2195 246 2224 3.
268 2196 350 2229 item,
372 2195 446 2224 Deus
466 2195 627 2223 adorandus
642 2198 683 2223 est
697 2195 858 2223 adoratione
878 2194 984 2223 latriae

141 2243 292 2280 intemplo
321 2246 415 2271 sancto
437 2250 503 2275 suo,
525 2242 681 2270 secundum
713 2241 788 2278 quod
820 2241 886 2270 dicit
914 2241 985 2270 Psal-

141 2290 245 2318 mus‘:
267 2289 396 2317 Introibo
419 2289 449 2317 in
470 2289 590 2317 domum
611 2292 694 2317 tuam
714 2292 739 2317 et
760 2288 892 2316 aflorabo
913 2292 964 2317 ete.
976 2299 983 2322 ;

141 2337 189 2365 sed
211 2336 354 2374 quodlibet
369 2336 527 2364 membrum
543 2335 643 2363 Christi
659 2338 701 2363 est
714 2335 851 2372 templum
866 2334 984 2371 Spiritus

141 2383 242 2417 sancti,
264 2383 419 2411 seeundum
441 2382 515 2419 quod
538 2382 640 2410 dicitur
656 2382 762 2418 primae
778 2382 813 2409 ad
828 2381 984 2410 Corinthios

142 2430 236 2459 tertio:
261 2438 327 2466 ergo
348 2429 492 2466 quodlibet
506 2429 606 2457 Christi
628 2428 786 2456 membrum
808 2428 982 2457 adorandum

142 2480 183 2505 est
204 2476 364 2504 adoratione
387 2475 501 2503 latriae.

1119 1117 1146 1146 [ι.
1169 1117 1250 1151 item,
1272 1126 1375 1155 corpus
1395 1118 1496 1147 Christi
1520 1127 1619 1148 verum
1642 1120 1763 1149 refertur
1777 1121 1813 1149 ad
1829 1129 1886 1150 cor-

1040 1172 1094 1202 pus
1114 1164 1216 1193 Christi
1238 1165 1385 1201 mysticum
1408 1168 1539 1202 tanquam
1555 1167 1666 1203 signum
1682 1167 1715 1195 ad
1732 1167 1883 1204 signatum:

1040 1219 1107 1248 ergo
1129 1212 1152 1240 si
1184 1212 1323 1248 signatum
1345 1212 1380 1241 sit
1401 1212 1522 1242 nobilius
1544 1213 1638 1250 signo,
1660 1222 1762 1251 eorpus
1783 1204 1883 1244 Christi

1041 1259 1188 1296 mysticum
1211 1262 1253 1287 est
1275 1259 1362 1296 magis
1391 1259 1434 1288 vel
1455 1267 1544 1297 aeque
1566 1260 1658 1289 nobile
1677 1269 1761 1297 quam
1787 1269 1889 1298 corpus

1041 1305 1140 1333 Christi
1165 1313 1281 1339 verum;
1313 1305 1362 1334 sed
1384 1314 1482 1334 verum
1505 1314 1607 1343 corpus
1628 1307 1729 1335 Christi
1752 1308 1886 1337 adoratur

1041 1352 1172 1381 latria&
1194 1360 1260 1389 ergo
1281 1355 1308 1381 et
1329 1361 1431 1390 corpus
1452 1353 1554 1382 Christi
1577 1353 1734 1390 mysticum.

1122 1401 1146 1428 5.
1168 1399 1250 1434 Item,
1269 1400 1367 1428 eadem
1395 1400 1556 1429 adoratione
1584 1401 1719 1430 adoratur
1741 1405 1824 1439 caput
1845 1411 1886 1431 re-

1042 1446 1098 1483 gis,
1119 1450 1146 1475 et
1167 1446 1222 1475 alia
1244 1446 1389 1481 membra3
1411 1447 1459 1475 sed
1481 1447 1609 1476 Christus
1630 1451 1672 1477 est
1694 1452 1777 1485 eaput
1813 1449 1891 1478 Eccle

1042 1493 1119 1522 siaea
1141 1496 1168 1522 et
1188 1493 1323 1522 adoratur
1344 1493 1520 1527 adoratione,
1543 1502 1615 1531 quae
1636 1498 1678 1523 est
1694 1495 1802 1524 latria:
1818 1503 1885 1533 ergo

1041 1544 1068 1569 et
1088 1540 1143 1568 alia
1163 1541 1224 1569 eius
1245 1540 1380 1569 membra.

1121 1589 1147 1616 6.
1169 1587 1251 1621 Item,
1272 1587 1417 1624 quodlibet
1438 1587 1596 1616 membrum
1617 1588 1719 1617 Christi
1741 1592 1782 1618 est
1797 1589 1888 1626 imago

1041 1634 1156 1668 Christi,
1172 1642 1221 1663 nec
1237 1634 1327 1671 imago
1349 1637 1474 1668 tantum,
1496 1634 1545 1663 sed
1566 1635 1650 1663 etiam
1673 1635 1764 1672 imago
1784 1637 1891 1665 assimi-

1042 1680 1097 1708 lata
1118 1688 1168 1717 per
1189 1681 1307 1717 gratiam
1319 1691 1326 1715 ;
1348 1680 1396 1709 sed
1423 1681 1540 1709 «honor
1569 1681 1713 1718 imaginis,
1734 1683 1806 1712 sieut
1829 1684 1888 1712 vult

1041 1727 1269 1761 Damascenas',
1301 1727 1422 1756 refertur
1453 1727 1488 1756 ad
1510 1731 1691 1765 prototypum
1706 1740 1739 1757 »ς
1772 1738 1838 1767 ergo
1866 1731 1887 1759 si

1041 1777 1221 1810 prototypum
1243 1774 1378 1803 adoratur
1408 1774 1570 1803 adoratione
1602 1774 1726 1810 latriae,
1759 1777 1870 1806 videtur

1042 1820 1118 1857 quod
1140 1824 1167 1849 et
1188 1820 1315 1849 membra
1336 1820 1455 1856 Christi,
1472 1822 1498 1850 in
1515 1822 1619 1858 quibus
1640 1826 1681 1851 est
1697 1824 1821 1860 reperire
1837 1824 1891 1852 ima

1042 1867 1133 1904 ginem
1155 1870 1273 1896 naturae
1294 1871 1322 1896 et
1342 1868 1554 1897 similitudinem
1576 1870 1690 1906 gratiae.

1120 1914 1172 1942 San
1188 1922 1296 1943 CONTRA
1311 1925 1316 1943 :
1342 1916 1363 1943 l.
1380 1915 1438 1944 Non
1460 1924 1559 1945 sumus
1575 1917 1702 1945 membra
1720 1917 1820 1946 Christi
1836 1918 2031 1947 nisiFuudamenta.

1041 1964 1178 1998 quantum
1200 1961 1234 1990 ad
1257 1962 1479 1991 humanitatem:
1501 1971 1568 1999 ergo
1590 1963 1612 1992 si
1635 1963 1726 1992 latria
1741 1967 1783 1993 est
1798 1964 1890 1993 cultus

1042 2008 1098 2037 Deo
1120 2008 1231 2037 debitus
1244 2009 1270 2043 ⁵,
1293 2008 1418 2043 videtur,
1434 2009 1510 2047 quod
1530 2010 1611 2038 latria
1632 2011 1766 2039 membris
1787 2011 1887 2040 Christi

1042 2063 1097 2083 non
1118 2055 1351 2084 communicetur.

1122 2103 1147 2130 2.
1170 2102 1253 2136 Item,
1276 2102 1402 2131 membra
1423 2102 1523 2132 Christi
1540 2104 1575 2132 ad
1592 2104 1709 2132 invicem
1732 2104 1835 2133 habent
1850 2112 1890 2133 so-

1043 2148 1169 2177 cietatem
1183 2149 1213 2182 ⁹3
1234 2149 1282 2178 sed
1314 2149 1439 2178 adoratio
1468 2149 1575 2179 latriae
1596 2151 1674 2188 ponit
1695 2151 1886 2180 habitudinem

1042 2200 1069 2224 et
1090 2196 1208 2231 gradum
1230 2196 1344 2224 dominii
1366 2199 1392 2225 et
1414 2196 1557 2225 servitutis
1579 2197 1650 2226 inter
1671 2198 1835 2226 adorantem
1862 2202 1888 2226 et

1042 2243 1207 2271 adoratum:
1224 2251 1290 2279 ergo
1305 2251 1358 2271 non
1380 2243 1507 2277 videtur,
1527 2244 1601 2280 quod
1618 2252 1706 2273 unum
1729 2244 1886 2272 membrum

1042 2290 1141 2318 debeat
1162 2289 1242 2318 alteri
1264 2289 1370 2317 cultum
1395 2289 1500 2318 latriae.

1122 2337 1147 2365 3.
1170 2337 1252 2369 item,
1281 2344 1334 2364 non
1363 2340 1405 2365 est
1426 2337 1522 2365 eadem
1545 2337 1706 2365 adoratione
1728 2341 1754 2366 et
1783 2338 1888 2367 honore

1043 2382 1220 2411 venerandus
1241 2383 1371 2411 dominus
1393 2386 1420 2411 et
1441 2391 1558 2414 servus;
1580 2383 1627 2412 sed
1645 2383 1771 2412 membra
1786 2383 1886 2412 Christi

1042 2433 1107 2457 sunt
1128 2429 1252 2457 subiecta
1273 2429 1398 2457 servituti
1422 2429 1522 2457 Christi
1545 2433 1571 2458 et
1594 2430 1641 2458 Dei
1655 2430 1684 2458 ¹⁰:
1705 2438 1771 2466 ergo
1793 2431 1888 2459 adora-

1044 2475 1116 2503 tione
1140 2475 1235 2503 latriae
1258 2484 1311 2503 non
1333 2476 1434 2504 debent
1456 2476 1577 2504 adorari.

206 2633 211 2647 ¹
232 2633 296 2655 voi-s.
314 2633 334 2654 -2,
357 2644 382 2648 —-
400 2632 519 2659 Augustini
537 2631 565 2653 de
584 2632 626 2653 hoc
644 2632 693 2653 loco
718 2632 829 2659 expositio
847 2632 944 2654 habetur
961 2633 982 2654 in

142 2673 192 2693 eius
209 2672 281 2693 Scrm.
299 2671 320 2693 7.
339 2671 404 2699 (alias
422 2671 453 2699 6.)
471 2677 492 2692 n.
510 2671 531 2692 ϋ.
549 2673 570 2692 ct
589 2670 646 2692 XVl.
665 2670 693 2692 de
705 2669 753 2693 civ.
771 2671 823 2699 Dei,
849 2678 866 2693 r.
885 2672 921 2693 ⁴29.
938 2670 982 2693 Csr.

143 2710 197 2732 ibid.
216 2711 244 2732 X.
262 2718 281 2732 r.
300 2712 320 2732 ⁵⁴.

204 2749 213 2763 ‘2
230 2749 284 2777 (lap.
306 2750 344 2775 19,
361 2749 393 2770 lt).
407 2749 431 2770 lit
448 2748 518 2770 recidi
537 2751 587 2770 antu
601 2747 671 2775 podes
683 2749 740 2775 cius,
752 2752 775 2771 ut
787 2749 907 2771 adorarem
921 2756 981 2771 eum.

141 2789 166 2811 Et
183 2788 236 2811 divit
253 2789 317 2810 mihi:
337 2788 408 2814 Vidnv
427 2794 454 2809 n.»
472 2788 551 2809 severis
567 2790 608 2809 etr.

204 2827 213 2842 ³
231 2828 272 2849 l’ro
290 2827 353 2857 quad
369 2828 419 2849 cod.
437 2827 452 2848 Z
465 2826 566 2856 quanda.
583 2826 638 2848 Edd.
651 2830 701 2854 post
713 2826 776 2856 quod
787 2827 909 2849 subiiciunt
920 2834 981 2850 ιἰιιη.

205 2866 213 2880 ⁴
231 2867 311 2888 t‘satin.
330 2866 355 2893 55,
373 2868 394 2888 8.
412 2879 443 2882 —
459 2868 510 2894 5011.
536 2866 666 2893 scripturae
691 2866 803 2888 testimon.
829 2869 862 2888 est
879 2867 920 2888 lor..
945 2868 980 2889 cit.

143 2911 165 2927 v.
187 2905 220 2926 17.
238 2904 282 2927 Cir.
300 2904 354 2926 ibid.
373 2906 401 2932 6,
423 2905 460 2932 15),
479 2911 519 2926 ιιι-(τ
538 2911 581 2926 non
601 2905 622 2926 ll.
641 2904 691 2926 Cor.
710 2905 730 2925 G.
753 2905 784 2926 Ιϋ,

204 2942 214 2956 ⁵
233 2943 289 2965 vm·-
307 2950 375 2970 supra
394 2950 416 2971 ιι.
438 2944 455 2965 l.

269 2994 293 3016 S.
312 2994 398 3016 limma.
417 3006 448 3010 —-
465 2995 531 3016 Tum.
551 2994 581 3015 ΙΙΙ.

1102 2632 1111 2647 ⁸
1129 2632 1172 2655 Cir.
1192 2633 1247 2655 inira
1266 2633 1288 2655 (i.
1311 2633 1344 2655 13.
1362 2640 1381 2655 a.
1401 2634 1421 2655 2.
1440 2646 1469 2649 —
1487 2634 1518 2655 De
1535 2633 1624 2656 maiori·
1640 2633 1692 2656 vida
1705 2640 1774 2661 supra
1793 2641 1813 2662 q.
1835 2635 1851 2656 l.
1865 2635 1885 2656 in

1041 2678 1105 2700 corp.

1101 2711 1110 2725 ⁷
1129 2711 1187 2733 Libr.
1202 2711 1236 2733 lV.
1251 2711 1278 2733 dr
1292 2711 1344 2733 Fide
1356 2712 1445 2733 orthod.
1464 2718 1482 2734 e.
1500 2712 1532 2733 16.
1546 2711 1590 2734 Cir.
1608 2718 1676 2739 supra
1696 2718 1748 2739 pag.
1768 2712 1820 2739 202,
1834 2715 1884 2734 nota

1040 2751 1060 2772 2.
1078 2763 1109 2767 —
1126 2751 1228 2772 Subinde
1247 2753 1297 2778 post
1312 2751 1464 2779 prototypum
1481 2750 1533 2773 odd.
1551 2751 1639 2773 addunt
1656 2750 1680 2773 a!
1697 2752 1730 2773 est
1749 2750 1780 2773 ml
1801 2750 1885 2779 princi-

1037 2789 1091 2818 pale
1108 2788 1274 2818 siqnisirmlum.

1101 2826 1110 2841 ⁸
1129 2827 1185 2849 Vide
1203 2827 1258 2848 inira
1276 2834 1295 2848 a.
1315 2828 1334 2849 2.
1362 2834 1384 2856 q.
1416 2827 1433 2849 1.
1459 2833 1531 2856 semp,
1550 2827 1589 2849 nbi
1607 2829 1628 2848 ot
1646 2827 1817 2850 illustrationem
1835 2828 1885 2849 eiu<

1039 2867 1147 2892 inii-nius,
1166 2867 1228 2894 quod
1247 2867 1267 2888 in
1287 2866 1374 2888 liLl'imi'i
1391 2872 1439 2893 arg.
1459 2873 1506 2894 seq.
1526 2867 1669 2894 proponitur.

1100 2905 1110 2918 ⁹
1127 2905 1171 2927 (Il'r.
1191 2905 1203 2926 l.
1223 2905 1281 2927 toan.
1304 2906 1326 2932 1,
1345 2906 1365 2927 3,
1383 2909 1405 2927 vt
1421 2905 1442 2927 7.

1103 2943 1120 2958 ¹⁰
1139 2944 1194 2966 Vidn
1213 2945 1226 2966 l.
1244 2944 1294 2966 Cor.
1317 2944 1354 2971 13,
1373 2944 1416 2971 27;
1435 2944 1490 2971 lipli.
1513 2944 1534 2971 i,
1552 2945 1593 2972 22;
1613 2944 1680 2966 llebr.
1699 2945 1719 2971 2,
1738 2945 1759 2966 8.

1729 2995 1756 3016 ‘27
