2166 3366
114 413 212 431 Conclusio
224 412 241 430 1.

114 831 213 851 Conclusio
223 831 242 850 2.

127 1440 195 1458 lterum
204 1439 243 1462 opi-

116 1463 180 1481 niones
196 1462 244 1481 duae

115 1486 250 1505 conciliandae.

116 1817 214 1836 Conclusio
226 1818 243 1836 3.

118 2051 217 2070 Conclusio
227 2051 244 2069 n,

256 189 312 217 658

253 265 387 303 utrique¹
412 273 509 294 verum
532 265 625 294 dicere
646 267 798 302 potuerunt
818 272 869 294 nec
890 265 942 293 sibi
964 265 1101 294 contradi-

254 316 336 346 cunt,
358 312 379 340 si
402 314 476 340 recte
499 311 698 348 intelligantur.

333 358 359 387 Si
375 359 448 387 enim
465 358 615 395 loquamur
630 360 766 395 quantum
783 358 817 386 ad
834 358 1001 386 tentationis
1020 366 1101 386 emor-

255 406 352 439 dium,
368 405 627 442 quantulacumque
650 405 752 433 caritas
767 408 857 441 potest
871 405 1002 433 resistere
1016 413 1102 442 quan-

254 455 422 489 taecumque
438 451 593 486 tentationi,
612 451 677 488 quia
699 452 774 480 Deus
789 451 930 480 hominem
952 452 1100 481 habentem

255 499 398 528 caritatem
421 506 567 535 nunquam
589 498 708 533 deserit,
736 498 787 526 nisi
811 498 857 527 ille
882 498 1039 527 voluntarie
1066 499 1101 527 ab

255 553 288 574 eo
315 545 445 579 recedat;
474 545 542 582 quin
570 545 678 582 potius,
700 545 855 573 secundum
884 545 960 582 quod
981 547 1101 582 augetur

255 591 414 620 tentationis
436 591 558 625 bellum,
580 593 714 628 operatur
735 591 809 620 Deus
828 591 950 620 caritatis
971 598 1102 628 augmen-

255 642 325 667 tum.
347 638 423 667 Unde
438 643 699 675 quantumcumque
720 639 755 667 sit
770 638 879 667 modica
894 638 995 667 caritas
1012 638 1040 666 in
1056 639 1102 666 ho-

256 685 343 719 mine,
358 693 502 722 nunquam
528 687 618 722 potest
640 685 744 713 invitus
763 684 798 713 ab
820 685 982 714 adversario
1004 685 1100 719 deiici,

256 732 338 769 quia,
360 731 516 760 secundum
537 731 613 769 quod
635 732 735 761 crescit
755 732 877 766 bellum,
899 732 998 761 crescit
1025 732 1102 760 adiu-

256 778 376 812 torium,
392 777 413 806 si
425 777 434 792 ²
456 778 539 806 homo
554 778 636 806 faciat
657 778 732 814 quod
748 778 774 806 in
797 786 826 807 se
847 781 897 806 est.
912 795 952 798 —
965 778 991 806 Si
1006 780 1100 806 autem

256 825 406 863 loquamur
428 825 463 853 de
485 825 635 853 tentatione
656 828 792 862 quantum
821 825 855 853 ad
879 824 1103 853 consummatio-

254 881 320 901 nem
340 872 498 905 victoriae,
521 872 560 901 sic
581 880 634 900 000
657 875 747 909 potest
768 880 847 906 esse,
869 872 942 909 quod
966 872 1050 900 1101110
1065 879 1100 900 ex

255 919 365 948 modica
380 919 494 948 caritate
511 919 621 948 resistat
635 919 778 947 tentationi
795 919 948 953 maximae,
966 918 1032 956 quia
1046 926 1101 946 non

255 966 360 1003 patitur
382 966 451 994 ordo
472 965 583 994 divinae
605 965 741 999 iustitiae,
763 966 829 1002 quin
852 973 887 994 ex
912 965 1025 994 victoria
1047 973 1103 993 ma-

255 1014 300 1051 gni
324 1013 389 1042 belli
412 1012 460 1041 fiat
474 1012 653 1049 amplificatio
672 1012 772 1041 meriti.
789 1012 865 1040 Unde
886 1012 958 1041 sicut
972 1012 1024 1040 ista
1045 1012 1102 1040 duo

255 1067 309 1088 non
339 1059 548 1092 contradicunt,
577 1058 626 1087 sed
655 1058 738 1087 simul
767 1066 834 1086 vera
862 1062 940 1086 sunt:
971 1058 1101 1095 possibile

256 1109 313 1140 est,
334 1106 410 1143 quod
431 1114 467 1134 ex
489 1113 576 1142 parva
597 1105 711 1133 caritate
734 1105 759 1133 in
782 1105 919 1142 principio
943 1105 1102 1134 tentationis

256 1157 282 1182 et
306 1162 404 1190 magna
433 1153 460 1181 in
491 1152 543 1181 tine
573 1152 720 1181 resistatur
750 1160 865 1188 magnae
887 1151 1047 1185 tentationi;
1076 1155 1102 1180 et

256 1200 377 1229 iterum:
407 1199 538 1236 possibile
566 1201 622 1232 est,
651 1198 725 1235 quod
755 1206 788 1226 ex
817 1206 903 1234 parva
931 1198 1046 1226 caritate
1075 1199 1100 1226 iu

255 1246 392 1284 principio
407 1249 434 1274 et
456 1246 481 1273 in
498 1245 552 1273 fine
574 1253 627 1273 non
644 1244 790 1273 resistatur
806 1252 923 1281 magnae
945 1244 1100 1273 tentationi:

255 1293 294 1322 sic
316 1301 368 1321 non
392 1293 504 1321 obviant
526 1292 577 1321 sibi
600 1292 663 1320 illae
685 1291 757 1320 duae
779 1291 930 1328 opiniones.

335 1339 474 1373 Similiter,
497 1339 518 1367 si
542 1339 691 1375 loquamur
713 1338 748 1366 de
764 1338 885 1374 potentia
908 1338 1031 1367 caritatis
1053 1346 1102 1375 per

256 1387 491 1423 comparationem
514 1386 549 1414 ad
564 1385 642 1413 vires
664 1385 748 1413 tiberi
762 1384 884 1413 arbitrii
904 1384 1101 1421 cooperantis,

257 1434 363 1471 duplex
386 1433 436 1461 fuit
457 1433 558 1470 opinio.
580 1433 647 1460 Nam
670 1432 783 1469 quidam
806 1432 952 1466 dixerunt,
975 1432 1047 1469 qnod
1065 1440 1101 1461 ex

256 1481 515 1518 quantulacumque
537 1479 650 1508 caritate
670 1482 760 1515 potest
782 1479 845 1515 quis
867 1479 996 1508 resistere
1018 1487 1103 1516 quan-

256 1531 423 1564 taecumque
445 1526 604 1560 tentationi,
627 1525 758 1563 quidam,
787 1525 861 1562 quod
883 1534 949 1553 non..
980 1526 1011 1553 Et
1032 1526 1103 1554 ratio

255 1575 341 1604 huius
362 1577 417 1603 est:
434 1574 499 1611 quia
514 1574 548 1602 de
563 1573 671 1602 viribus
690 1572 768 1601 liberi
784 1573 891 1600 arbitrii
907 1572 994 1601 adiuti
1011 1581 1027 1601 a
1042 1581 1104 1610 gra-

256 1622 293 1650 tia
315 1621 378 1651 0513
395 1621 469 1658 loqui
492 1620 653 1658 dupliciter:
671 1620 714 1648 vel
735 1622 871 1656 quantum
887 1620 922 1648 ad
942 1619 1102 1648 libertatem

256 1669 434 1702 voluntatis,
458 1668 499 1697 vel
522 1671 658 1705 quantum
681 1667 717 1695 ad
737 1667 841 1695 vitium
864 1666 1046 1704 difficultatis
1067 1666 1102 1695 ad

256 1716 360 1745 bonum
383 1719 410 1744 et
428 1715 589 1752 promicans
610 1714 644 1743 ad
667 1714 782 1742 malum.

337 1763 361 1791 Si
386 1762 470 1799 igitur
500 1762 649 1798 loquamur
678 1761 712 1789 de
734 1761 823 1797 gratia
845 1768 895 1797 per
922 1761 1104 1797 comparatio-

259 1818 320 1839 nem
343 1809 378 1838 acl
401 1809 560 1837 libertalem
582 1807 758 1841 voluntatis,
781 1807 819 1836 sic
841 1815 904 1836 011111
928 1808 987 1844 ipsa
1008 1807 1103 1835 volun-

257 1860 299 1885 tas
319 1856 352 1884 de
373 1864 402 1884 se
423 1856 458 1884 sit
480 1855 567 1883 libera.
587 1854 622 1882 ad
644 1854 890 1888 consentiendum,
912 1858 939 1882 et
962 1863 1014 1891 per
1034 1862 1103 1891 yra-

258 1903 331 1931 tiam
347 1903 381 1931 sit
397 1902 513 1930 liberata
527 1909 543 1929 a
565 1901 699 1929 servitute
721 1901 824 1937 peccati
850 1904 877 1929 et
898 1901 958 1937 cogi
973 1909 1027 1929 non
1044 1909 1103 1937 pos-

258 1950 293 1978 sit
308 1949 328 1983 ⁴,
357 1952 446 1985 potest
467 1950 710 1985 quantaecumque
739 1947 880 1975 tentationi
910 1948 1049 1976 resistere.
1065 1964 1103 1968 —-

258 1996 284 2024 Si
306 1998 399 2023 autem
429 1995 577 2031 loquamur
598 2002 649 2030 per
677 1994 911 2030 comparationem
934 1994 969 2023 ad
999 1994 1104 2022 vitium

259 2041 441 2079 difficultatis
466 2044 492 2069 et
510 2040 689 2077 pronitatis;
717 2041 755 2069 sic
778 2048 830 2068 non
860 2044 951 2077 potest
972 2041 1103 2069 resistere

258 2089 392 2126 impulsui
417 2088 573 2116 tentationis
602 2088 695 2122 sortis,
725 2087 775 2115 nisi
802 2088 903 2116 caritas
930 2088 1000 2116 adeo
1025 2088 1104 2116 fortis

259 2137 309 2171 sit,
331 2135 404 2173 quod
427 2143 478 2163 suo
507 2135 602 2171 vigore
628 2137 724 2162 contra
742 2134 919 2171 pronitatem
945 2135 1067 2163 refrenet
1088 2143 1104 2162 a

260 2183 333 2212 malo
361 2186 387 2211 et
416 2185 511 2210 contra
541 2181 739 2219 difficultatem
768 2181 900 2210 accendat
921 2182 956 2210 ad
989 2182 1103 2210 bonum.

259 2230 390 2259 Liberum
419 2229 492 2257 enim
521 2228 687 2261 arbitrium,
715 2235 751 2256 ex
781 2236 836 2255 una
864 2231 942 2264 parte
974 2229 1103 2257 adiutum

259 2276 398 2305 adiutorio
413 2276 530 2313 gratiae,
553 2282 588 2303 ex
610 2274 664 2302 alia
678 2277 756 2311 parte
775 2278 939 2311 corruptum
956 2275 1022 2303 vitio
1044 2283 1105 2303 con-

260 2323 462 2361 cupiscentiae,
484 2322 596 2359 quando
618 2321 757 2350 excitatur
780 2322 805 2349 in
828 2322 888 2358 ipso
909 2330 959 2358 per
981 2322 1105 2351 tentatio-

932 187 1184 216 SENTENTIARUM
1205 187 1266 216 LlB.
1287 187 1328 215 Ill.

1156 273 1220 294 nem
1242 266 1363 303 impetus
1378 265 1630 302 concupiscentiae,
1652 266 1808 294 secuudum
1823 266 1898 303 qnod
1914 267 2002 302 magis

1157 315 1184 340 et
1205 313 1294 349 magis
1320 312 1429 341 fortiter
1457 309 1788 346 excitaturfsecundum
1817 313 1870 341 hoc
1898 313 2003 350 indiget

1157 358 1255 387 maiori
1278 358 1461 395 repressivo⁵.
1474 375 1512 379 —
1528 358 1558 386 Et
1579 358 1618 387 sic
1639 358 1759 387 diversis
1780 355 2004 388 considerationi-

1157 405 1218 442 bus·
1232 404 1345 433 concedi
1367 404 1460 433 adhuc
1481 407 1572 441 potest
1593 405 1628 433 de
1643 405 1757 433 caritate
1779 413 1829 442 per
1851 414 2004 442 eompara-

1159 451 1264 480 tionem
1279 451 1320 479 ctd
1334 451 1457 479 liberum
1472 451 1645 485 arbitrium,
1657 451 1732 488 quod
1744 452 2003 490 quantulacumque

1159 498 1260 526 caritas
1278 501 1369 534 potest
1390 497 1520 526 resistere
1541 501 1784 535 quantaecumque
1806 499 1961 533 tentationi,
1977 502 2004 528 et

1158 544 1234 581 quod
1254 552 1313 572 non
1330 547 1439 581 potest:
1458 547 1551 581 potest
1572 544 1701 581 quidem,
1724 545 1745 573 si
1768 548 1947 582 comparetur
1967 545 2003 574 ad

1159 591 1323 619 dominium
1345 590 1503 624 libertatis;
1523 599 1582 619 non
1600 594 1705 628 potest,
1729 591 1750 620 si
1774 594 1953 628 comparetur
1967 591 2003 620 ad

1157 638 1263 666 vitium
1280 637 1441 675 prauitatis
1461 640 1489 666 et
1510 637 1699 676 difficultatis.
1723 638 1754 666 Et
1771 638 1823 666 hoc
1845 638 1945 667 melius
1959 646 2005 675 pa-

1158 688 1210 719 tet,
1233 685 1254 713 si
1277 684 1341 721 quis
1369 684 1526 713 consideret
1547 687 1574 713 et
1602 684 1726 713 attendat
1754 688 1781 713 et
1810 685 2004 722 experimento

1158 734 1306 769 cognoscat
1321 734 1423 760 statum
1440 734 1466 760 et
1481 731 1640 760 conflictum
1662 732 1808 760 hominum
1826 735 2004 761 tentatorum.

1239 778 1277 806 Ex
1300 778 1343 806 his
1364 781 1440 815 patet
1461 778 1605 815 responsio
1621 779 1655 807 ad
1671 779 1861 815 quaestionem
1883 778 2006 816 proposi·
2017 784 2112 808 Epilogus-

1158 829 1228 860 tam,
1250 828 1325 862 patet
1346 826 1429 854 etiam
1452 825 1634 854 nihilominus
1662 826 1805 862 responsio
1826 826 1861 854 ad
1890 826 2004 855 obiecta.

1158 872 1225 901 Nam
1242 872 1378 907 rationes,
1400 880 1474 909 quae
1494 872 1629 909 probant,
1652 873 1727 909 quod
1749 873 2007 910 quantulacumque

1159 919 1260 948 caritas
1274 922 1364 955 potest
1380 919 1510 948 resistere
1521 922 1764 956 quantaecumque
1779 920 1931 955 tentationi,
1947 928 2008 957 pro-

1159 966 1262 994 cedunt
1277 965 1311 994 de
1328 965 1392 1002 ipsa
1407 966 1521 994 caritate
1543 973 1593 1002 per
1608 966 1843 1002 comparationem
1866 967 1902 995 ad
1916 966 2006 995 Deum

1159 1012 1246 1049 ipsam
1269 1012 1449 1041 adiuvantem
1471 1016 1497 1041 et
1519 1015 1749 1049 promoventem,
1775 1016 1802 1041 et
1826 1020 1877 1050 per
1898 1021 2007 1050 compa-

1159 1060 1294 1088 rationem
1327 1060 1362 1088 ad
1395 1059 1546 1088 voluntatis
1578 1059 1752 1094 libertatem,
1784 1060 1856 1089 sicut
1887 1060 2005 1089 intuenti

1158 1109 1282 1143 apparet.

1237 1153 1437 1182 Verumtamen
1468 1153 1514 1181 illa
1543 1154 1625 1188 ratio,
1654 1162 1739 1190 quam
1768 1154 1862 1183 obiicit
1890 1154 1925 1183 de
1945 1158 2156 1200 pec-Affoars5r{-3

1159 1202 1232 1233 cato,
1254 1208 1309 1228 non
1324 1199 1405 1228 valet.
1428 1200 1506 1236 Quod
1529 1200 1603 1228 enim
1627 1200 1742 1235 dicitur,
1764 1200 1839 1237 quod
1858 1203 2007 1238 quantum·
2030 1187 2099 1224 gffirui'-
2125 1187 2135 1201 Ε

1158 1254 1280 1283 cumque
1300 1254 1420 1283 parvum
1450 1249 1595 1283 peccatum
1621 1247 1723 1276 sufficit
1744 1248 1779 1276 ad
1809 1247 2005 1284 expellendam

1158 1296 1416 1330 quantamcumque
1437 1293 1571 1330 gratiam3
1593 1294 1644 1323 hoc
1667 1302 1719 1322 non
1742 1297 1796 1329 est,
1825 1294 1891 1331 quia
1912 1302 2006 1331 pecca-

1160 1344 1217 1368 tum
1241 1342 1304 1376 agat
1326 1340 1352 1368 in
1375 1340 1463 1377 ipsam
1487 1340 1621 1377 gratiam,
1643 1341 1690 1369 sed
1713 1341 1779 1378 quia
1800 1341 1864 1369 facit
1883 1341 2004 1370 liberum

1159 1386 1308 1414 arbitrium
1334 1386 1454 1415 deficere
1476 1395 1492 1415 a
1513 1387 1618 1423 gratiae
1640 1387 1843 1424 complemento
1853 1387 1871 1415 ⁸.
1892 1388 1931 1416 Ex
1953 1388 2006 1416 hoc

1159 1437 1253 1462 autem
1275 1441 1329 1462 000
1351 1436 1442 1470 potest
1467 1433 1580 1467 inferri,
1601 1434 1676 1471 quod
1705 1438 1819 1471 propter
1848 1435 1900 1463 hoc
1921 1443 2006 1472 quan-

1160 1480 1342 1516 tulacumque
1368 1480 1457 1516 gratia
1486 1479 1606 1509 sufficiat
1633 1480 1669 1509 acl
1697 1481 1865 1510 vincendum
1894 1489 2004 1510 omnem
2159 1490 2160 1520 t

1160 1527 1319 1555 tentationis
1334 1526 1502 1563 impulsum,
1517 1527 1579 1564 quia
1600 1527 1709 1556 facilius
1724 1531 1765 1556 est
1786 1527 1905 1564 deficere
1920 1536 2005 1565 quam
2159 1522 2162 1550 l

1161 1573 1226 1601 bene
1247 1571 1346 1609 faeere
1360 1573 1377 1600 ⁷.
1400 1573 1496 1602 lnferri
1519 1576 1612 1602 tamen
1633 1577 1738 1610 potest,
1764 1574 1840 1611 quod
1861 1575 2008 1611 quantula·
2160 1562 2162 1650 ἱ

1160 1628 1281 1657 cumque
1303 1621 1392 1657 gratia
1413 1621 1555 1658 expellere
1577 1624 1667 1658 potest
1688 1630 1770 1651 omne
1793 1625 1946 1659 peccatum.
2160 1654 2162 1659 .

1239 1667 1276 1695 Ad
1299 1667 1420 1696 rationes
1436 1676 1517 1702 vero,
1539 1676 1611 1706 quae
1632 1669 1666 1697 ad
1683 1669 1843 1706 oppositum
1864 1670 2007 1699 adducun-
2160 1673 2166 1724 ll

1159 1718 1219 1749 tur,
1236 1715 1379 1744 manifesta
1396 1718 1438 1744 est
1449 1715 1577 1744 similiter
1593 1716 1749 1753 responsio;
1761 1717 1917 1753 procedunt
1931 1718 2004 1746 enim
2019 1721 2049 1757 And
2061 1726 2100 1763 ³31ss-
2117 1721 2134 1739 1-
2161 1724 2166 1744 1

1160 1762 1194 1791 de
1213 1762 1273 1799 ipsa
1287 1762 1401 1791 caritate
1416 1770 1466 1799 per
1481 1763 1717 1799 comparationem
1732 1763 1767 1792 ad
1786 1762 1929 1800 desectum
1940 1773 2006 1801 pro·
2030 1756 2092 1809 1)ξὲἑὸ
2101 1750 2137 1786 ἷὲῗ
2165 1773 2166 1788 t

1161 1809 1262 1837 nitatis
1283 1812 1310 1837 et
1332 1808 1531 1846 difficultatis,-
1553 1809 1624 1838 sicut
1645 1813 1720 1846 patet
1741 1810 1775 1839 de
1794 1810 1893 1847 primis
1915 1811 2006 1841 trihus
2031 1797 2042 1815 g
2069 1797 2098 1809 γ’

1161 1855 1331 1889 rationibus;
1354 1855 1397 1884 vel
1412 1863 1462 1892 per
1484 1856 1720 1892 comparationem
1742 1856 1778 1885 ad
1801 1857 1958 1885 terminum
1979 1861 2006 1886 et
2019 1862 2065 1880 stem
2078 1861 2102 1879 ²11
2117 1861 2134 1879 4-
2162 1861 2164 1880 ¹·

1160 1902 1440 1930 consummationem
1461 1902 1606 1937 victoriae,
1622 1902 1666 1931 cui
1689 1903 1858 1940 respondet*³
1874 1904 2006 1941 perfectio
2031 1885 2049 1903 5'
2062 1885 2079 1903 δ’
2163 1921 2165 2061 Ι

1160 1948 1251 1977 meriti
1274 1951 1301 1977 et
1323 1948 1486 1985 magnitudo
1508 1949 1624 1985 praemii
1651 1953 1787 1986 quantum
1810 1950 1844 1978 ad
1870 1950 2008 1979 excellen-

1160 1996 1226 2024 tiam
1250 1996 1381 2024 victoriae
1406 1999 1433 2024 et
1454 2004 1588 2030 coronae,
1610 1999 1637 2025 et
1658 1996 1710 2025 hoc
1738 1997 1822 2026 modo
1843 2005 2006 2026 concessum

1160 2046 1213 2076 est,
1235 2043 1311 2079 quod
1332 2051 1387 2071 non
1409 2046 1499 2079 potest
1520 2051 1593 2078 esse,
1615 2043 1690 2080 quod
1714 2044 1822 2073 modica
1844 2045 1945 2073 caritas
1967 2052 2007 2073 re-

1160 2089 1239 2118 sistat
1260 2089 1403 2118 tentationi
1427 2097 1558 2126 magnae,
1580 2090 1646 2127 quia
1668 2098 1720 2119 non
1744 2091 1849 2127 patitur
1864 2091 1916 2120 hoc
1937 2091 2007 2120 ordo
2124 2119 2130 2128 ,

1161 2135 1271 2164 divinae
1293 2136 1427 2170 iustitiae,
1453 2137 1525 2165 sicut
1546 2140 1718 2173 praetactum
1741 2141 1791 2165 est.
1806 2138 1891 2166 —Et
1912 2145 2008 2167 secun·
2164 2141 2166 2162 t

1161 2182 1227 2211 dum
1245 2183 1316 2211 lianc
1331 2183 1404 2211 viam
1421 2183 1577 2220 procedunt
1599 2186 1655 2212 tres
1670 2183 1792 2212 rationes
1806 2184 1935 2218 ultimae;
1957 2192 2007 2213 000

1161 2232 1270 2266 oportet
1297 2229 1420 2266 amplius
1448 2230 1492 2258 liic
1521 2222 1772 2267 immorari,'quia
1801 2231 1922 2260 rationes
1944 2231 2007 2260 illae

1161 2284 1211 2313 per
1233 2284 1262 2305 se
1283 2277 1351 2305 satis
1372 2276 1535 2305 manifestae
1556 2280 1621 2305 sunt
1642 2277 1822 2314 pertractanti
1836 2277 1855 2305 ⁹.

324 2540 331 2554 1
351 2540 422 2563 Codd.
441 2540 511 2561 AFT
529 2542 551 2561 et
568 2538 727 2568 Supplement.
744 2538 807 2560 Sum.
825 2538 885 2560 Alex.
904 2539 950 2560 Hal.
969 2540 1104 2568 utrumque.

323 2580 333 2594 ²
351 2580 399 2601 Vat.
417 2579 439 2601 εἰ
455 2580 540 2601 tamen.

323 2619 333 2633 ³
350 2618 421 2641 Codd.
440 2617 558 2639 HlKNU
575 2616 695 2646 continyz‘t.
722 2617 826 2638 Proxime
850 2620 902 2637 ante
927 2622 969 2643 pro
994 2616 1070 2639 adiuti
1090 2624 1105 2640 a,

261 2656 340 2687 qratia
357 2657 410 2679 edd.
428 2657 449 2679 et
465 2655 541 2678 adiuti
558 2654 649 2685 gyratio,
670 2654 736 2676 codd.
755 2653 798 2676 CD
815 2653 891 2676 adiuti
907 2654 927 2676 et
944 2653 970 2675 de
986 2654 1073 2683 qratia.

323 2696 332 2710 ⁴
351 2696 408 2718 Vide
427 2696 449 2718 ll.
467 2696 527 2717 Sent.
546 2695 567 2717 d.
586 2695 622 2717 25.
640 2701 662 2722 p.
682 2694 703 2716 11.
722 2700 743 2722 q.
763 2693 783 2715 4.
801 2699 849 2722 seq.

324 2736 333 2749 ⁵
351 2735 406 2757 Cod.
425 2735 454 2756 W
471 2733 602 2763 praesidio,
629 2733 682 2756 edd.
707 2732 865 2761 repressione,
886 2738 945 2760 quae
962 2732 1030 2754 etiam
1053 2738 1105 2754 mox

262 2775 369 2797 omittunt
385 2773 470 2796 adhue.
488 2773 574 2795 Deinde
588 2779 630 2800 pro
641 2778 684 2801 per
695 2770 895 2800 comparationem
907 2770 957 2792 cod.
975 2770 993 2792 H
1010 2770 1034 2792 in
1047 2776 1106 2793 com-

260 2812 393 2843 paratione.

325 2852 334 2866 ⁶
351 2851 395 2873 Ctr.
413 2852 437 2873 ll.
455 2851 515 2873 Sent.
533 2851 555 2872 d.
574 2851 609 2872 26Α
629 2856 650 2878 q.
670 2850 689 2872 4.
708 2849 737 2871 ad
755 2849 776 2871 5.
794 2862 823 2864 —
841 2848 896 2871 Cod.
915 2848 933 2869 Y
950 2847 991 2870 sed
1005 2847 1060 2877 quia
1073 2849 1106 2877 sa-

324 2891 352 2913 ut
369 2889 469 2912 liberum
486 2888 612 2912 arbitrium
631 2888 723 2919 deficiat
740 2891 782 2911 etc.

325 2929 334 2943 ⁷
351 2929 409 2951 Vide
427 2934 496 2956 supra
514 2934 567 2956 pag.
587 2928 643 2955 499,
662 2930 713 2949 nota
731 2928 751 2949 2.

325 2967 334 2981 ⁸
351 2967 406 2989 Cod.
424 2968 441 2988 A
458 2966 605 2996 respondent.
624 2967 717 2989 luserius
744 2973 785 2994 pro
809 2972 911 2995 muqnae
930 2965 980 2988 cod.
998 2966 1013 2987 Z
1031 2965 1106 2988 mami-

263 2890 304 2918 cit,

1162 2546 1227 2567 mae,
1246 2543 1268 2562 et
1285 2541 1344 2562 circa
1362 2540 1430 2562 finem
1448 2540 1513 2562 solut.
1532 2546 1574 2568 pro
1600 2539 1637 2563 hic
1662 2540 1790 2563 inmorari*
1814 2540 1864 2563 cod.
1883 2541 1901 2563 U
1917 2540 1941 2563 in
1963 2540 2007 2564 hoc

1161 2578 1294 2601 immorari.

1225 2617 1235 2632 ⁹
1251 2618 1320 2640 Aliter
1331 2618 1398 2640 solvit
1408 2618 1486 2639 Guliel.
1499 2618 1653 2644 Antissiod.,S.
1676 2624 1699 2646 p.
1712 2618 1743 2639 lll.
1757 2621 1783 2640 tr.
1800 2618 1821 2639 6.
1834 2624 1852 2640 c.
1866 2618 1891 2640 4:
1904 2618 1963 2640 Haec
1974 2622 2008 2640 est

1162 2657 1232 2684 igitur
1255 2657 1379 2679 differentia
1402 2657 1459 2678 inter
1481 2658 1579 2684 primam
1602 2658 1733 2684 opinionem
1756 2660 1778 2679 et
1798 2657 1935 2685 secundani⁷
1954 2659 2007 2686 quia

1162 2696 1237 2723 prima
1250 2695 1314 2722 dicit,
1333 2695 1395 2723 quod
1412 2701 1438 2717 ex
1456 2696 1549 2717 minima
1567 2696 1670 2721 caritate,
1688 2698 1793 2718 manente
1809 2697 1915 2724 1111011110,
1933 2700 2007 2723 potest

1163 2735 1244 2763 aliquis
1256 2735 1361 2757 resistere
1373 2734 1526 2763 quantaelibet
1538 2736 1660 2763 tentationi,
1673 2735 1714 2757 sed
1726 2741 1770 2757 non
1784 2735 1812 2757 de
1825 2735 1889 2757 sacili.
1902 2735 2007 2758 Secunda

1163 2773 1227 2800 dicit,
1246 2773 1309 2802 quod
1321 2773 1383 2795 nullo
1395 2773 1472 2795 niodo.
1485 2773 1530 2795 Sed
1543 2774 1615 2801 prima
1630 2774 1703 2801 magis
1716 2774 1789 2801 placet
1806 2773 1884 2801 nobiS,
1897 2775 2006 2802 quoniam

1164 2811 1247 2833 (licitur
1264 2812 1285 2833 in
1298 2811 1390 2834 Cantico
1408 2812 1513 2834 neuton:
1533 2811 1574 2834 Dei
1586 2811 1689 2841 perfectu
1702 2813 1759 2834 sunt
1769 2817 1858 2841 (ψει-ας
1871 2818 1927 2840 ergo
1940 2819 2007 2841 quae-

1163 2856 1264 2878 cumque
1281 2850 1341 2872 Deus
1353 2853 1435 2878 armat,
1449 2851 1548 2878 perfecte
1565 2853 1644 2872 armat.
1664 2850 1763 2873 Virtutes
1779 2852 1855 2872 autem
1868 2857 1911 2872 non
1925 2851 2007 2873 dantur

1163 2892 1250 2911 tantum
1269 2890 1298 2912 ad
1315 2889 1482 2911 informandam
1500 2891 1612 2917 animam,
1639 2890 1863 2918 quantulaecumque
1888 2891 1942 2917 sint,
1966 2891 2007 2913 sed

1163 2929 1230 2949 etiam
1249 2928 1277 2950 ad
1294 2928 1432 2950 armandum
1450 2931 1527 2950 contra
1545 2934 1625 2950 omnes
1642 2929 1791 2951 tentationes:
1809 2935 1865 2956 crgo
1877 2929 2007 2957 quantulae-

1163 2973 1263 2995 cumque
1274 2969 1330 2995 sint,
1343 2968 1459 2990 sufficiunt
1470 2967 1498 2989 ad
1510 2967 1662 2990 resistendum
1675 2970 1875 2996 quantaecumque
1885 2969 2006 2990 tentationi.
2018 2989 2020 2991 ,
