2166 3366
18 1096 50 1115 Ad
62 1096 136 1120 opposi-

56 1122 101 1138 lum.

768 167 849 194 DlST.
873 166 925 195 Vll.
947 166 1019 194 ART.
1041 165 1071 193 ll.
1093 165 1228 202 QUAEST.
1250 165 1268 192 1.
1837 164 1848 190 1

1855 164 1871 190 x]

1875 164 1890 190 χἸ

871 290 1105 324 ARTICULUS
1130 290 1168 322 ΙΙ.

537 387 576 415 De
596 385 789 414 locutionibus
810 384 1039 422 erpi-[mentibus
1061 384 1180 413 unionis
1198 384 1504 421 praedestinationem.

226 478 432 514 consequenter
453 478 589 512 quantum
604 473 640 502 ad
662 472 817 501 secundum
839 472 989 501 articulum

148 525 294 563 quaeritur
328 523 362 552 de
397 521 582 551 locutionibus
620 519 844 557 exprimentibus
880 519 988 548 unionis

147 570 437 610 praedestinationem.
458 569 489 597 Et
510 569 583 597 circa
605 567 657 596 hoc
677 569 854 604 quaeruntur
876 566 937 594 tria.

227 617 317 646 Primo
338 616 499 654 quaeritur,
526 617 623 642 utrum
653 614 721 642 haec
742 613 778 641 sit
798 613 989 641 concedenda:

148 665 232 694 Filius
253 664 301 693 Dei
323 666 365 692 est
385 661 616 700 praedestinatus.

1125 471 1252 500 Secundo
1273 472 1418 508 quaeritur
1440 472 1474 500 de
1496 472 1563 501 hac:
1586 471 1669 500 Filius
1691 471 1739 500 Dei
1760 474 1802 500 est
1816 479 1894 508 prae-

1047 518 1201 547 destinatus
1222 527 1282 547 esse
1304 519 1395 547 homo.

1127 565 1218 594 Tertio
1240 574 1306 594 vero
1327 566 1473 602 quaeritur
1494 567 1528 596 de
1551 568 1616 597 hac:
1639 569 1722 598 honio
1743 571 1894 607 praedesti-

1049 615 1131 641 natus
1152 616 1193 641 est
1215 620 1275 641 esse
1297 612 1381 641 Filius
1402 613 1460 641 Dei.

922 757 1085 794 QUAESTIO
1107 758 1124 785 1.
1478 748 1490 762 ’

715 845 818 874 Utrum
840 844 936 873 Filius
958 844 1012 873 Dez'
1030 845 1069 873 sic
1087 845 1333 882 praedestinatus.

227 944 306 972 Circa
320 942 442 980 primum
458 941 497 970 sic
512 940 673 978 proceditur
688 943 715 968 et
725 939 880 976 quaeritur,
896 942 991 967 utrum

148 991 233 1020 Filius
254 990 301 1019 Dei
324 990 359 1018 sit
385 988 618 1026 praedestinatus.
645 987 676 1015 Et
697 986 772 1023 quod
794 986 848 1020 sic,
871 986 991 1015 videtur.

229 1039 253 1066 1.
277 1037 345 1065 Haec
367 1035 542 1064 conceditur:
575 1034 658 1062 Filius
690 1033 737 1061 Dei
761 1036 802 1062 est
823 1033 922 1066 hoium
944 1033 992 1062 sed

148 1085 239 1114 omnis
260 1084 342 1112 homo
363 1086 412 1111 aut
433 1086 475 1111 est
489 1082 659 1119 praescitus,
673 1084 722 1110 aut
738 1080 993 1118 praedestinatus¹;

149 1131 198 1160 sed
220 1130 304 1158 Filius
325 1129 372 1158 Dei
394 1137 447 1157 non
470 1132 511 1157 est
533 1128 616 1156 homo
637 1127 806 1164 praescitus:
829 1134 895 1163 ergo
917 1134 994 1164 prae-

149 1177 312 1207 destinatus.

227 1225 254 1253 Ξ.
276 1224 359 1258 Item,
379 1222 505 1259 exceptis
527 1221 669 1250 vocabulis
685 1220 900 1257 importantibus
919 1221 994 1248 unio-

148 1280 232 1305 nem,
264 1278 376 1299 necesse
400 1273 457 1304 est,
479 1277 539 1298 esse
572 1268 735 1296 idiomatum
769 1268 993 1297 communicatio-

148 1326 212 1347 nem
222 1317 246 1352 2;
258 1317 307 1346 sed
321 1316 489 1345 vocabulum
502 1314 781 1352 praedestinationis
796 1315 926 1343 unionem
939 1323 992 1342 non

149 1366 296 1403 importat,
322 1367 457 1401 quantum
480 1366 522 1391 est
542 1363 577 1391 de
599 1370 642 1391 se:
665 1369 732 1399 ergo
753 1370 818 1391 cum
841 1362 886 1390 ille
909 1362 993 1390 homo

150 1413 185 1442 sit
206 1411 445 1449 praedestinatus,
466 1413 493 1438 et
514 1409 560 1438 ille
581 1409 664 1437 homo
679 1408 714 1437 sit
728 1409 812 1437 Filius
827 1409 889 1443 Dei,
904 1417 995 1438 neces-

150 1459 224 1488 sario
245 1457 388 1495 sequitur,
409 1457 482 1494 quod
505 1456 588 1485 Filius
608 1456 657 1485 Dei
679 1456 714 1484 sit
735 1455 967 1493 praedestinatus.

230 1504 255 1533 3.
278 1505 360 1538 Item,
393 1503 481 1540 magis
511 1506 649 1540 repugnat
681 1502 833 1539 temporale
865 1506 994 1536 aeterno,

150 1560 235 1590 quam
257 1555 401 1580 aeternum
423 1553 552 1583 aeterno;
583 1550 632 1578 sed
663 1558 723 1578 esse
740 1549 994 1586 praedestinatum

150 1599 217 1628 dicit
237 1598 305 1636 quid
326 1597 504 1631 aeternum³³
519 1597 568 1625 sed
583 1603 643 1625 esse
664 1600 827 1633 conceptum
850 1599 877 1625 et
898 1601 995 1625 natum

151 1645 218 1683 quid
251 1644 418 1681 temporale3
450 1644 498 1672 sed
532 1644 599 1672 haec
630 1643 806 1672 conceditur:
837 1643 920 1671 Filius
947 1643 995 1672 Dei

151 1696 192 1722 est
213 1695 295 1721 natus
316 1691 351 1720 de
372 1691 498 1728 Virgine:
521 1699 587 1728 ergo
618 1693 645 1720 et
673 1691 755 1719 haec:
778 1690 863 1719 Filius
885 1690 931 1719 Dei
954 1694 996 1719 est

151 1739 383 1778 praedestinatus.

230 1786 257 1814 [ι.
280 1786 359 1819 Item,
379 1784 458 1813 mitti
477 1792 531 1813 non
553 1784 681 1813 convenit
701 1784 783 1813 alicui
806 1784 857 1813 nisi
879 1792 915 1813 ex
932 1787 997 1812 tein-

151 1840 232 1870 pore,
253 1840 304 1869 pro
324 1839 357 1860 eo
378 1831 453 1868 quod
474 1831 604 1860 effectum
625 1831 692 1860 dicit
713 1831 894 1868 temporalem
907 1830 930 1865 4;
947 1831 996 1860 sed

152 1878 315 1915 simpliciter
335 1878 509 1907 conceditur:
533 1877 616 1906 Filius
637 1878 684 1906 Dei
700 1881 741 1907 est
757 1878 783 1906 in
799 1885 912 1906 carnem
934 1878 998 1906 mis-

152 1933 215 1954 sus:
237 1933 305 1962 ergo
335 1925 423 1953 multo
455 1925 542 1961 magis
573 1924 625 1953 ista
656 1925 768 1953 concedi
792 1924 889 1954 debet:
913 1925 997 1953 Filius

152 1972 201 2001 Dei
222 1975 265 2001 est
286 1971 517 2009 praedestinatus.

233 2020 259 2047 5.
284 2019 368 2053 Item,
399 2018 614 2055 praedestinatio
646 2026 699 2046 non
731 2021 773 2047 est
802 2018 880 2047 aliud
912 2027 996 2056 quam

153 2066 329 2103 praeparatio
344 2065 448 2102 gratiae
463 2065 490 2093 in
506 2065 643 2102 praesenti
660 2068 687 2094 et
705 2065 808 2102 gloriae
824 2065 851 2094 in
866 2066 996 2100 futuro⁵;

155 2112 202 2141 sed
225 2112 291 2141 Filio
312 2112 359 2141 Dei
382 2112 492 2141 Christo
512 2112 612 2141 collata
626 2112 678 2140 fuit
700 2112 789 2149 gratia
809 2116 837 2141 et
858 2112 948 2149 gloria
970 2112 997 2140 iu

153 2162 279 2196 tempore
300 2163 327 2188 et
357 2159 486 2196 praevisa
516 2159 568 2188 sibi
600 2159 719 2188 conferri
739 2159 776 2188 ab
797 2162 925 2193 aetern03
948 2159 996 2188 sed

218 2292 225 2306 ¹
243 2292 288 2315 Cfr.
305 2293 320 2315 l.
339 2293 399 2315 Sent-
417 2293 447 2315 lit.
466 2293 580 2322 Magistri,
598 2293 620 2316 d.
638 2293 685 2316 XL.

217 2330 227 2346 ²
245 2331 302 2354 Vide
319 2338 389 2360 supra
406 2338 426 2354 a.
446 2332 465 2354 l.
483 2339 505 2361 q.
523 2332 544 2354 3.
562 2333 584 2354 in
602 2332 653 2354 fine.

217 2369 227 2384 ³
244 2369 289 2393 Csr.
308 2370 321 2392 1.
340 2371 401 2393 Sent.
418 2370 440 2393 d.
459 2370 495 2393 40.
513 2377 533 2393 a.
554 2372 572 2393 1.
590 2378 612 2400 q.
633 2371 651 2394 1.
668 2383 700 2388 ——
716 2371 819 2394 Subinde
837 2378 878 2400 pro
895 2372 937 2395 sed
952 2378 1001 2395 esse

156 2410 292 2438 conceptum
309 2410 331 2432 et
341 2411 425 2432 natum
437 2409 494 2440 quid
504 2412 545 2432 etc.
558 2410 625 2432 codd.
644 2411 660 2432 A
670 2411 687 2432 E
696 2410 712 2432 L
721 2411 738 2432 N
750 2411 768 2432 T
779 2411 798 2433 x
810 2411 828 2433 Y
838 2418 863 2433 aa
881 2411 922 2434 sed
933 2417 1001 2435 omne

156 2449 293 2477 conceptum
309 2449 343 2471 est
359 2449 442 2471 natum
459 2448 517 2478 quid
532 2452 574 2471 etc.
593 2449 635 2471 pro
651 2449 692 2472 sed
708 2455 757 2472 esse
773 2450 824 2472 cod.
848 2450 865 2472 K
892 2451 913 2473 et
934 2456 998 2479 esse,

156 2487 209 2510 edd.
227 2493 276 2510 esse
293 2490 388 2510 tantum.

219 2525 228 2540 ⁴
246 2526 277 2548 De
295 2532 341 2555 quo
358 2527 412 2548 vide
429 2527 443 2548 l.
461 2527 522 2550 Sent.
540 2527 561 2549 d.
583 2527 617 2549 15.
641 2534 662 2555 p.
688 2527 701 2550 Ι.
719 2534 741 2556 (1.
760 2528 780 2550 2.
798 2541 829 2544 —-
845 2528 932 2551 Deinde
949 2532 1001 2557 post

156 2565 198 2589 sed
213 2566 265 2588 odd.
283 2566 386 2588 inserunt
402 2565 454 2588 ista.

220 2604 229 2619 ⁵
246 2605 277 2626 De
295 2605 337 2633 hac
354 2604 484 2626 definitione
501 2604 541 2626 cfr.
559 2605 574 2626 Ι.
591 2605 650 2627 Sent.
669 2605 699 2627 lit.
718 2605 828 2633 Magistri,
848 2605 869 2627 d.
883 2606 928 2628 XL.
942 2612 960 2628 c.
979 2607 1000 2628 2.

157 2647 179 2666 et
196 2644 232 2665 liic
249 2649 268 2666 c.
286 2644 307 2666 2.
326 2644 346 2665 iu
365 2643 416 2665 flue.
434 2655 464 2658 -
482 2643 550 2665 Paulo
567 2643 660 2665 interius
682 2646 732 2671 post
753 2643 854 2673 definitio
874 2644 927 2666 edd.
948 2651 1001 2667 cum

158 2683 238 2710 paucis
255 2682 321 2705 codd.
346 2686 450 2710 repetunt
467 2681 579 2705 convenit.
598 2682 642 2704 Csr.
660 2682 762 2710 Ariston,
781 2683 816 2705 Vl.
841 2683 920 2711 Topic.
938 2690 957 2706 c.
981 2685 1000 2706 l.

158 2728 214 2750 seq.,
231 2725 253 2744 et
269 2722 359 2749 noctu,
377 2722 401 2744 ΙΙ,
419 2724 440 2743 et
458 2722 488 2744 lll.
507 2721 534 2743 de
553 2722 686 2744 Differ-entiis
703 2722 770 2750 topic.

220 2759 230 2774 ⁶
247 2761 349 2789 Ariston,
366 2760 389 2782 ΙΙ.
408 2760 476 2782 t‘rior.
495 2766 514 2782 c.
533 2761 560 2782 2:
582 2768 591 2780 ι
605 2760 634 2782 Ex
651 2761 713 2782 veris
730 2767 786 2788 ergo
803 2767 847 2783 non
866 2763 900 2783 est
920 2762 1000 2784 salsum

158 2799 292 2827 syllogizare
305 2808 326 2822 ι.
344 2799 358 2822 Ι.
376 2799 460 2821 Poster.
478 2806 498 2821 c.
516 2798 552 2821 25.
571 2799 600 2824 (6.
618 2799 681 2827 32.):
701 2799 758 2821 Vera
771 2802 847 2822 autem
860 2799 1001 2829 [conclusio]

159 2844 186 2860 ex
203 2838 271 2860 veris.

221 2876 231 2891 ⁷
247 2876 307 2899 Libr.
325 2877 340 2899 Ι.
357 2876 484 2899 Comment.
503 2878 523 2899 in
542 2877 610 2904 Epist
623 2876 652 2899 ad
665 2877 730 2899 [lom.
744 2883 764 2899 n.
778 2877 804 2905 5,
817 2877 856 2900 ubi
869 2878 903 2899 illa
917 2877 1001 2900 verba:

162 2914 209 2942 Qui
223 2914 411 2944 praedestinatus
428 2916 462 2938 ese
478 2914 554 2938 Filius
572 2914 613 2938 Dei
628 2918 670 2937 etr.
694 2915 730 2943 (1,
757 2915 787 2944 zi.)
812 2916 935 2938 enucleans
956 2917 1001 2939 nit:

161 2954 272 2982 Quamvis
288 2954 349 2976 enlm
366 2955 388 2976 in
406 2954 489 2977 Latinis
504 2954 674 2982 exemplaribus
690 2953 879 2983 praedestinatus
890 2955 960 2978 soleat
973 2956 1002 2977 in—

288 3003 312 3027 S,
330 3005 418 3027 Bonae.
436 3017 467 3021 --
484 3005 550 3027 Tom.
568 3005 601 3027 Ill.

1049 939 1217 976 cuicumque
1237 940 1365 968 convenit
1379 939 1518 975 definitio,
1537 945 1564 969 et
1585 942 1745 971 definitum:
1767 951 1834 981 ergo
1849 953 1894 974 ne-

1050 994 1125 1015 cesse
1146 989 1187 1015 est
1208 986 1306 1015 Filium
1328 986 1376 1015 Dei
1398 988 1550 1017 concedere
1564 996 1625 1018 esse
1646 990 1893 1026 praedestinatum.

1129 1034 1154 1061 6.
1176 1032 1259 1067 Item,
1282 1033 1349 1062 llaec
1370 1036 1411 1062 est
1432 1042 1512 1063 vera:
1540 1035 1623 1064 Filius
1645 1036 1692 1065 Dei
1715 1041 1756 1066 est
1778 1038 1894 1075 praede-

1049 1080 1183 1114 stinatus,
1203 1080 1359 1109 secundum
1386 1081 1460 1118 quod
1493 1081 1592 1116 hom0;
1624 1084 1672 1112 sed
1695 1084 1747 1112 ista
1768 1085 1896 1114 determi-

1050 1127 1124 1155 natio
1145 1126 1228 1155 homo
1256 1135 1309 1155 non
1339 1128 1469 1157 diminuit
1494 1129 1600 1166 aliquid
1626 1131 1699 1159 circa
1724 1132 1894 1161 subiectum:

1049 1181 1132 1210 ergo,
1155 1174 1214 1210 ipsa
1235 1174 1393 1209 subtracta,
1414 1175 1477 1204 licet
1499 1176 1616 1209 inferre,
1639 1177 1737 1206 Filium
1759 1178 1807 1207 Dei
1829 1180 1896 1208 sim-

1050 1220 1158 1257 pliciter
1180 1228 1240 1250 esse
1262 1221 1509 1258 praedestinatum.
1531 1223 1601 1252 Cum
1623 1232 1690 1261 ergo
1716 1225 1775 1254 «ad
1796 1234 1894 1255 verum

1050 1275 1103 1295 non
1125 1270 1259 1304 sequatur
1291 1268 1343 1296 nisi
1365 1269 1524 1304 verum⁶»‚
1548 1270 1671 1305 videtur,
1694 1273 1766 1309 quod
1791 1272 1893 1302 locutio

1050 1314 1207 1352 praedicta,
1229 1315 1333 1344 scilicet
1354 1316 1438 1345 Filius
1459 1317 1507 1346 Dei
1529 1321 1571 1346 est
1591 1319 1824 1355 praedestinatus,
1841 1324 1897 1349 tan-

1050 1370 1133 1399 quam
1157 1369 1224 1390 vera
1243 1363 1279 1391 sit
1299 1364 1484 1392 concedenda.

1129 1409 1182 1437 San
1212 1417 1336 1438 CONTRA:
1371 1412 1394 1438 1.
1427 1410 1598 1448 Origenes⁷:
1636 1423 1649 1438 «
1672 1413 2036 1444 PraedestinaturFundamenta-

1051 1456 1099 1493 qui
1120 1456 1244 1484 nondum
1266 1459 1323 1491 est3
1344 1457 1413 1486 haec
1435 1458 1520 1486 verba
1541 1459 1673 1488 dicuntur
1699 1463 1813 1497 propter
1835 1462 1896 1491 illos

1050 1503 1098 1540 qui
1121 1503 1147 1531 in
1171 1503 1346 1540 Unigenitum
1379 1504 1426 1532 Dei
1459 1505 1629 1542 impietatem
1662 1506 1825 1544 loquuntur.
1848 1509 1897 1537 Pu-

1054 1550 1220 1584 tamenim,
1243 1558 1307 1579 eum
1340 1551 1411 1579 inter
1443 1551 1504 1580 illos
1536 1554 1797 1582 connumerandum
1820 1562 1896 1589 esse,

1052 1597 1115 1633 qui,
1147 1601 1295 1634 antequam
1328 1597 1442 1632 fierent,
1475 1599 1672 1635 praedestinati
1705 1605 1785 1635 sunt,
1807 1605 1897 1631 11165-

1052 1647 1150 1672 sent»:
1171 1651 1238 1680 ergo
1270 1644 1386 1681 impium
1418 1648 1460 1673 est
1491 1645 1598 1681 dicere,
1632 1647 1728 1676 Filium
1763 1649 1809 1677 Dei
1838 1656 1897 1678 esse

1052 1690 1300 1727 praedestinatum.

1131 1738 1156 1765 2.
1179 1737 1261 1771 Item,
1277 1745 1363 1774 super
1378 1738 1445 1767 illud
1462 1739 1498 1767 ad
1514 1739 1650 1768 Romanos
1668 1743 1764 1769 octavo
1775 1742 1799 1769 ⁸:
1821 1742 1898 1778 Quos

1048 1784 1297 1821 praedestinavit,
1319 1783 1370 1812 Itos
1387 1788 1416 1813 et
1445 1786 1577 1819 voeauz't‚·
1603 1786 1713 1816 Glossa:
1748 1789 1898 1818 «Praeste-

1051 1831 1173 1859 stz'nam't
1201 1839 1254 1859 non
1284 1832 1451 1867 existentes,
1474 1833 1589 1862 vocavit
1615 1838 1679 1863 ante
1700 1843 1852 1865 aversosn:
1876 1837 1897 1865 si

1052 1886 1119 1915 ergo
1140 1878 1356 1915 praedestinatio
1377 1882 1418 1908 est
1440 1888 1493 1908 nou
1515 1880 1676 1916 existentis,
1698 1885 1725 1910 et
1747 1882 1830 1911 Filius
1850 1883 1897 1912 Dei

1053 1933 1164 1962 semper
1178 1926 1288 1960 existit,
1303 1934 1447 1963 nunquam
1463 1927 1575 1956 videtur
1590 1929 1814 1965 praedestinatus
1829 1938 1898 1959 esse.

1132 1971 1157 2001 3.
1180 1972 1262 2006 item,
1285 1973 1499 2009 praedestinatio
1521 1974 1555 2003 de
1571 1975 1677 2003 ratione
1693 1976 1812 2005 nominis
1833 1977 1900 2006 dicit

1053 2020 1270 2048 antecessionem
1302 2020 1533 2057 praedestInantis
1564 2021 1599 2050 ad
1622 2023 1899 2059 praedestinatum⁹;

1053 2066 1102 2095 sed
1124 2066 1221 2095 Filium
1245 2066 1292 2095 Dei
1324 2067 1393 2095 nihil
1424 2067 1578 2103 antecedit,
1610 2077 1672 2097 cum
1696 2070 1731 2098 sit
1752 2074 1898 2100 aeternus:

1053 2121 1119 2150 ergo
1141 2113 1218 2142 nullo
1250 2114 1332 2142 modo
1364 2115 1492 2143 convenit
1523 2115 1547 2144 ei
1580 2115 1652 2144 inter
1678 2117 1898 2153 praedestinatos

1054 2160 1260 2189 connumerari.

1058 2294 1236 2322 veniri‚1amen
1253 2294 1381 2317 secundum
1407 2295 1469 2324 quod
1495 2296 1686 2323 interpretationis
1710 2297 1794 2319 veritas
1818 2297 1899 2326 habet,

1057 2332 1187 2355 destinatus
1204 2333 1315 2361 scriptum
1333 2337 1378 2361 est,
1397 2340 1441 2356 non
1458 2334 1652 2363 praedestinatus.
1678 2335 1815 2358 Deslt'nutm·
1839 2336 1900 2358 enim

1058 2372 1093 2394 ille
1111 2372 1150 2401 qui
1168 2375 1212 2400 est,
1230 2372 1422 2402 praedestinatur
1438 2379 1495 2395 vcro
1512 2374 1547 2395 ille
1565 2375 1603 2402 qui
1623 2374 1724 2396 noudum
1742 2377 1787 2403 est,
1800 2376 1858 2398 sicut
1870 2377 1900 2403 hi,

1058 2410 1086 2433 de
1112 2411 1197 2440 quibus
1219 2411 1273 2433 dicit
1290 2412 1425 2439 Apostolus:
1452 2412 1516 2440 Quos
1540 2413 1619 2435 aulem
1643 2413 1780 2442 praescivit,
1805 2413 1858 2437 illos
1880 2416 1902 2437 et

1057 2449 1242 2479 praedestinavit
1258 2450 1333 2476 (Rom.
1352 2450 1377 2477 8,
1397 2451 1450 2479 30.).
1468 2450 1588 2473 Praescirt'
1603 2458 1660 2479 ergo
1683 2454 1705 2474 et
1726 2452 1902 2481 praedestinari·

1059 2492 1154 2516 possunt
1170 2489 1200 2510 illi
1217 2490 1256 2517 qui
1275 2489 1377 2511 nondum
1395 2492 1460 2517 sunt;
1481 2490 1516 2512 ilie
1537 2493 1629 2518 autem,
1648 2491 1686 2519 qui
1712 2494 1746 2513 est
1762 2494 1785 2514 et
1809 2498 1901 2520 semper

1057 2530 1102 2555 est,
1120 2534 1166 2550 non
1183 2527 1390 2556 praedestinatur,
1409 2528 1449 2550 sed
1467 2528 1606 2552 destinatur.
1624 2529 1684 2551 Haec
1702 2530 1760 2552 dieta
1778 2523 1822 2552 sint
1833 2537 1844 2552 a
1864 2537 1900 2552 no-

1058 2566 1093 2588 bis
1110 2569 1204 2594 propter
1221 2572 1260 2588 cos
1278 2567 1316 2595 qui
1335 2567 1355 2588 in
1374 2567 1517 2595 unigenitum
1544 2567 1622 2590 Filium
1649 2568 1687 2590 Dri
1710 2569 1848 2596 impietatem
1872 2569 1901 2591 lo-

1058 2608 1160 2634 quuntur
1184 2608 1206 2627 ct
1228 2606 1359 2633 ignorantes
1384 2606 1533 2628 differentiam
1551 2606 1661 2629 destinati
1676 2610 1698 2629 cl
1712 2607 1898 2636 praedestinati,

1059 2647 1136 2672 putaui
1154 2650 1206 2666 eum
1225 2645 1282 2666 intvi-
1298 2651 1338 2666 eos
1355 2645 1406 2673 qui,
1424 2650 1477 2666 curu
1495 2649 1545 2667 ante
1564 2652 1607 2667 nou
1626 2646 1721 2674 suerint,
1740 2647 1900 2674 praedestinati

1058 2686 1110 2705 sunt
1128 2686 1151 2705 ut
1168 2687 1253 2709 essent,
1272 2683 1439 2705 numerandum
1458 2683 1503 2711 (od.
1522 2684 1612 2712 migne).

1120 2721 1130 2736 Β
1148 2722 1211 2743 Vers.
1230 2722 1266 2743 30.
1284 2733 1315 2738 -·
1331 2722 1422 2750 Gtossa,
1439 2729 1498 2751 quae
1515 2727 1548 2745 est
1573 2722 1734 2747 interlinearis
1758 2727 1778 2746 61
1805 2725 1901 2748 habetur

1058 2760 1120 2788 apud
1138 2760 1266 2788 Lyranum,
1283 2763 1357 2782 sumta
1375 2763 1409 2783 est.
1425 2767 1451 2783 ex
1469 2762 1578 2790 August.‚
1607 2763 1679 2784 Scrm.
1711 2762 1759 2785 158.
1781 2763 1846 2791 (nlius
1867 2765 1899 2786 16.

1058 2799 1087 2821 de
1105 2799 1187 2821 Verbis
1205 2800 1315 2828 Apostoli)
1339 2806 1358 2822 c.
1378 2801 1397 2822 i.
1416 2807 1436 2822 n.
1458 2801 1483 2823 l:
1502 2801 1700 2830 Prneclvstz'nncit,
1720 2807 1842 2832 antequam
1869 2810 1901 2826 es-

1058 2845 1150 2867 semus;
1170 2838 1269 2867 vocavit,
1289 2845 1341 2861 cum
1359 2841 1433 2862 aversi
1451 2846 1561 2862 essemus.
1579 2840 1623 2863 Cir.
1642 2841 1696 2864 ibid.
1714 2848 1733 2864 c.
1751 2842 1771 2864 3.
1785 2849 1806 2864 ιι.
1819 2843 1840 2864 3.
1853 2849 1900 2871 seq.

1060 2889 1089 2893 —
1107 2877 1148 2899 l‘ro
1165 2878 1220 2899 (mle
1236 2884 1332 2900 auersos
1350 2878 1416 2901 codd.
1435 2879 1451 2900 Α
1462 2878 1529 2901 EFG
1540 2879 1557 2901 ll
1568 2880 1585 2901 l(
1598 2879 1613 2901 N
1624 2880 1642 2902 Τ
1654 2880 1673 2902 Χ
1684 2880 1699 2901 Ζ
1717 2880 1752 2909 (no
1771 2888 1782 2902 n
1800 2880 1900 2903 secunda

1059 2919 1137 2943 mauu)
1157 2915 1187 2937 bb
1204 2915 1332 2944 aduersos,
1351 2917 1402 2939 rod.
1420 2917 1437 2939 U
1455 2917 1614 2941 adversarios.

1120 2954 1129 2969 ⁹
1146 2954 1190 2978 cfr.
1208 2955 1222 2977 l.
1240 2956 1300 2978 Sem.
1318 2956 1340 2978 d.
1359 2956 1395 2979 40.
1413 2964 1433 2979 a.
1455 2958 1472 2979 1.
1490 2964 1512 2986 q.
1533 2958 1552 2980 i.

1747 3010 1775 3031 23
