2166 3366
31 778 110 797 Solutio.

755 178 837 206 DlST.
860 178 922 206 Xlll.
945 178 1068 207 DlVISlO
1090 179 1227 207 TEXTUS.

123 256 173 287 xit,
193 255 334 291 quoniam,
353 255 402 282 elsi
420 255 566 289 crucifioeus
580 259 616 281 est
629 263 661 281 ea:
680 254 837 289 infirmitate
856 260 965 286 nostra,

123 298 191 325 vivit
211 302 299 324 tamen
318 306 350 324 ea:
369 297 467 324 virtute
486 297 551 328 Dei,
581 298 638 331 ipse
666 297 750 327 dixit,
770 298 833 332 quia
853 306 907 324 uon
928 297 966 324 di-

123 341 196 368 visus
215 345 251 367 est
271 340 400 367 Christus.
422 340 549 375 Nunquid
570 341 663 368 etiam.
677 348 738 366 eum
754 341 882 372 dicimus,
903 342 965 375 quia

122 386 238 411 animam
259 384 414 411 rationalem
434 387 459 410 et
480 383 628 410 intellectus
648 384 729 410 nostri
751 384 868 417 suscepit
889 391 966 418 capa-

123 435 195 457 cem,
216 427 360 454 dividimus
380 428 462 453 eum?
488 427 545 453 Non
574 427 643 453 enim
674 427 730 460 ipse
759 427 828 453 Deus
849 427 965 453 Verbum

122 477 171 504 pro
191 470 279 496 anima
299 469 419 495 rationali
442 472 467 501 et
486 469 635 495 intellectus
655 469 747 502 capaci
770 470 794 495 in
815 477 894 496 earne
919 478 965 496 sua

123 513 184 544 suit,
204 513 249 539 sed
271 513 385 539 animam
415 512 569 538 rationalem
591 516 616 538 et
646 512 794 539 intellectus
820 520 966 546 capacem,

122 560 147 582 et
167 556 252 590 ipsam
273 556 414 582 humanam
436 559 461 582 et
480 555 599 582 eiusdem
621 555 802 587 substantiae,
827 556 904 582 cuius
924 564 966 582 no⁴

122 603 192 625 strae
211 602 272 625 sunt
291 599 408 631 animae,
438 602 463 624 et
491 606 598 625 carnem
628 603 733 625 nostrae
762 599 874 625 similem
900 599 967 625 eius-

123 641 237 675 demque
260 642 337 667 cuius
357 648 419 667 caro
439 645 478 667 est
498 644 585 667 nostra
612 641 776 667 substantiae
799 642 965 675 suscipiens.

122 685 257 718 perfectus
276 685 354 710 etiam
377 684 455 710 lionio
476 684 558 710 suu».

196 728 265 754 Haec
294 727 373 753 verba
404 727 536 753 Ambrosii
567 728 610 760 pia
638 727 774 760 diligentia
800 727 963 761 inspicienda

123 774 198 800 sunt,
218 777 286 804 quae
305 778 337 796 ex
357 774 432 804 parte
453 770 568 796 hominis
593 770 766 802 ignorantiam
789 770 921 795 instruunt
941 773 964 795 et

124 812 285 845 illuminant,
311 820 343 838 ex
371 816 446 846 parte
472 812 577 838 errandi
601 813 717 838 tomitem
742 813 809 839 male
834 813 965 839 intellecta

123 855 280 882 ministrant.
302 856 346 881 His
360 856 456 881 etenim
472 855 608 881 evidenter
623 855 750 887 traditur,
765 855 832 881 duos
852 857 876 881 in
891 855 966 882 Chri-

122 901 162 924 sto
182 905 240 924 esse
260 898 421 932 principales
441 905 534 924 sensus
558 898 613 923 sive
644 898 776 931 geminam
796 898 965 931 sapientiam.

121 940 214 975 Neque
235 940 294 967 ideo
316 941 402 966 unitas
422 944 447 966 et
474 940 644 973 singularitas
673 948 802 974 personae
822 940 965 970 dividitur,

121 983 167 1010 sed
189 983 260 1009 iuxta
280 983 348 1009 duas
368 987 476 1009 naturas
504 983 571 1009 duas
600 983 680 1009 babet
705 983 863 1017 sapientias:
886 991 964 1009 unam

122 1033 173 1052 non
202 1028 332 1057 creat-am,
360 1025 406 1051 sed
432 1025 562 1058 genitam,
591 1033 659 1059 quae
689 1026 745 1059 ipsc
776 1029 829 1055 est;
855 1025 964 1051 alteram

122 1075 173 1094 non
193 1069 323 1101 genitam,
343 1068 388 1094 sed
403 1072 520 1094 creatam
540 1072 565 1093 et
588 1075 635 1101 per
655 1068 766 1101 gratiam
788 1069 810 1094 ei
832 1068 965 1095 collatam.

121 1110 186 1137 Nam
208 1111 306 1137 lsaias¹
327 1111 359 1137 de
379 1118 409 1137 eo
430 1114 603 1145 protestatur:
630 1110 781 1146 Reqzcieseet
804 1119 885 1146 super
905 1119 965 1138 eum

121 1153 235 1189 spiritus
259 1153 406 1188 sapientiae
429 1157 452 1179 et
478 1153 625 1180 intellectus
645 1157 695 1180 etc.
721 1153 821 1187 Spiritu
842 1161 905 1188 ergo
925 1161 966 1180 sa-

122 1196 238 1231 pientiae
264 1200 287 1223 et
317 1196 481 1227 intellectus,
507 1196 532 1222 id
562 1199 600 1222 est
620 1196 750 1230 sapientia
777 1199 802 1222 et
823 1196 967 1229 intelligen-

123 1239 172 1270 tia,
193 1246 241 1273 per
260 1239 387 1273 Spiritum
408 1242 528 1265 sanctum
555 1239 637 1272 gratis
663 1239 723 1266 data
736 1261 742 1271 ,
770 1239 891 1265 Christus
910 1243 964 1266 erat

122 1282 229 1316 sapiens
248 1281 394 1308 secundum
414 1281 544 1308 animam.
564 1281 717 1308 Secundum
740 1283 825 1308 Deum
846 1289 908 1308 vero
928 1290 967 1309 sa-

122 1324 198 1359 piens
217 1327 274 1351 erat
292 1325 423 1359 sapientia
442 1325 529 1359 genita
541 1324 559 1356 ²,
580 1332 649 1359 quae
672 1325 729 1358 ipse
754 1327 801 1351 est.
830 1325 861 1350 Et
883 1325 965 1356 sicut,

123 1367 148 1394 in
177 1371 306 1402 quantum
337 1368 405 1394 Deus
433 1371 485 1398 est,
514 1366 599 1394 bonus
627 1371 666 1394 est
695 1367 813 1394 bonitate
833 1368 966 1399 naturali,

122 1416 192 1444 quae
212 1409 269 1443 ipse
288 1413 340 1442 est,
359 1413 385 1435 et
404 1409 489 1436 iustus
505 1410 603 1436 iustitia
620 1410 747 1441 naturali,
761 1418 829 1444 quae
844 1411 901 1444 ipse
915 1414 965 1441 est;

123 1451 158 1478 ita
177 1451 284 1486 sapiens
312 1452 442 1486 sapientia
472 1452 601 1485 naturali,
630 1460 699 1487 quae
729 1453 785 1487 ipse
805 1456 852 1479 est.
871 1454 965 1480 Anima

1808 181 1863 208 275

1024 263 1087 282 vero
1107 256 1173 288 eius,
1192 257 1260 282 sicut
1281 256 1348 282 bona
1369 259 1408 282 est
1427 259 1453 282 et
1472 256 1541 283 iusta
1563 256 1678 282 bonitate
1700 256 1739 282 vel
1767 256 1866 292 iustitia

1023 299 1105 332 gratis
1125 299 1199 330 data,
1221 306 1290 333 quae
1321 300 1376 333 ipse
1408 299 1446 325 vel
1468 299 1524 333 ipsa
1551 307 1601 325 non
1623 303 1675 330 est;
1697 300 1730 325 ita
1759 299 1867 334 sapiens

1023 345 1061 367 est
1081 342 1210 376 sapientia
1231 342 1313 375 gratis
1333 342 1406 374 data,
1435 350 1503 376 quae
1533 343 1589 376 ipsa
1612 350 1661 368 non
1683 346 1729 369 est.
1753 343 1785 368 Et
1805 343 1867 369 licet

1023 385 1126 418 gemina
1148 385 1172 410 in
1193 384 1296 411 Christo
1317 386 1347 411 sit
1369 386 1515 419 sapientia.
1535 393 1584 412 uua
1608 389 1694 412 tamen
1719 386 1866 420 eademque

1024 434 1136 460 persona
1158 431 1208 457 est,
1222 435 1304 461 qnae,
1319 428 1343 453 in
1364 432 1492 462 quantum
1513 429 1582 455 Deus
1602 431 1655 461 est,
1675 429 1716 455 vel
1738 429 1762 455 in
1783 436 1867 463 qimn-

1025 472 1077 495 tum
1099 469 1188 495 divina
1210 473 1301 496 natura
1323 473 1375 499 est,
1393 472 1500 504 sapiens
1520 474 1559 497 est
1579 472 1708 505 sapientia
1731 471 1867 503 aeterna⁹,

1023 512 1125 538 scilieet
1143 513 1272 546 sapientia
1293 512 1398 546 penita,
1421 513 1445 539 id
1467 517 1505 539 est
1533 521 1561 539 se
1582 514 1653 548 ipsa,
1674 518 1699 540 et
1718 515 1866 549 sapientia,

1023 562 1092 588 quae
1113 563 1165 581 uon
1186 559 1223 581 est
1243 554 1349 588 penita,
1376 563 1445 589 quae
1474 557 1623 583 communis
1642 561 1682 583 est
1702 557 1786 584 tribus
1807 566 1867 592 per-

1023 598 1108 629 sonis;
1130 606 1181 624 non
1201 602 1288 624 tamen
1307 598 1415 633 yemina
1435 599 1580 633 sapientia,
1601 601 1663 634 quia
1685 608 1735 626 non
1757 604 1796 627 est
1815 601 1866 627 alia

1023 644 1048 666 et
1067 640 1118 667 alia
1139 641 1269 674 sapientia
1296 641 1424 675 sapientia
1447 641 1552 675 (lenita,
1573 650 1643 676 quae
1663 646 1764 669 tantum
1785 644 1867 670 Filius

1024 687 1079 715 est,
1103 686 1128 710 et
1146 684 1291 717 sapientia,
1311 692 1381 718 quae
1409 684 1586 711 communiter
1616 686 1691 712 Pater
1711 690 1750 712 est
1776 690 1800 712 et
1830 687 1868 713 Fi-

1023 726 1074 752 lius
1099 730 1123 752 et
1143 726 1257 760 Spiritus
1277 731 1391 753 sauctus.
1414 727 1439 753 ln
1461 731 1589 761 quantum
1612 735 1673 754 vero
1697 729 1789 755 eadem
1811 737 1867 763 per-

1023 776 1086 795 sona
1106 768 1184 794 homa
1205 773 1255 797 est.
1276 769 1300 795 id
1322 773 1361 795 est
1386 770 1532 796 secundum
1553 771 1686 797 hominem
1708 775 1866 805 acceptum,

1024 811 1063 837 vel
1085 811 1109 837 in
1130 815 1258 845 qnantum
1279 816 1316 837 est
1336 811 1481 839 subsistens
1507 820 1538 838 esi
1557 812 1651 839 anima
1671 818 1694 839 et
1713 822 1809 844 carue,
1829 822 1868 840 sa-

1023 855 1098 888 piens
1117 857 1157 880 est
1175 855 1305 888 sapientia
1325 854 1451 890 metuito.
1467 855 1578 889 Sapiens
1593 856 1672 886 igitur
1692 860 1730 882 est
1751 857 1866 883 humano

1023 903 1100 922 sensu
1122 900 1147 922 et
1167 896 1265 923 (lirino.

1093 939 1144 966 Sed
1165 947 1197 966 ex
1217 947 1268 973 qua
1290 947 1370 966 causa
1393 941 1463 967 illius
1483 941 1545 967 dicti
1562 942 1743 975 intelligentia,
1763 943 1934 985 sciticotAfflga
1952 945 2008 976 Jirfbss

1028 993 1038 1004 «ι
1049 990 1142 1009 sensus
1157 983 1314 1016 proficiebat
1329 984 1495 1015 humanus»,
1510 985 1668 1011 assumenda
1689 986 1748 1012 est?
1768 987 1866 1020 Aperte
1877 973 2010 1014 rti'giiiotiissex*

1023 1025 1092 1050 enim
1123 1025 1226 1051 videtur
1255 1025 1412 1052 Ambrosius
1441 1027 1566 1057 innuere,
1596 1028 1667 1062 quod
1689 1028 1810 1055 Christus
1830 1036 1868 1055 se-

1022 1068 1140 1094 cuudum
1161 1069 1306 1095 lumianum
1328 1076 1434 1095 sensum
1457 1070 1613 1103 profecerit,
1628 1075 1653 1097 et
1666 1071 1737 1105 quod
1759 1072 1866 1098 infantia

1023 1112 1080 1137 eius
1100 1119 1196 1146 expers
1224 1112 1383 1145 cognitionis
1412 1112 1490 1139 suerit
1518 1116 1544 1139 et
1572 1117 1673 1147 patrem
1705 1118 1729 1140 et
1756 1119 1867 1141 matrem

1023 1154 1198 1187 ignoraverit3
1219 1155 1290 1189 quod
1311 1162 1359 1181 nec
1378 1155 1498 1182 Ecclesia
1519 1156 1627 1190 recipit,
1642 1164 1690 1183 nec
1704 1158 1868 1191 praemissae

1023 1197 1195 1223 auctoritates
1208 1198 1347 1231 patiuntur
1366 1198 1405 1224 sic
1426 1198 1543 1231 intelligi.
1564 1214 1599 1218 —
1619 1199 1669 1226 Sed
1691 1200 1725 1226 ita
1746 1208 1809 1227 sane
1824 1208 1869 1235 po-

1024 1243 1073 1266 test
1092 1240 1193 1274 accipi,
1216 1244 1244 1267 ut
1271 1244 1400 1274 quantum
1430 1241 1463 1268 ad
1492 1241 1581 1268 visum
1610 1242 1752 1270 homiuum
1782 1248 1807 1270 et
1826 1244 1866 1270 sui

1022 1291 1115 1310 sensus
1134 1283 1309 1310 ostensionem
1338 1284 1459 1311 Christus
1482 1285 1627 1318 profecisse
1648 1285 1761 1313 dicatur.
1787 1287 1868 1313 Proti-
1882 1292 1962 1309 Dubium
1979 1292 1995 1309 ῦ-

1023 1326 1111 1353 ciebat
1130 1333 1192 1359 ergo
1208 1326 1346 1364 tnunanus
1365 1335 1458 1354 sensus
1479 1328 1503 1354 in
1524 1335 1554 1354 eo
1574 1329 1721 1355 secundum
1743 1330 1870 1356 ostensio—

1022 1377 1083 1395 nem
1110 1372 1134 1395 et
1159 1368 1278 1395 aliorum
1306 1369 1448 1396 hominum
1477 1370 1640 1405 opinionem.
1669 1372 1703 1398 lta
1725 1373 1803 1399 etiam
1825 1380 1868 1407 pa-

1023 1415 1088 1437 trem
1110 1415 1135 1438 et
1155 1415 1266 1438 matrem
1287 1412 1385 1444 dicitur
1405 1413 1541 1446 ignorasse
1562 1414 1586 1439 in
1609 1414 1732 1447 infantia,
1753 1415 1815 1449 quia
1832 1416 1867 1442 ita

1023 1461 1052 1480 se
1073 1454 1188 1480 babebat
1207 1458 1232 1481 et
1252 1455 1375 1488 gerebat,
1395 1462 1427 1481 ac
1446 1456 1467 1482 si
1488 1457 1630 1489 agnitmnis
1650 1461 1719 1483 esset
1740 1465 1845 1492 expers.

416 1565 853 1614 COMMENTARIUS
887 1567 948 1614 IN
981 1567 1417 1616 DISTINCTIONEM
1451 1570 1575 1617 XIII.

224 1680 268 1713 De
294 1680 427 1713 humana
453 1681 564 1714 Christi
589 1687 698 1714 natura
723 1682 824 1726 quoad
851 1682 1067 1726 plenitudinem
1094 1683 1206 1727 gratiae
1232 1689 1261 1716 et
1287 1684 1452 1728 sapientiae
1479 1685 1567 1718 simul
1596 1692 1762 1720 tractatam.

495 1787 654 1815 Praeterea
674 1787 824 1816 sciendum
846 1791 900 1821 est,
924 1787 1073 1817 Christum
1094 1789 1254 1817 secundum
1277 1789 1418 1819 hominem
1442 1794 1491 1820 etc.

853 1886 975 1915 DlVlSlO
997 1887 1134 1916 TEXTUS.

200 1997 290 2032 Supra
311 1996 366 2032 egit
387 1996 516 2032 Magister
536 1996 571 2025 de
586 1996 710 2025 humana
725 2000 825 2025 natura
840 2001 966 2026 assumta

122 2051 138 2071 a
158 2042 268 2071 Christo
289 2046 424 2079 quantum
446 2043 479 2071 ad
503 2043 688 2071 conditionem
717 2048 841 2072 naturae.
863 2044 891 2072 ln
914 2044 966 2073 hac

122 2097 189 2118 vero
210 2093 288 2126 parte
309 2089 365 2126 agit
387 2089 421 2118 de
442 2089 540 2118 eadem
554 2093 690 2127 quantum
706 2091 740 2119 ad
763 2091 964 2127 plenitudinem

122 2136 226 2173 gratiae
247 2139 274 2164 et
304 2136 463 2173 sapientiae.
496 2136 635 2165 Diriditur
657 2141 751 2166 autem
775 2146 840 2174 pars
861 2138 913 2166 ista
935 2139 962 2166 in

121 2183 200 2212 duas.
223 2183 250 2211 ln
272 2191 391 2220 quarum
425 2183 515 2219 prima
546 2184 601 2220 agit
634 2184 668 2212 de
700 2184 874 2221 plenitudine
905 2193 965 2221 gra-

122 2229 175 2258 tiae
196 2232 222 2258 et
243 2230 394 2266 sapientiae
417 2229 510 2258 simul.
532 2230 560 2258 ln
580 2231 703 2259 secunda
725 2239 791 2259 vero
807 2231 964 2268 specialiter

122 2276 156 2304 de
177 2276 349 2313 plenitudine
380 2276 526 2311 scientiae,
558 2277 629 2305 infra
660 2278 835 2306 distinctione
856 2278 964 2307 decima

121 2326 232 2360 quarta:
248 2323 303 2351 Hie
318 2324 423 2361 quaeri
436 2332 508 2361 opus
523 2328 573 2358 est,
588 2332 655 2352 cum
669 2324 772 2353 anima
790 2324 900 2353 Christi
913 2328 965 2354 etc.

200 2369 291 2398 Prima
311 2378 376 2407 pars
397 2370 424 2399 in
446 2371 516 2399 duas
532 2370 675 2399 dividitur.
693 2371 718 2399 ln
735 2379 856 2408 quarum
872 2372 963 2408 prima

121 2417 287 2446 determinat
309 2417 461 2446 veritatem.
486 2418 512 2445 ln
535 2417 657 2446 secunda
679 2421 803 2446 removet
818 2418 965 2446 dubitatio-

121 2471 184 2492 nem
206 2463 264 2492 sive
291 2464 418 2493 dissolvit
449 2464 646 2498 obiectionem,
669 2473 740 2501 quae
763 2465 874 2493 videtur
896 2465 965 2493 veri-

122 2510 168 2538 tati
191 2510 391 2538 determinatae
406 2511 552 2544 contraire,
568 2510 620 2538 ibi:
638 2510 714 2538 Huic
729 2515 826 2538 autem
847 2511 963 2539 videtur

122 2555 239 2584 obviare
260 2560 310 2584 etc.

1101 1998 1192 2027 Prima
1212 2007 1277 2036 pars
1298 2000 1417 2029 indivisa
1439 2004 1529 2037 potest
1555 2010 1699 2031 remanere
1721 2003 1757 2031 ob
1778 2003 1868 2032 brevi-

1023 2049 1122 2078 tatem;
1143 2046 1192 2074 sed
1214 2046 1337 2075 secunda
1353 2055 1417 2084 pars
1439 2051 1528 2085 potest
1543 2048 1629 2077 dividi
1647 2049 1673 2077 in
1689 2053 1745 2079 tres
1765 2054 1866 2087 partes.

1022 2091 1048 2119 ln
1072 2100 1191 2129 quarum
1215 2093 1305 2129 prima
1328 2094 1455 2130 Magister
1471 2095 1598 2124 dissolvit
1619 2099 1645 2124 et
1667 2096 1800 2133 explanat
1820 2106 1867 2126 au-

1022 2139 1176 2168 ctoritatem
1199 2139 1352 2177 Evangelii,
1381 2149 1453 2178 quae
1473 2143 1632 2171 contraire¹
1657 2143 1768 2172 videtur
1790 2153 1867 2181 prae-

1021 2185 1221 2215 determinatae
1243 2187 1361 2216 veritati.
1377 2188 1404 2216 ln
1420 2189 1542 2217 secunda
1559 2197 1625 2218 vero
1640 2191 1753 2227 opponit
1769 2194 1865 2220 contra

1021 2240 1101 2260 suam
1123 2233 1288 2262 solutionem
1309 2237 1336 2262 et
1364 2235 1567 2272 expositionem
1600 2244 1650 2273 per
1672 2237 1865 2266 auctoritatem

1021 2279 1166 2314 Ambrosii,
1188 2280 1239 2308 ibi:
1263 2280 1343 2309 Alibi
1363 2285 1459 2310 tamen
1479 2283 1624 2319 scriptum
1646 2284 1792 2320 reperitur
1812 2288 1864 2314 etc.

1022 2326 1048 2354 ln
1072 2327 1153 2354 tertia
1184 2331 1210 2356 et
1241 2327 1339 2356 ultima
1371 2328 1550 2363 determinat,
1582 2330 1702 2366 qualiter
1724 2331 1865 2367 praedicta

1021 2373 1156 2401 Ambrosii
1187 2374 1272 2402 verba
1296 2382 1361 2403 sane
1384 2378 1410 2403 et
1435 2375 1478 2412 pie
1504 2379 1620 2412 possunt
1649 2377 1783 2414 intelligi,
1812 2378 1864 2406 ibi:

1021 2419 1100 2447 Haec
1128 2419 1216 2448 verba
1247 2420 1399 2449 Ambrosii
1425 2421 1478 2457 pia
1506 2422 1658 2459 diligentia
1685 2427 1735 2452 etc.
1768 2424 1865 2453 Subdi-

1022 2465 1142 2494 visiones
1162 2470 1255 2495 autem
1278 2468 1398 2504 partium
1422 2469 1488 2497 satis
1511 2473 1626 2505 possunt
1655 2470 1726 2498 tralii
1756 2479 1791 2499 ex
1825 2471 1866 2500 lit-

1023 2514 1081 2539 tera
1094 2512 1112 2539 ².

185 2697 192 2712 ¹
209 2697 264 2725 Cup.
287 2698 324 2723 ll.
343 2698 363 2719 2.

183 2735 193 2750 ²
211 2736 238 2758 lui
256 2735 324 2758 codd.
342 2738 358 2757 A
370 2735 386 2757 C
397 2735 414 2757 D
425 2735 440 2757 Ε
451 2742 455 2762 ς
473 2735 524 2758 cod.
542 2736 558 2757 Β
575 2739 597 2757 et
607 2736 660 2758 edd.
673 2737 769 2759 aeterna
780 2745 788 2765 ‚⁴
801 2743 842 2765 pro
854 2737 902 2767 ipse
913 2738 946 2760 est
955 2756 961 2765 ‚

121 2774 184 2803 quod
202 2774 286 2797 liabent
303 2775 371 2797 iidem
389 2774 457 2796 codd.
474 2778 495 2796 et
512 2774 564 2796 cdd.
589 2775 609 2802 1,
628 2775 654 2802 8,
673 2776 694 2796 in
716 2776 764 2798 attis
782 2775 844 2798 Deus
860 2778 900 2799 est.

183 2813 193 2827 ³
210 2814 334 2842 Sequimur
359 2814 394 2835 liic
417 2813 501 2835 bonum
520 2814 638 2836 lectionem
656 2814 724 2836 codd.
742 2815 758 2836 A
769 2813 836 2836 cnr:
855 2815 881 2839 (Β
898 2815 961 2843 plura

122 2853 220 2880 omittit).
239 2853 288 2874 Vni.
312 2857 334 2875 ei
358 2852 410 2874 edd.
429 2853 455 2880 2,
474 2853 499 2879 3,
519 2852 544 2880 t,
563 2853 589 2879 5,
608 2854 634 2880 6,
652 2853 679 2879 7,
697 2854 710 2875 9
728 2854 772 2875 ita:
789 2853 903 2882 sapientia
928 2853 963 2876 in-

121 2890 212 2920 qenita,
232 2890 319 2914 scilicet
334 2891 449 2920 sapientia
462 2892 558 2914 aeterna
566 2910 571 2919 ,
586 2898 646 2921 quae
658 2893 692 2914 est
704 2892 773 2915 Pater
782 2901 792 2920 ,·
803 2893 824 2915 el
834 2892 960 2921 sapivntt'a,

122 2935 182 2959 quae
206 2935 252 2953 non
277 2931 311 2953 est
332 2930 450 2960 inymitu,-
469 2938 480 2952 a
499 2937 543 2959 qua
561 2931 655 2953 tectione
680 2933 747 2954 etium
765 2932 817 2954 edd.
841 2933 862 2959 t,
881 2933 893 2953 Β
917 2939 960 2954 non

122 2969 243 2996 rer-edunt,
257 2970 297 2991 nisi
311 2969 372 2997 quod
392 2970 412 2992 in
432 2970 543 2997 principio
561 2970 650 2997 legant:
667 2970 782 3000 supientia
793 2971 901 2999 aeterna,
920 2970 962 2994 sci-

1022 2700 1074 2723 ticet
1088 2701 1203 2729 sapientia
1219 2701 1345 2731 inqenita...
1365 2703 1449 2725 Deinde
1467 2704 1560 2726 interius
1572 2708 1758 2733 prosequuntur:
1775 2706 1865 2735 snpien-

1020 2738 1065 2766 tia,
1084 2738 1199 2768 sapientia
1216 2739 1320 2769 inperitia
1339 2741 1383 2766 (ed.
1397 2742 1410 2763 6
1421 2741 1518 2770 genita),
1532 2749 1592 2772 quae
1604 2744 1695 2766 tuntum
1714 2743 1789 2767 Filius
1802 2745 1863 2769 (edd.

1022 2777 1047 2805 li,
1061 2778 1073 2799 8
1087 2777 1176 2805 Pater),
1196 2779 1403 2802 contradicentibus
1420 2781 1506 2802 eisdem
1525 2782 1591 2804 codd.
1611 2783 1752 2804 ltlaiiisestum
1769 2786 1815 2810 est,
1834 2784 1864 2806 le-

1020 2817 1106 2838 ctiones
1123 2816 1248 2839 editionum
1268 2824 1311 2839 non
1329 2825 1379 2840 esse
1397 2823 1468 2846 aptas.

1234 2855 1328 2879 NOTAE}
1346 2856 1382 2879 AD
1401 2856 1647 2882 COMMENTARIUM.

1085 2894 1089 2908 ¹
1107 2894 1179 2917 Codd.
1199 2895 1212 2917 Ρ
1223 2896 1239 2917 n
1252 2896 1267 2918 U
1278 2896 1309 2918 bb
1326 2897 1483 2920 contrariare.

1081 2934 1089 2947 ⁷
1108 2934 1149 2956 t’ro
1161 2934 1218 2957 mitis
1229 2937 1327 2964 possunt
1338 2936 1403 2958 trahi
1419 2942 1449 2959 esc
1461 2936 1539 2959 littera
1557 2938 1607 2960 cod.
1623 2938 1638 2960 U
1656 2939 1794 2968 titanisestue
1805 2941 1862 2963 sunl

1018 2972 1042 2995 in
1061 2972 1144 2995 littera.
1243 2972 1246 2975 '
