2166 3366
739 219 822 247 DtsT.
844 220 908 248 XIV.
931 221 1002 248 ART.
1024 221 1053 248 ΙΙ.
1076 221 1210 257 QUAEST.
1233 222 1273 250 Ill.

214 298 240 325 2.
261 297 344 331 Item,
366 296 405 324 illi
430 296 540 325 animae
567 297 741 333 cognoscenti
763 305 809 326 res
837 297 864 325 in
886 298 977 326 Verbo

135 343 225 379 ipsum
248 343 372 371 Verbum
393 346 434 372 est
455 343 526 371 ratio
546 343 726 379 cognoscendi
742 344 767 377 ¹3
789 344 836 372 sed
853 345 975 373 Verbum

134 393 175 418 est
196 389 267 417 ratio
287 389 470 426 cognoscendi
493 389 648 418 voluntarie
670 398 698 418 se
719 390 838 419 offerens
859 391 976 427 probae

133 444 176 470 re,
198 436 242 465 vel
263 445 314 473 pro
336 436 400 469 illa,
421 436 465 465 vel
486 444 537 473 pro
565 444 743 473 quacumque
768 437 836 465 alia:
866 437 888 466 si
910 446 976 475 ergo

134 483 256 512 Verbum
278 486 424 511 aeternum
439 483 548 511 animae
568 483 663 511 unitae
684 483 735 511 sibi
749 484 830 512 offert
850 492 880 513 se
894 485 976 521 plena

133 529 287 564 oblatione,
309 537 373 558 cum
396 529 487 566 ipsum
509 529 545 557 sit
565 529 636 557 ratio
657 530 839 566 cognoscendi
865 531 976 565 omnia3

133 577 260 610 videtur,
281 576 356 613 quod
381 576 474 604 anima
494 575 596 604 Christi
624 576 717 604 omnia
738 577 921 613 cognoscebat
949 578 976 606 iu

133 623 225 652 Verbo
247 622 298 651 sibi
321 623 408 651 unito.

211 670 237 699 3.
257 670 336 704 ltem,
351 669 474 698 Verbum
490 673 635 698 aeternum
651 671 850 707 perfectissime
865 672 975 700 unitum

132 721 192 746 erat
213 716 264 753 ipsi
285 717 394 745 animae
415 715 530 750 Christi,
551 717 706 745 secundum
732 717 804 754 quod
835 717 974 751 Verbum,

131 771 198 800 ergo
219 763 279 799 pari
301 762 407 790 ratione
428 762 628 799 perfectissime
655 767 715 791 erat
736 764 760 792 ei
782 764 908 797 unitum,
937 772 976 793 se-

131 810 255 839 cundum
271 809 345 846 quod
361 809 542 845 exemplar²;
557 809 605 838 sed
622 810 776 838 secundum
794 810 867 847 quod
883 818 976 839 exem-

130 856 208 893 plar,
229 856 359 890 faciebat,
380 856 502 884 animam
524 856 624 884 Christi
647 864 813 893 cognoscere
828 857 882 885 alia
902 865 918 885 a
933 865 974 886 se:

130 910 197 939 ergo
225 903 246 931 si
276 903 477 939 perfectissima
507 903 609 931 unione
637 903 788 931 uniebatur
819 903 890 937 sibi,
919 912 975 940 qua

130 949 209 978 nulla
229 953 319 986 potest
340 957 400 978 esse
421 949 585 986 perfectior;
607 949 735 982 videtur,
757 949 830 986 quod
857 950 882 978 ei
904 957 976 978 com-

130 995 292 1024 municabat
312 996 495 1032 coguitionem
517 996 658 1029 omnium,
680 1004 763 1032 quam
787 996 915 1024 hahebat.

209 1043 236 1071 [ι.
259 1042 338 1075 item,
366 1043 459 1071 anima
486 1042 587 1071 Christi
615 1043 797 1079 cognoscebat
825 1043 918 1080 aliqua
948 1044 973 1071 in

130 1088 222 1118 Verbo
236 1092 263 1117 et
277 1089 428 1125 cognoscit:
444 1091 493 1117 aut
514 1096 580 1125 ergo
594 1092 685 1125 potest
698 1097 864 1125 cognoscere
880 1089 974 1126 plura,

130 1138 179 1164 aut
199 1143 265 1163 non.
287 1135 313 1163 Si
333 1139 426 1172 potest
445 1142 611 1171 cognoscere
632 1135 729 1172 plura:
752 1143 819 1172 ergo
840 1136 976 1172 possibili-

129 1185 172 1211 tas
193 1182 254 1211 eius
276 1190 328 1210 non
350 1185 392 1210 est
420 1182 533 1210 omnino
554 1181 703 1218 completa,
732 1182 798 1219 quia
819 1185 909 1219 potest
930 1183 975 1211 ad-

130 1229 238 1258 discere
258 1229 293 1257 de
321 1229 366 1257 die
388 1229 413 1257 in
444 1229 526 1257 diem.
554 1229 580 1256 Si
609 1237 667 1257 non
688 1233 782 1265 potest
808 1237 974 1266 cognoscere

130 1276 226 1313 plura,
248 1284 331 1313 quam
354 1279 516 1313 cognoscat;
532 1276 579 1304 sed
595 1276 685 1304 omnis
706 1276 796 1305 sciens
812 1285 855 1305 res
878 1277 903 1305 in
927 1285 975 1305 nu-

129 1330 208 1351 mero
222 1323 407 1351 determinato
428 1326 518 1360 potest
533 1323 604 1351 scire
626 1323 721 1360 plura,
737 1323 802 1360 quia
823 1323 929 1352 scibilia
944 1332 974 1352 se

129 1377 184 1398 non
215 1373 397 1406 coangustant
428 1369 454 1398 in
486 1369 579 1398 anima
610 1374 792 1406 cognoscente
807 1370 826 1405 ²³,
854 1370 930 1399 unde
952 1371 973 1399 si

129 1416 180 1445 scit
206 1416 316 1453 aliqua,
346 1419 436 1453 potest
466 1416 560 1445 adhuc
588 1416 659 1445 scire
688 1416 818 1453 reliqua:
851 1417 874 1445 si
906 1425 973 1454 ergo

128 1463 221 1491 anima
240 1463 341 1491 Christi
364 1471 417 1491 non
437 1466 528 1500 potest
548 1463 630 1500 plura
652 1463 736 1497 scire,
757 1463 882 1497 videtur,
898 1464 973 1500 quod

129 1513 275 1546 cognoscat
290 1509 396 1538 infinita
410 1513 437 1538 et
452 1510 544 1538 omnia
569 1518 641 1546 quae
666 1511 805 1547 cognoscit
828 1510 887 1547 ipsa
901 1518 974 1539 sum-

128 1564 175 1584 ma
194 1556 243 1584 Dei
265 1556 408 1593 sapientia.

208 1604 233 1632 ὃ.
256 1603 336 1637 Item,
351 1603 444 1631 anima
458 1603 559 1632 Christi
575 1603 664 1632 multo
679 1604 843 1632 familiarior
864 1608 906 1633 est
921 1604 972 1641 ipsi

127 1649 220 1678 Verbo
240 1651 354 1678 aeterno
374 1652 402 1678 et
423 1649 518 1678 maiori
548 1650 668 1678 amicitia
690 1650 799 1685 iuncta,
828 1659 911 1688 quam
934 1659 974 1680 es-

129 1699 191 1726 sent
210 1696 330 1733 Apostoli
353 1696 404 1733 ipsi
425 1696 547 1730 Christo,
570 1696 654 1725 immo
675 1696 745 1725 adeo
766 1697 910 1725 familiaris
931 1701 973 1726 est

128 1744 169 1778 ei,
190 1743 265 1780 quod
286 1751 342 1771 non
362 1746 452 1780 potest
471 1750 532 1772 esse
553 1743 731 1771 familiarior:
760 1751 826 1780 ergo
847 1744 972 1772 omnium

126 1798 224 1820 rerum
245 1790 293 1818 dat
313 1789 338 1819 ei
359 1789 499 1824 notitiam,
520 1798 604 1827 quam
621 1790 702 1827 ipsa‘
720 1793 812 1827 potest
832 1791 972 1828 accipere,

127 1837 176 1867 sed
190 1837 284 1866 anima
298 1845 443 1874 nunquam
458 1836 509 1865 scit
531 1840 582 1869 tot.
597 1837 664 1874 quin
680 1837 767 1874 possit
781 1837 873 1866 adhuc
890 1838 972 1874 plura

126 1883 210 1912 scire:
226 1891 293 1920 ergo
309 1883 432 1917 videtur,
447 1883 521 1920 quod
539 1883 660 1911 Verbum
679 1883 834 1912 increatum
849 1885 970 1912 animam

126 1929 179 1958 sibi
201 1930 307 1958 unitam
328 1929 431 1958 faceret
452 1937 533 1958 nosse
555 1929 670 1958 infinita.

205 1977 230 2005 6.
253 1976 332 2010 Item,
357 1979 406 2004 aut
432 1976 525 2004 anima
552 1976 653 2005 Christi
682 1977 759 2005 novit
787 1976 838 2005 itta
858 1977 969 2011 solam,

126 2030 199 2059 quae
220 2026 300 2057 sunt,
322 2022 436 2051 fuerunt
456 2025 483 2051 et
503 2026 601 2056 erunt,
626 2026 675 2051 aut
693 2022 784 2060 plura
805 2022 859 2051 his.
881 2023 908 2051 Si
929 2032 971 2051 so-

126 2069 188 2098 tum
209 2069 261 2098 illa
279 2069 370 2097 novit:
387 2069 471 2106 igitur
492 2069 513 2097 si
531 2069 603 2098 Deus
617 2069 723 2106 aliquid
742 2070 845 2098 faceret
860 2073 971 2106 praeter

126 2124 159 2145 ea
179 2124 251 2154 quae
272 2116 362 2145 facere
383 2115 535 2153 disposuit,
562 2116 655 2144 anima
675 2116 776 2145 Christi
806 2116 876 2145 illud
897 2116 971 2153 igno-

126 2166 210 2192 raret.
232 2162 258 2191 Si
286 2163 363 2191 novit
387 2162 479 2199 plura
506 2161 572 2196 his;
599 2163 648 2191 sed
676 2171 732 2200 qua
760 2163 867 2191 ratione
896 2163 971 2191 novit

125 2209 220 2247 aliqua
240 2217 277 2238 ex
298 2209 342 2238 his
369 2217 442 2246 quae
462 2209 536 2238 Deus
563 2209 690 2238 facturus
711 2218 764 2238 non
793 2212 850 2244 est,
872 2210 969 2239 eadem

188 2299 195 2313 ¹
213 2298 259 2321 Cfr.
280 2305 349 2327 supra
370 2305 392 2328 q.
413 2299 432 2321 l.
454 2299 476 2321 lu
494 2299 538 2321 fine
559 2305 607 2327 arg.
626 2305 668 2327 pro
690 2298 842 2328 cognoscebat
861 2300 910 2322 Vat.
932 2306 970 2323 0⁰-

125 2339 231 2367 gnoscat.

187 2376 197 2391 ’Ζ
213 2375 257 2399 Cfr.
276 2377 290 2399 l.
308 2376 368 2398 Sent.
386 2376 408 2398 d.
427 2377 440 2398 6
466 2383 488 2405 q.
507 2377 527 2398 3.
545 2379 567 2398 et
584 2377 606 2399 d.
624 2377 660 2399 27.
679 2383 701 2405 p.
719 2377 742 2399 lt.
761 2384 782 2406 q.
801 2378 821 2399 2.
840 2390 870 2393 —
888 2378 909 2399 ln
926 2378 970 2400 fine

126 2421 175 2443 arg.
192 2421 235 2443 pro
252 2414 358 2438 omnium
381 2415 431 2437 cod.
450 2415 466 2437 Z
483 2420 582 2438 omnem.

187 2453 196 2468 ³
213 2454 270 2482 Quia
287 2453 408 2483 spirituali
423 2454 493 2475 modo
511 2455 600 2476 animae
617 2455 700 2477 insunt.
718 2454 761 2477 Cfr.
780 2456 878 2479 Aristot..
896 2455 927 2477 lll.
941 2455 968 2477 de

123 2493 204 2514 Anima
221 2495 271 2514 text.
290 2493 310 2514 3.
329 2499 392 2521 seqq.
410 2496 432 2514 et
450 2493 486 2514 37.
503 2499 550 2522 seq.
569 2493 603 2521 (c.
627 2493 647 2516 4.
665 2498 687 2516 et
705 2493 743 2521 8.),
763 2500 803 2516 nec
817 2500 861 2516 non
875 2494 888 2516 l.
907 2495 968 2516 sent.

125 2531 147 2553 d.
159 2531 196 2553 35.
214 2538 236 2560 q.
253 2532 274 2553 2.
292 2531 314 2553 in
331 2537 394 2559 corp.
406 2543 437 2547 —
449 2531 498 2553 Mox
516 2538 557 2559 pro
574 2531 668 2560 reliqua
687 2532 735 2554 Vat.
753 2531 842 2562 aliqua.

187 2568 197 2583 ⁴
214 2568 269 2592 Cod.
287 2575 312 2591 cc
328 2572 350 2591 et
367 2569 420 2591 cdd.
438 2568 493 2598 ipse.
511 2570 631 2598 Aliquanto
649 2571 755 2598 superius
772 2576 814 2598 pro
843 2569 914 2593 Verbo
930 2576 969 2593 ae-

125 2608 191 2631 terno
208 2608 258 2630 cod.
277 2608 294 2629 R
316 2606 389 2630 Verbo
407 2607 519 2630 increato.

188 2646 198 2661 ⁵
214 2646 261 2668 lloo
280 2653 328 2674 arg.
346 2653 358 2667 a
379 2646 400 2668 S.
423 2647 506 2668 Bonav.
527 2647 548 2668 in
566 2647 657 2675 Quaest.
678 2647 788 2670 anecdota
808 2648 836 2670 dc
855 2649 968 2676 Sapientia

124 2686 214 2707 animae
230 2684 311 2707 Christi
324 2684 362 2711 (ad
374 2686 465 2713 oppos.)
478 2686 510 2707 sic
521 2686 668 2713 exprimitur:
682 2686 735 2708 ltcm
748 2687 822 2709 anima
836 2686 917 2709 Christi
930 2691 968 2710 aut

124 2724 243 2752 cognoscit
258 2724 333 2752 aliqua
350 2729 431 2745 eorum
449 2730 508 2752 quae
526 2723 586 2746 Deus
603 2728 676 2752 potest
694 2725 767 2747 facere
785 2728 806 2747 et
824 2732 868 2747 uon
887 2726 967 2754 faciet,

124 2764 163 2783 aut
175 2762 236 2783 nihil.
254 2762 276 2783 Si
295 2762 347 2783 nihil
366 2763 481 2789 cognoscit
499 2768 593 2789 eorum,
611 2769 708 2791 quaero,
727 2763 782 2791 quid
796 2764 916 2791 impe‹liat;
929 2767 968 2786 aut

124 2801 184 2823 enim
198 2801 241 2822 hoc
257 2804 301 2828 cst,
315 2801 366 2829 quia
385 2801 433 2828 ipsa
447 2807 490 2822 non
509 2804 583 2828 potest
594 2801 622 2823 ad
636 2802 670 2823 illa
688 2808 712 2824 sc
724 2802 856 2830 extendere,
873 2805 895 2824 ct
913 2803 967 2825 illud

124 2843 158 2861 est
175 2840 292 2861 manifeste
310 2839 404 2866 falstim3
421 2842 460 2861 aut
477 2840 528 2868 quia
548 2840 607 2861 Deus
626 2846 668 2861 nou
688 2841 735 2863 vult
753 2840 795 2862 sibi
814 2842 928 2868 revelare,
946 2845 967 2863 et

125 2878 167 2899 hoc
184 2881 218 2900 est
235 2878 379 2900 manifestum
397 2879 570 2906 inconveniens,
587 2879 639 2907 quia
661 2880 733 2901 aufert
752 2879 780 2901 illi
798 2880 887 2901 aniiuao
904 2886 967 2901 suin-

124 2922 186 2938 mam
204 2917 377 2939 familiaritatem
395 2917 424 2939 ad
443 2916 545 2939 Verbum
562 2917 605 2939 sibi
629 2918 724 2939 unitum.
747 2918 769 2939 Si
791 2919 907 2945 cognoscit
929 2919 965 2940 ali-

124 2961 169 2983 qua
187 2961 267 2977 eorum
284 2962 344 2985 quae
356 2959 430 2984 potest
448 2957 520 2978 facere
532 2958 553 2977 et
572 2962 614 2978 non
633 2956 710 2983 faciet;
728 2957 767 2979 sed
786 2961 876 2980 nonest
894 2958 966 2980 maior

124 2994 188 3021 ratio,
206 3000 277 3022 quare
290 2995 363 3022 tnagis
374 2998 497 3023 cognoscat
509 2996 552 3017 hoc
563 3001 632 3023 quam
645 2995 712 3018 illtitl:
724 3002 780 3023 vrgo
794 2996 890 3024 videtur,
902 2997 965 3025 quod

251 3044 276 3068 S.
293 3045 381 3068 Bomtv.
398 3058 429 3062 —
446 3046 512 3068 Tom.
531 3046 561 3068 lll.

1820 224 1876 253 313

1034 299 1139 327 ratione
1160 299 1236 327 novit
1257 299 1364 328 omnia:
1386 308 1453 336 ergo
1474 300 1601 334 videtur,
1623 301 1697 337 quod
1719 302 1812 330 onmia
1836 310 1878 331 co-

1033 348 1158 381 gnoscat,
1179 354 1250 382 quae
1265 347 1404 383 cognoscit
1425 350 1537 375 aeterna
1553 348 1686 384 sapientia
1700 347 1718 375 ⁵.

1112 393 1138 420 7.
1160 392 1242 425 Item,
1264 393 1352 421 multo
1373 393 1511 430 potentior
1535 398 1577 422 est
1598 395 1690 423 anima
1711 395 1812 423 Christi
1841 396 1877 424 ad

1033 439 1255 474 cognoscendum
1278 447 1322 468 res
1344 448 1394 476 per
1415 440 1507 477 ipsum
1529 436 1652 470 Verbum
1675 442 1727 470 sibi
1750 442 1876 477 unitum,

1033 491 1116 520 quam
1133 484 1168 513 sit
1182 485 1274 522 aliqua
1289 486 1381 514 anima
1395 486 1430 514 ad
1453 488 1675 525 cognoscendum
1698 496 1743 517 res
1760 497 1810 526 per
1831 489 1877 518 ha-

1033 530 1122 559 bitum
1143 535 1282 563 creatuni;
1304 533 1352 561 sed
1368 533 1460 561 anima
1482 534 1587 563 habens
1602 535 1728 564 habitum
1751 539 1876 565 creatum

1033 578 1173 614 cognoscit
1202 578 1307 612 omnia,
1339 579 1374 607 ad
1407 587 1478 616 quae
1509 588 1539 609 se
1566 582 1694 610 extendit
1725 582 1771 611 ille
1802 583 1878 611 habi-

1033 628 1079 652 tus
1091 624 1113 652 ⁶:
1129 632 1195 661 ergo
1210 625 1302 653 anima
1317 625 1432 660 Christi,
1454 626 1560 655 habens
1577 627 1700 656 Verbum
1722 628 1875 657 increatum

1033 670 1084 699 sibi
1106 671 1235 705 unitum,
1257 672 1397 708 cognoscit
1417 673 1510 701 omnia
1531 682 1602 710 quae
1624 676 1763 711 cognoscit
1785 675 1876 713 ipsum

1034 717 1166 745 Verbum.

1110 764 1163 791 SED
1184 771 1308 792 comm:
1327 765 1350 792 l·.
1366 765 1548 801 Augustinus,
1564 766 1590 794 in
1607 767 1773 796 duodecimo
1788 768 1822 797 de
1837 769 1876 796 Ci-

1032 810 1116 838 vitate
1138 810 1184 838 Dei
1199 811 1223 838 ⁷:
1251 811 1420 848 «Quidquid
1443 812 1542 846 scitur,
1565 813 1675 841 scientis
1697 815 1876 851 comprehen-

1032 857 1108 884 sione
1131 856 1226 885 finitur
1246 868 1277 890 »;
1307 857 1355 886 sed
1383 858 1476 886 anima
1497 858 1611 891 Christi,
1637 868 1701 888 cum
1727 861 1761 889 sit
1784 861 1875 896 finita,

1032 911 1086 931 non
1108 906 1197 939 potest
1218 904 1456 940 comprehendere
1478 905 1600 940 infinita,
1624 906 1659 934 ita
1674 907 1748 943 quod
1771 907 1818 935 illa
1839 909 1876 936 in-

1032 949 1109 977 finita
1125 950 1179 978 sint
1200 950 1251 980 sibi
1268 950 1359 985 finita,
1381 952 1447 988 quia
1468 952 1636 988 impossibile
1658 957 1714 987 est,
1738 954 1876 983 infinitum

1032 1004 1092 1024 esse
1115 996 1224 1025 finitum
1246 997 1339 1032 finito;
1361 998 1408 1026 sed
1431 999 1554 1027 Verbum
1570 1003 1715 1028 aeternum
1739 1002 1878 1038 cognoscit

1032 1042 1156 1071 infinita:
1183 1051 1249 1080 ergo
1278 1044 1448 1081 impossihile
1477 1049 1533 1079 est,
1555 1047 1629 1082 quod
1658 1047 1750 1075 anima
1775 1048 1875 1077 Christi

1032 1090 1125 1118 omnia
1153 1094 1299 1127 cognoscat
1328 1091 1354 1119 in
1386 1091 1491 1127 Verbo,
1517 1101 1588 1130 quae
1616 1094 1756 1129 cognoscit
1784 1095 1875 1131 ipsum

1032 1136 1166 1165 Verbum.
1204 1174 1208 1178 ι

1112 1184 1137 1211 2.
1161 1183 1240 1217 [tem.
1262 1185 1381 1221 cognitio
1396 1185 1478 1214 debet
1499 1186 1649 1223 adaequari
1666 1187 1711 1216 νεῖ
1731 1188 1876 1225 coym'tae,

1033 1231 1186 1259 secundum
1208 1231 1283 1268 quod
1305 1232 1414 1268 cognita
1435 1237 1489 1267 est,
1511 1234 1568 1261 sive
1590 1234 1625 1262 sit
1639 1235 1758 1271 cognitio
1782 1236 1806 1263 in
1830 1234 1878 1264 lict—

1033 1276 1107 1310 be‘tu,
1123 1277 1181 1306 sive
1196 1278 1231 1306 sit
1245 1278 1364 1315 cognitio
1379 1279 1405 1307 iu
1428 1280 1532 1313 actu¹³‚·
1548 1280 1674 1309 similiter
1696 1289 1808 1310 necesse
1823 1285 1876 1317 est,

1032 1323 1106 1360 quod
1128 1323 1302 1360 adaequetur
1315 1325 1472 1361 potentiae,
1494 1329 1521 1354 et
1536 1326 1685 1362 potentiam
1708 1335 1819 1356 necesse
1835 1331 1876 1357 est

1031 1370 1183 1406 adaequari
1204 1370 1400 1405 substantiae,
1430 1372 1467 1400 ita
1495 1373 1569 1409 quod
1591 1380 1651 1401 eam
1679 1381 1733 1402 nou
1759 1375 1876 1403 excedat

1032 1417 1361 1454 improportionabiliter3
1383 1418 1521 1447 infinitum
1537 1423 1631 1448 autem
1646 1420 1876 1458 improportiona-

1032 1463 1124 1492 biliter
1151 1464 1262 1493 excedit
1291 1465 1412 1493 finitum:
1436 1466 1456 1494 si
1485 1474 1551 1503 ergo
1578 1467 1745 1496 substantia
1766 1468 1875 1498 animae

1032 1510 1133 1539 Christi
1156 1511 1233 1539 finita
1253 1515 1310 1542 est.
1333 1520 1444 1541 necesse
1469 1516 1525 1547 est,
1547 1517 1573 1541 et
1591 1514 1751 1550 potentiam
1779 1523 1876 1552 cogno-

1031 1557 1124 1585 scendi
1148 1558 1173 1586 in
1197 1557 1255 1594 ipsa
1276 1566 1336 1587 esse
1353 1558 1457 1587 finitam
1479 1563 1505 1588 et
1520 1560 1710 1597 cognitionem
1732 1561 1873 1590 similiter:

1031 1611 1097 1640 ergo
1119 1612 1230 1633 necesse
1251 1608 1308 1639 est,
1336 1606 1531 1642 cognoscibilia
1556 1615 1616 1636 esse
1645 1607 1729 1636 finita.
1759 1608 1785 1636 Si
1808 1616 1874 1645 ergo

1030 1654 1143 1679 aeterna
1164 1651 1212 1679 Dei
1234 1651 1369 1688 sapientia
1389 1653 1528 1689 cognoscit
1550 1653 1671 1688 infinita,
1694 1654 1804 1683 videtur
1823 1658 1874 1684 etc.

1110 1698 1135 1725 3.
1158 1697 1239 1732 ltem,
1255 1698 1373 1735 cognitio
1387 1699 1495 1728 animae
1516 1699 1633 1734 Christi,
1648 1709 1732 1737 quam
1749 1701 1831 1730 babet
1848 1702 1874 1730 in

1030 1743 1134 1778 Verbo,
1149 1747 1190 1772 est
1211 1747 1304 1772 creata
1318 1761 1357 1765 -—
1372 1745 1393 1773 si
1409 1745 1481 1773 enim
1496 1745 1662 1775 substantia
1677 1747 1785 1776 animae
1799 1748 1876 1776 Chri-

1030 1790 1064 1818 sti
1085 1792 1128 1818 est
1141 1793 1246 1823 creata,
1269 1791 1327 1827 pari
1350 1791 1456 1820 ratione
1470 1795 1497 1820 et
1518 1792 1642 1829 coqm'tio
1657 1810 1696 1813 —
1710 1794 1758 1822 sed
1780 1795 1874 1823 omnia

1030 1839 1122 1865 creata
1143 1837 1249 1865 suntin
1271 1841 1347 1866 certo
1358 1838 1499 1874 pondere,
1520 1847 1642 1867 numero
1657 1844 1683 1868 et
1704 1841 1873 1876 mensura&

1029 1887 1056 1911 et
1076 1883 1169 1912 omnia
1190 1884 1255 1912 talia
1277 1888 1342 1913 sunt
1363 1884 1451 1913 finita:
1480 1893 1546 1922 ergo
1569 1894 1679 1915 necesse
1705 1890 1758 1921 est,
1784 1888 1874 1925 cogni-

1030 1930 1145 1964 tionem,
1161 1938 1245 1967 quam
1267 1930 1350 1959 habet
1364 1932 1457 1960 anima
1478 1932 1592 1967 Christi,
1607 1941 1668 1962 esse
1689 1933 1804 1962 finitam.
1820 1934 1872 1963 Sed

1028 1976 1148 2013 cognitio
1169 1976 1247 2005 finita
1274 1985 1328 2005 non
1350 1980 1392 2006 est
1419 1978 1470 2006 nisi
1497 1978 1658 2008 finitorum:
1687 1988 1753 2017 ergo
1780 1981 1873 2010 anima

1028 2022 1128 2051 Christi
1145 2031 1198 2051 non
1215 2023 1354 2059 cognoscit
1375 2024 1426 2053 nisi
1442 2024 1531 2059 finita;
1547 2029 1574 2054 et
1590 2026 1712 2055 Verbum
1735 2028 1874 2064 cognoscit

1029 2069 1151 2098 infinita:
1173 2078 1240 2107 ergo
1261 2073 1311 2099 etc.

1106 2117 1133 2144 [ι.
1155 2116 1234 2151 ltem,
1249 2117 1318 2145 nibil
1334 2122 1457 2146 creatum
1474 2118 1584 2147 excedit
1600 2119 1625 2147 in
1642 2119 1780 2149 infinitum
1795 2121 1872 2150 aliud

1027 2166 1152 2192 creatum
1174 2163 1300 2192 eiusdem
1315 2164 1437 2200 generis;
1459 2165 1508 2193 sed
1529 2166 1623 2194 anima
1644 2166 1743 2195 Christi
1764 2170 1790 2195 et
1811 2168 1872 2196 eius

1027 2211 1141 2239 scientia
1162 2214 1204 2239 est
1224 2215 1316 2239 creata
1338 2215 1365 2240 et
1386 2212 1512 2241 eiusdem
1533 2213 1643 2249 generis
1662 2221 1724 2242 cum
1748 2214 1872 2251 qualibet

1026 2304 1148 2328 cognoscat
1174 2301 1249 2322 omnia
1273 2307 1332 2329 quae
1355 2304 1406 2324 sunt
1423 2301 1470 2324 Deo
1493 2301 1620 2330 possibilia,
1638 2308 1694 2330 ergo
1716 2303 1808 2325 Infinita.
1826 2302 1869 2325 Cfr.

1026 2340 1062 2361 hic
1079 2340 1109 2361 lit.
1128 2340 1239 2368 Magistri,
1257 2346 1276 2362 c.
1298 2340 1316 2361 l.

1087 2378 1097 2392 ⁶
1114 2379 1150 2400 Sic
1167 2379 1265 2406 Aristot.,
1289 2379 1304 2400 l.
1326 2379 1422 2407 Metapa.
1446 2385 1464 2400 (⁴.
1484 2380 1508 2406 2,
1530 2379 1558 2401 do
1581 2379 1658 2402 habitu
1682 2380 1805 2407 sapientiae
1827 2381 1869 2403 ait:

1026 2418 1101 2440 Primo
1119 2418 1187 2446 igitur
1204 2418 1337 2445 opinamur,
1355 2419 1480 2446 sapientem
1499 2419 1597 2440 maxime
1614 2419 1703 2446 onmia,
1722 2422 1745 2441 ut
1761 2418 1869 2448 possibile

1025 2459 1069 2483 est,
1088 2457 1156 2484 scire,
1175 2463 1218 2478 non
1235 2456 1355 2478 habentem
1374 2456 1529 2485 sirnyalariter
1545 2464 1624 2479 eorum
1643 2458 1767 2480 scientiam.

1087 2495 1097 2509 ⁷
1114 2495 1168 2523 Cap.
1190 2496 1223 2517 18.
1242 2496 1299 2517 Vide
1317 2502 1386 2523 supra
1405 2502 1457 2524 pag.
1471 2497 1522 2523 299,
1536 2499 1587 2518 nota
1601 2497 1721 2518 8.—Vat.
1739 2497 1820 2525 allegat
1840 2498 1868 2519 83

1026 2535 1068 2563 Qq.
1086 2541 1108 2563 q.
1131 2534 1164 2556 14.

1088 2572 1097 2587 ⁸
1114 2574 1185 2595 secus
1207 2579 1243 2595 res
1267 2579 1310 2595 non
1333 2576 1525 2601 cognosceretur,
1547 2574 1596 2595 sive
1620 2574 1719 2601 cognitio
1743 2580 1786 2596 nou
1810 2578 1870 2597 esset

980 2629 985 2634 ,
1025 2616 1087 2632 vcra.
1106 2610 1149 2632 Cfr.
1168 2613 1222 2633 tom.
1241 2612 1254 2632 l.
1272 2617 1325 2638 pag.
1343 2611 1399 2638 707,
1418 2614 1468 2633 nota
1481 2611 1502 2633 5.
1521 2611 1552 2633 De
1571 2618 1664 2639 propos.
1676 2618 1724 2640 seq.
1742 2612 1795 2634 vide
1813 2612 1868 2635 ibid.

1026 2655 1078 2677 pag.
1097 2649 1139 2677 st,
1157 2653 1208 2671 nota
1232 2650 1340 2672 7.—De
1362 2651 1542 2678 improportione
1564 2650 1643 2673 infiniti
1665 2651 1693 2673 od
1716 2652 1803 2674 linitum
1827 2653 1867 2674 cfr.

1025 2694 1094 2716 supra
1113 2695 1165 2716 pag.
1184 2688 1239 2716 243,
1259 2691 1309 2710 nota
1332 2689 1364 2710 10.
1376 2701 1407 2705 -
1419 2689 1461 2710 l‘ro
1479 2690 1521 2710 hoc
1534 2695 1582 2716 arg.
1599 2690 1730 2712 Scholastici
1746 2691 1819 2718 vulgo
1831 2691 1868 2712 atl-

1025 2726 1112 2749 ducuut
1128 2727 1231 2749 Glossam
1249 2726 1398 2749 ordinm-mm.
1415 2733 1485 2754 super
1503 2728 1557 2749 illud
1577 2728 1656 2750 Psatin.
1676 2728 1732 2756 138,
1752 2730 1776 2751 ti:
1794 2729 1868 2752 Mira-

1025 2764 1076 2787 bitis
1092 2764 1156 2793 saeta
1173 2766 1206 2787 est
1222 2765 1317 2788 scientia
1336 2766 1377 2788 ίιιιι
1394 2772 1424 2788 ιιι·
1441 2772 1478 2788 me
1494 2768 1544 2793 ete,
1562 2773 1621 2794 quae
1638 2767 1717 2789 tilossa
1736 2771 1769 2790 est
1787 2775 1867 2790 socun-

1024 2803 1080 2825 tlum
1094 2804 1221 2826 Cassiodor.
1240 2804 1260 2825 in
1274 2805 1334 2825 huno
1352 2804 1393 2826 loc.
1412 2804 1454 2830 (ab
1467 2805 1515 2826 aliis
1534 2805 1618 2827 lsitloro
1631 2806 1747 2834 tribuitur,
1766 2807 1805 2829 cfr.
1818 2808 1867 2829 eius

1025 2842 1062 2864 lib.
1081 2843 1093 2864 l.
1107 2843 1166 2864 Seni.
1185 2849 1203 2865 c.
1217 2843 1248 2870 3.)
1267 2846 1287 2864 ct
1300 2843 1331 2864 sic
1348 2847 1424 2865 sonat:
1439 2843 1511 2865 llomo
1528 2848 1644 2867 assumtus
1656 2845 1747 2867 (livinae
1765 2846 1867 2868 substan-

1025 2881 1066 2902 tiae
1086 2887 1128 2902 non
1147 2885 1220 2909 potest
1237 2883 1329 2910 aequari
1343 2882 1363 2903 iu
1382 2881 1505 2904 substantia
1519 2889 1559 2904 net·
1578 2884 1598 2905 in
1616 2884 1693 2912 aliquo
1710 2885 1761 2907 alio.
1774 2885 1817 2907 Cfr.
1832 2886 1867 2907 hic

1024 2919 1054 2941 lit.
1073 2920 1182 2947 Magistri,
1202 2927 1220 2942 c.
1243 2921 1259 2942 Ι.

1086 2958 1095 2971 s*
1113 2960 1164 2986 Sap.
1187 2959 1219 2986 ll,
1238 2960 1278 2981 21:
1300 2959 1379 2981 Omnia
1398 2960 1419 2981 it)
1443 2966 1548 2982 incasura
1567 2964 1586 2982 ot
1612 2968 1708 2983 numero
1725 2965 1747 2983 ot
1765 2962 1866 2990 pondere

1024 2997 1164 3025 disposuisti.

1714 3051 1739 3073 to

1890 775 1918 793 Ad
1933 776 2006 798 opposi-

1925 801 1969 816 tum.
