2166 3366
116 590 119 592 ’
133 584 239 602 Notandum

133 1919 213 1937 Dubium
230 1919 245 1936 l.

262 173 318 201 466

626 250 692 277 Duss.
715 249 745 277 V.

341 345 405 373 item
428 343 574 380 quaeritur
596 343 630 371 de
652 343 704 371 hoc
719 342 794 379 quod
810 342 890 371 dicit:
906 342 986 370 Haec
1001 342 1035 370 de
1050 350 1110 370 cor-

265 392 346 429 riyz'd
367 390 556 419 calceamenti
575 392 641 418 etc:
672 390 738 427 quid
761 389 925 426 intelligitur
947 397 997 426 per
1019 389 1111 417 corri-

259 437 364 475 9z‘dm?
386 441 412 466 et
433 437 501 474 quid
524 445 572 473 per
594 436 843 465 calceamentum?
865 440 892 465 et
914 436 982 473 quid
1003 444 1054 473 per
1066 445 1110 465 re-

257 493 322 522 gem
344 483 523 512 Idumaeae?
545 487 571 512 et
592 483 660 520 quid
684 491 732 520 per
754 492 821 511 ossa
842 482 926 511 eius?

340 532 517 559 Ruspouusso:
540 530 711 564 Dicendum,
733 530 807 567 quod
824 530 1052 558 calceamentum
1068 532 1109 558 est

264 578 424 607 humanitas
435 578 546 611 Christi,
562 581 656 614 tegens
672 577 770 614 pedem
787 577 952 605 Divinitatis.
970 577 1108 613 Corrz'qz'd

261 633 328 654 vero
350 625 526 654 calceamenti
550 628 592 653 est
613 624 680 652 unio
695 624 851 652 Divinitatis
866 627 893 652 et
917 623 1107 652 humanitatis.

259 673 319 701 Rex
341 672 499 701 Idumaeae
520 675 562 700 est
583 671 710 699 Christus
736 671 842 699 ratione
864 674 981 699 naturae
1009 673 1109 698 morta-

261 719 294 748 lis
316 723 465 753 assumtae,
481 718 562 747 iuxta
578 718 646 746 illud
662 718 737 755 quod
752 718 854 746 dicitur
871 718 896 745 in
912 717 1021 745 Psalmo
1032 717 1056 745 ¹:
1074 717 1108 745 Iu

261 766 435 794 Idumaemn
464 765 617 793 emendam
647 764 876 793 calcccuuentum
902 772 1005 792 meum.
1034 764 1108 792 Ossa

258 812 337 850 regyz's
359 812 505 841 idumaeae
527 815 593 840 sunt
621 815 795 840 sacramenta
826 811 927 839 Christi
950 810 1059 839 occulta
1081 814 1108 839 et

261 859 417 888 difficiliora
439 859 472 887 ad
496 859 742 896 perscrutandum.
764 858 834 887 Haec
863 866 953 896 usque
974 858 1015 886 ad
1035 858 1108 887 cinc-

260 915 323 935 rem
345 910 571 939 commutantur,
601 906 712 943 quando
734 913 784 942 per
815 906 907 942 ignem
939 905 1108 934 curiositatis

259 955 330 983 adeo
351 954 411 983 vult
439 954 502 990 quis
524 961 556 982 ea
588 956 734 990 penetrare
755 960 845 989 usque
867 952 901 981 ad
924 952 1054 987 minima,
1076 955 1108 981 ut

934 171 1186 199 SENTENTIARUM
1208 171 1268 200 LlB.
1289 172 1329 199 Ill.

1167 249 1277 277 devotio
1298 250 1503 286 exstinguatur.
1525 266 1564 269 —
1586 250 1616 278 Et
1638 249 1690 277 hoc
1711 249 1824 286 quidem
1847 249 1913 278 dicit
1934 250 2014 287 Magi-

1167 298 1224 324 ster
1247 303 1299 323 non
1321 304 1381 333 esse
1403 296 1579 330 faciendum,
1603 296 1688 333 quia,
1720 304 1784 324 cum
1814 296 1957 333 loquimur
1978 296 2012 325 de

1166 342 1276 371 Christo
1291 346 1426 379 quantum
1442 343 1478 371 ad
1493 343 1553 371 eius
1569 343 1785 372 incarnationem
1802 347 1828 372 et
1843 343 2013 380 passionem,

1168 389 1212 417 vel
1234 389 1316 417 etiam
1332 390 1501 426 cogitamus,
1519 390 1618 426 repleri
1636 389 1772 418 debemus
1787 390 1947 423 devotione,
1963 398 2013 423 ne,

1167 435 1235 463 dum
1258 439 1313 463 tam
1331 444 1430 472 magna
1455 439 1481 465 et
1506 437 1642 465 immensa
1667 436 1801 465 beneficia
1826 436 1910 465 corde
1935 436 2014 465 arido

1166 483 1337 519 cogitamus,
1359 491 1408 519 per
1430 483 1576 512 elationem
1599 483 1730 512 inflemur
1751 486 1778 512 et
1800 491 1849 520 per
1871 483 2014 519 ingratitu-

1166 530 1260 558 dinem
1282 538 1451 558 arescamus.
1462 546 1500 550 —
1512 531 1564 559 Sed
1587 530 1650 568 quis
1665 531 1698 559 ad
1716 531 1784 559 haec
1799 533 1855 558 tam
1872 530 1989 559 idoneus
2003 533 2014 558 ἱ)
2029 535 2143 554 Notandum-

1166 576 1230 605 ldeo
1251 585 1351 605 sanum
1373 577 1520 606 consilium
1551 581 1651 614 reputo
1683 578 1776 606 dicere
1808 585 1871 606 cuni
1902 577 2012 606 Ioanne:

1168 622 1232 651 Non
1263 632 1330 651 sum
1362 623 1488 661 dignus,
1519 627 1552 652 ut
1583 624 1695 652 solvam
1721 624 1884 661 corrigiiam
1906 624 2015 652 calcea-

1167 674 1332 698 mentorum
1354 670 1444 698 ez'us‘2.
1467 670 1555 699 Credo
1576 671 1666 705 enim,
1699 671 1773 708 quod
1806 671 1891 699 huius
1912 671 2014 700 calcea-

1169 717 1253 745 menti
1275 717 1436 754 alligatura,
1459 721 1562 754 quanto
1584 718 1723 746 curiosius
1744 721 1770 746 et
1795 718 1930 746 audacius
1951 725 2012 746 eam

1169 764 1232 800 quis
1253 764 1362 792 solvere
1383 764 1519 798 voluerit,
1541 768 1617 793 tanto
1638 765 1762 793 strictius
1788 765 1927 801 alligatur.
1952 765 2014 793 ldeo

1164 811 1308 848 sequendo
1330 811 1505 847 Magistrum,
1528 811 1590 840 finis
1612 811 1771 848 imponatur
1803 812 1876 840 circa
1908 819 2013 840 sermo-

1165 865 1228 885 nem
1250 857 1284 886 de
1306 858 1415 886 Christo
1436 861 1573 895 quantum
1594 858 1629 886 ad
1652 858 1848 887 incarnationis
1869 861 1896 887 et
1912 858 2014 895 passio-

1166 905 1208 934 nis
1232 905 1411 942 mysterium,
1435 905 1510 942 quod
1531 909 1691 942 eaesuperat
1711 914 1824 933 omnem
1844 914 1962 934 sensum
1975 906 1993 934 ⁵.

900 1037 1190 1074 DISTINOTIO
1217 1037 1367 1073 XXIII.

637 1134 697 1160 CAP.
718 1134 734 1160 Ι.

305 1222 334 1250 si
354 1221 476 1249 Clu-istus
496 1220 620 1247 hahuerit
637 1220 736 1255 sidem,
755 1228 846 1255 spem,
866 1224 895 1246 td
914 1220 1060 1246 caritatem.

331 1308 395 1334 Cum
417 1315 479 1334 vero
493 1314 575 1341 supra
587 1306 595 1319 ¹
610 1306 774 1340 perhibitum
789 1306 834 1337 sit,
852 1305 985 1331 Christum
1002 1305 1109 1339 plenum

261 1352 344 1385 gratia
364 1351 460 1382 fuisse,
484 1358 536 1376 non
563 1353 602 1376 est
623 1356 821 1384 supervacuum
849 1348 999 1382 inquirere,
1020 1351 1109 1374 utrum

261 1395 340 1421 fidem
361 1398 386 1421 et
405 1401 496 1428 spem,
515 1394 585 1420 sicut
604 1393 760 1425 caritatem,
782 1392 913 1419 habuerit.
936 1391 962 1418 Si
978 1392 1048 1418 euim
1068 1391 1110 1417 his

262 1438 362 1470 caruit,
383 1445 434 1464 non
455 1437 560 1463 videtur
586 1436 782 1471 plenitudinem
802 1436 948 1469 gratiarum
975 1435 1108 1461 habuisse.

260 1481 294 1507 Ut
313 1484 401 1507 autem
423 1480 489 1507 haec
509 1480 631 1514 quaestio
653 1479 739 1505 valeat
759 1479 878 1512 apertius
902 1478 1051 1512 explicari,
1077 1477 1110 1504 de

260 1524 302 1550 his
322 1523 434 1557 siugulis
454 1523 543 1557 aliqua
558 1523 583 1549 iu
605 1522 722 1548 medium
739 1521 895 1555 proterenda
917 1524 992 1553 sunt,
1013 1524 1038 1547 et
1059 1521 1110 1555 pri-

262 1574 334 1594 mum
363 1566 396 1593 de
423 1566 492 1597 tide,
518 1565 665 1592 secuudum
691 1572 849 1591 mensuram
875 1563 952 1591 cuius
978 1564 1112 1598 praecipit

262 1609 405 1644 Apostolus
424 1608 571 1643 unicuique
590 1616 689 1642 supere.

633 1694 693 1721 ΟΜ).
714 1694 742 1720 ΙΙ.

578 1780 649 1813 de
668 1779 702 1806 sil
722 1779 795 1815 fides.

338 1879 348 1890 «
362 1868 440 1894 Fides
455 1870 493 1893 est
514 1867 610 1897 virtus,
624 1873 676 1900 qua
698 1866 844 1891 creduntur
859 1872 927 1899 quae
949 1871 999 1890 uon
1021 1863 1112 1889 viden-

264 1911 325 1938 ῑιιι12
340 1920 364 1943 »;
385 1910 456 1944 quod
478 1913 564 1936 tamen
586 1917 636 1935 uon
657 1909 689 1935 de
710 1908 834 1934 omnibus
853 1914 922 1942 quae
946 1914 996 1933 nou
1024 1906 1113 1933 viden-

1170 1136 1223 1165 tur,
1244 1133 1432 1167 accipiendum
1452 1137 1505 1165 est,
1531 1133 1577 1160 sed
1605 1134 1638 1160 de
1658 1134 1699 1160 his
1720 1137 1836 1165 tantum,
1862 1141 1931 1168 quae
1957 1141 2015 1160 cre—

1168 1176 1246 1207 dere,
1277 1179 1305 1202 ut
1331 1177 1366 1202 ait
1387 1177 1564 1210 Augustinus,
1589 1177 1646 1204 «ad
1676 1177 1831 1211 religionem
1859 1177 1973 1211 pertinet
1991 1185 2146 1209 ›1.Augustinus.

1169 1218 1249 1245 Multa
1276 1219 1346 1245 enim
1369 1222 1444 1250 sunt,
1470 1226 1540 1253 quae
1565 1220 1586 1246 si
1615 1219 1781 1246 Christianus
1806 1220 1923 1254 ignoret,
1950 1219 2015 1246 nihil

1169 1261 1340 1288 metuendum
1361 1265 1414 1293 est,
1435 1262 1497 1296 quia
1518 1269 1569 1288 non
1590 1262 1650 1289 ideo
1664 1270 1679 1289 a
1699 1262 1827 1296 religione
1846 1262 1944 1289 deviat.

1530 1348 1589 1375 CAP.
1611 1349 1651 1374 111.

1401 1434 1467 1466 Quot
1485 1433 1573 1460 modis
1591 1433 1691 1461 dicitur
1710 1434 1784 1469 fides.

1241 1521 1380 1554 Accipitur
1399 1524 1487 1547 autem
1499 1519 1564 1555 fides
1581 1520 1665 1547 tribus
1685 1520 1786 1551 modis,
1800 1521 1900 1547 scilicet
1921 1528 1970 1556 pro
1984 1528 2015 1548 eo
2032 1528 2111 1546 Dubium
2126 1526 2145 1545 2.

1170 1571 1221 1598 quo
1241 1563 1361 1589 creditur
1387 1566 1413 1589 et
1434 1566 1473 1589 est
1494 1563 1591 1596 virtus,
1613 1567 1638 1590 et
1660 1570 1708 1597 pro
1738 1570 1769 1589 eo
1797 1563 1870 1598 quo³
1897 1563 2017 1590 creditur

1170 1610 1195 1633 et
1216 1614 1266 1632 non
1288 1609 1327 1632 est
1342 1606 1438 1637 virtus,
1460 1609 1484 1632 et
1499 1613 1547 1640 pro
1562 1613 1593 1632 eo
1613 1605 1686 1641 quod
1698 1606 1832 1638 creditur,
1852 1606 1922 1641 quod
1937 1606 2016 1633 uliud

1171 1652 1210 1675 est
1238 1649 1271 1676 ab
1301 1656 1332 1675 eo
1360 1657 1413 1683 quo
1441 1649 1567 1675 ereditur.
1596 1649 1671 1675 Unde
1700 1649 1884 1682 Augustinus⁴
1913 1650 2016 1684 inquit:

1175 1703 1185 1715 «
1202 1692 1278 1718 Aliud
1299 1695 1361 1718 sunt
1380 1699 1409 1718 ea
1431 1700 1498 1727 quae
1517 1692 1677 1725 creduntur,
1698 1692 1770 1718 aliud
1787 1691 1869 1726 fides,
1889 1700 1942 1727 qua
1962 1699 2016 1719 ore-

1171 1734 1283 1765 duutur,
1304 1733 1354 1760 illa
1374 1735 1443 1760 enim
1472 1735 1496 1760 in
1518 1735 1597 1760 rebus
1617 1738 1692 1764 sunt,
1719 1742 1788 1768 quae
1815 1734 1856 1761 vel
1875 1742 1947 1767 esse,
1974 1735 2013 1761 vel

1171 1778 1263 1809 fuisse,
1284 1778 1324 1804 vel
1338 1778 1442 1804 futurae
1463 1785 1521 1804 esse
1535 1777 1675 1809 dicuntur;
1695 1777 1758 1804 haec
1778 1781 1866 1804 autem
1881 1778 1906 1803 iu
1927 1778 2015 1805 auimo

1171 1820 1305 1846 credentis
1325 1823 1377 1851 est,
1399 1820 1421 1846 ei
1443 1823 1544 1846 tantum
1559 1820 1719 1854 conspicua,
1740 1821 1818 1847 cuius
1832 1824 1871 1847 est
1885 1832 1907 1846 u.
1929 1821 1961 1847 Et
1981 1824 2014 1848 ta-

1171 1871 1230 1889 men
1252 1864 1357 1889 nomine
1375 1862 1440 1897 fidei
1458 1867 1582 1889 censetur
1603 1867 1758 1897 utrumque,
1779 1867 1804 1890 et
1824 1863 1887 1890 illud
1914 1864 2016 1890 scilicet

1172 1904 1245 1941 quod
1262 1905 1393 1936 creditur,
1413 1909 1437 1932 et
1464 1905 1490 1931 id
1516 1914 1568 1940 quo
1593 1905 1719 1932 creditur.
1746 1906 1772 1931 ΙιΙ
1799 1906 1871 1941 quod
1897 1906 2016 1932 ereditur

263 2003 283 2024 2.
301 2009 349 2031 seq.
367 2001 410 2024 Ct‘r.
429 2002 496 2024 etiam
523 2001 583 2022 Alex.
607 2000 666 2027 liat,
686 2000 707 2021 S.
727 2006 747 2027 p.
767 1999 798 2021 lll.
817 2006 838 2027 q.
858 1999 893 2020 23.
912 2005 942 2020 m.
962 1998 982 2020 4.
1000 2002 1021 2020 et
1039 1999 1067 2025 (53
1087 1998 1109 2019 D.

263 2041 358 2068 Albert.‚
376 2042 413 2063 hic
430 2047 449 2062 a⁴
468 2040 489 2062 7.
507 2046 588 2068 seqq.,·
607 2039 628 2061 S.
648 2039 742 2066 Thom„
762 2039 797 2060 hic
815 2044 837 2066 q.
856 2038 883 2065 3;
902 2038 958 2059 Deir,
972 2044 983 2059 a
996 2037 1061 2064 Tur„
1075 2037 1111 2059 hie

263 2088 284 2110 q.
304 2081 332 2108 33
350 2080 456 2102 Richard.
474 2086 485 2101 a
506 2079 574 2106 Med„
594 2079 630 2100 hic
647 2085 666 2100 a.
686 2077 705 2100 st.
725 2085 746 2106 (Ι.
766 2079 786 2099 2.

327 2120 333 2133 ¹
352 2120 435 2141 Psalmi.
454 2118 494 2146 59,
526 2119 557 2140 ΙΟ.
584 2118 693 2145 (ὶῐ-οςςοικ,
712 2118 724 2139 l.
744 2117 825 2139 Homil.
843 2118 864 2138 in
883 2117 968 2144 Evaug.
988 2116 1065 2138 homil.
1089 2116 1111 2137 7.

265 2166 285 2182 n.
305 2159 332 2180 3:
352 2159 407 2186 QuIs
425 2159 484 2180 euim
504 2158 599 2184 nesciat,
619 2157 681 2185 quod
700 2157 851 2178 calceamento
870 2162 896 2177 ex
914 2156 1011 2177 mortuis
1029 2156 1112 2177 anima-

262 2198 322 2220 libus
340 2197 414 2219 nunt?
433 2197 563 2219 incarnatus
580 2202 636 2218 vero
656 2196 765 2217 Dominus
785 2195 881 2216 veniens
906 2195 971 2223 quasi
999 2194 1112 2216 calceatus

263 2237 381 2265 apparuit,
403 2237 456 2265 quia
476 2237 496 2257 in
515 2236 635 2257 Divinitate
653 2241 693 2256 sua
712 2235 830 2256 morticina
850 2237 940 2256 nostrae
959 2234 1112 2261 corruptionis

264 2277 378 2299 assumsit.
398 2275 461 2297 Unde
487 2276 555 2296 ctiam
574 2280 615 2302 per
633 2274 769 2301 Prominenti
788 2273 856 2295 dicit:
874 2274 901 2295 In
919 2272 1057 2295 Iduumt‘um
1075 2279 1112 2295 ezc-

264 2314 357 2338 tendam
375 2314 559 2337 calceamentum
577 2319 663 2335 intumi.
684 2313 724 2334 Per
741 2312 880 2335 Idumaeam
892 2313 979 2341 quippe
992 2312 1112 2340 gentilitas,

264 2362 305 2383 per
323 2354 508 2378 calceamentum
526 2359 581 2375 vero
600 2354 701 2374 assumta
720 2352 844 2374 mortalitas
863 2351 1004 2379 designatur.
1024 2352 1045 2373 lu
1064 2352 1112 2373 idu-

266 2400 354 2416 maeum
373 2399 429 2421 ergo
448 2393 558 2414 Dominus
577 2392 756 2414 calceamentum
774 2397 842 2413 suum
856 2397 879 2412 sc
892 2390 1013 2412 extendere
1025 2391 1111 2418 asserit,

265 2435 329 2462 quia,
348 2433 403 2455 dum
417 2439 457 2460 per
470 2437 562 2454 coruom
580 2431 687 2458 gentibus
705 2431 812 2457 innotuit,
831 2431 895 2458 quasi
914 2430 1011 2452 calceatu
1025 2430 1052 2452 ad
1072 2436 1113 2452 nos

264 2473 374 2495 Divinitas
395 2473 464 2494 veuit.
491 2471 535 2493 Sed
563 2471 630 2492 huius
657 2471 817 2492 iucarnationis
844 2470 979 2496 mysterium
998 2470 1113 2491 humanus

266 2512 346 2534 oculus
372 2514 491 2539 penetrare
518 2516 561 2531 nou
580 2510 685 2531 suflicit...
709 2508 816 2538 cerrima
837 2514 892 2536 ergo
911 2507 1064 2531 calceamenti?
1080 2512 1113 2530 est

266 2550 360 2577 ligatura
380 2550 489 2576 mysterii.
509 2549 602 2570 loannes
620 2549 695 2576 itaque
713 2548 803 2569 solvere.
825 2548 947 2574 corrigiam
966 2547 1112 2568 calceamenti

266 2590 315 2611 eius
333 2595 376 2610 nou
395 2588 467 2614 valet,
486 2588 538 2615 quia
557 2587 717 2609 iucarrmtionis
734 2587 783 2608 eius
801 2587 935 2612 mysterium
958 2591 999 2607 nec
1016 2586 1065 2612 ipse
1083 2586 1113 2606 in-

266 2629 381 2656 vestigare
398 2628 494 2652 suflicit,
512 2628 550 2655 qui
569 2627 626 2648 hauc
653 2632 693 2653 per
719 2626 854 2653 prophetiae
879 2626 984 2652 spiritum
1011 2625 1111 2652 agnovit.

267 2667 325 2695 Quid
344 2670 377 2689 est
394 2673 450 2694 ergo
469 2667 557 2688 dicere:
577 2666 630 2688 Non.
647 2672 699 2688 sum
718 2664 804 2694 aliquus
821 2664 911 2687 solt-ere
923 2663 1053 2693 rorriqiam
1065 2663 1113 2687 cul-

267 2705 381 2728 cemuenli
398 2705 447 2727 cius
466 2705 541 2731 (Marc.
562 2705 585 2729 l,
604 2704 648 2732 7.),
662 2705 702 2725 uisi
716 2707 794 2731 aperte
806 2706 828 2725 et
841 2704 956 2725 humiliter
973 2709 1037 2725 suam
1051 2704 1113 2730 igno-

268 2745 363 2766 rantiam
381 2745 501 2771 profiteri?
519 2756 549 2759 —
567 2744 710 2770 llieronym.7
737 2748 853 2770 exponens
870 2742 925 2763 illud
943 2743 1013 2763 Amos
1031 2742 1059 2768 -2,
1087 2742 1091 2762 l
1108 2746 1112 2763 :

268 2783 302 2805 Eo
320 2782 382 2811 quod
399 2782 528 2805 incenderit
552 2788 605 2805 ossa
625 2781 686 2811 rems
704 2781 831 2803 Idumaeae
855 2786 928 2810 usque
945 2780 976 2803 ad
993 2780 1093 2803 cinerem
1105 2798 1111 2807 ,

269 2822 310 2842 ait:
329 2821 365 2843 Sic
390 2827 440 2843 ossa
467 2822 528 2848 regis
555 2821 675 2842 Idumaeae
693 2820 829 2842 comburere
849 2826 892 2841 uon
910 2819 1024 2841 debemus
1048 2822 1070 2841 et
1092 2820 1113 2840 iu

268 2861 368 2882 cinerem
387 2861 532 2888 favillamque
552 2861 684 2882 dissolvere.
699 2860 773 2881 ludaei
787 2860 925 2881 transferunt
942 2859 1113 2886 intelligentiam

270 2899 409 2925 spirituatem
428 2900 449 2920 iu
467 2906 547 2920 carnos
572 2899 702 2926 idumaeas,
729 2905 869 2927 sensumque
887 2899 990 2926 regium,
1009 2899 1048 2926 qui
1065 2904 1114 2919 ver-

271 2939 332 2958 satur
350 2939 371 2958 in
390 2938 459 2959 littora
478 2941 499 2959 et
516 2941 550 2959 cst
566 2938 717 2959 solidissimus
735 2941 802 2966 atquo
829 2937 985 2965 firmissimuS,
1011 2937 1114 2964 genealo-

272 2976 314 3003 giis
331 2976 469 3003 quibusdam
488 2980 509 2998 et
526 2976 685 2998 traditionibus
702 2978 824 3004 superfluis
841 2979 952 2998 enervant
968 2979 1036 3004 atque
1053 2982 1115 2998 com-

1168 1998 1274 2019 minuunt
1291 2000 1312 2019 et
1330 1998 1350 2019 in
1370 1997 1488 2025 pulverem
1507 1997 1612 2024 redigunt
1625 2004 1629 2024 3
1643 2001 1664 2019 et
1677 2003 1720 2019 uon
1733 1997 1807 2019 solum
1822 1997 1851 2018 illi
1870 1998 1912 2019 hoc
1925 1998 2015 2025 faciunt,

1169 2037 1209 2059 scd
1227 2042 1307 2058 omues
1325 2037 1430 2058 haeretici
1449 2040 1490 2058 etc.

1232 2075 1241 2089 ’ἒ
1260 2076 1324 2097 Marc.
1348 2076 1370 2102 t,
1388 2075 1416 2102 Ἲς
1436 2076 1494 2096 toan.
1518 2075 1539 2102 1,
1558 2075 1594 2097 27.
1612 2087 1643 2091 -
1662 2075 1729 2097 Paulo
1755 2078 1806 2097 unte
1824 2075 1890 2103 edd.,
1911 2074 2016 2102 pluribus

1169 2116 1272 2143 omissis,
1298 2114 1339 2137 sed
1363 2121 1448 2137 sanum
1476 2114 1602 2137 consilium
1627 2115 1717 2143 reputet
1737 2113 1813 2137 dicere
1839 2120 1893 2137 cum
1912 2115 2017 2142 Ioanne,-

1170 2154 1220 2176 cod⁴
1239 2154 1255 2176 C
1273 2160 1325 2177 cum
1352 2153 1404 2183 quis
1425 2153 1531 2182 [quidem
1542 2152 1564 2182 ⁵2]
1582 2153 1613 2176 ud
1630 2153 1673 2176 hoc
1689 2152 1772 2176 nullus
1789 2153 1820 2176 sit
1836 2153 1946 2181 idoneus,
1966 2152 2016 2176 ideo

1169 2199 1257 2215 sunum
1274 2196 1315 2215 etc.
1343 2193 1410 2214 Paulo
1436 2193 1529 2214 inferius
1551 2198 1593 2219 pro
1610 2191 1715 2215 strictius
1733 2192 1783 2214 cod.
1803 2192 1820 2213 Y
1837 2191 1938 2220 fortius,
1963 2191 2016 2214 edd.

1169 2232 1272 2258 arctius,
1293 2238 1352 2260 quae
1369 2235 1391 2253 et
1408 2231 1506 2253 subinde
1525 2237 1566 2259 pro
1584 2230 1727 2260 Mafflstrum
1744 2230 1851 2253 exhibent
1868 2230 1979 2253 medmm.

1232 2272 1241 2286 ³
1260 2272 1312 2293 Duil.
1334 2271 1358 2299 st,
1376 2271 1397 2293 7.
1416 2283 1446 2286 Μ
1463 2271 1507 2293 Cir.
1526 2271 1554 2293 de
1573 2271 1615 2292 hoc
1633 2270 1703 2292 dubio
1721 2270 1746 2292 B.
1763 2270 1859 2298 Alhert.,
1879 2271 1915 2292 hic
1933 2277 1952 2292 a.
1975 2271 1995 2292 11
2011 2277 2016 2298 ;

1169 2311 1191 2332 S.
1210 2310 1305 2338 Thom.‚
1325 2311 1381 2332 Deir.
1399 2317 1410 2332 a
1430 2311 1482 2332 Tau
1500 2313 1521 2331 et
1539 2309 1643 2331 Richard.
1662 2316 1673 2330 a
1691 2309 1761 2337 Med,
1782 2310 1817 2331 hic
1834 2310 1893 2331 circa
1911 2309 1941 2331 iit.

1343 2348 1437 2371 NOTAE
1455 2348 1491 2371 AD
1508 2347 1584 2370 LIBR.
1604 2347 1843 2370 SENTENTIARUM.

1235 2388 1241 2402 1
1261 2388 1314 2410 Dist.
1333 2388 1387 2410 xlii.
1407 2394 1425 2410 c.
1448 2389 1464 2409 1.
1477 2400 1508 2403 -
1525 2387 1619 2409 Inferius
1643 2387 1763 2414 respicitur
1785 2387 1850 2409 Rom.
1870 2388 1910 2415 112,
1935 2388 1955 2409 3.
1974 2388 2015 2409 Pro

1166 2427 1283 2457 praecipit
1302 2428 1350 2449 Vat.
1369 2433 1421 2449 curn
1441 2427 1491 2449 cod.
1510 2426 1527 2448 D
1545 2429 1566 2448 et
1584 2427 1663 2454 paucis
1681 2426 1733 2448 edd.
1750 2425 1875 2455 praecepit.

1233 2467 1241 2480 2
1259 2467 1293 2488 Ad
1312 2466 1409 2488 verbum
1428 2468 1461 2487 est
1483 2466 1503 2487 iu
1523 2465 1601 2487 Glossn
1624 2465 1652 2486 ad
1677 2465 1741 2486 Rom.
1762 2465 1781 2492 l,
1806 2465 1845 2492 lS,
1868 2465 1930 2493 apud
1948 2465 2017 2493 Lyra-

1171 2513 1241 2533 uum,
1261 2506 1299 2528 cfr.
1318 2506 1422 2533 alugust.y
1445 2504 1558 2526 Enchirid.
1577 2510 1594 2526 c,
1618 2504 1638 2525 8.
1657 2510 1678 2526 n.
1701 2505 1725 2531 23
1745 2505 1766 2525 ll⁴
1780 2504 1909 2532 Quaestion.
1928 2505 2014 2532 livaug.

1171 2552 1189 2567 c.
1208 2545 1244 2567 39.
1263 2552 1284 2566 n.
1308 2545 1324 2566 Ι.
1336 2557 1367 2560 -
1384 2543 1459 2565 Verba
1478 2542 1659 2572 aclrelust'onent
1675 2542 1775 2571 pertinet
1792 2545 1845 2564 sunt
1862 2543 1883 2564 in
1903 2543 2016 2565 linchirid.

1170 2591 1189 2606 c.
1208 2586 1227 2606 9.
1248 2591 1268 2606 u.
1287 2584 1307 2605 3⁴
1321 2596 1352 2599 —
1364 2583 1419 2605 Cod.
1438 2583 1453 2604 E
1471 2585 1522 2610 post
1540 2582 1649 2605 ridentur
1665 2582 1780 2609 adiungit:
1798 2582 1862 2604 Unde
1875 2582 2017 2610 Augustinus

1170 2625 1191 2645 in
1210 2623 1267 2645 libro
1285 2623 1313 2644 de
1336 2622 1448 2644 Praedcst.
1470 2622 1584 2643 Sancum:
1607 2621 1705 2643 Credere
1726 2621 1802 2648 ipsum
1826 2621 1878 2642 nihil
1899 2624 1932 2643 est
1956 2620 2017 2643 aliud

1170 2669 1239 2692 quam
1255 2668 1306 2684 rum
1325 2662 1455 2683 assensione
1473 2662 1583 2688 cogitat-eg
1602 2660 1664 2689 quod
1683 2665 1757 2682 tamen
1770 2664 1811 2682 etc.
1830 2661 1892 2688 Quae
1909 2660 1979 2682 verba
1995 2662 2016 2682 iu

1170 2702 1218 2724 aliis
1236 2701 1302 2723 codd.
1321 2703 1342 2722 et
1359 2700 1394 2722 ed.
1414 2701 1430 2721 1.
1450 2700 1514 2727 alibi,
1534 2706 1616 2727 nempe
1634 2700 1656 2720 in
1674 2705 1723 2726 cap.
1743 2699 1768 2726 4,
1787 2702 1909 2726 ponuntur.

1233 2740 1242 2755 ³
1261 2741 1288 2761 lta
1308 2746 1360 2761 cum
1379 2739 1414 2761 ed.
1435 2740 1442 2760 t
1465 2739 1533 2767 (quae
1552 2742 1626 2760 tamen
1651 2738 1732 2760 omittit
1755 2737 1868 2766 creditur)
1891 2737 2015 2765 legendum

1171 2786 1221 2802 esse
1239 2783 1358 2807 putamus3
1377 2779 1398 2800 in
1412 2779 1460 2800 aliis
1476 2777 1528 2800 cdd.
1547 2780 1568 2799 et
1585 2777 1651 2799 codd.
1677 2776 1740 2806 quod
1755 2775 1865 2799 creditur.
1884 2776 2016 2803 intelligitur

1172 2822 1247 2841 autem
1261 2825 1272 2840 a
1291 2813 1397 2845 Magistro
1414 2817 1471 2847 fides
1489 2815 1609 2845 informis,
1625 2822 1683 2844 quae
1701 2815 1792 2842 abipso
1810 2815 1905 2842 aliisque
1917 2815 2016 2843 antiquis

1172 2864 1216 2881 non
1235 2860 1330 2879 vocatur
1347 2856 1436 2884 virtus,
1456 2856 1502 2878 scit,
1519 2854 1629 2884 perfectu.

1234 2896 1242 2910 ¹¹
1261 2896 1320 2918 Libr.
1340 2896 1394 2918 Xlll.
1413 2896 1440 2917 de
1459 2896 1520 2917 Trin.
1539 2901 1557 2916 c.
1576 2895 1595 2916 2.
1610 2900 1630 2915 n.
1649 2894 1669 2915 5.
1687 2904 1717 2908 ——
1735 2893 1775 2914 Pro
1797 2891 1894 2920 futurae
1911 2898 1959 2915 esse
1982 2892 2015 2915 di-

1172 2937 1260 2959 cuutur
1278 2936 1327 2957 Vat.
1349 2941 1401 2957 cum
1428 2934 1532 2962 pluribus
1550 2933 1601 2955 edd.
1618 2932 1703 2961 futuru
1724 2930 1866 2959 creduntur,
1887 2932 2015 2959 refragante

1173 2975 1283 3002 originali.
