2166 3366
0 957 80 982 tffluplex
91 957 134 976 unio

0 981 29 1001 ,ιίι
33 981 134 1006 hypostasi.

724 176 805 204 DlST.
828 176 903 205 xxii.
926 177 997 205 ART.
1022 178 1136 207 UNlCUS
1158 179 1292 215 QUAEST.
1315 179 1332 207 l.

229 250 254 279 3.
278 251 314 279 Ad
338 251 406 279 illud
429 251 503 288 quod
525 252 669 287 obiicitur,
685 254 758 290 quod
776 254 881 283 habens
901 255 996 283 huma-

150 306 213 327 nam
237 301 365 327 naturam
388 302 429 326 est
459 298 556 332 homo;
586 300 752 334 dicendum,
781 302 854 338 quod
885 303 995 331 nomine

5 363 7 366 .
21 351 135 391 Nummum.
150 343 297 373 humanae
317 348 446 372 natm-ac
466 345 616 382 aliquando
639 346 831 383 intelliguntur
843 349 995 386 principia

150 391 354 420 constituentia
378 391 535 424 hominem;
550 392 701 429 aliquando
717 393 879 430 intelligitur
894 394 994 431 s'ornm

149 438 269 466 hominis
290 437 477 474 completiva,
500 446 571 475 quae
587 439 634 467 dat
650 439 699 476 ipsi
718 441 862 477 supposito
877 442 995 478 comple-

147 488 272 514 mentum
294 487 321 513 et
342 484 530 521 operationem
554 485 675 513 debitam
701 486 737 514 illi
761 487 877 524 speciei,
900 496 995 516 secun-

147 531 214 560 dum
237 531 306 559 illud
329 531 402 568 quod
426 531 492 560 dicit
514 531 679 561 Boethius¹1
698 533 829 561 «Natura
844 537 884 562 est
900 542 995 563 unam-

145 585 286 615 quamque
303 585 359 607 rem
378 578 530 607 informans
546 579 675 616 specifica
687 580 840 609 differentia
852 592 876 608 υ.
890 581 914 609 Si
928 589 994 618 ergo

145 625 297 662 accipiatur
320 628 420 654 natura
447 625 537 662 primo
560 626 656 661 modo,
681 627 781 655 locutio
803 631 844 656 est
866 628 949 662 l'alsa3
971 629 993 657 si

145 672 268 701 secundo
291 671 388 705 mod0‚
412 671 512 701 locutio
533 676 575 701 est
598 681 681 703 vera:
703 674 750 702 sed
776 674 924 703 istomodo
940 684 993 704 non

146 719 244 748 habuit
264 719 391 748 Christus
409 719 560 748 humanam
576 723 705 749 naturam
723 721 748 749 in
766 721 873 750 triduo:
890 726 916 751 et
932 723 994 751 ideo

145 774 199 795 non
222 766 364 803 seqnitur,
386 767 460 803 quod
484 766 567 795 suerit
591 767 681 796 homo.

225 814 250 842 [ι.
274 813 311 842 Ad
334 813 403 842 illud
426 814 500 851 quod
523 813 668 847 obiicitur,
685 815 758 852 quod
775 816 887 852 quando
902 817 993 845 anima

147 862 174 888 ct
195 867 298 897 corpus
319 860 456 889 uniuntur
479 860 504 888 in
527 860 644 889 eandem
674 860 860 898 hypostasim,
890 862 993 891 faciunt

148 907 305 941 hominem;
327 907 493 941 dicendum,
515 907 588 944 quod
612 907 684 935 uniri
708 908 828 936 animam
851 912 877 937 et
892 917 994 946 corpus

148 953 174 982 in
196 954 312 983 eandem
336 954 521 991 hypostasim,
544 954 596 982 hoc
625 957 713 991 potest
741 963 801 983 esse
830 956 992 992 dupliciter:

148 1003 197 1030 aut
217 1001 270 1035 ita,
285 1001 360 1038 quod
377 1000 423 1029 illa
445 1001 601 1038 hypostasis
623 1001 658 1029 sit
679 1010 714 1029 ea·
729 1002 769 1029 eis
785 1003 952 1037 constituta,
967 1007 993 1031 et

148 1047 187 1077 sic
209 1047 271 1076 talis
292 1047 464 1084 hypostasis,
486 1055 558 1084 quae
581 1047 615 1075 sit
638 1047 683 1075 hic
705 1052 729 1076 (Ἰ
752 1049 866 1081 ιιιιηοῖ·
887 1053 913 1077 et
942 1049 993 1078 isto

148 1093 231 1122 modo
253 1102 305 1122 non
328 1096 444 1131 possunt
460 1093 532 1122 uniri
549 1093 575 1122 in
591 1094 708 1122 eandem
725 1095 909 1132 hypostasim.
926 1096 992 1133 quin

147 1140 281 1169 uniantur
301 1140 335 1169 ad
358 1140 491 1173 invicem,
514 1148 545 1169 ac
568 1148 617 1177 per
639 1141 690 1169 hoe
711 1141 777 1178 quin
793 1142 892 1170 sai-iant
909 1142 994 1170 homi-

147 1195 219 1216 nem.
236 1187 292 1216 Alio
309 1187 391 1216 modo
413 1190 529 1224 possunt
545 1187 616 1215 uniri
634 1187 660 1216 in
676 1188 792 1216 eandem
810 1189 993 1226 hypostasim,

147 1234 184 1263 ita
207 1238 311 1269 tamen,
333 1234 406 1271 quod
423 1234 470 1262 illa
486 1234 642 1271 hypostasis
664 1242 698 1263 ex
721 1235 761 1263 eis
775 1244 832 1263 non
847 1236 993 1264 eonstitui-

148 1285 214 1316 ίαν,
236 1281 321 1310 imino
343 1281 440 1310 unitur
461 1281 501 1309 eis
522 1281 605 1310 etiam
635 1282 757 1311 localiter
786 1284 937 1320 separatis;
967 1286 993 1312 et

146 1328 199 1357 hoc
221 1328 303 1357 modo
324 1328 397 1357 uniri
421 1328 446 1356 in
469 1329 585 1357 eandem
610 1329 779 1366 hypostasim
803 1338 855 1357 non
871 1338 994 1358 necessa-

146 1375 188 1404 rio
209 1374 272 1403 facit
294 1373 454 1408 hominem,
476 1375 541 1412 quia
564 1383 616 1403 non
639 1379 679 1404 est
703 1376 737 1404 ibi
763 1376 827 1403 nnio
855 1384 905 1413 per
933 1384 993 1405 con-

145 1421 317 1450 stitutionem
339 1425 455 1450 naturae
478 1422 589 1452 tertiae.
605 1422 695 1459 qualis
711 1426 751 1451 est
771 1423 835 1451 unio
861 1423 993 1451 materiae

145 1472 173 1498 et
193 1468 314 1503 formae,
336 1469 427 1506 qualis
447 1469 530 1498 etiam
554 1469 707 1506 requiritur
729 1470 762 1498 ad
786 1470 905 1498 hominis
926 1479 992 1498 esse.

148 1516 178 1544 Et
199 1516 264 1553 qnia
287 1515 337 1544 isto
360 1515 442 1544 modo
465 1516 542 1544 unita
563 1519 640 1544 erant
664 1516 756 1544 anima
782 1520 807 1545 et
836 1525 938 1553 corpus
968 1517 992 1545 in

146 1562 256 1591 Christo
278 1562 303 1591 in
327 1562 436 1596 triduo,
459 1571 511 1591 non
542 1563 624 1591 inodo
653 1564 820 1600 praemisso3
851 1564 911 1591 ideo
940 1572 993 1592 non

145 1609 290 1646 sequitur,
312 1609 385 1646 quod
409 1609 537 1638 Christus
560 1610 585 1637 in
609 1610 702 1638 triduo
725 1610 806 1638 suerit
830 1610 920 1638 hoino.

1845 184 1902 213 4:53

1133 257 1158 284 5.
1180 257 1217 285 Ad
1241 257 1308 285 illud
1336 258 1409 294 quod
1440 258 1584 292 obiicitur,
1613 260 1685 296 quod
1715 260 1843 290 Christus
1873 262 1898 290 in
1916 273 2029 292 Notandum.

1053 302 1147 331 triduo
1170 303 1275 331 iacebat
1298 312 1323 331 in
1347 303 1491 340 sepulcrm
1514 305 1680 335 dicendum.
1696 307 1769 343 quod
1787 307 1848 336 talis
1865 308 1900 335 lo-

1052 349 1126 377 cutio
1148 353 1189 377 est
1212 357 1277 378 vera
1297 358 1349 387 per
1370 351 1565 387 synecdochen
1577 352 1594 380 ³.
1610 353 1717 381 Dicitur
1732 354 1804 382 enim
1825 354 1901 382 Chri-

1053 398 1112 424 stus
1135 396 1251 425 iacuisse
1274 397 1299 425 in
1316 397 1460 434 sepulcro,
1476 399 1542 435 quia
1553 407 1629 435 pars
1644 400 1825 428 humanitatis
1839 401 1900 429 eius

1053 443 1135 471 iacuit
1151 443 1177 471 in
1193 444 1330 480 sepulcro.
1349 444 1422 473 Unde
1439 452 1488 473 nec
1504 445 1588 473 iacuit
1605 446 1639 474 ihi
1657 447 1810 475 secundum
1824 448 1898 484 quod

1053 487 1135 517 homo
1157 497 1206 517 nec
1228 490 1382 518 secundum
1406 491 1479 527 quod
1505 491 1597 524 Deus,
1614 492 1661 520 sed
1678 493 1832 521 secundum
1849 493 1900 522 ali-

1052 535 1124 573 quid
1144 535 1277 564 hominis.
1300 536 1374 565 Sicut
1397 545 1463 573 ergo
1486 546 1537 565 non
1562 539 1703 575 sequitur:
1734 539 1830 568 Petrus
1858 544 1899 569 cst

1054 582 1079 610 in
1104 583 1228 616 tumulo,
1251 591 1317 619 ergo
1340 583 1436 612 Petrus
1457 588 1498 613 est
1521 585 1618 619 homo;
1642 586 1680 614 sie
1698 586 1779 615 etiam
1803 587 1899 616 intelli-

1052 629 1172 665 gendum
1196 634 1236 658 est
1259 630 1284 658 in
1308 631 1457 668 proposito

1131 677 1155 703 6.
1178 676 1215 705 Ad
1239 676 1306 705 illud
1334 677 1407 714 qnod
1437 677 1581 712 obiicitur,
1610 679 1684 715 quod
1715 680 1842 709 Christus
1871 681 1896 709 in

1051 723 1252 760 sempiternum
1276 724 1326 752 t'uit
1348 724 1493 759 sacerdos;
1515 725 1681 759 dicendum.
1708 727 1781 763 quod
1812 735 1899 756 sacer-

1051 770 1156 798 dotium
1180 770 1280 799 Christi
1304 771 1406 799 dicitur
1429 771 1514 799 fuisse
1530 772 1747 809 sempiternum,
1763 782 1817 801 non
1833 775 1897 811 quia

1051 824 1161 853 semper
1183 817 1266 845 fuerit
1288 818 1418 846 sacerdos
1440 818 1465 846 in
1488 822 1567 852 actu,
1590 819 1637 847 sed
1662 820 1727 856 quia
1750 820 1786 848 illi
1810 828 1898 849 sacer-

1051 863 1125 891 dotio
1147 863 1257 892 nullum
1279 864 1355 892 aliud
1379 865 1543 894 successst‘.

1130 911 1155 938 7.
1178 911 1213 939 Ad
1238 910 1306 940 illud
1334 911 1408 948 quod
1438 911 1582 946 obiicitur.
1611 913 1685 950 quod
1714 913 1841 942 Christus
1871 915 1896 942 in

1051 957 1143 985 triduo
1165 957 1283 986 habehat
1304 958 1425 986 aniinam
1449 958 1610 988 rationalem
1626 959 1677 988 sibi
1694 959 1815 993 unitam,
1830 969 1897 997 ergo

1050 1006 1109 1031 erat
1131 1003 1287 1037 rationalis;
1309 1004 1474 1033 dicendum.
1496 1005 1570 1042 quod
1594 1006 1644 1034 hoc
1670 1014 1724 1034 non
1753 1008 1895 1044 sequitur,

1051 1049 1101 1077 nisi
1125 1049 1294 1086 intelligatur
1313 1059 1366 1087 per
1387 1050 1599 1088 synecdochen,
1623 1060 1673 1089 pro
1693 1054 1814 1090 eoquod
1831 1054 1896 1082 idio-

1052 1099 1125 1124 mata
1148 1096 1268 1133 partium
1293 1097 1411 1125 hominis
1427 1106 1480 1126 non
1496 1099 1741 1128 communicantur
1755 1101 1895 1138 hypostasi

1050 1142 1130 1171 Verbi
1154 1142 1204 1171 nisi
1228 1143 1366 1173 mediante
1388 1148 1444 1173 toto
1465 1145 1629 1180 coniuncto,
1645 1148 1895 1177 communicatione

1050 1189 1163 1226 propria
1177 1189 1195 1217 ⁶.
1219 1190 1248 1218 Et
1269 1191 1400 1227 quoniam
1423 1191 1551 1220 Christus
1573 1196 1636 1221 tunc
1653 1202 1706 1221 non
1722 1197 1782 1222 erat
1798 1195 1896 1225 hoino.

1052 1236 1112 1264 ideo
1134 1244 1182 1265 uec
1206 1240 1311 1273 poterat
1333 1238 1385 1266 dici
1408 1237 1493 1266 albus
1510 1239 1614 1267 ratione
1630 1240 1769 1276 corporis.
1786 1249 1834 1269 nec
1851 1250 1898 1270 ra-

1051 1282 1169 1310 [ionalis
1191 1283 1295 1311 ratione
1317 1284 1442 1319 animae,
1464 1285 1515 1313 nisi
1529 1294 1582 1322 per
1596 1287 1808 1323 synecdochen,
1824 1288 1897 1317 vide-

1051 1329 1113 1358 licet
1134 1330 1206 1367 quod
1230 1331 1348 1359 habebat
1369 1340 1472 1368 corpus
1493 1332 1588 1361 album
1611 1336 1637 1361 et
1652 1334 1773 1362 animam
1790 1335 1897 1363 ratioci-

1051 1380 1170 1405 nantem.
1192 1378 1271 1414 Quod
1293 1387 1359 1415 ergo
1381 1379 1461 1407 dicit:
1484 1380 1558 1416 quod
1572 1380 1581 1394 ‘³
1606 1381 1687 1409 hahet
1708 1382 1828 1410 annnam
1856 1390 1897 1411 ra-

1051 1424 1178 1452 tionalem
1202 1424 1252 1452 sibi
1275 1425 1381 1453 unitam
1410 1429 1450 1453 est
1477 1426 1624 1461 rationale-3
1640 1427 1804 1459 dicendum,
1821 1429 1895 1466 quod

1051 1471 1101 1499 hoc
1125 1471 1206 1499 habet
1229 1471 1389 1505 veritatem,
1413 1472 1433 1499 si
1458 1471 1627 1508 intelligatur
1642 1473 1676 1502 de
1692 1474 1808 1509 unione,
1824 1484 1895 1512 quae

1050 1521 1090 1545 est
1113 1518 1216 1545 formae
1238 1517 1273 1545 ad
1297 1518 1456 1550 materiam;
1479 1519 1530 1547 hoc
1545 1523 1638 1548 autem
1656 1521 1737 1549 modo
1753 1530 1805 1549 non
1821 1523 1896 1551 unie-

1051 1564 1133 1592 batur
1154 1565 1245 1592 anima
1267 1564 1366 1593 Christi
1389 1566 1499 1594 Christo
1521 1566 1547 1593 in
1571 1566 1672 1595 triduo.
1696 1568 1770 1596 l'nde
1786 1577 1839 1596 non
1856 1576 1895 1597 se-

1050 1611 1161 1647 quitur.
1184 1611 1258 1648 qnod
1281 1611 1377 1640 suisset
1400 1612 1483 1640 hoino
1507 1613 1532 1640 in
1557 1614 1658 1642 triduo.

886 1725 1146 1761 SCHOLION.

210 1839 225 1860 l.
243 1838 329 1861 Solutio
350 1839 418 1861 huius
435 1839 573 1870 quaestionis
586 1838 700 1866 dependet
717 1846 728 1860 a
748 1838 838 1861 duobus
857 1840 990 1867 principiis,

145 1878 190 1900 iam
209 1883 278 1905 supra
296 1880 373 1900 contra
391 1878 455 1900 aliter
471 1879 592 1900 sentientes
610 1878 720 1900 stabilitis.
739 1878 838 1899 l’rimum
852 1884 933 1900 eorum
950 1881 990 1905 est,

146 1915 209 1945 quod
226 1915 328 1945 Christus
345 1917 453 1939 assumsit
470 1918 570 1938 animam
588 1921 609 1939 et
627 1923 711 1944 corpus
738 1917 765 1938 ita
792 1917 866 1941 unita.
892 1920 916 1939 nt
939 1917 990 1939 inde

147 1955 265 1977 resultaret
282 1961 331 1977 uua
349 1956 452 1982 φιαΙιιι-α,
474 1961 556 1983 nempe
574 1956 672 1977 litamina
692 1955 753 1981 (vide
771 1962 840 1983 supi-a
859 1955 879 1977 d.
893 1956 913 1977 6.
926 1962 991 1984 prae·

144 1995 226 2017 notata
245 1997 295 2022 post
312 1993 448 2017 divisionem
467 1995 545 2017 tea-tus
562 1998 581 2016 et
596 1994 650 2016 ibid.
663 2002 682 2016 a.
705 1995 722 2016 1.
740 2001 761 2023 q.
785 1995 806 2021 i,
820 1995 939 2022 scholion).
955 1995 991 2016 Se-

146 2033 248 2056 cundum
266 2036 312 2061 est,
331 2033 393 2062 quod
411 2034 485 2055 anima
504 2034 614 2062 separata
633 2040 676 2055 non
695 2036 727 2055 est
745 2039 858 2062 persona,
878 2033 940 2062 quod
954 2039 989 2055 ne-

145 2076 229 2101 garunt
246 2073 312 2100 lingo
329 2079 341 2095 a
359 2074 381 2095 S.
400 2073 457 2095 Vict.
475 2077 497 2095 et
515 2073 619 2100 Magister
637 2072 686 2099 (cir.
699 2079 768 2099 supra
782 2073 803 2094 (1.
817 2072 838 2094 5.
850 2079 870 2094 a.
883 2073 904 2094 2.
916 2080 938 2101 q.
952 2073 990 2100 3.),

145 2111 243 2134 diversis
260 2114 335 2133 tamen
354 2111 414 2133 ducti
433 2111 566 2133 rationibus.
586 2111 653 2133 lidein
673 2111 769 2133 conti-ssi
783 2111 876 2139 quidem
889 2115 940 2133 sunt
953 2111 991 2133 do-

145 2156 199 2178 gma
217 2150 281 2178 fidei,
300 2150 362 2179 quod
381 2150 483 2173 Christus
501 2150 628 2172 secundum
648 2151 772 2172 humanam
786 2153 888 2172 naturam
902 2156 956 2172 vere
969 2151 989 2172 in

146 2189 221 2212 triduo
234 2190 270 2211 illo
284 2190 350 2212 suerit
362 2194 479 2217 mortuns3
494 2190 640 2211 nihilominus
653 2192 779 2217 tentierunt,
792 2195 844 2211 euni
858 2193 910 2211 tunc
923 2189 990 2211 fuisse

144 2227 262 2251 hominem
283 2237 293 2249 α
306 2228 433 2250 secundnm
451 2229 561 2250 actualem
581 2228 771 2256 praedicationem
786 2236 806 2249 ».
824 2227 868 2249 Sed
886 2229 941 2250 haec
953 2228 991 2250 do-

145 2269 215 2290 ctrina
234 2267 263 2290 ab
280 2267 388 2289 omnibus
406 2267 572 2295 posterioribus
590 2267 672 2289 dicitur
689 2273 738 2288 esse
757 2267 809 2288 salsa
823 2267 844 2288 in
862 2273 886 2288 se
904 2272 924 2289 et
943 2270 990 2288 orta

145 2313 172 2329 ex
189 2307 250 2328 salsis
268 2307 385 2334 principiis
403 2307 574 2334 philosophicis.
593 2306 659 2333 llugo
677 2306 736 2327 enini
755 2306 861 2333 putabat,
884 2305 989 2328 unimam

146 2351 187 2373 per
199 2351 223 2367 se
234 2351 283 2368 esse
300 2351 428 2374 personum
440 2348 461 2367 ct
473 2344 589 2368 hommem
600 2353 609 2372 ‚·
622 2345 727 2371 Magister
740 2350 796 2366 vero
809 2344 954 2372 opinabatur,
969 2346 990 2366 in

145 2383 238 2407 Gln=isto
261 2388 355 2412 propter
372 2384 476 2406 divinum
499 2385 644 2411 suppositum
663 2384 843 2405 ‹onium-tionem
864 2384 952 2405 animae
970 2388 990 2406 et

144 2424 248 2451 corporis
266 2429 310 2445 non
329 2423 397 2445 tuisse
416 2423 578 2447 necessariam.
598 2426 619 2444 ut
638 2426 696 2444 esset
715 2422 799 2448 hoino;
818 2422 888 2443 imino
913 2422 972 2444 idem
984 2441 989 2449 ,

145 2462 274 2484 secundnm
293 2461 458 2489 Alexandrum,
477 2462 599 2483 chricuui
617 2461 688 2483 fiand.
707 2461 815 2489 aliosque,
829 2460 933 2489 putabat,
947 2468 987 2483 net·

1047 1841 1102 1862 unte
1119 1844 1215 1862 mortem
1234 1840 1314 1863 Christi
1332 1842 1431 1863 animam
1449 1844 1470 1864 et
1488 1848 1573 1870 corpus
1591 1843 1660 1865 fuisse
1680 1844 1709 1866 ad
1732 1845 1830 1867 invicem
1849 1845 1893 1867 sor-

1049 1879 1136 1901 maliter
1153 1880 1226 1906 unita;
1245 1886 1256 1902 a
1275 1886 1321 1908 quo
1340 1884 1414 1902 tamen
1432 1887 1509 1903 errore.
1527 1881 1549 1904 S.
1563 1881 1664 1904 Thomas
1676 1883 1760 1911 aliique
1777 1890 1830 1905 eum
1843 1885 1893 1906 alie-

1049 1924 1103 1940 num
1122 1918 1190 1940 inisse
1207 1918 1292 1941 dicunt.
1311 1920 1332 1941 S.
1351 1920 1433 1942 Thom,
1457 1921 1522 1945 (loce.
1541 1922 1596 1943 insi-a
1615 1922 1669 1948 citt.)
1688 1922 1753 1950 dit-it,
1772 1923 1892 1951 llugonem

1048 1961 1069 1979 et
1086 1957 1153 1979 etiam
1172 1957 1304 1985 Magistrum
1323 1959 1343 1980 in
1363 1959 1404 1980 hac
1429 1960 1561 1988 quaestione
1584 1960 1654 1982 voi-ba
1673 1961 1766 1989 quidem
1786 1962 1892 1984 habuisse

1048 2001 1141 2017 erronea
1150 2014 1155 2023 ‚
1174 2002 1217 2018 non
1231 1999 1305 2018 tamen
1318 2003 1410 2019 sensum
1423 1999 1507 2020 erroris
1519 1997 1542 2020 in
1553 1998 1612 2028 fide,
1626 1999 1666 2021 sed
1680 2000 1733 2021 salsa
1747 2001 1856 2028 principia
1871 2002 1891 2023 in

1048 2034 1198 2062 philosophia.
1217 2036 1237 2057 S.
1257 2035 1341 2058 Bon-av.
1359 2037 1426 2058 etiam
1445 2036 1523 2064 docet,
1542 2044 1588 2066 quo
1605 2044 1660 2060 sano
1678 2044 1745 2061 sensu
1765 2039 1848 2067 (alieno
1861 2043 1893 2062 ta-

1049 2079 1099 2095 men
1118 2080 1129 2095 a
1148 2078 1222 2096 niente
1241 2076 1360 2103 utriusque.
1372 2077 1486 2103 magistri)
1499 2076 1544 2098 dici
1559 2077 1641 2104 possit,
1651 2070 1769 2100 'Christum
1783 2079 1803 2100 in
1818 2080 1892 2102 triduo

1049 2112 1119 2134 fuisse
1138 2113 1260 2135 hominem.
1280 2113 1341 2136 ldein
1360 2114 1405 2136 sere
1424 2119 1529 2143 repetunt
1547 2116 1603 2138 Detr.
1621 2122 1633 2138 a
1652 2116 1703 2139 Tar.
1722 2121 1743 2139 et
1762 2118 1866 2140 llichard.
1879 2125 1890 2141 a

1048 2151 1105 2173 Med.
1123 2164 1152 2166 —
1170 2152 1250 2174 Scottis
1268 2153 1303 2175 hic
1321 2153 1397 2175 multis
1423 2154 1550 2176 rationibus
1574 2154 1741 2184 philosophicis
1759 2157 1890 2184 opinionem

1048 2190 1187 2217 praedictam
1206 2192 1324 2220 utriusque
1338 2193 1473 2220 impugnat3
1492 2193 1533 2215 sed
1551 2193 1579 2215 de
1598 2195 1632 2215 his
1649 2194 1775 2217 rationibus
1788 2202 1831 2217 non
1845 2202 1891 2218 om·

1047 2235 1087 2251 nes
1103 2230 1248 2252 conveniunt.

1111 2268 1132 2289 ll.
1151 2268 1210 2290 Alex.
1230 2268 1289 2295 tint,
1309 2270 1330 2290 S.
1349 2276 1370 2297 p.
1391 2270 1421 2292 ΙΙΙ.
1439 2277 1461 2298 q.
1483 2271 1515 2292 19.
1534 2276 1564 2292 m.
1582 2271 1603 2292 3.
1620 2283 1651 2287 —
1668 2272 1740 2299 Seni„
1759 2273 1779 2294 in
1794 2276 1890 2301 utroque

1048 2306 1137 2333 §eripio
1155 2307 1190 2329 hic
1208 2313 1229 2335 q.
1248 2308 1322 2329 unica.
1339 2319 1370 2324 —
1386 2308 1408 2330 S.
1427 2308 1523 2335 Thom.,
1551 2310 1586 2331 hic
1612 2316 1633 2338 q.
1656 2310 1672 2331 l.
1691 2316 1710 2332 a.
1733 2311 1737 2331 1
1753 2317 1757 2337 ς
1776 2311 1797 2332 S.
1817 2311 1848 2332 ΙΙΙ.
1868 2318 1889 2340 q.

1040 2344 1084 2371 50.
1102 2351 1122 2366 a.
1141 2345 1160 2367 4.
1178 2357 1209 2362 —
1227 2346 1248 2367 B.
1267 2346 1363 2371 Albert..
1382 2348 1417 2369 hic
1434 2354 1454 2369 a.
1477 2348 1493 2370 l.
1512 2359 1542 2364 —-
1559 2348 1615 2371 Petr.
1634 2355 1645 2370 a
1665 2349 1729 2376 Tar.,
1744 2350 1779 2371 hic
1795 2356 1816 2378 q.
1834 2350 1851 2372 l.
1869 2357 1889 2372 a.

1052 2384 1068 2405 Ι.
1085 2395 1117 2400 —
1134 2384 1239 2406 Richard.
1258 2392 1268 2406 a
1288 2385 1357 2413 Med,
1376 2386 1411 2407 hic
1428 2392 1448 2407 a.
1471 2387 1488 2408 l.
1506 2393 1527 2415 q.
1551 2387 1567 2408 l.
1581 2399 1610 2402 —
1623 2387 1690 2409 near.
1707 2387 1794 2415 fiand,
1808 2388 1889 2416 Quodl.

1052 2423 1068 2444 l.
1087 2429 1108 2451 q.
1127 2423 1147 2445 3.
1165 2435 1195 2439 -
1213 2423 1324 2449 Dnrand..
1343 2425 1378 2446 hic
1396 2431 1417 2453 q.
1441 2426 1457 2447 l.
1477 2438 1505 2440 —
1524 2425 1615 2453 Dionys.
1633 2425 1720 2449 Carth..
1733 2428 1769 2449 hic
1786 2434 1807 2456 q.
1831 2429 1846 2450 Ι.
1861 2441 1889 2444 -

1048 2462 1104 2489 Biel,
1123 2463 1159 2484 hic
1176 2469 1197 2491 q.
1216 2464 1289 2485 unica.

209 2610 215 2625 ¹
235 2611 265 2633 De
285 2611 330 2632 Una
350 2611 445 2632 Persona
467 2614 487 2632 et
512 2610 580 2632 duab.
600 2613 669 2631 natur.
688 2616 707 2631 c.
735 2611 751 2631 1,
773 2609 817 2632 Cir.
835 2616 903 2637 supra
928 2610 949 2632 d.
967 2610 988 2633 5.

145 2656 165 2672 a.
184 2650 204 2671 2.
223 2656 245 2678 q.
262 2650 278 2671 l.
297 2655 345 2677 arg.
365 2648 384 2671 4.
403 2649 430 2670 ad
445 2655 526 2676 oppos.
540 2661 568 2664 —
582 2648 644 2671 Circa
664 2648 731 2670 sinen)
750 2649 815 2671 solut.
833 2649 900 2671 codd.
918 2649 989 2672 RDL*

143 2689 251 2710 omittunt
268 2693 316 2710 uon
333 2690 384 2709 ante
402 2686 495 2714 habuit,¹
514 2693 644 2715 perperam.

208 2726 217 2740 ‘2
235 2726 274 2748 Vel
293 2726 341 2748 aliis
358 2725 450 2748 verbis:
468 2728 490 2748 et
506 2726 539 2748 sie
557 2726 605 2748 talis
622 2726 648 2748 sit
667 2727 807 2753 hypostasis,
826 2733 884 2755 quae
901 2728 928 2749 sit
941 2734 990 2754 pat·-

146 2765 244 2787 ticularis
261 2765 310 2787 sive
332 2764 461 2792 singularis.
480 2764 551 2786 Dictio
572 2765 655 2786 etenim
679 2763 716 2787 hic
738 2765 759 2787 et
779 2770 844 2788 witino
865 2766 990 2793 opponitur

145 2802 251 2825 locutioni
269 2808 361 2832 semper
383 2803 404 2825 el
427 2801 523 2832 ubique,
547 2809 591 2831 qua
616 2803 744 2824 universale
767 2802 908 2831 designatur.
932 2804 989 2825 Vide

146 2843 243 2868 Aristot.,
262 2842 275 2864 l.
294 2842 378 2864 Foster.
396 2848 415 2864 c.
429 2841 465 2863 24.
478 2842 507 2868 (c.
526 2842 583 2869 Sta,
601 2848 670 2870 quem
689 2842 763 2864 locum
778 2843 821 2864 iam
837 2845 890 2864 tom.
904 2843 917 2864 l.
936 2849 988 2871 pag.

145 2880 203 2908 642,
222 2884 272 2903 nota
286 2880 306 2902 4.
324 2881 482 2909 allegavimus.
498 2893 528 2896 —
549 2881 571 2902 ln
590 2881 631 2902 hac
648 2882 714 2903 solut.
732 2881 782 2902 cod.
800 2882 817 2902 A
836 2887 877 2908 pro
895 2881 918 2904 in
937 2888 989 2904 emt-

144 2918 196 2941 clem
214 2918 358 2949 hypostasim
376 2923 503 2942 constanter
521 2919 611 2941 exhibet
628 2919 651 2941 in
669 2919 750 2942 eudem
772 2919 899 2949 hypostasi.
921 2921 989 2943 Paulo

144 2957 237 2980 inferius
250 2961 300 2985 post
312 2963 343 2980 (τε
354 2957 386 2980 eis
403 2958 456 2980 edd.
474 2957 576 2980 subdunt
593 2957 670 2982 unitis.
686 2962 706 2980 et
720 2958 818 2980 subinde
833 2964 884 2980 cum
898 2965 943 2981 uno
961 2959 989 2980 al-

1047 2615 1140 2640 teroque
1158 2612 1207 2634 cod.
1228 2618 1268 2640 pro
1286 2612 1437 2635 constituitur
1454 2612 1537 2635 habent
1554 2614 1720 2637 constituatur.
1738 2614 1801 2637 Circa
1820 2615 1887 2638 finem

1046 2650 1112 2672 solut.
1131 2656 1172 2678 pro
1190 2650 1221 2673 ud
1237 2650 1338 2673 hominis
1355 2657 1403 2674 esse
1421 2651 1488 2674 codd.
1505 2654 1522 2674 Α
1536 2653 1553 2674 Τ
1566 2651 1595 2675 ab
1612 2652 1713 2676 hominis
1730 2660 1784 2676 esse.

1109 2689 1118 2703 ³
1136 2689 1193 2711 Vide
1215 2695 1283 2717 supra
1309 2696 1360 2717 pag.
1384 2690 1441 2718 259,
1465 2694 1516 2712 nota
1540 2691 1561 2718 8,
1584 2695 1605 2713 et
1628 2696 1681 2714 tom.
1706 2692 1728 2714 ll.
1752 2699 1804 2721 pag.
1827 2693 1886 2721 5¹9,

1047 2730 1097 2749 nota
1116 2727 1137 2749 5.
1874 2725 1877 2728 ⁴

1067 2790 1071 2795 ,
1109 2766 1118 2780 ⁴
1135 2766 1178 2789 Cir.
1197 2766 1264 2789 ilebr.
1282 2767 1303 2795 Τ,
1325 2768 1357 2789 ll.
1375 2774 1423 2796 seq.

1109 2805 1118 2819 ⁵
1136 2805 1192 2827 Vide
1210 2812 1278 2832 supra
1297 2805 1319 2827 d.
1342 2807 1378 2828 2¹.
1400 2813 1419 2828 a.
1442 2807 1459 2828 1.
1483 2814 1504 2836 (Ι.
1528 2808 1544 2830 l.
1568 2808 1596 2830 ad
1619 2809 1639 2830 2.
1657 2821 1686 2824 —
1705 2809 1772 2831 Panto
1795 2810 1888 2832 interius

1048 2850 1089 2871 pro
1108 2843 1210 2867 videlicet
1227 2844 1290 2873 qnod
1306 2845 1373 2867 codd.
1392 2846 1408 2867 Α
1420 2845 1435 2867 N
1454 2845 1557 2869 videlicet
1573 2846 1635 2877 quin.

1108 2882 1117 2896 θ
1136 2882 1185 2904 Post
1202 2882 1266 2912 qnod
1282 2883 1332 2905 cod.
1350 2883 1381 2906 bb
1399 2884 1489 2907 subiicit
1506 2890 1574 2908 omne
1595 2885 1670 2915 quod,
1687 2889 1708 2908 et
1730 2887 1827 2910 subinde
1846 2894 1887 2916 pro

1046 2919 1115 2944 habet
1131 2921 1183 2943 edd.
1206 2922 1221 2948 l,
1240 2922 1253 2943 2
1271 2928 1323 2944 cum
1342 2922 1446 2950 pluribus
1464 2923 1530 2946 codd.
1548 2923 1652 2948 habebat.

1913 738 2025 757 Notandum.

1912 1064 2025 1083 Notandum.
