2166 3366
118 534 234 554 Ambrosius.

119 793 201 811 Dubium
215 793 233 811 ⁶2.

109 927 190 945 Solvitur
207 931 235 944 so-

118 950 197 973 phisma.

120 1056 201 1074 Dubium
217 1056 234 1073 3.

121 1221 202 1239 Dubium
218 1220 234 1238 [υ.

255 193 311 221 242

248 270 357 297 tticum:
374 266 604 304 primogenitum,
625 266 688 300 quia
708 272 785 291 nemo
806 268 867 291 ante
887 264 988 298 ipsum;
1008 262 1098 298 πιπέρε-

247 313 354 344 nitam,
374 312 437 346 quia
462 318 539 337 nemo
566 313 626 344 post
646 310 733 343 ipsum
747 320 771 335 ».
784 309 870 334 —Ex
891 308 933 334 his
960 307 1098 333 evidenter

248 357 376 387 traditur,
391 362 442 389 qua
464 353 636 386 intelligentia
651 351 839 386 accipiendum
855 352 902 382 sit,
922 358 983 377 cum
998 350 1098 376 dicitur

248 400 368 427 Christus
386 399 472 432 saccas
493 397 534 423 vel
556 394 733 431 simpliciter,
754 395 795 421 vel
816 402 876 420 eum
896 392 1097 422 additamento,

248 446 276 469 ut
300 442 407 476 factura
432 440 535 467 scilicet
562 439 603 465 vel
630 442 754 465 creatura
780 445 831 464 non
858 437 892 464 ad
918 439 1098 463 assumentem

248 487 347 515 Deum,
368 484 415 511 sed
436 484 469 510 ad
489 486 640 509 assumtum
668 481 805 507 limniaem
836 480 974 507 reseratur.
995 479 1022 504 In
1044 478 1097 504 Deo

247 529 317 556 enim
337 531 461 554 creatura
481 534 539 553 esse
566 533 617 551 non
638 527 740 559 potest,
767 528 795 550 ut
815 523 974 550 Ambrosius
1005 522 1042 549 ait
1072 522 1097 547 in

247 572 334 606 primo
354 571 422 597 libro
443 570 476 596 de
495 568 656 595 Trinitate¹:
682 567 833 601 «Nunquid
854 566 926 592 dioto
954 565 1039 591 sactus
1058 567 1098 590 est

248 614 383 641 Christus?
403 613 530 647 Nunquid
554 611 679 638 mandato
697 614 804 637 creatus
818 612 858 636 est
877 608 1014 635 Christus?
1031 606 1098 638 Quo-

248 657 327 684 modo
341 659 428 683 autem
443 658 566 682 creatura
589 655 614 680 in
634 655 686 680 Deo
706 660 764 680 esse
777 653 886 687 potest?
904 651 1007 678 Etenim
1027 651 1097 676 Deus

248 704 358 727 naturae
370 699 500 733 simplicis
520 701 570 729 est,
586 705 636 724 uon
652 697 812 723 coniunctae
826 699 906 730 atque
919 693 1097 728 compositae,

248 745 292 771 cui
306 743 372 770 nihil
386 742 503 774 accidat,
518 741 564 768 sed
580 741 666 767 solum
683 740 754 774 quod
770 739 890 765 divinum
905 741 944 764 est
958 737 983 763 in
1004 740 1097 763 natura

249 787 345 814 habeat
359 794 416 813 sua.
428 785 562 813 ».——-Etsi
578 791 640 817 ergo
661 783 782 809 Christus
795 780 943 808 seczmdam
960 779 1098 806 hominem

248 831 347 857 dicitur
365 833 505 859 creatura,
526 835 576 854 non
599 830 686 854 tamen
698 826 707 839 ²
720 824 881 860 simpliciter
900 823 1099 858 praedicandus

249 877 288 900 est
302 876 434 900 creatura.
458 872 514 898 Nec
533 878 565 897 ex
586 878 633 901 eo,
653 869 725 904 quod
745 868 867 895 Christus
886 866 1035 893 secundum
1056 866 1100 891 ho—

250 917 347 943 minem
367 916 467 942 dicitur
487 921 545 941 esse
565 916 702 944 creatura,
723 914 811 946 potest
830 911 891 945 quis
915 908 1040 944 progredi
1061 909 1100 934 sic

250 959 473 994 argumentando:
493 959 528 991 si,
548 957 696 984 secundum
717 955 790 990 quod
808 955 900 985 homo,
920 953 1041 980 Christus
1062 955 1101 979 est

249 1007 387 1035 creatura3
410 1002 450 1029 vel
470 1000 634 1031 rationalis,
655 1000 696 1026 vel
716 1007 790 1030 own,-
810 998 852 1024 vel
871 1004 941 1032 quae
961 1000 1001 1023 est
1014 997 1100 1026 Deus,

250 1047 290 1074 vel
310 1055 386 1078 nom·
401 1046 486 1072 nitens
500 1052 548 1079 per
563 1044 614 1070 hoc
628 1043 757 1077 probare,
771 1041 905 1068 Christum
921 1048 979 1067 esse
999 1039 1102 1074 aliquid

250 1098 301 1117 non
322 1090 457 1121 divinum;
478 1088 541 1122 quia
561 1086 634 1121 qnod
653 1086 712 1120 ipse
733 1088 772 1111 est
796 1084 945 1111 secundum
965 1083 1100 1110 hominem

251 1135 308 1168 ipse
327 1136 374 1160 est.
390 1133 422 1159 Et.
434 1132 507 1162 ideo,
521 1131 542 1157 si
559 1129 707 1157 secundum
725 1129 860 1155 hominem
876 1131 916 1154 est
935 1127 1023 1161 aliqua
1039 1126 1102 1152 sul)-

249 1177 346 1204 stantia
367 1183 417 1202 nou
438 1175 543 1204 divina,
565 1176 604 1199 est
625 1173 717 1206 utique
731 1171 833 1206 aliquid
855 1178 906 1197 non
927 1170 1103 1196 divinum.—

249 1213 301 1246 Sed
322 1227 355 1246 ex
376 1219 488 1253 tropicis
508 1216 689 1243 locutionibus
710 1222 759 1241 nou
780 1217 820 1241 est
839 1217 912 1240 recta
934 1215 1103 1246 argumenta-

252 1262 330 1289 tionis
356 1261 511 1296 processio;
535 1260 579 1286 illa
605 1262 693 1285 autem
719 1258 818 1283 locutio
843 1256 945 1291 tropica
971 1259 1024 1287 est,
1049 1262 1101 1289 qua

251 1305 371 1332 Christus
392 1305 491 1331 dicitur
511 1305 634 1330 ereatura
656 1301 696 1327 vel
716 1299 894 1335 simpliciter,
915 1298 956 1325 vel
975 1306 1036 1325 cum
1055 1297 1103 1324 ast-

251 1347 394 1375 iunctione.

927 186 1181 215 SENFENTIARUM
1203 185 1262 214 LIB.
1285 185 1325 212 Ill.

1520 261 1581 288 CAP.
1603 261 1642 287 ΙΙΙ.

1347 350 1394 375 An
1414 347 1492 374 homo
1513 347 1559 374 ille
1577 355 1682 382 semper
1701 346 1787 382 faerit
1800 346 1817 373 ⁹.

1229 435 1291 461 Post
1310 435 1447 469 praedicta
1468 434 1623 469 quaeritur,
1642 436 1730 460 utrum
1751 433 1829 460 homo
1854 433 1897 460 ille
1920 442 2009 469 eoepe-

1156 478 1195 504 rit
1213 486 1282 508 esse,
1303 478 1344 504 vel
1363 486 1468 513 semper
1490 477 1591 512 fuerit:
1618 477 1688 503 sicut
1707 476 1866 510 simpliciter
1891 477 2009 503 enuntia-

1156 528 1230 553 mus,
1252 520 1389 547 Christum
1410 521 1451 547 vel
1474 521 1519 547 Dei
1540 520 1637 557 Filium
1657 527 1765 554 semper
1784 520 1865 546 fuisse
1884 527 1933 546 nec
1952 527 2010 546 coe-

1156 564 1235 598 pisse.
1262 564 1299 590 De
1325 564 1376 590 hoc
1403 565 1566 597 Augustinus
1590 563 1656 589 dicit
1680 563 1715 589 ita
1739 570 1821 597 super
1841 563 1965 589 Ioannem
1980 562 2142 595 *augustinum

1161 617 1172 629 «
1191 607 1290 633 Habuit
1315 606 1459 640 aliquando
1486 606 1531 632 Dei
1557 606 1640 632 Filius
1666 605 1737 640 quod
1765 605 1883 632 noudum
1910 606 2005 632 habuit

1156 649 1226 676 idem
1241 650 1298 683 ipse
1312 649 1391 675 homo
1413 649 1496 681 filius,
1510 650 1574 684 quia
1593 649 1709 675 nondum
1724 652 1782 675 erat
1800 649 1879 675 homo
1890 660 1915 674 ».
1931 648 2004 675 Idem

1156 693 1181 718 in
1196 693 1301 719 eodem:
1315 692 1324 705 ⁵
1340 703 1351 715 «ι
1365 693 1523 726 Priusquam
1538 692 1653 718 mundus
1666 695 1747 725 esset,
1762 699 1810 718 uec
1825 699 1872 718 nos
1885 699 2005 724 eramus,

1156 744 1204 762 nec
1225 736 1282 770 ipse
1302 735 1434 762 mediator
1454 736 1500 761 Dei
1521 739 1547 761 et
1566 735 1718 766 hominum,
1739 735 1819 761 homo
1834 735 1955 761 Christus
1968 735 2006 761 Ie-

1155 787 1201 806 sus
1216 791 1239 806 ».
1260 779 1331 805 Idem
1352 786 1434 813 super
1452 778 1585 804 Psalmos:
1602 778 1744 805 «Christus
1758 781 1862 809 noster,
1877 778 1924 804 etsi
1939 778 2006 804 forte

1157 823 1238 849 homo
1258 829 1352 848 recens
1372 825 1425 853 est,
1446 824 1533 847 tamen
1547 824 1587 847 est
1601 824 1725 847 aeternus
1744 821 1814 847 Deus
1826 832 1849 847 ιι.
1862 836 1898 840 -
1912 821 1982 847 Alibi
1996 820 2006 834 ὅ

1157 873 1221 892 vero
1245 866 1350 899 legitur,
1373 865 1444 899 quod
1457 873 1527 899 puer
1542 864 1589 890 ille
1610 864 1709 891 creavit
1722 864 1826 896 stelias,·
1846 868 1872 890 et
1885 864 2006 891 Christus

1158 910 1236 939 (licit.
1255 916 1284 934 se
1303 916 1361 935 esse
1383 907 1554 943 principiam
1574 911 1600 934 et
1620 915 1677 934 esse
1702 911 1764 933 (wite
1783 906 1934 934 Abraham.
1960 908 2006 934 His

1158 953 1240 986 igitur
1260 951 1467 978 auctoritatibus
1488 951 1513 976 in
1534 951 1606 977 nullo
1627 951 1798 981 resultantes,
1816 951 1943 983 dicimus,
1963 951 2010 977 ho—

1161 996 1258 1022 minem
1274 995 1362 1025 illum,
1383 995 1408 1020 in
1423 997 1552 1028 quantum
1573 993 1651 1019 homo
1671 996 1723 1024 cst,
1738 993 1871 1027 coepisse;
1888 993 1914 1019 in
1929 1000 2011 1027 quan-

1161 1042 1215 1065 tum
1236 1037 1351 1065 Verbum
1364 1041 1415 1069 est,
1429 1044 1536 1071 semper
1555 1037 1643 1063 fuisse.
1657 1036 1706 1063 Hic
1721 1037 1790 1063 enim
1804 1036 1907 1071 absque
1921 1036 2010 1063 distin·
2024 1040 2080 1060 Nota.

1159 1082 1248 1108 ctione
1272 1089 1324 1107 non
1347 1084 1386 1107 est
1408 1080 1516 1107 serenda
1542 1080 1690 1114 responsio.
1710 1080 1777 1106 Nam
1798 1082 1824 1106 et
1843 1080 1901 1114 ipse
1919 1082 2009 1114 Augu—

1159 1125 1244 1151 stinus
1264 1123 1417 1150 huiusmodi
1440 1123 1523 1149 utitur
1542 1122 1714 1148 distinctione
1732 1122 1757 1148 in
1778 1122 1902 1156 pluribus
1922 1122 2008 1149 locis⁷

1160 1167 1265 1198 dicens,
1285 1174 1334 1201 per
1347 1166 1481 1192 Christum
1501 1166 1589 1192 omnia
1604 1172 1663 1191 esse
1681 1165 1765 1195 facta,
1785 1165 1810 1191 in
1825 1168 1954 1199 quantum
1969 1168 2009 1191 est

1166 1210 1297 1242 Verbum,-
1312 1210 1460 1236 secuudum
1477 1209 1502 1235 id
1519 1216 1591 1240 vero,
1606 1208 1677 1242 quod
1690 1208 1768 1235 homo
1783 1212 1833 1242 est,
1848 1209 1936 1243 ipsum
1952 1216 2010 1236 esse

1160 1254 1259 1280 sactum
1280 1257 1306 1280 et
1319 1253 1505 1287 glorificatum.
1520 1253 1547 1279 Si
1562 1253 1642 1286 igitur
1657 1252 1690 1279 ad
1711 1260 1852 1287 personam
1868 1253 2010 1287 respicias,

1160 1297 1326 1323 confidenter
1344 1297 1400 1327 (lic,
1420 1296 1556 1322 hominem
1579 1295 1652 1322 illum
1671 1303 1776 1330 semper
1787 1295 1890 1329 stcisse;
1910 1296 1931 1322 si
1947 1302 2010 1322 vero

1161 1340 1193 1366 ad
1214 1343 1337 1366 naturam
1359 1340 1487 1370 hominis,
1508 1339 1645 1370 concede,
1665 1346 1725 1365 eum
1747 1339 1867 1373 coepisse.

570 1456 1011 1507 COMMENTARIUS
1046 1455 1107 1503 IN
1142 1453 1583 1502 DISTINGTIONEM
1616 1453 1692 1501 XI.

507 1577 552 1610 De
577 1574 851 1609 communicatione
876 1573 1074 1613 idiomatum,
1101 1582 1181 1616 quae
1206 1571 1310 1604 dicunt
1335 1570 1469 1615 aliquam
1495 1569 1760 1603 defectibilitatem.

721 1682 838 1715 Deinde,
859 1680 887 1709 si
908 1680 1075 1719 quaeritur,
1097 1682 1200 1707 utrum
1222 1677 1453 1715 praedestinatio
1466 1677 1474 1692 ¹
1497 1680 1549 1706 etc.

990 1778 1114 1808 DIVISIO
1136 1778 1274 1811 TEXTUS.

353 1898 445 1934 Supra
469 1895 590 1925 ostendit
614 1894 758 1931 Magister,
787 1892 907 1930 qualiter
936 1890 1106 1919 conveniunt

254 1945 364 1975 Christo
386 1944 434 1972 illa
456 1943 603 1976 idiomata,
625 1949 697 1978 quae
719 1948 818 1969 sonare
834 1939 966 1968 videntur
987 1938 1015 1966 in
1035 1945 1107 1966 com-

255 1994 428 2031 plementum
445 1994 471 2019 et
492 1990 665 2027 (lignitatem.
682 1988 710 2016 ln
732 1988 785 2016 hac
806 1995 873 2015 vero
888 1989 968 2023 parte
989 1985 1107 2022 inquirit

255 2042 290 2070 (le
319 2040 363 2069 his
390 2047 462 2076 quae
494 2038 591 2066 dicunt
612 2036 735 2073 aliquam
764 2034 1019 2066 (lesectihilitatem3
1040 2032 1107 2060 talia

255 2091 349 2116 autem
372 2089 449 2119 sunt,
471 2092 543 2122 quae
564 2086 661 2112 notant
682 2082 867 2119 inceptionem
892 2084 919 2109 et
950 2079 1107 2117 significant

256 2135 360 2163 habere
381 2141 440 2162 esse
464 2135 526 2170 post
546 2138 687 2159 iton-esse.
710 2129 787 2157 Talia
808 2131 902 2157 autem
925 2130 991 2156 sunt
1012 2127 1039 2154 in
1061 2126 1108 2154 tri-

256 2182 319 2219 plici
342 2180 510 2210 differentia:
534 2179 600 2216 qnia
625 2177 762 2215 quaedam
787 2176 938 2213 important
959 2174 1108 2203 inchoatio-

256 2236 319 2258 nem
342 2229 370 2256 in
391 2236 450 2256 esse
465 2225 603 2263 implicite
622 2228 649 2253 et
671 2224 777 2252 ratione
792 2222 954 2255 conuocati,
977 2224 1009 2249 ut
1029 2228 1108 2249 voca-

257 2276 356 2304 hulum
382 2272 626 2312 praedestinandi;
653 2271 792 2308 quaedam
818 2268 973 2306 implicite,
996 2268 1044 2296 sed
1066 2276 1108 2295 ra-

257 2324 331 2352 tione
356 2321 535 2360 principalis
562 2318 741 2357 simulacta,
771 2321 802 2345 ut
829 2316 947 2345 verbum
974 2314 1107 2349 creandi,

1162 1889 1301 1926 quaedam
1324 1888 1456 1925 explicite
1476 1891 1503 1916 et
1526 1888 1633 1916 ratione
1654 1887 1698 1916 sui
1722 1887 1819 1924 primi
1837 1886 2013 1924 siqnificati,

1163 1936 1234 1965 sicut
1256 1935 1375 1964 verbum
1397 1935 1556 1972 incipiendi.
1577 1934 1641 1963 Ideo
1658 1943 1722 1972 pars
1744 1934 1796 1962 ista
1818 1934 1903 1962 habet
1920 1937 2015 1971 partes

1165 1987 1228 2012 tres.
1251 1983 1280 2011 In
1301 1990 1422 2020 quarum
1444 1982 1536 2019 prima
1558 1981 1689 2018 inquirit,
1710 1985 1807 2010 utrum
1827 1981 2016 2018 praedestina-

1164 2030 1201 2058 tio
1224 2030 1334 2059 dicatur
1357 2030 1384 2058 in
1399 2029 1509 2058 Christo
1524 2029 1559 2058 de
1574 2033 1687 2063 natura,
1709 2037 1743 2057 an
1766 2029 1801 2057 de
1823 2036 1942 2065 persona
1952 2028 1970 2056 ².
1986 2028 2015 2056 In

1164 2077 1289 2106 secunda
1311 2085 1378 2105 vero
1400 2077 1529 2114 inquirit,
1551 2079 1647 2105 utrum
1664 2076 1792 2104 Christus
1813 2077 1848 2104 sit
1869 2079 2014 2109 creatura,

1165 2125 1192 2153 in
1223 2124 1359 2162 principio
1390 2123 1574 2153 distinctionis
1605 2123 1788 2152 undecimae:
1821 2123 1897 2152 Solet
1926 2122 2015 2151 etiam

1166 2172 1288 2211 quaeri,
1311 2176 1414 2200 utram
1436 2171 1536 2199 debeat
1554 2170 1728 2208 simpliciter
1743 2171 1803 2199 diei
1823 2175 1873 2200 etc.
1890 2171 1918 2199 ln
1934 2170 2016 2199 tertia

1168 2228 1233 2248 vero
1255 2219 1380 2256 quaerit,
1402 2222 1499 2247 utrum
1523 2218 1569 2246 ille
1590 2218 1674 2246 homo
1696 2217 1847 2255 aliquando
1868 2217 2015 2254 inceperit,

1165 2275 1200 2295 an
1217 2274 1328 2303 semper
1343 2266 1440 2299 fuerit,
1460 2265 1509 2294 ibi:
1526 2266 1597 2293 Post
1615 2265 1772 2302 praedicta
1793 2264 1949 2302 quaeritur
1964 2267 2014 2292 etc.

1244 2313 1337 2341 Prima
1361 2316 1456 2341 autem
1482 2316 1510 2341 et
1531 2312 1629 2341 ultima
1655 2315 1733 2348 parte
1760 2315 1922 2340 remanente
1948 2311 2017 2340 indi-

322 2453 328 2467 ¹
347 2453 400 2475 Sive
418 2451 446 2474 de
465 2451 533 2479 Fide,
552 2457 570 2472 c.
591 2450 625 2472 16.
644 2456 665 2471 n.
686 2448 737 2470 105.
755 2454 803 2476 seq.

321 2492 330 2506 ²
347 2491 419 2514 Codd.
431 2492 449 2512 Α
460 2491 475 2512 B
485 2490 501 2512 C
511 2490 526 2511 Ε
539 2493 560 2511 et
572 2489 624 2511 edd.
645 2490 664 2516 1,
678 2489 690 2510 8
704 2488 792 2510 addunt
805 2486 930 2514 Gltrz'stus‚·
947 2485 1043 2508 eaedem
1055 2485 1108 2507 edd.

258 2533 314 2555 intra
330 2538 372 2560 pro
391 2529 530 2558 rationalis,
544 2528 581 2552 vel
598 2535 646 2551 ηοη
659 2528 744 2550 hahent
755 2526 882 2550 rationalis
899 2526 936 2549 vel
953 2524 1109 2548 irrationalis.

320 2571 330 2585 ³
348 2571 388 2592 Hic
410 2571 431 2591 in
456 2569 524 2592 codd.
547 2567 642 2590 AssCE
659 2571 681 2590 et
698 2567 759 2595 edd„
785 2567 885 2594 exceptis
906 2566 911 2587 1
939 2569 961 2588 et
977 2565 1036 2592 Vat⁸⁷
1058 2565 1110 2586 inei-

260 2612 292 2639 pit
309 2611 331 2633 (1.
350 2610 397 2632 Xll.

323 2649 331 2663 ⁴
350 2650 424 2671 Tract.
448 2649 496 2670 106.
514 2649 536 2669 1η
555 2648 614 2669 loon.
631 2647 719 2674 Evang.
737 2646 766 2674 (c.
789 2645 833 2674 17.)
846 2652 866 2667 n.
886 2645 906 2667 5.
919 2645 941 2666 ln
955 2644 1057 2672 originali
1075 2649 1111 2665 ex-

260 2690 364 2717 pressius
381 2689 464 2716 legitur
482 2688 545 2710 Deus
570 2686 646 2710 Filius
664 2692 707 2713 pro
733 2684 776 2708 Dei
791 2684 874 2711 Filius.
902 2685 953 2706 Post
968 2683 1017 2712 ipse
1041 2682 1111 2705 homo

260 2728 321 2756 udd.,
338 2728 438 2755 exceptis
457 2727 477 2755 1,
497 2727 522 2754 8,
540 2731 585 2748 non
604 2725 662 2747 bene
680 2724 768 2747 addunt
785 2723 838 2751 Dei,
858 2722 1026 2750 refragantibus
1043 2722 1110 2743 etiam

260 2767 328 2790 codd.
346 2771 367 2789 et
379 2766 491 2795 originali.
510 2766 595 2787 Sensus
607 2767 655 2792 est,
668 2763 731 2793 quod
744 2763 859 2790 Christus,
873 2763 911 2791 qui
925 2765 948 2784 ut
960 2761 1023 2784 Deus
1034 2761 1111 2783 omnia

261 2807 329 2829 simul
346 2812 399 2828 eum
419 2806 482 2828 patre
495 2805 586 2832 habuit,
600 2808 624 2826 ut
636 2803 706 2826 homo
723 2802 829 2825 nondum
844 2801 992 2831 qlorl'ficatus
1009 2800 1111 2829 quodam

263 2846 332 2868 modo
350 2845 454 2867 nondum
473 2843 585 2866 habuerat.
602 2842 742 2870 discipulos,
761 2841 822 2863 unde
844 2841 921 2863 dicere
942 2840 1030 2868 potuit:
1053 2838 1113 2862 Mihi

262 2891 300 2907 ros
317 2883 401 2907 dedisti
417 2884 492 2912 (toan.
514 2883 546 2911 17,
565 2883 605 2910 6.).

325 2923 335 2938 5
351 2924 427 2945 Traet.
448 2922 498 2944 105.
515 2928 536 2944 n.
554 2922 575 2944 7.
589 2922 642 2950 Seq.
660 2922 725 2943 loeus
736 2923 769 2942 est
781 2920 883 2942 Enarrat.
896 2920 918 2941 in
937 2919 971 2941 Ps.
989 2919 1027 2940 80.
1040 2924 1061 2940 n.
1078 2918 1112 2940 13.

262 2964 300 2985 Est
316 2963 384 2984 etiam
402 2962 457 2984 ibid.
476 2967 498 2983 v.
520 2961 553 2982 10.
572 2961 593 2982 in
611 2960 689 2982 Glossa
707 2958 862 2982 interlineari.

325 3002 334 3016 ⁶
352 3001 429 3023 Glossa
449 3001 470 3022 in
484 3000 558 3022 lllatth.
572 3000 598 3027 2,
611 3000 636 3027 2,
649 2999 711 3027 apud
729 2998 853 3025 Lyranum.
871 2998 940 3026 Se‘qq.
953 2997 996 3019 loci
1013 2996 1113 3023 Scriptu-

2165 2413 2166 2428 i

1166 2451 1205 2467 rae
1223 2447 1276 2467 sunt
1293 2444 1353 2466 toan.
1372 2444 1397 2471 8,
1415 2443 1452 2465 25.
1470 2445 1492 2465 et
1508 2443 1545 2465 58.
1557 2455 1589 2459 —
1600 2442 1658 2465 Infra
1676 2449 1719 2470 pro
1730 2441 1886 2470 resultantes,
1905 2441 1968 2470 quod
1980 2442 2018 2463 ha·
2165 2434 2166 2470 1

1168 2484 1222 2506 hent
1244 2486 1334 2505 nostrae
1356 2482 1410 2505 cdd.
1428 2489 1469 2505 nec
1492 2488 1536 2504 non
1555 2482 1630 2510 codd,
1653 2482 1674 2503 in
1693 2481 1729 2503 ed.
1751 2481 1867 2503 Parmensi
1888 2480 2016 2503 Comment.
2165 2473 2166 2490 t

1167 2524 1189 2545 S.
1208 2523 1312 2545 Thomae
1325 2522 1475 2545 reluctantes.
1497 2521 1584 2543 Deinde
1601 2524 1652 2543 ante
1670 2520 1770 2549 coepisse
1792 2520 1844 2542 edd.
1865 2521 1886 2548 1,
1906 2520 1919 2541 8
1937 2519 2018 2548 praefi-

1167 2568 1225 2591 gunt
1245 2568 1309 2590 esse;
1327 2562 1426 2590 denique
1444 2567 1486 2589 pro
1501 2560 1600 2590 ferenda
1617 2560 1684 2583 codd.
1703 2559 1745 2582 BC
1765 2563 1787 2582 et
1803 2559 1856 2581 edd.

1167 2601 1194 2629 7,
1213 2602 1237 2629 8,
1256 2602 1269 2623 9
1287 2599 1419 2629 referenda.

1231 2639 1241 2654 ⁷
1260 2640 1335 2662 Traet.
1351 2639 1400 2661 105.
1412 2640 1434 2660 in
1447 2639 1533 2666 Evang.
1547 2639 1606 2660 toan.
1620 2644 1641 2660 n.
1654 2639 1675 2660 2.
1687 2640 1709 2660 et
1721 2637 1745 2665 43
1757 2640 1784 2659 tr.
1800 2637 1818 2658 1.
1830 2642 1853 2658 n.
1866 2637 1886 2658 9.
1904 2638 1927 2658 et
1938 2642 2016 2664 seqq.;

1169 2679 1183 2701 1.
1202 2681 1279 2701 contra
1298 2679 1411 2700 Maximin.
1429 2684 1448 2700 c.
1471 2677 1503 2705 17,
1521 2682 1543 2700 et
1561 2678 1583 2699 11.
1601 2684 1621 2700 c.
1643 2677 1676 2699 17.
1689 2683 1711 2699 n.
1724 2677 1745 2699 2.
1757 2679 1779 2698 et
1795 2676 1863 2703 Epist.
1886 2674 1935 2697 187.
1953 2675 2017 2703 (alias

1169 2719 1216 2747 57.)
1235 2725 1254 2741 c.
1273 2719 1294 2740 3.
1312 2724 1333 2740 n.
1352 2718 1372 2739 s.

1387 2755 1482 2779 NOTAE
1499 2755 1536 2779 AD
1554 2753 1800 2779 GOMMENTARIUM.

1233 2797 1240 2812 ¹
1260 2797 1302 2820 Pro
1320 2797 1355 2819 his
1371 2796 1461 2825 verbis,
1480 2802 1540 2825 quae
1565 2799 1639 2818 sumta
1657 2796 1710 2817 sunt
1729 2800 1756 2816 ex
1774 2794 1804 2816 lit.
1822 2794 1930 2822 Magistri,
1948 2793 1970 2815 d.
1987 2793 2017 2815 X.

1170 2845 1189 2861 c.
1208 2838 1234 2866 3,
1254 2837 1301 2860 sota
1319 2837 1369 2859 Vat.
1387 2836 1504 2859 substituit
1528 2834 1592 2858 Solet
1617 2834 1687 2857 etiam
1711 2832 1810 2863 quaeri,
1834 2834 1919 2855 utrum
1936 2831 2018 2855 debeat

1169 2876 1307 2906 simpliciter
1323 2875 1370 2899 diei
1385 2878 1427 2897 etc.

1232 2916 1242 2930 2
1260 2916 1334 2943 Supra
1353 2915 1375 2937 d.
1394 2914 1423 2936 x.
1441 2920 1461 2936 c.
1478 2914 1499 2936 3.
1518 2913 1549 2935 lbi
1572 2915 1647 2934 autem
1673 2912 1695 2933 in
1720 2910 1833 2934 divisione
1858 2911 1937 2933 textus
1962 2909 2018 2932 illud

1895 2577 2016 2588 77⁷7

1171 2955 1297 2983 capitulum
1315 2954 1419 2982 explicite
1436 2953 1544 2975 tribuitur
1561 2951 1698 2974 distinctioni
1720 2950 1749 2972 X.
1763 2950 1784 2972 ln
1802 2950 1968 2972 commentario
1980 2955 2018 2971 au-

1170 2996 1217 3017 tem
1234 2994 1263 3016 de
1281 2993 1364 3016 eodem
1381 2993 1457 3020 agitur
1474 2992 1496 3013 in
1514 2991 1556 3013 hac
1574 2990 1625 3012 dist.
