2166 3366
129 842 197 866 Opinio
211 842 227 860 1,

99 1505 221 1529 Improbatnr.

128 1977 196 2000 Opinio
210 1977 227 1994 2.

244 192 306 221 300

248 270 346 299 «Deus
368 274 408 299 est
430 279 485 307 quo
508 270 599 299 maius
620 271 734 307 cogitari
760 279 813 298 non
836 274 965 307 potest»,
982 274 1012 299 111
1028 271 1094 299 dicit

240 318 423 346 Anselmus1:
447 326 514 354 ergo
537 317 659 346 Verbum
691 318 800 346 unitum
833 318 942 346 animae
974 310 1092 352 Christi,

241 365 263 393 si
285 365 572 401 comprehenderetur
593 364 628 392 ab
650 365 724 401 ipsa,
752 373 806 392 non
829 369 901 393 esset
926 365 1005 393 Deus.
1039 365 1091 393 Sed

242 415 283 440 est
304 412 392 440 Deus:
415 420 481 448 ergo
506 420 559 440 non
582 412 840 449 comprehenditur.

558 514 770 535 CONCLUSIO.

242 601 320 629 Dens
342 600 378 628 ab
400 600 504 628 (laima
528 599 639 628 Christi
659 604 684 628 et
705 609 724 628 ct
745 609 926 638 quocumque
947 601 1093 629 intellectio

320 647 402 682 linito
425 656 482 675 non
509 646 764 684 comprehenditur
794 648 937 681 totaliter,
967 648 1029 676 licet
1052 657 1093 676 co-

319 698 482 731 90030010)-
505 697 588 722 cottis.

322 790 501 817 Rusrouneo:
526 788 564 816 Ad
587 788 796 825 praedictorum
820 788 1028 825 intelligentiam
1052 791 1094 817 est

242 837 412 870 0010011010,
435 836 510 873 quod
532 835 618 872 aliqui
641 835 734 864 dicere
755 836 922 870 voluerunt,
938 836 1013 873 quod
1030 836 1094 865 Ver-

242 884 308 912 bum
333 884 486 912 increatum
510 886 537 912 et
558 883 617 920 ipse
638 883 713 911 Deus
742 891 795 911 1100
825 883 916 912 50111111
938 884 973 911 ab
1001 884 1093 911 anima

242 931 360 965 Christi,
383 931 430 959 sed
453 930 535 959 etiam
558 930 593 958 ab
625 930 685 958 aliis
717 930 865 959 animabus
892 930 981 959 beatis
1009 930 1094 958 babet

243 978 442 1015 comprehendi
456 978 474 1013 ²,
497 981 524 1005 et
546 977 639 1014 aliquo
662 977 745 1005 modo
766 981 808 1005 est
830 977 1094 1014 incomprebensibi-

243 1026 284 1054 lis.
307 1025 511 1062 Comprehendi
528 1025 600 1054 euim
619 1025 702 1053 babet
717 1028 855 1061 quantum
871 1024 906 1053 ad
922 1024 1092 1058 essentiam,

242 1076 273 1101 ut
295 1073 444 1106 dixerunt,
467 1079 539 1108 quae
561 1074 602 1100 est
624 1071 717 1105 finita,
739 1075 766 1099 et
788 1070 850 1099 ideo
870 1070 962 1105 finita,
985 1071 1051 1108 quia
1066 1071 1093 1099 in

243 1128 272 1148 se
294 1120 353 1156 ipsa
375 1118 497 1155 simplex
520 1121 547 1147 et
568 1118 705 1155 perfecta3
728 1118 831 1146 dicitur
849 1120 942 1145 autem
958 1120 985 1145 et
1000 1120 1042 1145 est
1056 1117 1094 1145 in-

243 1165 495 1203 comprehensibile
518 1169 654 1202 quantum
681 1165 714 1193 ad
730 1164 906 1201 potentiam,
922 1172 994 1201 quae
1011 1164 1095 1201 respi-

242 1214 279 1242 cit
300 1213 427 1247 infinita,
458 1220 602 1249 nunquam
636 1212 708 1239 enim
732 1214 822 1248 potest
843 1211 871 1238 10
894 1214 948 1244 101,
970 1211 1036 1247 quin
1066 1210 1092 1238 in

241 1261 333 1298 plura.
357 1260 388 1288 Et
409 1267 459 1296 per
481 1259 534 1287 hoc
565 1258 719 1287 dissolvere
742 1258 893 1286 voluerunt
914 1258 1094 1287 auctoritates

242 1308 407 1336 Sanctorum
429 1309 455 1335 et
477 1306 638 1342 scripturae
653 1306 677 1339 ³,
710 1313 782 1342 quae
814 1305 945 1333 videntur
974 1305 1093 1334 invicem

241 1362 408 1392 repugnare.
432 1353 585 1390 Aliquando
607 1353 681 1381 enim
704 1352 822 1386 dicitur,
845 1352 921 1389 quod
950 1352 1024 1381 Deus
1052 1356 1094 1381 est

241 1400 561 1438 inconipreliensibilis;
583 1400 733 1436 aliquando
766 1399 884 1433 dicitur,
913 1400 989 1436 quod
1019 1399 1092 1428 Beati

241 1449 345 1478 habent
366 1448 552 1485 cognitionem
567 1446 831 1484 comprehensionis
846 1450 873 1475 et
888 1450 954 1475 sunt
969 1455 1095 1483 compre-

241 1496 384 1525 hensores
400 1512 438 1515 —
454 1495 506 1524 Sed
529 1495 579 1523 iste
596 1494 697 1523 modus
712 1494 821 1523 dicendi
841 1494 868 1522 10
890 1494 982 1531 primo
1001 1494 1092 1522 libro⁴

243 1543 417 1581 improbatus
439 1543 505 1576 suit,
527 1542 592 1579 quia
616 1541 787 1578 impossibile
803 1544 860 1575 est,
876 1542 950 1578 quod
963 1541 1093 1578 potentia

243 1591 361 1620 excedat
382 1589 546 1618 essentiam.
563 1589 640 1618 Unde
662 1588 833 1626 impossibile
855 1592 912 1622 est,
932 1588 1093 1625 potentiam

242 1646 303 1667 esse
324 1637 488 1674 simpliciter
510 1636 663 1671 infinitam,
679 1636 847 1665 substantia
862 1640 888 1664 et
903 1636 1022 1664 essentia
1037 1635 1094 1664 exi-

242 1688 331 1714 stente
363 1685 449 1713 finita.
483 1684 513 1712 Et
545 1684 648 1712 ibidem
680 1683 873 1720 multipliciter
894 1683 1092 1717 ostenditur⁵,

242 1733 317 1771 quod
340 1732 467 1761 divinum
490 1740 549 1760 esse
571 1739 624 1759 non
648 1731 739 1760 solum
762 1731 788 1759 in
811 1730 945 1759 relatione
967 1730 1002 1758 ad
1022 1739 1092 1765 nos,

242 1780 290 1809 sed
313 1780 395 1808 etiam
419 1779 450 1807 in
470 1787 500 1807 se
522 1779 584 1815 ipso
614 1778 697 1807 babet
719 1777 944 1806 immensitatem.
972 1778 1002 1805 Et
1031 1777 1093 1805 ideo

243 1827 294 1856 iste
317 1826 417 1855 modus
439 1825 549 1854 dicendi
571 1828 645 1853 stare
667 1833 721 1852 non
744 1827 852 1861 potest;
868 1824 957 1860 etqui
973 1824 1024 1852 hoc
1039 1823 1093 1860 pri-

241 1882 288 1902 mo
309 1873 382 1902 dixit
404 1872 583 1910 postmodum
607 1872 776 1900 retractavit.

320 1920 369 1948 Alii
393 1928 459 1948 vero
482 1920 574 1948 dicere
597 1919 763 1953 voluerunt,
779 1918 852 1955 quod
869 1918 962 1946 anima
977 1918 1092 1953 Christi,

242 1968 293 1996 etsi
315 1968 350 1996 511
372 1967 461 2001 finita,
484 1970 574 1995 tamen
597 1966 632 1994 ob
648 1966 765 2002 gratiam
789 1965 900 1993 unionis
923 1965 1092 1993 sublimatur

242 2015 276 2044 ad
298 2014 405 2051 aliquid
428 2014 584 2048 intinitnm3
607 2013 691 2042 babet
711 2013 784 2041 enim
807 2012 930 2050 aliquid,
952 2013 1027 2050 quod
1052 2016 1093 2041 est

243 2071 329 2100 supra
350 2070 460 2090 omnem
484 2064 629 2090 creaturae
651 2060 786 2097 gradum,
806 2063 904 2097 etque
918 2060 988 2088 nibil
1003 2063 1093 2097 potest

243 2108 356 2145 cogitari
380 2107 564 2137 excellentius
576 2118 583 2141 3
603 2110 629 2136 et
644 2114 680 2135 ex
696 2106 744 2135 illa
758 2109 837 2143 parte
859 2109 949 2143 potest
970 2114 1094 2143 compre-

926 192 1179 222 SENTENTIARUM
1201 193 1260 221 Llss.
1284 193 1323 221 111.

1153 271 1276 300 bendere
1298 272 1421 300 Verbum
1438 272 1488 300 sibi
1507 273 1633 306 unitum;
1648 276 1675 301 et
1691 274 1742 302 1100
1758 277 1800 302 051
1815 274 1897 303 etiam
1914 275 2002 312 ipsius

1152 318 1239 346 solius
1262 318 1416 354 proprium.
1445 319 1475 347 Et
1504 327 1554 355 pro
1576 323 1652 348 tanto
1674 320 1770 349 dicunt
1792 321 1897 349 dixisse
1921 321 2002 350 151110-

1152 373 1233 399 rum,
1255 365 1329 402 quod
1357 376 1369 390 «
1385 365 1505 394 Trinitas
1526 369 1591 394 nota
1606 370 1647 395 est
1662 367 1713 395 sibi
1729 367 1779 395 soli
1795 371 1822 396 et
1841 368 1944 396 homini
1961 377 2002 397 as-

1152 416 1244 440 sumto
1259 423 1286 440 ».
1302 429 1341 432 —
1353 413 1405 441 Sed
1418 421 1467 441 nec
1481 413 1549 441 illud
1566 416 1639 442 stare
1656 418 1759 450 potest,
1775 414 1855 451 quia,
1871 415 1999 452 qumnvis
2018 423 2142 446 improbatur..

1152 460 1241 496 gratia
1263 460 1373 488 unionis
1388 460 1462 488 dicat
1477 460 1581 497 aliquid
1600 460 1737 489 1011011010
1758 461 1864 490 ratione
1885 462 2001 491 alterius

1153 507 1289 541 extremi,
1312 510 1403 536 tamen
1426 507 1532 535 ratione
1554 508 1662 536 animae
1685 509 1778 537 unitae
1800 517 1910 545 semper
1936 509 2002 538 dicit

1152 554 1219 590 quid
1244 553 1350 582 11011001
1374 557 1401 582 01
1423 562 1481 582 rem
1506 554 1617 583 virtutis
1639 555 1772 589 finitae&
1794 556 1924 593 qnoniam
1947 557 2002 584 ani-

1154 608 1198 628 ma
1219 600 1319 629 Christi
1342 605 1435 629 manet
1457 602 1529 629 intra
1552 602 1684 631 terminos
1706 607 1860 631 creaturae.
1878 604 1908 631 Et
1923 604 1943 632 si
1960 607 2002 632 est

1153 648 1264 676 virtutis
1288 648 1396 682 linitae,
1419 649 1560 685 quomodo
1582 653 1672 686 potest
1694 650 1906 678 immensitatem
1930 658 2002 679 com-

1151 695 1326 731 prehendere
1355 695 1394 723 rei
1417 696 1530 724 omnino
1558 696 1681 725 infinitae
1703 700 1729 725 et
1751 697 1911 726 excedentis
1940 705 2001 726 earn

1152 743 1178 770 in
1202 742 1340 770 infinitum
1357 745 1368 770 ἶ)

1232 789 1262 817 Ε1
1284 793 1432 826 propterea
1447 793 1488 818 est
1505 790 1603 819 tertius
1620 790 1720 819 modus
1735 791 1924 825 communior,
1940 799 2001 828 pre·
2013 797 2109 840 gssggligsisso-
2120 800 2136 841 ‘1³‘

1153 836 1271 865 habilior
1293 840 1319 864 et
1341 837 1458 871 certior,
1481 837 1554 874 quod
1579 845 1628 865 nec
1649 837 1742 865 anima
1763 837 1864 866 Christi
1888 846 1937 867 nec
1955 838 2002 866 ali-

1151 892 1207 920 qua
1238 887 1368 912 creatura
1400 884 1638 920 comprehendere
1667 887 1757 921 potest
1785 884 2001 913 immensitatem

1151 931 1233 959 Verbi
1258 931 1372 959 increati
1389 931 1447 959 sive
1463 931 1550 967 ipsius
1565 931 1629 964 Dei,
1645 935 1672 959 et
1693 934 1786 960 tamen
1802 932 1893 968 ipsum
1910 936 2000 960 totuin

1152 978 1299 1015 cognoscit.
1315 994 1352 997 —
1369 979 1399 1006 Et
1422 981 1538 1015 possunt
1561 979 1612 1007 ista
1634 979 1690 1007 dno
1711 979 1794 1007 simul
1809 982 1899 1013 stare⁷
1915 979 2000 1008 imino
2014 988 2075 1007 natio.

1153 1033 1264 1053 necesse
1286 1028 1327 1053 est
1350 1033 1465 1062 ponere,
1487 1026 1616 1062 quamvis
1639 1025 1751 1054 difficile
1773 1026 1807 1054 sit
1830 1026 2000 1055 11110110011117

1152 1076 1247 1100 nostro
1269 1080 1376 1108 capere.
1399 1072 1424 1100 Si
1447 1073 1521 1101 enim
1544 1080 1609 1101 vere
1632 1073 1762 1109 ponimus
1783 1073 1872 1101 Deum
1893 1073 2003 1110 simpli-

1152 1128 1229 1152 cem,
1252 1119 1338 1147 immo
1360 1120 1425 1156 quia
1447 1120 1636 1148 necessarium
1655 1123 1696 1148 est
1711 1120 1750 1149 sic
1772 1120 1888 1149 credere
1910 1124 1936 1149 et
1957 1129 2003 1158 po-

1152 1174 1237 1200 nere;
1260 1167 1281 1194 si
1304 1167 1496 1203 cognoscitur,
1520 1167 1574 1194 iam
1598 1175 1651 1195 non
1674 1167 1828 1195 secundum
1851 1170 1958 1204 partem
1975 1170 2002 1196 et

1151 1217 1276 1249 partem,
1309 1213 1355 1242 sed
1381 1217 1455 1241 totus
1477 1214 1661 1250 cognoscitur.
1694 1214 1828 1248 Rarsns,
1861 1215 1882 1243 si
1912 1215 2001 1243 Deum

1152 1260 1283 1296 ponimus
1307 1260 1498 1294 immensum,
1521 1261 1587 1297 quia
1603 1261 1653 1289 1100
1669 1261 1811 1290 credimus
1826 1265 1852 1290 et
1866 1262 1987 1290 fatemur
1994 1273 2001 1296 ;

1151 1315 1264 1335 necesse
1279 1311 1320 1335 est
1335 1315 1451 1344 ponere,
1466 1308 1539 1344 quod
1557 1316 1698 1345 nunquam
1716 1308 1751 1337 ab
1766 1308 1908 1337 intellectu
1925 1308 2001 1337 110110

1152 1354 1408 1390 comprehendatur
1430 1354 1555 1382 totaliter
1564 1365 1574 1388 ,·
1595 1357 1622 1383 et
1642 1355 1681 1384 510
1700 1355 1774 1384 Deus
1789 1364 1805 1384 a
1820 1364 1998 1393 quacumque
2012 1363 2108 1382 conclusio
2117 1363 2135 1382 2.

1152 1404 1283 1429 creatura
1305 1400 1395 1437 ipsum
1418 1405 1601 1438 cognoscente
1623 1406 1698 1430 totns
1726 1403 1920 1439 cognoscitur,
1949 1404 1997 1432 sed

1152 1451 1244 1476 tamen
1268 1456 1322 1476 non
1345 1448 1478 1476 totaliter.

1231 1495 1256 1523 Si
1280 1498 1373 1523 autem
1396 1498 1565 1532 quaeratur,
1589 1496 1729 1533 quomodo
1750 1496 1819 1525 illud
1848 1500 1941 1533 posset
1962 1497 1999 1525 in-

1152 1542 1236 1579 telligi
1251 1553 1256 1571 :
1272 1542 1439 1577 dicendum,
1461 1543 1536 1579 quod
1559 1543 1755 1571 difficillimum
1771 1546 1812 1572 est
1827 1544 1997 1581 intelligere,
2021 1549 2124 1578 Notandum

1152 1590 1217 1626 (luia
1239 1589 1303 1626 plus
1333 1589 1472 1626 reperitur
1495 1590 1521 1617 in
1543 1590 1680 1619 creaturis
1709 1590 1743 1619 de
1771 1590 1997 1620 dissimilitudine
2010 1573 2126 1616 {issu‘ss'fm'oe'

1151 1645 1235 1673 quam
1259 1636 1293 1665 de
1315 1636 1505 1665 similitudine.
1528 1653 1566 1657 —
1587 1637 1776 1673 Intelligamus
1797 1641 1890 1666 tamen
1909 1638 2134 1675 gratiaExempiumt.
2154 1659 2155 1678 3

1151 1684 1274 1721 exempli
1297 1684 1418 1721 aliquem
1441 1684 1570 1717 oculum,
1586 1684 1666 1713 cuius
1681 1687 1810 1721 aspectus
1826 1693 1878 1713 non
1895 1685 1929 1713 sit
1943 1693 1999 1718 om-

1152 1731 1217 1759 nino
1239 1730 1348 1764 clarus3
1371 1734 1397 1759 et
1419 1730 1607 1767 intelligamus
1623 1730 1735 1768 aliquod
1751 1739 1871 1767 parvum
1885 1731 2000 1767 album,

1154 1781 1244 1806 tamen
1267 1777 1406 1806 intensum
1430 1777 1456 1805 10
1481 1777 1666 1806 luminositate
1688 1780 1715 1806 et
1735 1778 1860 1807 claritate
1879 1778 1997 1807 coloris:

1151 1824 1251 1853 oculus
1272 1824 1319 1852 ille
1341 1824 1445 1853 videbit
1473 1824 1541 1853 illud
1564 1824 1659 1853 album
1683 1828 1790 1859 tot-ani,
1811 1828 1904 1854 tamen
1933 1826 1998 1854 emi-

1151 1871 1272 1900 nentiam
1295 1871 1370 1900 illins
1391 1871 1528 1900 albedinis
1549 1879 1602 1899 non
1629 1871 1858 1908 comprehendit3
1881 1872 1919 1901 sic
1947 1880 1998 1901 5110

1152 1918 1235 1946 modo
1257 1917 1282 1945 in
1299 1917 1440 1954 proposito
1456 1917 1666 1954 intelligendum
1683 1921 1732 1946 est.
1752 1918 1804 1947 Sed
1821 1927 1872 1947 000
1891 1919 1998 1947 modica

1151 1969 1194 1993 est
1209 1965 1253 1993 bic
1275 1965 1487 1999 dissimilitudo,
1509 1965 1575 2002 quia
1597 1965 1623 1993 in
1646 1965 1693 1993 illo
1714 1965 1778 1993 albo
1799 1965 1929 2003 qualitas
1950 1966 1999 1995 dif-

1152 2013 1206 2041 i'ert
1227 2020 1243 2040 a
1265 2012 1416 2046 claritate,
1438 2012 1466 2040 in
1487 2012 1544 2041 Deo
1559 2016 1651 2041 autem
1674 2015 1715 2041 est
1736 2013 2000 2041 010010010οω.-

1152 2059 1183 2087 Et
1204 2059 1266 2087 ideo
1288 2059 1364 2088 aliud
1394 2059 1556 2096 exemplum
1579 2059 1724 2088 consuevit
1744 2059 1808 2096 poni
1830 2060 1857 2088 in
1880 2063 2139 2097 puncto,Exemp¹=1m2·
2157 2090 2158 2103 ἶ

1151 2105 1219 2143 qui8
1242 2106 1347 2134 ratione
1378 2113 1445 2134 suae
1477 2106 1662 2143 simplicitatis
1694 2110 1769 2134 totns
1793 2107 1938 2143 attingitur
1966 2107 2001 2136 ab

307 2254 313 2268 ¹
333 2254 433 2281 Proslog.
453 2260 472 2276 c.
491 2253 511 2275 4.
529 2265 560 2269 —
578 2253 646 2275 paulo
663 2253 771 2280 superius
787 2259 828 2280 pro
846 2252 913 2275 omni
929 2252 991 2276 enim
1009 2252 1092 2282 [codd.

244 2295 261 2316 M
275 2294 293 2316 O
310 2293 376 2317 omni
392 2293 455 2316 enim
473 2292 524 2322 illi]
543 2293 595 2315 edd.
614 2292 721 2316 omnium
738 2292 807 2315 enim.

305 2332 315 2347 ²
332 2332 404 2355 Codd.
418 2333 435 2354 1<
449 2333 466 2354 M
477 2331 495 2354 O
513 2332 586 2354 verbo
599 2331 766 2361 comprehendi
777 2332 835 2353 bene
854 2332 1002 2359 praemittunt
1013 2331 1093 2360 aliquo

243 2371 320 2395 niodo.
339 2372 443 2393 Proxime
462 2375 513 2399 post
527 2377 569 2398 pro
586 2369 828 2399 inconipreltensibi‘h's
846 2370 898 2392 edd.
912 2376 965 2392 cum
981 2370 1093 2392 nonnullis

243 2411 311 2433 codd.
329 2411 410 2433 vitioso.
427 2410 568 2432 substituunt
585 2408 811 2439 comprehensibilis,
831 2412 852 2431 et
870 2409 953 2431 deinde
965 2409 1016 2431 cod.
1035 2409 1052 2430 T
1070 2410 1092 2431 in

244 2451 288 2473 tine
307 2450 469 2478 propositionis
486 2456 534 2478 seq.
552 2453 604 2477 post
621 2450 643 2471 et
662 2448 766 2478 perfecta
785 2448 905 2477 subiungit
924 2448 1022 2476 dicitnr,
1042 2451 1094 2477 post

244 2489 307 2519 quod
320 2490 376 2511 sacta
395 2489 588 2516 interpunctione,
601 2489 693 2511 alteram
708 2488 889 2516 propositionem
902 2488 934 2510 sic
946 2488 1034 2515 incipit:
1052 2488 1095 2510 Est

244 2530 324 2551 autem
341 2529 363 2550 et
378 2526 611 2557 incomprehensibile
631 2526 726 2556 [melius
749 2529 873 2555 poneretur
894 2526 1094 2556 incomprehensi-

245 2567 309 2597 bilis]
327 2572 369 2590 etc.

307 2607 316 2622 3
333 2608 373 2629 ler.
399 2607 439 2634 32,
459 2607 498 2628 te:
517 2606 611 2634 Magnus
631 2606 725 2628 consilio
745 2608 767 2627 01
792 2605 1030 2633 incomprehensibilis
1057 2611 1094 2627 co-

245 2647 323 2675 gitatu.
342 2647 355 2668 1.
379 2645 430 2668 Cor.
453 2646 489 2673 13,
518 2646 554 2667 12:
577 2645 641 2667 Nunc
665 2651 780 2673 cognosco
802 2651 828 2667 ex
847 2648 922 2673 purte,
947 2648 1000 2667 [unc
1017 2647 1093 2667 0111001

245 2691 396 2713 cognoscam,
414 2686 472 2707 sicut
492 2687 514 2706 01
534 2685 639 2712 cognitus
656 2690 715 2706 sum.
739 2684 792 2706 l'hil.
807 2684 831 2712 3,
853 2685 890 2706 12:
904 2685 994 2712 Sequor
1005 2687 1092 2711 autem,

245 2725 263 2747 si
281 2731 327 2753 quo
340 2724 410 2746 modo
428 2723 624 2751 comprehendam
643 2727 684 2745 etc.
702 2723 746 2745 cn.
765 2724 820 2751 pr.
840 2723 864 2750 3,
887 2723 919 2744 18.
932 2735 963 2739 —-
975 2723 1044 2745 Paulo
1061 2724 1094 2744 in-

245 2763 315 2785 ferius
333 2769 375 2790 pro
393 2762 549 2792 cognitionem
566 2761 781 2791 comprehensionis
803 2762 870 2784 codd.
888 2762 907 2783 K
919 2762 936 2783 M
947 2761 965 2783 O
983 2761 1094 2791 aequitio-

245 2808 299 2825 nem
316 2801 533 2830 comprehensoris,
553 2805 576 2823 et
593 2801 691 2823 subinde
709 2807 750 2829 pro
768 2802 790 2823 at
801 2802 857 2823 sunt
874 2800 1091 2829 comprehensores,

246 2847 316 2869 quarn
340 2841 459 2863 lectionem
484 2843 575 2863 tuentur
592 2840 659 2862 codd.
682 2841 699 2862 Α
717 2840 761 2868 bb,
780 2841 817 2862 nlii
841 2840 909 2862 codd.
927 2846 981 2862 cum
1002 2839 1055 2862 edd.
1073 2840 1096 2862 et

247 2880 352 2909 respectu
369 2878 591 2908 comprehensionis.

310 2918 319 2933 ⁴
336 2919 390 2940 Dist.
409 2918 445 2940 43.
463 2925 485 2947 q.
507 2919 527 2940 2.

310 2958 319 2973 ⁵
336 2958 387 2980 scil.
410 2961 487 2980 contra
509 2964 549 2980 eos
571 2958 609 2986 qui
633 2958 787 2986 contendunt,
813 2966 823 2977 α
841 2957 905 2986 quod
927 2960 973 2980 tam
996 2958 1093 2980 essentia

248 3002 317 3025 quarn
336 2997 435 3024 potentIa
458 2999 491 3019 est
512 2996 573 3018 finita
596 2997 724 3019 secundum
746 2997 880 3025 veritatem,
901 2997 954 3025 quia
977 2999 1011 3018 est
1032 2995 1093 3017 finita

1151 2253 1208 2280 Deo,
1229 2254 1269 2282 qui
1286 2256 1319 2275 est
1332 2254 1426 2280 veritas;
1444 2253 1485 2275 sed
1503 2255 1578 2275 tamen
1592 2255 1689 2281 utraque
1705 2252 1772 2275 viabis
1784 2256 1818 2275 est
1834 2253 1931 2281 infinita,
1946 2254 1999 2282 quia

1151 2292 1384 2320 improportionaliter
1398 2298 1439 2314 nos
1456 2292 1544 2314 excedit
1556 2300 1576 2314 n.
1592 2304 1623 2308 —
1636 2292 1678 2314 Pro
1690 2291 1851 2321 multipliciter
1868 2291 2000 2315 ostenditur

1150 2332 1203 2354 edd.
1223 2338 1275 2353 cum
1289 2332 1402 2354 nonnullis
1420 2331 1494 2359 codd,
1508 2337 1607 2360 quorum
1626 2332 1749 2359 scriptores
1761 2331 1860 2353 verbum
1878 2331 2000 2353 abbrevia-

1151 2374 1199 2393 tum
1217 2370 1380 2400 multipliciter
1397 2377 1439 2398 pro
1455 2370 1527 2392 verbo
1545 2370 1658 2399 Maqz'sm'
1669 2370 1809 2399 babuerunt,
1827 2370 1933 2393 exhibent
1950 2371 1999 2394 Ma-

1150 2409 1223 2439 qisler
1240 2409 1352 2437 ostendit,
1377 2416 1436 2438 quae
1455 2410 1520 2432 lectio
1543 2413 1621 2437 operte
1638 2410 1692 2431 falsa
1710 2413 1756 2437 est,
1778 2416 1832 2432 cum
1853 2410 1959 2438 Magister
1976 2411 1998 2432 in

1151 2449 1203 2471 dist.
1221 2451 1400 2471 commemorata
1419 2449 1471 2470 nihil
1490 2448 1518 2470 de
1537 2449 1580 2470 hoc
1602 2448 1709 2476 proferat.
1733 2448 1774 2470 Pro
1796 2447 1820 2470 in.
1837 2447 1950 2471 relatione
1967 2448 1999 2471 ad

1151 2494 1207 2516 nos,
1228 2494 1287 2517 quae
1305 2489 1416 2516 scriptura
1435 2488 1486 2510 cod.
1504 2488 1522 2509 M
1542 2488 1593 2515 (Na
1611 2488 1712 2510 secunda
1728 2488 1810 2516 manu)
1829 2488 1908 2515 procul
1927 2487 1998 2511 dubio

1151 2530 1211 2550 recta
1229 2531 1275 2555 est⁷
1293 2533 1345 2549 cum
1365 2527 1432 2549 etiam
1445 2527 1584 2554 respondent
1601 2527 1713 2549 contextui
1726 2527 1768 2549 loci
1783 2533 1853 2555 supra
1865 2533 1892 2549 ex
1909 2527 1924 2549 l.
1937 2528 1997 2549 Sent.

1152 2567 1174 2589 d.
1197 2566 1233 2588 43.
1257 2572 1278 2594 q.
1298 2567 1318 2587 2.
1341 2566 1414 2593 allati,
1438 2566 1529 2593 plurimi
1554 2565 1621 2588 codd.
1643 2568 1665 2587 et
1685 2565 1737 2587 edd.
1765 2566 1781 2593 l,
1804 2566 1817 2587 2
1838 2564 1864 2588 in
1885 2565 1998 2589 relatione

1151 2605 1183 2629 ad
1204 2611 1253 2633 eos,
1279 2605 1329 2628 cod.
1353 2604 1385 2627 bb
1407 2605 1432 2627 in
1455 2604 1569 2628 relatione
1589 2604 1621 2627 acl
1641 2611 1692 2633 res,
1719 2605 1768 2627 Vat.
1789 2604 1814 2627 in
1835 2604 1950 2627 relatione
1967 2604 1999 2628 ad

1153 2644 1241 2667 Beatos.
1267 2644 1334 2666 Paulo
1357 2644 1451 2666 inferius
1472 2650 1515 2671 pro
1538 2643 1677 2667 retractavit
1699 2644 1766 2666 codd.
1790 2643 1930 2666 BCGHIL
1943 2644 1959 2666 U
1971 2650 1997 2665 aa

1151 2682 1278 2706 reiteravit.

1214 2722 1223 2736 ⁶
1240 2721 1285 2744 Csr.
1303 2728 1372 2749 supra
1391 2722 1412 2744 d.
1432 2723 1452 2744 2.
1470 2729 1490 2744 a.
1509 2722 1530 2743 3.
1548 2728 1570 2750 q.
1590 2723 1610 2743 2.
1628 2722 1649 2743 in
1664 2722 1718 2750 fine,
1737 2721 1759 2744 d.
1775 2722 1811 2744 13.
1829 2728 1848 2744 a.
1862 2723 1882 2744 2.
1901 2728 1922 2750 q.
1942 2722 1997 2744 2.1'n

1152 2768 1215 2789 corp.
1234 2761 1347 2788 umbros„
1367 2762 1381 2783 l.
1394 2761 1422 2783 de
1439 2762 1524 2789 Spiritu
1537 2762 1558 2783 S.
1577 2767 1596 2783 c.
1610 2761 1631 2783 7.
1651 2767 1671 2783 n.
1684 2761 1721 2783 81.
1739 2761 1803 2787 dicit,
1816 2760 1879 2789 quod
1900 2769 1910 2780 a
1923 2761 1997 2783 omnis

1152 2804 1254 2823 creatura
1273 2801 1339 2822 certis
1355 2804 1449 2822 naturae
1466 2807 1521 2822 suae
1533 2801 1561 2822 sit
1572 2801 1744 2828 circumscripta
1756 2799 1866 2822 limitibus
1879 2808 1899 2822 1).
1913 2812 1942 2815 -
1955 2800 1997 2822 Pro

1151 2845 1202 2862 rem
1213 2839 1308 2862 virtutis
1325 2839 1376 2861 cod.
1390 2840 1419 2861 W
1431 2839 1548 2862 rationem
1564 2838 1665 2862 uirtutis.
1684 2839 1752 2861 Paulo
1769 2839 1863 2861 inferius
1880 2841 1997 2868 005111110-

1151 2877 1220 2901 modo
1239 2878 1289 2901 cod.
1303 2878 1321 2900 M
1339 2878 1430 2900 subiicit
1446 2884 1509 2907 erqo.

1214 2917 1223 2931 ⁷
1241 2916 1296 2939 Cod.
1314 2918 1333 2939 K
1351 2917 1475 2940 intellectu.
1495 2917 1547 2940 Post
1565 2923 1636 2945 pauca
1655 2923 1697 2945 pro
1713 2916 1735 2939 si
1756 2916 1906 2946 coynoscitur
1928 2916 1995 2938 codd.

1151 2957 1170 2978 G
1182 2956 1199 2978 T
1208 2957 1226 2978 U
1237 2957 1266 2978 W
1276 2957 1291 2978 Z
1303 2956 1333 2979 bh
1351 2956 1372 2979 si
1388 2957 1554 2986 coqnoscatur.

1215 2994 1224 3009 ⁸
1242 2995 1335 3017 Plurimi
1353 2995 1420 3017 codd.
1439 3000 1565 3022 .ncongrue
1582 2993 1651 3023 quod.
