2166 3366
248 186 302 214 556

247 263 369 300 sophus,
391 262 466 299 quod
491 272 503 286 (ι
518 268 582 289 cum
604 260 657 288 tria
679 260 733 287 sint
754 259 780 287 in
803 259 913 287 anima:
933 258 1094 295 potentiae,

244 309 398 346 passiones
420 311 447 337 et
468 307 602 340 liabitas,
624 306 715 334 virtus
736 314 790 334 non
812 308 854 334 est
874 305 900 333 in
916 313 1017 342 genere
1029 313 1097 342 pas-

246 356 355 389 sionis,
378 355 427 383 sed
450 354 476 382 in
498 361 599 390 genere
622 352 740 381 habitas
755 363 782 380 ».
811 352 838 380 Si
859 360 926 389 ergo
948 360 1011 389 spes
1042 360 1095 381 non

246 405 288 431 est
308 401 422 434 virtus,
444 403 565 434 constat,
588 400 662 437 quod
684 407 734 428 nec
756 398 852 427 virtus
871 398 1016 437 gyrataz'ta.

327 450 352 476 ⁶2.
375 448 458 482 Item,
487 447 559 476 sicut
579 447 712 484 contingit
733 449 897 483 exspectare
918 446 1028 480 futura,
1057 446 1096 475 sic

249 495 382 532 contingit
413 493 594 523 rememorari
618 492 807 530 praeterita²;
829 493 877 521 sed
900 493 1097 521 rememoratio

249 542 283 570 de
305 541 464 579 praeteritis
495 549 549 568 non
571 543 612 569 est
635 540 739 575 virtus,
761 548 811 569 nec
833 540 907 568 circa
928 547 990 568 eam
1012 539 1098 568 consi-

248 589 294 617 stit
309 588 402 625 aliqua
418 588 508 616 virtus
523 587 666 624 specialis:
683 595 749 624 ergo
765 595 814 615 nec
830 587 903 615 circa
917 587 1099 624 exspectatio-

248 643 311 664 nem
327 636 489 664 futurorum
504 634 597 671 aliqua
613 634 703 662 virtus
718 634 850 663 consistit.
863 634 914 662 Sed
927 633 1098 671 exspectatio

250 683 413 712 futurorum
436 682 480 710 vel
502 685 544 710 est
566 681 625 718 ipsa
645 689 724 718 spes,
750 682 794 710 vel
816 681 942 718 procedit
962 681 997 709 ab
1020 681 1096 718 ipsa:

249 738 316 767 ergo
330 729 458 764 videtur,
480 728 553 766 quod
571 729 631 765 ipsa
647 736 710 765 spes
731 736 785 756 non
800 728 902 757 haheat
923 736 984 757 esse
999 728 1097 757 virtus.

331 776 355 805 3.
378 777 459 809 Item,
482 776 553 804 sicut
575 775 709 812 contingit
739 783 861 812 sperare
891 778 967 804 recte
988 778 1015 804 et
1044 783 1097 803 non

250 827 340 858 recte,
362 823 401 852 sic
423 823 556 859 contingit
578 822 659 851 etiam
684 822 784 850 timere
806 825 880 851 recte
895 825 921 851 et
936 830 989 850 non
1006 825 1098 856 recte;

250 871 298 900 sed
321 870 449 904 habitus,
481 870 527 907 qui
561 869 656 906 dirigit
677 869 798 897 animam
828 869 855 896 in
879 869 1019 903 timendo,
1043 877 1097 897 non

250 917 396 954 reponitur
412 917 437 944 in
455 924 556 953 genere
572 916 698 948 virtutis.
715 919 810 952 utpote
825 916 908 944 timor
922 915 931 928 ²
945 926 950 943 :
967 924 1033 953 ergo
1048 924 1098 944 nec

251 965 371 998 habitus,
386 963 432 1001 qui
449 964 544 1001 dirigit
559 964 585 992 in
604 963 770 1000 sperando:
786 970 852 999 ergo
867 970 945 999 spes,
961 963 1043 992 etiam
1060 971 1099 991 se-

253 1012 376 1041 cundum
399 1011 474 1048 quod
505 1011 628 1039 nominat
649 1010 798 1043 habitam,
820 1017 875 1038 non
897 1013 938 1039 est
955 1010 980 1038 in
997 1018 1098 1047 genere

251 1059 371 1087 virtutis.

328 1106 354 1133 [ι.
377 1106 456 1139 ltem,
484 1105 602 1133 «omnis
625 1105 713 1132 virtus
736 1104 850 1133 moralis
872 1104 996 1133 consistit
1026 1105 1099 1133 circa

250 1153 354 1181 bonum
386 1155 413 1181 et
444 1151 556 1180 difficile
572 1163 598 1185 »,
631 1154 661 1179 nt
691 1151 750 1180 vult
783 1151 1004 1188 Philosophus³,
1033 1159 1100 1188 ergo

252 1200 340 1228 multo
372 1199 472 1227 fortius
500 1198 639 1235 gratuita3
663 1199 711 1227 sed
735 1199 760 1226 in
783 1199 990 1235 exspectatione
1020 1198 1101 1227 hono-

252 1254 313 1275 rum
347 1245 550 1283 promissorum
581 1245 657 1273 nulla
689 1248 730 1273 est
755 1244 923 1273 difficultas:
947 1252 1013 1281 ergo
1035 1253 1099 1273 cum

251 1301 314 1330 spes
345 1301 399 1321 non
432 1292 564 1320 consistat
585 1292 658 1320 circa
680 1288 808 1325 difficile,
830 1300 884 1320 non
906 1291 1018 1320 videtur
1040 1299 1100 1320 esse

250 1340 277 1368 in
300 1347 401 1376 genere
423 1338 534 1366 virtutis
556 1339 702 1374 gratuitae.

331 1387 357 1414 ὃ.
379 1386 458 1419 Item,
481 1385 559 1413 nulla
581 1385 670 1413 virtus
691 1385 812 1421 gratuita
828 1385 855 1413 in
871 1392 922 1413 sno
941 1388 1003 1413 artu
1022 1393 1101 1422 repu-

250 1436 315 1470 gnat
337 1431 497 1470 perfectioni
515 1431 605 1460 meriti
620 1420 695 1465 3sed
719 1439 782 1468 spes
804 1432 830 1459 in
854 1440 905 1460 suo
927 1435 991 1460 actu
1014 1432 1100 1468 perse-

251 1480 332 1509 ctioni
356 1478 447 1508 meriti
470 1481 608 1515 repugnat
624 1494 661 1498 fi
676 1486 711 1506 ex
728 1478 936 1515 imperfectione
951 1478 1023 1507 enim
1041 1487 1102 1515 pro-

252 1527 339 1560 cedit,
362 1526 436 1563 quod
460 1525 523 1563 quis
544 1525 630 1554 servit
663 1525 719 1553 Deo
751 1528 864 1562 propter
888 1525 1100 1554 retributionem

251 1574 393 1607 futuram,
415 1573 495 1611 quia,
518 1573 674 1601 secundum
704 1572 777 1609 quod
808 1572 874 1601 dicit
899 1572 1100 1607 Bernarctus⁴,

257 1621 385 1650 «caritas
408 1620 565 1658 praemium
588 1628 642 1648 non
664 1620 817 1648 intuetur»
843 1636 882 1639 -
904 1620 925 1648 si
949 1628 1015 1657 ergo
1038 1628 1102 1657 spes

252 1668 316 1698 facit
338 1671 503 1705 exspectare
519 1667 730 1696 retributionem
753 1667 893 1699 futuram,
916 1667 1028 1695 videtur
1043 1675 1102 1704 per-

252 1716 361 1745 fectioni
396 1715 485 1743 meriti
518 1722 693 1751 repugnare:
716 1722 782 1751 ergo
805 1722 858 1742 non
881 1717 922 1743 est
945 1714 971 1742 in
1000 1722 1102 1751 genere

254 1761 365 1790 virtutis
388 1761 534 1798 gratuitae.

570 1846 780 1867 CONCLUSIO.

296 1917 366 1954 Spes
387 1921 427 1945 est
450 1917 544 1945 uirtus
563 1916 716 1953 gratuita,
739 1916 827 1945 immo
848 1916 1056 1953 qrataz'taram

371 1963 513 1991 uirtutum
535 1971 648 1991 ancora
670 1966 694 1990 et
715 1966 985 1991 sustentamention.

333 2042 508 2070 Rnspounno:
531 2041 703 2074 Dicendum,
722 2041 795 2077 quod
813 2041 923 2069 nomine
937 2040 1000 2077 spei
1013 2044 1103 2077 potest

254 2088 369 2125 intelligi
391 2087 504 2125 affectio
526 2087 651 2121 animae,
667 2087 746 2115 iuxta
763 2087 831 2115 illud
847 2087 920 2124 quod
944 2087 1101 2124 philosophi

923 181 1175 210 SENTENTlARUM
1196 180 1257 209 Llss.
1278 180 1317 208 lll.

2164 39 2166 50 ι

2163 56 2166 69 t

2164 74 2166 82 ι

1152 261 1179 286 et
1200 258 1289 287 Sancti
1305 258 1314 271 ⁵
1347 258 1458 293 dicunt,
1490 261 1612 295 quatuor
1633 265 1694 293 esse
1716 257 1800 285 animi
1821 257 1979 286 affectiones
1992 280 1998 292 ,
2012 263 2139 290 somniatur
2165 277 2166 281 ,

1154 304 1282 334 videlicet
1308 305 1455 342 yatadium
1483 309 1511 334 et
1538 304 1684 338 dotorem,
1709 313 1788 341 spem.
1810 307 1837 333 et
1858 304 1999 332 timorem.

1153 352 1243 381 Potest
1258 352 1340 381 etiam
1357 353 1467 381 nomine
1482 352 1540 389 spei
1553 351 1667 388 intelligi
1683 351 1744 388 ipsa
1758 360 1804 379 res
1823 355 1999 388 exspectata,

1154 399 1234 427 iuxta
1264 399 1333 427 illud
1355 399 1390 427 ad
1413 399 1506 428 Titum
1528 398 1686 427 secundo⁶z
1714 399 1918 435 Exspectantes
1941 398 2001 426 bea-

1156 449 1217 474 tam
1237 455 1324 483 spem.
1348 447 1437 475 Potest
1458 445 1641 474 nihilominus
1663 445 1735 474 sumi
1752 453 1803 482 pro
1820 444 1937 479 ltabz'ta,
1953 445 2001 482 qui

1155 492 1250 529 dirigit
1280 493 1389 521 animae
1418 496 1525 521 motum
1557 496 1584 521 et
1605 492 1735 521 affectum
1768 492 1794 520 in
1824 492 1894 520 illud
1926 491 2001 529 quod

1155 540 1375 577 exspectandum
1399 544 1448 569 est.
1472 540 1502 568 Et
1522 540 1575 569 isto
1597 539 1679 568 tertio
1701 539 1784 568 modo
1805 539 1914 568 dicendi
1938 547 2001 575 spes
2014 544 2119 562 Conclusio-

1155 595 1208 615 non
1232 589 1338 615 tantum
1362 590 1403 615 est
1417 587 1513 614 *on‘ttts
1530 586 1681 624 yrataz‘ta,
1704 586 1789 614 immo
1811 586 1894 614 etiam
1917 586 2002 614 virtu-

1155 636 1215 662 tum
1231 633 1418 670 gratuitarum
1434 636 1693 661 sustentamentum
1711 636 1737 661 et
1752 640 1874 660 (ancora.
1885 649 1925 652 ——
1942 632 2002 660 Vz'r-
2014 638 2115 656 Probatur-

1157 683 1204 708 tas
1219 679 1332 717 quidem
1347 679 1484 717 gratuita
1499 682 1553 713 est,
1569 680 1700 716 quoniam
1716 680 1743 707 in
1760 680 1819 713 hoc,
1835 679 1909 716 quod
1925 679 2001 712 facit,

1156 727 1277 755 animam
1306 729 1471 763 exspectare
1499 734 1531 755 ea
1563 734 1634 763 quae
1666 730 1731 755 sunt
1759 734 1846 763 supra
1867 725 2000 754 omnem7

1156 773 1377 802 aestimationem
1407 774 1557 802 humanam
1587 777 1614 802 et
1639 781 1671 802 ea
1703 781 1774 810 quae
1804 772 1930 809 promisit
1950 772 2001 800 lar-

1157 820 1227 857 gitas
1249 820 1357 854 divina,
1380 820 1443 848 facit
1475 820 1588 848 omnino
1609 819 1752 856 confidere
1773 823 1800 848 et
1822 819 1910 848 inniti
1930 827 2003 848 sum-

1157 875 1218 896 mae
1237 871 1263 896 et
1287 867 1439 895 immensae
1462 867 1597 903 largitati,
1618 867 1690 895 sicut
1706 867 1774 895 tides
1789 867 1853 895 facit
1868 866 2002 895 assentire

1156 915 1264 951 primae
1286 914 1416 949 Veritati,
1439 917 1466 943 et
1487 913 1588 942 caritas
1609 914 1673 942 facit
1695 913 1849 942 adhaerere
1877 921 2003 942 summae

1158 960 1290 995 Bonitati3
1312 964 1338 989 et
1360 960 1428 989 dum
1451 961 1544 988 anima
1565 960 1617 997 ipsi
1651 960 1802 1001 immensae
1825 960 1942 997 largitati
1967 960 2005 988 in—

1157 1008 1254 1036 nititur
1276 1011 1391 1045 propter
1413 1016 1442 1036 se
1471 1011 1497 1036 et
1526 1015 1612 1045 super
1633 1008 1741 1041 omnia,
1773 1007 1956 1044 rectificatur
1978 1010 2005 1035 et

1156 1063 1245 1092 super
1266 1064 1296 1083 se
1317 1055 1446 1083 elevatam·
1468 1058 1495 1083 et
1517 1055 1575 1082 Deo
1597 1058 1716 1091 accepta
1738 1054 1865 1083 efficitur.
1888 1054 2003 1083 Necesse

1156 1106 1198 1131 est
1219 1110 1300 1139 ergo,
1322 1103 1397 1139 quod
1421 1102 1546 1137 habitus,
1568 1110 1624 1139 quo
1645 1102 1785 1130 mediante
1807 1101 1837 1130 fit
1859 1101 1943 1134 illud,
1963 1110 2004 1130 ra-

1157 1150 1259 1178 tionem
1282 1150 1382 1178 haheat
1404 1149 1523 1177 ott-mas
1543 1149 1703 1186 gyratat‘tae.
1725 1165 1763 1168 -—
1785 1149 1816 1177 Et
1837 1149 1918 1186 quia,
1940 1156 2004 1177 cum

1158 1197 1250 1225 anima
1272 1197 1399 1225 innititur
1421 1196 1444 1224 ei
1467 1196 1514 1233 qui
1538 1204 1591 1224 non
1614 1199 1704 1232 potest
1725 1195 1860 1230 deficere,
1876 1195 2004 1232 quamvis

1159 1243 1218 1280 ipsa
1240 1243 1266 1270 in
1283 1250 1311 1271 se
1327 1242 1362 1271 sit
1384 1242 1515 1271 deficiens
1536 1245 1563 1271 et
1587 1242 1732 1276 vacillans,
1755 1242 1890 1271 fundatur
1911 1245 2004 1270 tamen

1160 1298 1208 1326 per
1231 1298 1307 1326 spem
1330 1289 1409 1326 quasi
1425 1297 1511 1326 super
1527 1289 1636 1317 firmam
1653 1293 1760 1326 petram
1775 1290 1783 1302 ⁵
1793 1300 1800 1323 ς
1815 1292 1841 1317 et
1857 1292 2005 1326 propterea

1159 1336 1232 1370 dixi,
1247 1336 1322 1373 quod
1338 1344 1401 1372 spes
1423 1344 1476 1363 non
1499 1335 1693 1364 tantummodo
1714 1339 1756 1364 est
1777 1335 1802 1363 in
1825 1343 1926 1372 genere
1950 1335 2004 1363 ωίν-

1161 1387 1255 1411 tatam
1275 1383 1500 1420 yratztz'tarum,
1523 1383 1571 1411 sed
1593 1383 1675 1411 etiam
1708 1386 1750 1411 est
1771 1390 1868 1411 earum
1891 1391 2004 1411 ancora

1160 1434 1186 1459 et
1206 1433 1476 1458 sustenlamentam.
1498 1446 1537 1449 —-
1558 1429 1634 1458 Unde
1662 1429 1857 1458 concedendae
1879 1433 1944 1457 sunt
1965 1438 2006 1457 ra-

1160 1477 1256 1509 tiones,
1278 1484 1349 1514 quae
1373 1476 1423 1505 hoc
1445 1476 1602 1504 ostendunt.

1241 1525 1264 1551 t.
1288 1524 1325 1552 Ad
1349 1523 1419 1551 illud
1441 1531 1508 1551 vero
1530 1523 1605 1559 quod
1632 1523 1723 1560 primo
1744 1522 1873 1552 obiicitur
1896 1523 1923 1551 in
1945 1531 2007 1551 con-

1160 1570 1294 1605 trarium,
1316 1570 1390 1607 quod
1413 1578 1477 1606 spes
1499 1573 1539 1598 est
1561 1570 1667 1607 passim
1681 1564 1737 1598 'iam
1754 1573 1828 1606 patet
1850 1570 2005 1607 responsio:

1160 1618 1225 1655 quia
1247 1625 1347 1646 nomen
1367 1617 1429 1654 spei
1450 1617 1600 1654 aequivoce
1622 1617 1773 1654 accipitur,
1805 1617 1934 1645 videlicet
1957 1625 2006 1654 pro

1160 1665 1219 1702 ipsa
1240 1664 1389 1702 affectione
1416 1668 1443 1693 et
1472 1660 1523 1701 pro
1553 1663 1655 1692 lta-bita
1682 1664 1826 1701 regulante
1848 1664 1923 1693 illius
1945 1664 2004 1693 affe-

1160 1712 1257 1740 ctionis
1281 1714 1395 1740 motum.
1418 1711 1494 1739 Unde
1516 1719 1595 1748 spes,
1618 1711 1773 1740 secundum
1796 1711 1871 1748 quod
1893 1714 1934 1740 est
1949 1711 2007 1739 vtr-

1161 1763 1223 1792 tas,
1239 1762 1280 1787 est
1295 1758 1427 1791 liabitas,
1449 1759 1496 1795 qui
1519 1761 1560 1786 est
1581 1758 1750 1795 principium
1773 1761 1880 1792 motus,
1903 1758 1949 1795 qui
1966 1761 2007 1787 est

1160 1805 1197 1833 ab
1219 1805 1360 1838 stiti711a⁹;
1384 1805 1486 1842 passio
1507 1808 1600 1833 autem
1624 1804 1711 1841 magis
1733 1808 1775 1833 est
1796 1805 1836 1833 ad
1857 1805 2007 1838 ammaim

1160 1856 1186 1881 et
1208 1852 1363 1881 secundum
1379 1852 1455 1889 quod
1472 1856 1563 1880 motus
1584 1851 1800 1888 exspectationis
1815 1852 1873 1880 sive
1895 1852 1953 1889 spei
1969 1852 2006 1880 ab

1160 1899 1264 1927 anima
1292 1902 1349 1932 est,
1379 1899 1417 1928 sic
1441 1902 1530 1936 potest
1552 1899 1612 1928 fieri
1635 1902 1709 1928 recte
1731 1902 1757 1927 et
1779 1907 1832 1927 non
1855 1903 1945 1933 recte,
1967 1907 2008 1927 se-

1161 1947 1285 1975 cundum
1301 1947 1451 1983 imperium
1468 1946 1546 1974 liberi
1563 1946 1679 1974 arbitrii.
1697 1947 1727 1974 Et
1746 1949 1881 1984 quantum
1905 1946 1939 1975 ad
1957 1946 2007 1975 hoc

1163 1993 1245 2022 habet
1266 1993 1339 2021 circa
1361 1993 1453 2030 ipsum
1476 1993 1580 2021 attendi
1602 1993 1733 2030 perfectio
1756 1993 1875 2027 virtutis,
1899 1993 1941 2022 vel
1964 1993 2008 2022 de-

1161 2040 1289 2068 formatio
1310 2040 1377 2068 vitii.

1240 2088 1265 2114 ⁹2.
1288 2086 1325 2114 Ad
1349 2086 1418 2115 illud
1440 2086 1515 2123 quod
1530 2086 1675 2120 obiicitur,
1690 2086 1764 2123 quod
1780 2086 1852 2115 sicut
1874 2094 1902 2115 se
1924 2086 2007 2115 habet

317 2242 324 2256 ¹
344 2243 441 2269 Ariston,
460 2242 488 2264 de
507 2242 613 2264 Memoria
626 2244 648 2264 et
665 2243 777 2264 reminisc.
792 2248 810 2264 c.
833 2242 854 2263 l:
869 2242 905 2263 Est
917 2242 977 2263 enim
997 2247 1101 2269 praesen-

255 2282 282 2304 tis
299 2281 393 2310 quidem
411 2287 504 2308 sensus,
523 2281 591 2303 futuri
610 2287 666 2303 vero
683 2287 747 2308 spes,
765 2281 816 2303 sacti
834 2283 910 2303 autem
929 2281 1047 2302 memoria.

317 2320 325 2333 ἵ
344 2320 476 2342 Secundum
499 2320 649 2347 philosophos
670 2320 738 2341 timor
759 2322 793 2341 est
815 2319 914 2349 affectus
935 2320 984 2341 sive
1010 2317 1101 2348 passio,

255 2366 314 2388 quae
331 2360 418 2387 regitur
435 2365 447 2380 a
466 2359 597 2381 fortitudine
614 2359 664 2387 (cfr.
682 2359 779 2387 Aristot„
798 2359 820 2381 ll.
835 2359 904 2381 Etliic.
922 2365 941 2381 c.
959 2358 980 2380 5.
998 2362 1020 2380 et
1037 2358 1069 2379 lll.
1082 2364 1101 2379 c.

255 2399 297 2427 6.);
316 2398 444 2420 secundum
463 2398 581 2425 theologos
604 2401 679 2420 autem
698 2400 732 2420 ost
749 2398 836 2420 donum
855 2398 952 2425 Spiritus
965 2397 987 2419 S.
1006 2397 1058 2425 (cfr.
1071 2397 1102 2418 in-

255 2438 287 2459 fra
306 2437 327 2459 d.
346 2436 382 2459 34.
401 2443 423 2464 p.
442 2437 455 2459 l.
474 2444 493 2459 a.
513 2438 533 2459 2.
551 2444 572 2465 q.
595 2437 612 2459 l.
630 2441 651 2459 et
670 2443 690 2464 p.
710 2437 731 2458 ll.
750 2443 792 2465 per
810 2436 896 2465 totam).

317 2474 327 2489 ³
344 2474 404 2497 Libr.
423 2475 446 2496 ll.
469 2475 537 2497 Ethic.
556 2481 575 2497 c.
594 2475 614 2496 3.
637 2474 681 2497 Cir.
699 2481 768 2502 supra
787 2481 839 2502 pag.
858 2474 910 2502 488,
924 2478 975 2497 nota
998 2475 1015 2496 l.
1034 2474 1102 2496 Paulo

255 2513 349 2535 interius
366 2519 408 2540 pro
425 2518 474 2535 non
491 2512 602 2535 consistat
619 2513 670 2535 cod.
688 2512 704 2535 C
722 2519 769 2536 non
787 2513 892 2536 consistit
906 2512 959 2535 nisi.

319 2550 327 2565 ⁴
346 2551 376 2573 De
395 2551 514 2579 Diligendo
527 2552 584 2578 Deo,
603 2558 621 2574 c.
639 2552 660 2574 7.
680 2559 699 2574 n.
723 2553 759 2575 17:
781 2553 828 2575 Non
850 2553 911 2574 enim
933 2554 981 2575 sine
999 2553 1102 2580 praemio

255 2590 356 2617 diligitur
379 2590 449 2617 Deus,
474 2591 514 2612 etsi
538 2590 626 2619 absque·
645 2592 740 2618 praemii
758 2592 839 2613 intuitu
857 2582 987 2619 diligendus
1010 2592 1044 2613 sit.
1062 2591 1102 2613 Va-

256 2634 297 2650 cua
311 2635 411 2657 namque
427 2635 481 2651 vera
494 2630 575 2651 caritas
588 2636 638 2651 esso
652 2636 695 2651 nou
714 2632 798 2657 potest,
811 2636 853 2651 noc
869 2633 943 2652 tamon
962 2630 1102 2652 mercenaria

255 2671 300 2695 ost,
314 2669 401 2696 quippe
413 2673 461 2690 non
473 2667 568 2697 quaerit
584 2674 644 2697 quoe
661 2674 705 2691 sua
723 2669 779 2691 sunt
795 2668 823 2697 (l.
837 2668 887 2691 Cor.
905 2669 941 2696 13,
960 2668 1014 2697 5,...)
1029 2668 1103 2690 Verus

257 2713 322 2728 amor
340 2708 467 2734 praemium
481 2713 525 2729 non
539 2708 644 2735 requirit,
657 2707 697 2729 scd
715 2710 815 2729 meretur
826 2710 868 2730 etc.
881 2707 925 2730 Csr.
938 2708 1010 2730 Serm.
1030 2708 1066 2729 83.
1080 2708 1102 2729 in

256 2745 358 2774 Cantica,
376 2752 396 2767 n.
416 2745 435 2767 4.
454 2752 501 2774 seq.
520 2758 549 2761 —-
568 2746 635 2767 Paulo
653 2750 704 2768 ante
722 2752 764 2774 pro
781 2746 855 2769 servit
871 2746 921 2768 cod.
947 2747 963 2768 A
981 2746 1075 2769 serviat.

319 2784 329 2798 ⁵
346 2784 391 2811 Sic,
407 2787 431 2806 ut
448 2790 519 2805 unum
537 2787 641 2806 sanctum
665 2786 781 2806 auctorem
799 2785 934 2812 afferamus,
956 2785 1010 2807 dicit
1027 2785 1103 2807 Hiero-

258 2828 356 2849 nymus,
380 2823 393 2843 Ι.
417 2823 438 2844 in
464 2823 542 2844 Ezecn.
565 2823 585 2850 l,
608 2822 638 2844 7:

259 2860 409 2888 turbationes,
432 2861 460 2883 de
478 2861 562 2889 quibus
583 2862 714 2889 plenissime
737 2861 815 2884 Cicero
837 2863 858 2884 iu
882 2862 1018 2885 Tusculanis
1036 2861 1102 2892 [libr.

259 2898 290 2919 lll.
308 2901 329 2920 et
348 2898 396 2927 tv]
413 2899 524 2927 disputat:
543 2900 632 2927 gaudii,
651 2901 810 2929 aegritudinis,
830 2901 944 2929 cupidinis
962 2904 983 2923 ct
1000 2902 1102 2929 timoris,

259 2942 358 2963 quorum
376 2937 423 2958 duo
441 2939 578 2966 praesentia,
597 2939 643 2960 (luo
660 2939 733 2961 lutura
748 2942 822 2961 sunt...
842 2939 869 2961 de
887 2939 972 2968 quibus
992 2942 1013 2962 et
1031 2940 1103 2967 Virgi-

260 2974 303 2995 lius
321 2973 419 2996 brevitrr
437 2975 507 3004 [Aru.
522 2977 556 2998 Vl.
574 2976 651 3005 733.]:
664 2977 720 2999 Hinc
736 2980 841 2999 metuunt
857 2979 1008 3007 cupiuntque,
1027 2978 1104 3000 dolent

661 2823 757 2845 Audisse
775 2829 812 2845 nie
828 2824 921 2845 memini
939 2826 1038 2852 quatuor
1054 2830 1103 2851 per-

1159 2240 1314 2268 gaudentquc.
1333 2239 1376 2262 Csr.
1395 2240 1499 2267 August.‚
1521 2239 1579 2261 ΚΝ.
1598 2239 1627 2261 dc
1645 2238 1692 2261 Civ.
1710 2239 1761 2266 Dei,
1780 2245 1799 2261 c.
1818 2240 1842 2267 8,
1866 2239 1905 2261 ubi
1924 2240 2007 2261 Stoico-

1158 2285 1210 2301 rum
1228 2278 1256 2300 de
1275 2279 1317 2300 hac
1340 2284 1363 2300 ro
1381 2279 1490 2300 sententia
1513 2278 1640 2305 exponitur.
1663 2278 1746 2306 llorat.,
1769 2278 1781 2299 l.
1805 2278 1874 2305 Epist.
1898 2279 1963 2306 epist.
1986 2278 2006 2300 6.

1159 2318 1232 2340 canit:
1251 2317 1363 2343 Gaudeat,
1382 2324 1409 2339 an
1431 2317 1516 2344 doleat,
1535 2317 1613 2345 cupiat
1630 2319 1757 2344 metumve,
1776 2317 1831 2345 quid
1850 2317 1879 2339 ad
1897 2318 1964 2339 rem?
1977 2329 2007 2334 —

1161 2357 1202 2377 l'ro
1220 2355 1316 2378 [tniinun
1333 2355 1385 2377 cdd.
1403 2354 1484 2377 animi.

1221 2394 1231 2409 θ
1251 2395 1313 2416 Vers.
1334 2395 1369 2416 13,
1388 2407 1416 2409 -
1435 2394 1503 2416 Ρειιιίι)
1521 2394 1615 2416 interius
1633 2400 1675 2421 pro
1693 2393 1805 2423 affectum
1822 2394 1889 2416 codd.
1908 2395 1924 2416 Α
1936 2395 1954 2416 K
1972 2395 2005 2423 af-

1157 2433 1287 2462 sectionem.

1222 2472 1231 2487 ⁷
1250 2473 1291 2494 Pro
1308 2478 1402 2495 omnem
1425 2472 1493 2494 codd,
1511 2474 1527 2494 Α
1540 2472 1555 2494 U
1567 2472 1585 2494 V
1604 2478 1759 2495 communem.
1775 2473 1895 2501 Aliquanto
1913 2473 2006 2495 interius

1161 2519 1202 2540 pro
1220 2513 1240 2534 et
1258 2512 1303 2535 Deo
1325 2512 1419 2540 acceptu
1443 2512 1510 2534 codd.
1529 2513 1544 2533 Α
1556 2512 1573 2533 G
1584 2512 1601 2533 U
1619 2513 1641 2534 rt
1661 2511 1711 2534 ideo
1728 2513 1834 2541 acceptu,
1855 2515 1877 2534 et
1894 2518 1946 2534 mox
1964 2518 2006 2540 pro

1158 2550 1185 2580 fit
1201 2550 1261 2573 t'llucl
1277 2550 1328 2572 cod.
1346 2550 1361 2571 κ’
1379 2550 1459 2572 aalma
1477 2550 1594 2572 innititur.

1222 2589 1231 2603 8
1250 2589 1376 2617 ltcspicitur
1389 2589 1443 2611 illud
1457 2590 1530 2611 Manli.
1543 2589 1565 2617 7,
1579 2589 1619 2611 24:
1632 2589 1711 2611 Omnis
1723 2596 1789 2617 ergo,
1803 2590 1842 2618 qui
1860 2590 1923 2611 audit
1935 2589 2005 2611 verba

1161 2634 1209 2650 mea
1232 2629 1287 2649 haec
1304 2631 1325 2650 et
1343 2628 1394 2649 tacit
1406 2634 1443 2656 ea,
1459 2628 1622 2650 assimilabitur
1635 2629 1684 2650 viro
1696 2629 1803 2656 sapienti,
1822 2629 1860 2657 qui
1879 2628 2006 2650 aedificarit

1161 2667 1256 2689 domum
1274 2673 1339 2688 suam
1357 2673 1425 2695 supra
1439 2670 1527 2695 petram
1540 2673 1581 2690 etc.
1594 2680 1624 2683 —-
1637 2669 1740 2695 August.,
1759 2668 1859 2689 Enarrat.
1880 2668 1901 2689 in
1916 2667 1949 2689 es.
1968 2667 2006 2689 64.

1161 2712 1181 2727 n.
1200 2706 1226 2727 3:
1245 2706 1289 2727 lam
1308 2705 1421 2727 desiderio
1439 2706 1469 2728 ibi
1488 2705 1525 2735 [in
1543 2705 1628 2735 caelis]
1646 2712 1738 2733 sumus,
1756 2707 1801 2728 iam
1822 2712 1887 2734 spem
1905 2707 1926 2727 in
1945 2706 2004 2727 illam

1160 2748 1244 2767 terram
1266 2746 1331 2773 quasi
1354 2751 1462 2767 ancoram
1486 2746 1662 2773 praemisimus,
1685 2751 1713 2767 ne
1733 2746 1755 2767 in
1777 2746 1819 2767 isto
1842 2746 1898 2766 mari
1922 2744 2005 2767 turbati

1161 2785 1325 2812 naufragemus
1342 2788 1383 2806 etc.
1396 2796 1427 2800 —
1440 2785 1481 2806 Pro
1499 2785 1521 2806 et
1533 2785 1659 2813 propterea
1678 2783 1740 2811 dixi,
1761 2783 1824 2812 quod
1836 2783 1920 2805 hahent
1937 2783 2004 2806 codd.

1160 2826 1182 2845 et
1198 2823 1259 2851 edd„
1278 2824 1299 2844 in
1317 2823 1484 2853 Supplemenlo
1503 2824 1612 2845 Summae
1630 2823 1689 2844 Alex.
1704 2823 1759 2850 Hal„
1772 2823 1935 2849 congruentius
1953 2822 2005 2850 logi·

1161 2865 1197 2884 tur
1222 2861 1272 2884 ideo
1290 2861 1384 2885 dicitur.

1223 2900 1232 2915 ⁹
1249 2900 1293 2923 Csr.
1317 2908 1386 2929 supra
1411 2908 1462 2929 pag.
1482 2901 1537 2929 388,
1561 2903 1611 2922 nota
1630 2901 1650 2921 2.
1667 2912 1699 2915 —
1715 2900 1783 2922 Panlo
1805 2902 1855 2922 aute
1877 2901 1929 2922 cdd.
1953 2902 2004 2923 voci

1160 2939 1253 2962 habitus
1270 2940 1399 2968 adiungunt
1414 2939 1542 2969 yrutuitus.
1560 2940 1582 2961 lu
1601 2939 1645 2961 fine
1662 2939 1727 2961 solut.
1751 2945 1793 2966 pro
1812 2938 1847 2962 rel
1864 2939 2003 2968 deformatis)

1160 2978 1226 3000 codd.
1245 2979 1261 3000 A
1273 2979 1291 3000 Ι(
1310 2980 1330 3001 el
1347 2978 1493 3007 deformatio.

2019 1525 2090 1543 Solutio
2103 1529 2136 1548 op-

2019 1548 2129 1572 positorum.
2163 1555 2164 1573 ;

2020 1622 2136 1641 Notandum.
2163 1609 2165 1616 y

2013 287 2118 310 tripliciter.
2164 298 2166 306 t
