2166 3366
91 1245 121 1264 Ad
133 1246 206 1269 opposi-

80 1271 127 1291 tum3
144 1271 208 1287 contra

80 1293 97 1311 1.
111 1294 191 1316 partem.

109 2115 178 2132 Contra
191 2115 208 2132 2.

94 2140 173 2161 partem.

226 178 283 206 890

224 255 387 292 iustificare
408 258 509 292 quarto
530 254 612 282 modo
634 253 816 288 iustificandi,
835 253 964 283 videlieet
985 262 1071 291 quan-

223 306 282 331 tum
305 302 340 330 ad
362 301 597 330 exercitationem
618 304 643 328 et
664 309 754 328 usum
776 300 924 334 iustitiae,
948 309 1001 329 non
1024 310 1071 330 au-

223 352 278 377 tem
301 352 435 385 quantum
459 347 494 375 ad
517 347 647 375 iustitiae
661 346 850 384 infusionem.
865 364 904 368 —-
919 348 949 376 Et
970 348 1009 376 sic
1025 356 1071 384 pa-

223 398 276 429 tet,
298 395 438 432 quomodo
459 394 639 431 intelligenda
660 397 702 423 est
723 395 776 423 ista
801 394 973 429 differentia,
995 395 1070 432 quod

904 176 1157 205 SENTENTIARUM
1179 177 1238 205 LlB.
1261 178 1300 205 lll.

1128 255 1182 283 Lex
1200 255 1335 292 Moysaiea
1350 259 1392 285 est
1406 257 1551 291 occidens,
1574 261 1601 286 et
1622 258 1678 286 Lex
1701 258 1860 295 evangelica
1881 262 1923 288 est
1937 259 1976 287 ὐἰ-

1127 300 1269 338 vzficctns;
1291 306 1364 338 patet
1380 303 1478 338 etiam,
1501 303 1622 341 qualiter
1638 304 1706 333 haec
1728 304 1850 333 dieitur¹
1873 305 1977 343 iustifi-

1129 356 1211 382 care,
1234 352 1261 377 et
1281 349 1329 377 illa
1350 350 1488 378 occidere.

986 506 1050 542 QUA
1056 506 1150 534 ESTlO
1172 506 1212 534 Ill.

277 605 316 632 De
338 603 503 642 differentia
518 605 674 643 utriusque
688 605 772 642 Legis
787 609 931 643 quantam
953 605 994 633 ad
1013 614 1087 633 onus·
1108 614 1275 640 amentum,
1297 606 1427 635 videlieet
1448 607 1525 645 quod
1546 608 1604 635 Lex
1622 608 1661 636 sz'c
1682 608 1726 636 lex
1745 609 1923 646 gyravimus,

828 657 1021 694 Evcmqelz'ttm
1043 665 1110 685 vero
1133 656 1177 685 leot
1198 657 1366 685 suavitatis.

300 768 393 795 Tertio
414 767 560 804 quaeritur
582 767 616 796 de
638 768 796 797 differentia
826 769 905 805 Legis
931 772 957 797 et
987 769 1071 797 Evan-

221 814 285 851 gelii
311 817 447 851 quantum
473 815 508 843 ad
524 823 594 843 onus
616 823 768 844 annexum.
791 815 898 844 Dicitur
916 815 990 844 enim
1012 816 1068 844 Lex

222 861 359 898 Moysaica
381 869 442 890 esse
458 861 504 889 lex
527 861 685 898 gravitatis,
707 866 733 890 et
748 862 804 891 Lex
826 862 987 898 evangeliea
1007 862 1072 890 diei-

220 911 266 936 tur
281 916 342 936 esse
364 908 410 936 lex
437 908 590 937 suavitatis.
607 908 638 936 Et
660 909 711 937 ista
726 909 883 937 differentia
898 909 1019 937 trahitur
1035 917 1070 937 ex

221 955 371 983 undecimo
383 954 393 970 2
412 955 557 984 Matthaei:
573 956 681 993 [aqam
696 956 773 983 enim
788 964 885 984 meum
906 965 998 984 suave
1013 960 1070 990 est,

221 1007 248 1031 et
268 1011 342 1031 onus
364 1011 460 1031 meam
482 1003 556 1036 leve;
578 1007 605 1031 et
626 1003 734 1032 decimo
749 1003 846 1040 quinto
868 1004 985 1032 Aetuttm
1005 1004 1072 1032 dicit

221 1050 320 1078 beatus
343 1050 451 1079 Petrus:
474 1050 528 1079 Hoc
543 1053 585 1079 est
606 1058 690 1083 onus,
705 1050 783 1088 quod
804 1059 893 1088 neque
908 1059 960 1078 nos
981 1059 1071 1088 neque

221 1101 322 1133 patres
343 1097 439 1125 nostri
456 1101 579 1134 portare
606 1097 766 1134 potuimus.
789 1097 890 1125 Contra
919 1097 1000 1125 istam
1024 1097 1072 1125 dif-

221 1144 367 1172 ferentiam
389 1144 540 1181 opponitur
563 1144 618 1173 sic:

304 1192 327 1219 1.
351 1191 377 1219 tn
407 1191 498 1227 prima
529 1191 666 1220 Canonica
687 1190 816 1219 Ioannis³
847 1191 965 1219 dicitur:
992 1191 1072 1219 Man-

222 1238 294 1267 data
316 1238 378 1266 eius
398 1238 508 1275 ,qravia
524 1246 580 1266 non
601 1242 686 1266 Stmt:
703 1245 770 1275 ergo
792 1238 813 1266 si
833 1239 887 1266 Lex
911 1242 992 1266 vetus
1010 1246 1072 1266 con-

221 1286 289 1314 tinet
311 1286 442 1314 mandata
469 1285 534 1320 Dei,
559 1286 684 1320 videtur,
712 1286 786 1322 quod
810 1293 864 1313 non
893 1285 928 1313 sit
954 1293 1072 1313 onerosa

222 1341 273 1362 nec
294 1333 396 1370 gravis.

300 1382 325 1409 Ξ.
348 1380 430 1414 Item,
452 1380 487 1408 ad
510 1381 647 1408 Romanos
663 1380 771 1408 decimo
794 1380 911 1408 tertio⁴2
930 1379 988 1415 Qui
1009 1379 1072 1407 ‹titt-

219 1428 262 1464 9it
280 1427 455 1464 proximam
477 1428 578 1465 Legem
605 1427 750 1464 implevit;
777 1427 825 1455 sed
848 1427 899 1455 hoc
926 1430 967 1455 est
990 1427 1071 1455 valde

220 1474 319 1508 facile,
341 1482 404 1502 cum
428 1474 463 1502 sit
491 1474 603 1502 omnino
632 1474 660 1501 in
682 1473 774 1502 cordis
803 1473 889 1502 nostri
917 1476 1070 1510 potestate:

221 1530 287 1559 ergo
302 1521 381 1550 facile
403 1522 455 1550 fnit
470 1522 621 1550 observare
633 1522 747 1558 Legem:
770 1529 837 1558 ergo
853 1521 909 1549 Lex
927 1520 973 1548 illa
988 1520 1071 1549 debet

221 1569 274 1598 diei
299 1569 342 1598 lex
366 1569 520 1603 facilitatis,
543 1577 596 1597 non
619 1569 772 1606 gravitatis.

300 1616 325 1644 3.
349 1617 432 1650 item,
455 1616 476 1645 si
495 1617 551 1645 Lex
567 1616 703 1653 Moysaica
721 1616 824 1645 dicitur
839 1624 900 1645 esse
916 1616 960 1644 lex
983 1615 1072 1652 gravi-

221 1664 300 1697 tatis,
321 1667 370 1691 aut
385 1664 437 1692 hoe
459 1664 562 1692 dicitur
576 1668 705 1700 respectu
722 1664 842 1692 hominis
857 1663 1000 1696 virtuosi,
1023 1666 1072 1692 aut

222 1714 350 1748 respectu
371 1711 534 1747 peccatoris
555 1714 581 1739 et
603 1711 706 1739 iniusti.
728 1711 753 1739 Si
777 1715 907 1747 respectu
928 1710 1071 1744 virtuosi,-

221 1761 335 1786 contra:
358 1758 404 1795 qui
429 1759 571 1786 virtuosus
593 1761 634 1786 est
653 1757 796 1786 caritatem
824 1757 908 1785 habet
929 1761 956 1786 et
977 1761 1070 1791 amat,

221 1809 248 1833 et
269 1805 362 1833 onmia
383 1805 474 1833 facilia
496 1808 561 1833 sunt
582 1805 684 1833 amanti
698 1805 715 1832 ⁵.
738 1805 763 1833 Si
787 1808 917 1841 respectu
943 1808 1071 1841 peecato-

221 1852 283 1885 ris;
304 1852 353 1880 sed
380 1855 509 1888 respectu
532 1852 594 1880 talis
623 1852 678 1880 Lex
703 1852 841 1888 Evangelii
872 1860 925 1880 non
951 1855 1071 1879 tantum-

222 1899 305 1926 modo
326 1903 367 1927 est
393 1899 502 1935 gravis,
531 1898 617 1926 immo
637 1898 750 1926 omnino
776 1898 976 1935 importabilis:
1003 1906 1070 1934 ergo

222 1954 274 1974 non
298 1945 419 1980 videtur,
441 1945 515 1982 quod
538 1953 623 1981 penes
645 1945 810 1982 gravitatem
826 1945 926 1973 debeat
943 1944 1070 1973 differen-

222 1993 260 2021 tia
281 1993 359 2029 Legis
381 2000 469 2020 novae
490 1995 517 2020 et
540 1992 642 2020 veteris
663 1991 809 2028 assignari.

248 2062 257 2067 .
302 2040 384 2073 item,
406 2039 536 2068 obiicitur
558 2043 654 2067 eontra
675 2039 836 2066 secundam
866 2042 972 2075 partem
996 2038 1071 2066 diffe-

222 2087 343 2115 rentiae:

302 2134 328 2162 lt.
351 2133 421 2170 Quia
447 2142 521 2161 «ars
543 2136 569 2162 et
592 2133 680 2161 virtus
702 2134 774 2161 cirea
791 2132 974 2161 difficilia⁶1>z
1004 2141 1070 2170 ergo

222 2180 270 2208 ubi
294 2180 381 2208 maior
404 2183 445 2208 est
467 2180 569 2213 virtus,
592 2179 628 2207 ibi
651 2179 741 2207 maior
763 2179 846 2208 debet
867 2187 928 2207 esse
954 2178 1071 2207 difficul-

222 2230 283 2259 tas3
305 2227 351 2255 sed
377 2226 682 2264 perfectiorisvirtutis
707 2229 773 2254 sunt
794 2226 920 2254 homines
946 2226 972 2253 in
1000 2226 1070 2262 Lege

1128 777 1199 796 nova
1234 776 1317 806 quam
1350 769 1377 797 in
1409 769 1515 798 veteri:
1552 778 1618 806 ergo
1649 770 1779 805 videtur,
1811 771 1887 808 quod
1919 772 1977 800 Lex

1129 823 1200 843 nova
1222 815 1322 844 debeat
1343 823 1403 844 esse
1425 817 1539 844 maioris
1561 817 1705 853 gravitatis
1728 820 1754 846 et
1776 817 1957 847 difficultatis.

1209 863 1234 890 5.
1256 862 1339 897 item,
1362 862 1503 891 difficilius
1525 866 1565 891 est
1587 864 1718 892 cohibere
1741 872 1853 893 manum
1875 868 1902 894 et
1923 865 1978 894 ani-

1129 917 1206 938 mum
1234 918 1318 946 quam
1342 918 1455 938 manum
1479 914 1589 938 tantum
1598 921 1605 944 ;
1627 911 1677 939 sed
1703 911 1883 948 Evangelium
1906 912 1978 940 cohi-

1129 957 1174 985 bet
1197 964 1309 985 manum
1333 960 1360 985 et
1374 957 1513 992 animum,
1536 958 1592 986 Lex
1614 966 1680 986 vero
1697 966 1811 986 manum
1831 962 1938 988 tantum
1953 959 1976 987 ⁷:

1128 1012 1195 1041 ergo
1216 1004 1330 1032 maioris
1356 1004 1528 1033 difficultatis
1549 1008 1591 1033 est
1622 1005 1679 1034 Lex
1705 1006 1864 1042 evangeliea
1892 1014 1977 1043 quam

1131 1052 1186 1080 Lex
1209 1051 1354 1088 Moysaica.

1209 1099 1233 1126 6.
1257 1099 1336 1133 ltem,
1359 1099 1433 1136 quod
1457 1099 1572 1136 apponit
1592 1099 1626 1127 ad
1649 1099 1771 1128 alterum
1792 1103 1833 1128 est
1860 1100 1907 1128 illo
1929 1100 1978 1129 dif-

1129 1145 1250 1179 fieilius;
1271 1146 1319 1174 sed
1342 1146 1398 1174 Lex
1416 1146 1554 1183 Evangelii
1577 1154 1607 1174 se
1628 1146 1713 1175 habet
1727 1156 1763 1176 ex
1785 1147 1926 1176 additione
1941 1148 1978 1176 ad

1129 1192 1227 1228 Legem
1255 1196 1392 1227 veterem,
1421 1193 1493 1221 sicut
1525 1196 1600 1230 patet
1621 1202 1656 1221 ex
1690 1194 1807 1230 [μιίῃῑο8
1828 1193 1976 1223 Matthaei:

1129 1246 1195 1274 ergo
1218 1239 1307 1266 maior
1327 1243 1369 1267 est
1390 1240 1514 1276 gravitas
1535 1243 1562 1268 et
1583 1240 1734 1269 difficultas
1757 1241 1783 1269 in
1806 1242 1876 1278 Lege
1893 1242 1978 1270 Evan-

1129 1285 1191 1322 gelii
1217 1294 1301 1322 quam
1328 1286 1355 1314 in
1377 1286 1448 1323 Lege
1463 1287 1568 1315 veteri:
1591 1295 1657 1324 ergo
1679 1287 1757 1315 nulla
1771 1291 1813 1316 est
1834 1288 1977 1325 praedicta

1128 1332 1293 1361 differentia.

1445 1435 1657 1456 CONCLUSIO.

1129 1521 1205 1549 Lz'eet
1227 1521 1284 1549 Lex
1305 1521 1474 1558 evangeliea
1495 1521 1594 1559 quoad
1614 1521 1795 1550 arduitatem
1811 1525 1978 1559 praecepto-

1207 1576 1277 1596 rum
1298 1568 1337 1596 stc
1355 1568 1481 1606 qravz'or
1505 1569 1575 1606 Leye
1595 1568 1702 1602 veteri,
1724 1568 1790 1597 iure
1819 1573 1916 1597 tamen
1937 1569 1978 1598 dt-

1208 1615 1286 1643 et'tur
1314 1615 1358 1643 lex
1378 1615 1554 1649 suavitatis,
1571 1615 1640 1644 haee
1661 1624 1729 1644 vero
1748 1615 1793 1644 lex
1805 1615 1977 1653 qravitatz‘s.

1209 1710 1387 1738 RasPONDEo:
1410 1710 1448 1738 Ad
1472 1710 1680 1746 praedictorum
1703 1710 1912 1746 intelligentiam
1935 1712 1977 1738 est

1129 1757 1296 1791 notandum,
1326 1757 1401 1793 quod
1430 1757 1465 1785 de
1487 1757 1530 1785 his
1559 1757 1670 1786 duabus
1692 1757 1810 1793 Legibus
1839 1761 1881 1785 est
1901 1756 2117 1793 loquiTriplexcorn·

1129 1803 1292 1840 tripliciter:
1315 1806 1364 1831 aut
1386 1803 1492 1831 ratione
1517 1807 1740 1839 praeceptorum
1767 1802 1975 1840 obligantium,
2003 1789 2082 1810 'mmm'

1128 1854 1177 1878 aut
1198 1850 1304 1878 ratione
1326 1849 1514 1887 affectionum
1529 1850 1720 1884 moventium,
1735 1853 1785 1878 aut
1804 1850 1910 1878 ratione
1926 1849 1977 1878 Sa-

1127 1901 1345 1925 cramentoram
1362 1897 1618 1925 adiuuantium&
1635 1897 1741 1926 ratione
1750 1900 1976 1934 praeceptorum

1127 1943 1340 1980 obliya=ntiztm,·
1361 1944 1400 1972 sie
1422 1951 1450 1972 se
1473 1943 1577 1972 habent
1599 1944 1670 1972 sicut
1691 1944 1856 1972 excedentia
1882 1946 1909 1972 et
1930 1950 2117 1972 ex-Couctusiot.

1127 1998 1213 2018 cessa.
1236 1990 1301 2018 Nam
1329 1993 1465 2026 quantum
1488 1990 1523 2018 ad
1552 1999 1710 2018 numerum
1732 1990 1809 2019 Lex⁹
1835 1993 1896 2018 erat
1917 1998 1977 2027 gra-

1127 2037 1187 2065 vior
1217 2040 1329 2073 propter
1360 2037 1569 2065 multitudinem
1591 2037 1763 2066 iudicialium
1794 2040 1821 2065 et
1841 2037 1974 2066 caerimo-

1128 2084 1257 2117 nialium:
1279 2088 1414 2121 quantum
1438 2092 1503 2113 vero
1524 2084 1559 2113 ad
1572 2083 1779 2121 perfectionem
1801 2088 1827 2112 et
1843 2084 1978 2113 arduita-

1128 2135 1182 2159 tem
1204 2131 1317 2168 gravius
1339 2135 1366 2159 et
1388 2131 1529 2160 difficilius
1551 2135 1592 2160 est
1615 2131 1811 2168 Evangelium,
1835 2131 1907 2159 sieut
1928 2131 1977 2159 dis-

1129 2178 1229 2206 ficiltus
1249 2182 1291 2207 est
1310 2178 1404 2206 vivere
1426 2178 1581 2206 seeundum
1607 2178 1776 2215 exigentiam
1800 2177 1976 2215 perfectionis

1127 2233 1210 2262 quam
1227 2225 1382 2254 secundum
1398 2224 1592 2253 sufficientiam
1606 2225 1675 2253 iuris
1686 2225 1875 2253 eommunis¹⁰.
1893 2225 1922 2253 Et
1937 2225 1976 2254 sic

288 2386 293 2400 ¹
312 2386 368 2409 Cod.
387 2386 403 2408 U
417 2385 518 2409 dicatur.
529 2399 559 2401 —
569 2386 627 2407 Vide
639 2386 741 2408 scholion
754 2385 782 2407 ad
796 2385 972 2413 praecedentem
985 2388 1071 2413 quaest.

285 2426 294 2439 ἵ
313 2427 377 2447 Vei-s.
396 2426 432 2447 30.
444 2426 534 2454 -Seq.
549 2428 622 2447 textus
634 2428 668 2447 est
685 2427 731 2446 Act.
749 2424 786 2452 15,
803 2425 843 2446 lO:
861 2425 925 2446 Nunc
942 2430 998 2452 ergo
1017 2424 1072 2452 quid

224 2466 312 2487 tentatis
329 2465 415 2491 Deum,
433 2465 552 2492 imponere
570 2465 651 2492 iugum
669 2470 740 2491 super
761 2465 863 2486 vervices
889 2463 1071 2491 discipulorum,

223 2505 285 2532 quod
304 2511 379 2533 noque
396 2509 437 2527 etc.

285 2543 294 2558 ³
310 2543 365 2571 Cap.
384 2543 409 2571 5,
429 2544 449 2565 3.

286 2582 295 2597 ⁴
313 2584 377 2605 Vers.
396 2584 416 2604 8.
436 2595 465 2598 —
483 2583 552 2604 Paulo
570 2582 665 2604 interius
687 2588 729 2609 pro
747 2581 824 2605 cordis
841 2581 919 2604 *nostri
935 2587 980 2603 non
1003 2581 1070 2608 pauci

223 2623 289 2645 codd.
308 2628 360 2644 cum
379 2622 431 2645 edd.
454 2623 473 2649 1,
493 2623 505 2643 ‘2
524 2621 602 2645 cordi-s·
618 2621 669 2649 siti,
689 2622 739 2643 cod.
758 2622 773 2642 Z
792 2624 879 2643 tantum
897 2620 983 2643 cordis.

285 2661 293 2675 ⁵
313 2662 433 2689 Bornard.,
453 2662 526 2683 Serm.
548 2661 560 2682 1.
579 2662 600 2682 in
620 2661 684 2682 Dom.
699 2661 841 2688 Dalmat-um,
860 2666 880 2682 n.
900 2661 925 2681 2:
938 2660 1027 2681 Amanti
1041 2659 1070 2680 nil

224 2701 314 2723 ditm-ilo
333 2704 372 2723 est.
392 2702 487 2728 August.
506 2701 528 2722 in
546 2700 605 2721 lonn.
625 2700 710 2727 Evang.
729 2703 755 2721 tr.
774 2699 810 2721 48.
829 2706 850 2721 n.
870 2700 877 2719 l
892 2706 897 2721 ι
915 2699 990 2721 Nostis
1001 2699 1070 2726 enim,

224 2741 332 2768 quoniam
352 2741 390 2768 qui
408 2742 469 2761 amat
492 2745 535 2761 non
562 2738 656 2761 laborat.
675 2738 754 2760 Omnis
771 2739 831 2760 enim
850 2738 915 2760 labor
933 2744 976 2759 non
994 2743 1070 2759 aman-

225 2777 285 2799 tibus
303 2778 381 2805 grauis
398 2780 437 2799 ost.
456 2777 530 2798 Serui.
548 2777 585 2798 70.
609 2776 674 2801 (alias
692 2776 712 2797 9.
740 2775 768 2797 de
795 2775 872 2797 verbis
890 2775 988 2803 Domini)
1012 2781 1030 2796 c.
1049 2774 1069 2796 3.

224 2822 244 2837 n.
259 2816 287 2837 3:
301 2816 380 2837 Omnia
404 2817 464 2837 onim
491 2821 558 2837 saeva
577 2818 598 2837 et
623 2815 730 2836 immania
756 2820 851 2842 prorsus
869 2814 940 2836 facilia
958 2818 980 2836 et
997 2820 1070 2841 prone

223 2855 281 2876 nulla
300 2855 367 2876 efficit
384 2861 455 2877 amor.

285 2893 294 2907 6
312 2894 442 2915 Secundum
461 2895 566 2919 Aristot,
585 2894 624 2915 cfr.
643 2900 711 2921 supro
731 2900 783 2921 pag.
803 2892 860 2919 488,
879 2895 930 2914 notu
952 2893 970 2914 1.

285 2932 294 2946 ⁷
312 2932 356 2954 Csiz
375 2934 410 2954 liic
428 2934 457 2955 lit.
476 2934 587 2960 Magistri,
606 2939 624 2954 c.
647 2933 663 2954 l.
682 2932 740 2954 Vide
765 2933 833 2954 etiam
859 2932 938 2954 Gulivl.
964 2932 1070 2953 Autissio-

224 2971 286 2999 cloia,
304 2972 326 2993 S.
345 2978 366 2999 p.
384 2972 419 2993 lV.
438 2975 463 2993 tr.
484 2973 503 2993 l.
522 2978 540 2994 c.
559 2973 584 2999 2,
602 2972 641 2994 ubi
659 2973 720 2993 hune
736 2971 845 3000 loquendi
871 2971 967 2993 modum
992 2970 1070 2992 tribuit

1130 2386 1264 2412 Augustino.
1283 2385 1343 2406 Alex.
1362 2384 1423 2411 Hah,
1442 2385 1463 2406 S.
1482 2390 1503 2411 p.
1523 2384 1553 2405 lll.
1572 2390 1594 2412 q.
1608 2383 1644 2404 56.
1658 2389 1688 2404 m.
1706 2383 1727 2404 6.
1745 2389 1764 2404 a.
1784 2383 1804 2404 2.
1823 2385 1836 2410 ¹5
1849 2382 1877 2410 t,
1895 2383 1978 2410 allegat.

1129 2425 1233 2446 Glossam
1251 2431 1322 2452 super
1340 2424 1392 2445 illud
1413 2423 1466 2445 Phil.
1485 2424 1511 2450 3,
1530 2424 1559 2445 9:
1577 2422 1682 2450 Iustitia,
1695 2428 1755 2451 quae
1773 2428 1803 2444 ecc
1814 2421 1858 2451 fide
1875 2422 1926 2444 est.-
1944 2422 1975 2443 lu-

1129 2464 1186 2485 stitia
1201 2469 1244 2485 non
1257 2469 1325 2490 vera.
1344 2468 1403 2491 quae
1421 2468 1447 2484 ex
1459 2462 1520 2489 Lege
1538 2464 1582 2489 est,
1595 2467 1654 2490 quae
1672 2467 1755 2483 manus
1772 2461 1915 2488 comprimit,
1930 2466 1974 2482 non

1128 2503 1245 2529 animum,
1264 2508 1323 2530 quae
1342 2503 1434 2528 timore,
1454 2507 1497 2522 non
1516 2507 1595 2522 amore
1613 2501 1700 2522 servire
1718 2500 1776 2521 tacit.
1790 2500 1813 2521 B.
1832 2499 1927 2527 tilbert.y
1940 2500 1976 2521 hic

1129 2548 1148 2562 a.
1167 2541 1190 2564 3.
1210 2541 1274 2562 affert
1291 2540 1394 2562 Glossani
1412 2546 1483 2567 snper
1502 2539 1570 2561 Exod.
1590 2539 1626 2566 20,
1649 2539 1681 2560 17.
1700 2539 1744 2560 St'tl
1763 2538 1859 2560 strabus
1876 2538 1976 2566 etLyra-

1129 2586 1172 2602 nus
1190 2586 1265 2608 neque
1283 2581 1341 2601 lianc
1354 2585 1429 2608 neque
1441 2579 1502 2601 illam
1522 2579 1626 2600 Glossam
1639 2577 1753 2600 exhibent.
1767 2578 1883 2599 invenitur
1900 2580 1975 2599 autem

1128 2620 1165 2641 liic
1182 2618 1290 2647 loquendi
1309 2618 1393 2640 modus
1411 2621 1458 2640 tum
1477 2619 1498 2639 in
1517 2617 1644 2640 Counment.
1662 2623 1732 2644 super
1751 2617 1867 2644 Psalmos,
1885 2617 1924 2644 qui
1942 2620 1976 2638 est

1128 2659 1185 2680 inter
1202 2664 1271 2685 opera
1291 2658 1375 2685 Bedae,
1394 2660 1442 2679 tum
1460 2657 1523 2684 apud
1542 2657 1621 2684 ttaym.
1640 2657 1661 2677 in
1681 2656 1713 2677 l‘s.
1734 2656 1772 2683 18,
1791 2656 1812 2677 8.

1190 2696 1199 2711 ⁸
1218 2697 1282 2719 Vers.
1301 2697 1337 2718 21.
1356 2703 1420 2725 seqq.
1438 2709 1468 2711 —
1486 2695 1530 2718 Csr.
1549 2701 1618 2722 supra
1636 2701 1689 2723 pag.
1708 2695 1765 2722 8²21,
1784 2697 1835 2716 nota
1854 2693 1875 2715 4.

1190 2736 1200 2750 ‘³
1216 2735 1288 2758 Codd.
1306 2736 1323 2757 Κ
1335 2736 1351 2757 Ζ
1368 2735 1457 2757 addunt
1473 2736 1553 2762 vetus,
1574 2737 1596 2756 et
1621 2737 1672 2761 post
1696 2733 1795 2763 yruez'or
1817 2733 1867 2755 cod.
1886 2733 1902 2754 Α
1921 2733 1975 2755 adii-

1127 2776 1156 2797 cit
1173 2774 1283 2798 videlicet.

1192 2813 1210 2827 ¹0
1227 2814 1301 2835 tltatth.
1319 2813 1341 2839 7,
1364 2812 1404 2834 tt:
1422 2813 1496 2840 Quam
1512 2815 1607 2840 angusta
1622 2815 1686 2839 porta
1699 2814 1721 2833 et
1732 2814 1792 2833 arcta
1806 2811 1842 2832 via
1856 2813 1900 2837 est,
1914 2816 1974 2838 quae

1128 2853 1190 2875 ducit
1207 2853 1236 2874 ad
1254 2853 1336 2880 ritum,
1353 2854 1375 2874 et
1394 2853 1459 2879 pauci
1477 2854 1541 2879 sunt,
1560 2852 1598 2879 qui
1617 2851 1735 2872 inveniunt
1751 2855 1810 2871 eam.
1828 2862 1858 2864 —
1875 2849 1907 2871 De
1926 2856 1973 2877 per-

1127 2892 1223 2913 fectione
1247 2890 1400 2920 sufficientiae
1425 2893 1466 2912 etc.
1493 2890 1532 2911 cfr.
1559 2895 1628 2916 supra
1647 2888 1668 2910 d.
1687 2889 1723 2910 30.
1742 2894 1763 2916 q.
1782 2888 1802 2909 3.
1822 2889 1843 2909 in
1862 2893 1925 2915 corp.
1943 2900 1974 2904 —-

1126 2930 1181 2953 Cod.
1200 2930 1215 2951 Z
1233 2936 1275 2957 pro
1293 2928 1423 2952 seeundum
1447 2928 1626 2958 sufficientiam,
1646 2927 1762 2949 substituit
1778 2926 1909 2949 set-unctam
1926 2926 1973 2949 ewi-

1126 2969 1236 2999 yenttum.
