<?xml version="1.0" encoding="UTF-8"?>
<!DOCTYPE html PUBLIC "-//W3C//DTD XHTML 1.0 Transitional//EN"
    "http://www.w3.org/TR/xhtml1/DTD/xhtml1-transitional.dtd">
<html xmlns="http://www.w3.org/1999/xhtml" xml:lang="en" lang="en">
 <head>
  <title>
</title>
<meta http-equiv="Content-Type" content="text/html;charset=utf-8" />
  <meta name='ocr-system' content='tesseract 3.04.00' />
  <meta name='ocr-capabilities' content='ocr_page ocr_carea ocr_par ocr_line ocrx_word'/>
</head>
<body>
  <div class='ocr_page' id='page_1' title='image "./doctorisseraphic03bona_0858.png"; bbox 0 0 2166 3366; ppageno 0'>
   <div class='ocr_carea' id='block_1_1' title="bbox 100 858 231 907">
    <p class='ocr_par' dir='ltr' id='par_1_1' title="bbox 100 858 231 907">
     <span class='ocr_line' id='line_1_1' title="bbox 100 858 231 883; baseline -0.008 -5"><span class='ocrx_word' id='word_1_1' title='bbox 100 859 188 883; x_wconf 72' lang='lat' dir='ltr'><strong>Quaestio</strong></span> <span class='ocrx_word' id='word_1_2' title='bbox 197 858 231 877; x_wconf 87' lang='lat' dir='ltr'>du·</span> 
     </span>
     <span class='ocr_line' id='line_1_2' title="bbox 135 884 184 907; baseline -0.02 -5"><span class='ocrx_word' id='word_1_3' title='bbox 135 884 184 907; x_wconf 81' lang='lat' dir='ltr'>plex.</span> 
     </span>
    </p>
   </div>
   <div class='ocr_carea' id='block_1_2' title="bbox 113 1000 231 1066">
    <p class='ocr_par' dir='ltr' id='par_1_2' title="bbox 113 1000 231 1066">
     <span class='ocr_line' id='line_1_3' title="bbox 113 1000 231 1023; baseline -0.017 -4"><span class='ocrx_word' id='word_1_4' title='bbox 113 1000 143 1019; x_wconf 76' lang='lat' dir='ltr'>Ad</span> <span class='ocrx_word' id='word_1_5' title='bbox 152 1000 231 1023; x_wconf 82' lang='lat' dir='ltr'>primam</span> 
     </span>
     <span class='ocr_line' id='line_1_4' title="bbox 115 1025 231 1050; baseline -0.009 -8"><span class='ocrx_word' id='word_1_6' title='bbox 115 1025 173 1050; x_wconf 80' lang='lat' dir='ltr'>uaest.</span> <span class='ocrx_word' id='word_1_7' title='bbox 179 1047 183 1050; x_wconf 33' lang='grc' dir='ltr'>ι</span> <span class='ocrx_word' id='word_1_8' title='bbox 189 1028 231 1042; x_wconf 84' lang='lat' dir='ltr'>eum</span> 
     </span>
     <span class='ocr_line' id='line_1_5' title="bbox 115 1049 228 1066; baseline 0 -1"><span class='ocrx_word' id='word_1_9' title='bbox 115 1049 228 1066; x_wconf 78' lang='lat' dir='ltr'>istincnone.</span> 
     </span>
    </p>
   </div>
   <div class='ocr_carea' id='block_1_3' title="bbox 131 1798 237 1840">
    <p class='ocr_par' dir='ltr' id='par_1_3' title="bbox 131 1798 237 1840">
     <span class='ocr_line' id='line_1_6' title="bbox 131 1798 237 1816; baseline -0.009 0"><span class='ocrx_word' id='word_1_10' title='bbox 131 1798 160 1816; x_wconf 79' lang='lat' dir='ltr'>Ad</span> <span class='ocrx_word' id='word_1_11' title='bbox 171 1802 237 1816; x_wconf 77' lang='lat' dir='ltr'>secun-</span> 
     </span>
     <span class='ocr_line' id='line_1_7' title="bbox 143 1822 192 1840; baseline -0.02 0"><span class='ocrx_word' id='word_1_12' title='bbox 143 1822 192 1840; x_wconf 81' lang='lat' dir='ltr'>dam.</span> 
     </span>
    </p>
   </div>
   <div class='ocr_carea' id='block_1_4' title="bbox 122 1985 236 2004">
    <p class='ocr_par' dir='ltr' id='par_1_4' title="bbox 122 1985 236 2004">
     <span class='ocr_line' id='line_1_8' title="bbox 122 1985 236 2004; baseline -0.009 0"><span class='ocrx_word' id='word_1_13' title='bbox 122 1985 236 2004; x_wconf 73' lang='lat' dir='ltr'>Notandum.</span> 
     </span>
    </p>
   </div>
   <div class='ocr_carea' id='block_1_5' title="bbox 237 214 294 242">
    <p class='ocr_par' dir='ltr' id='par_1_5' title="bbox 237 214 294 242">
     <span class='ocr_line' id='line_1_9' title="bbox 237 214 294 242; baseline 0 0"><span class='ocrx_word' id='word_1_14' title='bbox 237 214 294 242; x_wconf 71' lang='lat'>834</span> 
     </span>
    </p>
   </div>
   <div class='ocr_carea' id='block_1_6' title="bbox 237 286 1104 2344">
    <p class='ocr_par' dir='ltr' id='par_1_6' title="bbox 237 286 1090 796">
     <span class='ocr_line' id='line_1_10' title="bbox 237 286 1086 323; baseline -0.007 -3"><span class='ocrx_word' id='word_1_15' title='bbox 237 292 310 320; x_wconf 90' lang='lat' dir='ltr'>tione</span> <span class='ocrx_word' id='word_1_16' title='bbox 325 294 353 319; x_wconf 90' lang='lat' dir='ltr'>et</span> <span class='ocrx_word' id='word_1_17' title='bbox 373 290 502 318; x_wconf 86' lang='lat' dir='ltr'>voluntas</span> <span class='ocrx_word' id='word_1_18' title='bbox 517 287 669 317; x_wconf 89' lang='lat' dir='ltr'>occidendi.</span> <span class='ocrx_word' id='word_1_19' title='bbox 686 304 724 308; x_wconf 89' lang='lat'>——</span> <span class='ocrx_word' id='word_1_20' title='bbox 738 287 821 321; x_wconf 87' lang='lat' dir='ltr'>Item,</span> <span class='ocrx_word' id='word_1_21' title='bbox 842 286 929 315; x_wconf 84' lang='lat' dir='ltr'>Exodi</span> <span class='ocrx_word' id='word_1_22' title='bbox 951 286 1086 323; x_wconf 86' lang='lat' dir='ltr'>vigesimo</span> 
     </span>
     <span class='ocr_line' id='line_1_11' title="bbox 237 333 1086 371; baseline -0.006 -5"><span class='ocrx_word' id='word_1_23' title='bbox 237 337 394 366; x_wconf 89' lang='lat' dir='ltr'>secundo¹:</span> <span class='ocrx_word' id='word_1_24' title='bbox 427 334 570 371; x_wconf 77' lang='lat' dir='ltr'>Malelicos</span> <span class='ocrx_word' id='word_1_25' title='bbox 602 343 659 362; x_wconf 79' lang='lat' dir='ltr'>non</span> <span class='ocrx_word' id='word_1_26' title='bbox 689 334 813 371; x_wconf 78' lang='lat' dir='ltr'>patieris</span> <span class='ocrx_word' id='word_1_27' title='bbox 834 334 952 367; x_wconf 76' lang='lat' dir='ltr'>vivere;</span> <span class='ocrx_word' id='word_1_28' title='bbox 974 333 1001 361; x_wconf 91' lang='lat' dir='ltr'>in</span> <span class='ocrx_word' id='word_1_29' title='bbox 1031 341 1086 370; x_wconf 88' lang='lat' dir='ltr'>quo</span> 
     </span>
     <span class='ocr_line' id='line_1_12' title="bbox 238 380 1086 420; baseline -0.006 -7"><span class='ocrx_word' id='word_1_30' title='bbox 238 384 368 413; x_wconf 84' lang='lat' dir='ltr'>mandato</span> <span class='ocrx_word' id='word_1_31' title='bbox 389 382 560 420; x_wconf 88' lang='lat' dir='ltr'>praecipitur</span> <span class='ocrx_word' id='word_1_32' title='bbox 582 381 750 410; x_wconf 73' lang='lat' dir='ltr'>interfectio:</span> <span class='ocrx_word' id='word_1_33' title='bbox 773 389 839 417; x_wconf 83' lang='lat' dir='ltr'>ergo</span> <span class='ocrx_word' id='word_1_34' title='bbox 862 380 988 414; x_wconf 88' lang='lat' dir='ltr'>videtur,</span> <span class='ocrx_word' id='word_1_35' title='bbox 1010 380 1086 416; x_wconf 90' lang='lat' dir='ltr'>quod</span> 
     </span>
     <span class='ocr_line' id='line_1_13' title="bbox 238 426 1086 468; baseline -0.006 -9"><span class='ocrx_word' id='word_1_36' title='bbox 238 430 423 468; x_wconf 76' lang='lat' dir='ltr'>repugnantia</span> <span class='ocrx_word' id='word_1_37' title='bbox 438 429 472 458; x_wconf 90' lang='lat' dir='ltr'>sit</span> <span class='ocrx_word' id='word_1_38' title='bbox 494 429 565 457; x_wconf 88' lang='lat' dir='ltr'>inter</span> <span class='ocrx_word' id='word_1_39' title='bbox 580 428 745 456; x_wconf 84' lang='lat' dir='ltr'>mandatum</span> <span class='ocrx_word' id='word_1_40' title='bbox 760 427 873 456; x_wconf 79' lang='lat' dir='ltr'>morale</span> <span class='ocrx_word' id='word_1_41' title='bbox 891 430 918 455; x_wconf 91' lang='lat' dir='ltr'>et</span> <span class='ocrx_word' id='word_1_42' title='bbox 940 426 1086 455; x_wconf 82' lang='lat' dir='ltr'>iudiciale.</span> 
     </span>
     <span class='ocr_line' id='line_1_14' title="bbox 237 473 1088 513; baseline -0.006 -7"><span class='ocrx_word' id='word_1_43' title='bbox 237 478 369 511; x_wconf 85' lang='grc'><strong>-110111,</strong></span> <span class='ocrx_word' id='word_1_44' title='bbox 393 484 456 505; x_wconf 89' lang='lat' dir='ltr'>cum</span> <span class='ocrx_word' id='word_1_45' title='bbox 479 475 646 513; x_wconf 80' lang='lat' dir='ltr'>prohibetur</span> <span class='ocrx_word' id='word_1_46' title='bbox 667 475 780 509; x_wconf 85' lang='lat' dir='ltr'>occisio,</span> <span class='ocrx_word' id='word_1_47' title='bbox 795 477 843 503; x_wconf 89' lang='lat' dir='ltr'>aut</span> <span class='ocrx_word' id='word_1_48' title='bbox 865 473 1029 510; x_wconf 81' lang='lat' dir='ltr'>intelligitur</span> <span class='ocrx_word' id='word_1_49' title='bbox 1045 481 1088 509; x_wconf 85' lang='lat' dir='ltr'>ge-</span> 
     </span>
     <span class='ocr_line' id='line_1_15' title="bbox 237 520 1088 561; baseline -0.006 -8"><span class='ocrx_word' id='word_1_50' title='bbox 237 525 370 553; x_wconf 87' lang='lat' dir='ltr'>neraliter</span> <span class='ocrx_word' id='word_1_51' title='bbox 392 524 427 552; x_wconf 91' lang='lat' dir='ltr'>de</span> <span class='ocrx_word' id='word_1_52' title='bbox 442 522 565 561; x_wconf 75' lang='lat' dir='ltr'>quolibet</span> <span class='ocrx_word' id='word_1_53' title='bbox 585 522 667 556; x_wconf 82' lang='lat' dir='ltr'>vivo,</span> <span class='ocrx_word' id='word_1_54' title='bbox 682 525 731 551; x_wconf 84' lang='lat' dir='ltr'>aut</span> <span class='ocrx_word' id='word_1_55' title='bbox 746 521 910 557; x_wconf 78' lang='lat' dir='ltr'>intelligitur</span> <span class='ocrx_word' id='word_1_56' title='bbox 930 520 1088 557; x_wconf 86' lang='lat' dir='ltr'>specialiter</span> 
     </span>
     <span class='ocr_line' id='line_1_16' title="bbox 239 567 1088 608; baseline -0.006 -8"><span class='ocrx_word' id='word_1_57' title='bbox 239 572 273 600; x_wconf 85' lang='lat' dir='ltr'>(le</span> <span class='ocrx_word' id='word_1_58' title='bbox 291 570 439 608; x_wconf 72' lang='lat' dir='ltr'>proacz&#39;mo.</span> <span class='ocrx_word' id='word_1_59' title='bbox 466 570 493 598; x_wconf 89' lang='lat' dir='ltr'>Si</span> <span class='ocrx_word' id='word_1_60' title='bbox 515 569 682 606; x_wconf 85' lang='lat' dir='ltr'>generaliter</span> <span class='ocrx_word' id='word_1_61' title='bbox 704 569 738 598; x_wconf 91' lang='lat' dir='ltr'>de</span> <span class='ocrx_word' id='word_1_62' title='bbox 767 568 890 606; x_wconf 77' lang='lat' dir='ltr'>quolibet</span> <span class='ocrx_word' id='word_1_63' title='bbox 910 567 992 596; x_wconf 82' lang='lat' dir='ltr'>vivo:</span> <span class='ocrx_word' id='word_1_64' title='bbox 1021 575 1088 604; x_wconf 83' lang='lat' dir='ltr'>ergo</span> 
     </span>
     <span class='ocr_line' id='line_1_17' title="bbox 238 614 1090 656; baseline -0.006 -9"><span class='ocrx_word' id='word_1_65' title='bbox 238 620 335 656; x_wconf 82' lang='lat' dir='ltr'>peccat</span> <span class='ocrx_word' id='word_1_66' title='bbox 356 618 403 655; x_wconf 93' lang='lat' dir='ltr'>qui</span> <span class='ocrx_word' id='word_1_67' title='bbox 426 617 526 646; x_wconf 83' lang='lat' dir='ltr'>occidit</span> <span class='ocrx_word' id='word_1_68' title='bbox 549 624 673 645; x_wconf 87' lang='lat' dir='ltr'>muscam</span> <span class='ocrx_word' id='word_1_69' title='bbox 695 618 722 644; x_wconf 88' lang='lat' dir='ltr'>et</span> <span class='ocrx_word' id='word_1_70' title='bbox 743 615 922 652; x_wconf 78' lang='lat' dir='ltr'>pediculum;</span> <span class='ocrx_word' id='word_1_71' title='bbox 945 614 1019 651; x_wconf 91' lang='lat' dir='ltr'>quod</span> <span class='ocrx_word' id='word_1_72' title='bbox 1044 614 1090 642; x_wconf 86' lang='lat' dir='ltr'>ab·</span> 
     </span>
     <span class='ocr_line' id='line_1_18' title="bbox 239 661 1088 700; baseline -0.006 -6"><span class='ocrx_word' id='word_1_73' title='bbox 239 665 359 694; x_wconf 88' lang='lat' dir='ltr'>surdum</span> <span class='ocrx_word' id='word_1_74' title='bbox 381 667 423 693; x_wconf 84' lang='lat' dir='ltr'>est</span> <span class='ocrx_word' id='word_1_75' title='bbox 437 667 463 693; x_wconf 89' lang='lat' dir='ltr'>et</span> <span class='ocrx_word' id='word_1_76' title='bbox 478 671 637 692; x_wconf 90' lang='lat' dir='ltr'>erroneum.</span> <span class='ocrx_word' id='word_1_77' title='bbox 660 662 685 691; x_wconf 91' lang='lat' dir='ltr'>Si</span> <span class='ocrx_word' id='word_1_78' title='bbox 708 662 864 700; x_wconf 83' lang='lat' dir='ltr'>specialiter</span> <span class='ocrx_word' id='word_1_79' title='bbox 880 662 914 691; x_wconf 89' lang='lat' dir='ltr'>de</span> <span class='ocrx_word' id='word_1_80' title='bbox 932 661 1088 698; x_wconf 73' lang='lat' dir='ltr'>proximo:</span> 
     </span>
     <span class='ocr_line' id='line_1_19' title="bbox 240 708 1088 749; baseline -0.006 -8"><span class='ocrx_word' id='word_1_81' title='bbox 240 721 306 749; x_wconf 87' lang='lat' dir='ltr'>ergo</span> <span class='ocrx_word' id='word_1_82' title='bbox 328 720 381 740; x_wconf 89' lang='lat' dir='ltr'>non</span> <span class='ocrx_word' id='word_1_83' title='bbox 408 712 520 741; x_wconf 89' lang='lat' dir='ltr'>videtur</span> <span class='ocrx_word' id='word_1_84' title='bbox 549 718 665 748; x_wconf 82' lang='lat' dir='ltr'>peccare</span> <span class='ocrx_word' id='word_1_85' title='bbox 692 710 739 747; x_wconf 89' lang='lat' dir='ltr'>qni</span> <span class='ocrx_word' id='word_1_86' title='bbox 761 709 862 738; x_wconf 86' lang='lat' dir='ltr'>occidit</span> <span class='ocrx_word' id='word_1_87' title='bbox 889 708 1088 745; x_wconf 88' lang='lat' dir='ltr'>semetipsum,</span> 
     </span>
     <span class='ocr_line' id='line_1_20' title="bbox 240 757 751 796; baseline -0.006 -8"><span class='ocrx_word' id='word_1_88' title='bbox 240 759 284 788; x_wconf 89' lang='lat' dir='ltr'>vel</span> <span class='ocrx_word' id='word_1_89' title='bbox 306 759 354 796; x_wconf 87' lang='lat' dir='ltr'>qui</span> <span class='ocrx_word' id='word_1_90' title='bbox 375 758 476 787; x_wconf 88' lang='lat' dir='ltr'>occidit</span> <span class='ocrx_word' id='word_1_91' title='bbox 497 758 598 786; x_wconf 88' lang='lat' dir='ltr'>bovem</span> <span class='ocrx_word' id='word_1_92' title='bbox 619 757 751 786; x_wconf 88' lang='lat' dir='ltr'>alienum.</span> 
     </span>
    </p>

    <p class='ocr_par' dir='ltr' id='par_1_7' title="bbox 241 801 1092 936">
     <span class='ocr_line' id='line_1_21' title="bbox 320 801 1092 841; baseline -0.005 -8"><span class='ocrx_word' id='word_1_93' title='bbox 320 806 365 833; x_wconf 88' lang='lat' dir='ltr'>Est</span> <span class='ocrx_word' id='word_1_94' title='bbox 387 805 472 841; x_wconf 84' lang='lat' dir='ltr'>igitur</span> <span class='ocrx_word' id='word_1_95' title='bbox 493 804 633 841; x_wconf 83' lang='lat' dir='ltr'>quaestio,</span> <span class='ocrx_word' id='word_1_96' title='bbox 651 803 717 840; x_wconf 92' lang='lat' dir='ltr'>quid</span> <span class='ocrx_word' id='word_1_97' title='bbox 734 803 762 831; x_wconf 90' lang='lat' dir='ltr'>in</span> <span class='ocrx_word' id='word_1_98' title='bbox 783 803 836 831; x_wconf 85' lang='lat' dir='ltr'>hoc</span> <span class='ocrx_word' id='word_1_99' title='bbox 852 802 983 831; x_wconf 88' lang='lat' dir='ltr'>mandato</span> <span class='ocrx_word' id='word_1_100' title='bbox 998 801 1092 838; x_wconf 90' lang='lat' dir='ltr'>prohi-</span> 
     </span>
     <span class='ocr_line' id='line_1_22' title="bbox 241 847 1091 888; baseline -0.007 -7"><span class='ocrx_word' id='word_1_101' title='bbox 241 852 356 886; x_wconf 80' lang='lat' dir='ltr'>beatur3</span> <span class='ocrx_word' id='word_1_102' title='bbox 385 854 412 880; x_wconf 87' lang='lat' dir='ltr'>et</span> <span class='ocrx_word' id='word_1_103' title='bbox 440 851 507 888; x_wconf 90' lang='lat' dir='ltr'>quid</span> <span class='ocrx_word' id='word_1_104' title='bbox 530 851 613 879; x_wconf 87' lang='lat' dir='ltr'>etiam</span> <span class='ocrx_word' id='word_1_105' title='bbox 643 849 709 878; x_wconf 91' lang='lat' dir='ltr'>huic</span> <span class='ocrx_word' id='word_1_106' title='bbox 733 849 864 877; x_wconf 88' lang='lat' dir='ltr'>mandato</span> <span class='ocrx_word' id='word_1_107' title='bbox 893 848 918 876; x_wconf 94' lang='lat' dir='ltr'>in</span> <span class='ocrx_word' id='word_1_108' title='bbox 942 847 1091 884; x_wconf 86' lang='lat' dir='ltr'>Evangelio</span> 
     </span>
     <span class='ocr_line' id='line_1_23' title="bbox 242 898 459 936; baseline -0.005 -9"><span class='ocrx_word' id='word_1_109' title='bbox 242 898 459 936; x_wconf 79' lang='lat' dir='ltr'>superaddatur.</span> 
     </span>
    </p>

    <p class='ocr_par' dir='ltr' id='par_1_8' title="bbox 240 941 1096 1586">
     <span class='ocr_line' id='line_1_24' title="bbox 305 941 1092 981; baseline -0.006 -7"><span class='ocrx_word' id='word_1_110' title='bbox 305 946 500 980; x_wconf 63' lang='grc' dir='ltr'>,ΗΕεΡοΝοΕοῑ</span> <span class='ocrx_word' id='word_1_111' title='bbox 533 944 704 978; x_wconf 83' lang='lat' dir='ltr'>Dicendum,</span> <span class='ocrx_word' id='word_1_112' title='bbox 731 943 806 981; x_wconf 91' lang='lat' dir='ltr'>quod</span> <span class='ocrx_word' id='word_1_113' title='bbox 828 942 978 980; x_wconf 89' lang='lat' dir='ltr'>dupliciter</span> <span class='ocrx_word' id='word_1_114' title='bbox 992 945 1035 971; x_wconf 86' lang='lat' dir='ltr'>est</span> <span class='ocrx_word' id='word_1_115' title='bbox 1056 941 1092 969; x_wconf 92' lang='lat' dir='ltr'>lo-</span> 
     </span>
     <span class='ocr_line' id='line_1_25' title="bbox 245 989 1092 1031; baseline -0.007 -9"><span class='ocrx_word' id='word_1_116' title='bbox 245 994 291 1031; x_wconf 94' lang='lat' dir='ltr'>qui</span> <span class='ocrx_word' id='word_1_117' title='bbox 315 994 349 1022; x_wconf 90' lang='lat' dir='ltr'>de</span> <span class='ocrx_word' id='word_1_118' title='bbox 372 992 549 1029; x_wconf 87' lang='lat' dir='ltr'>intelligentia</span> <span class='ocrx_word' id='word_1_119' title='bbox 574 992 658 1020; x_wconf 86' lang='lat' dir='ltr'>huius</span> <span class='ocrx_word' id='word_1_120' title='bbox 680 990 820 1025; x_wconf 85' lang='lat' dir='ltr'>mandati,</span> <span class='ocrx_word' id='word_1_121' title='bbox 846 989 975 1019; x_wconf 87' lang='lat' dir='ltr'>videlicet</span> <span class='ocrx_word' id='word_1_122' title='bbox 997 996 1092 1017; x_wconf 87' lang='lat' dir='ltr'>secun-</span> 
     </span>
     <span class='ocr_line' id='line_1_26' title="bbox 245 1035 1093 1075; baseline -0.007 -6"><span class='ocrx_word' id='word_1_123' title='bbox 245 1041 313 1069; x_wconf 87' lang='lat' dir='ltr'>dum</span> <span class='ocrx_word' id='word_1_124' title='bbox 335 1039 507 1068; x_wconf 87' lang='lat' dir='ltr'>intellectum</span> <span class='ocrx_word' id='word_1_125' title='bbox 522 1038 728 1075; x_wconf 71' lang='lat' dir='ltr'>Lcyislatorz&#39;S,</span> <span class='ocrx_word' id='word_1_126' title='bbox 751 1037 795 1066; x_wconf 89' lang='lat' dir='ltr'>vel</span> <span class='ocrx_word' id='word_1_127' title='bbox 811 1036 966 1065; x_wconf 89' lang='lat' dir='ltr'>secundum</span> <span class='ocrx_word' id='word_1_128' title='bbox 989 1035 1093 1064; x_wconf 90' lang='lat' dir='ltr'>intelle-</span> 
     </span>
     <span class='ocr_line' id='line_1_27' title="bbox 242 1083 1093 1124; baseline -0.007 -7"><span class='ocrx_word' id='word_1_129' title='bbox 242 1091 317 1117; x_wconf 90' lang='lat' dir='ltr'>ctum</span> <span class='ocrx_word' id='word_1_130' title='bbox 338 1086 441 1124; x_wconf 77' lang='lat' dir='ltr'>populi</span> <span class='ocrx_word' id='word_1_131' title='bbox 465 1086 593 1115; x_wconf 85' lang='lat' dir='ltr'>carnalis.</span> <span class='ocrx_word' id='word_1_132' title='bbox 615 1085 641 1113; x_wconf 88' lang='lat' dir='ltr'>Si</span> <span class='ocrx_word' id='word_1_133' title='bbox 671 1084 826 1114; x_wconf 88' lang='lat' dir='ltr'>secundum</span> <span class='ocrx_word' id='word_1_134' title='bbox 853 1083 1023 1112; x_wconf 88' lang='lat' dir='ltr'>intellectum</span> <span class='ocrx_word' id='word_1_135' title='bbox 1046 1083 1093 1111; x_wconf 84' lang='lat' dir='ltr'>Le-</span> 
     </span>
     <span class='ocr_line' id='line_1_28' title="bbox 240 1130 1093 1173; baseline -0.007 -10"><span class='ocrx_word' id='word_1_136' title='bbox 240 1134 412 1173; x_wconf 51' lang='lat' dir='ltr'>quicum-is,-</span> <span class='ocrx_word' id='word_1_137' title='bbox 434 1134 473 1162; x_wconf 89' lang='lat' dir='ltr'>sic</span> <span class='ocrx_word' id='word_1_138' title='bbox 494 1133 592 1169; x_wconf 89' lang='lat' dir='ltr'>utique</span> <span class='ocrx_word' id='word_1_139' title='bbox 614 1131 780 1168; x_wconf 82' lang='lat' dir='ltr'>prohibetur</span> <span class='ocrx_word' id='word_1_140' title='bbox 803 1130 994 1159; x_wconf 74' lang='lat' dir='ltr'>homicidium</span> <span class='ocrx_word' id='word_1_141' title='bbox 1022 1133 1093 1157; x_wconf 73' lang='lat' dir='ltr'>ccccc-</span> 
     </span>
     <span class='ocr_line' id='line_1_29' title="bbox 243 1176 1093 1210; baseline -0.007 0"><span class='ocrx_word' id='word_1_142' title='bbox 243 1183 309 1210; x_wconf 76' lang='lat' dir='ltr'>rius</span> <span class='ocrx_word' id='word_1_143' title='bbox 324 1185 351 1210; x_wconf 86' lang='lat' dir='ltr'>et</span> <span class='ocrx_word' id='word_1_144' title='bbox 371 1181 506 1209; x_wconf 76' lang='lat' dir='ltr'>voluntas</span> <span class='ocrx_word' id='word_1_145' title='bbox 522 1179 705 1208; x_wconf 87' lang='lat' dir='ltr'>deliberativa</span> <span class='ocrx_word' id='word_1_146' title='bbox 723 1178 851 1206; x_wconf 88' lang='lat' dir='ltr'>ordinata</span> <span class='ocrx_word' id='word_1_147' title='bbox 866 1177 901 1205; x_wconf 90' lang='lat' dir='ltr'>ad</span> <span class='ocrx_word' id='word_1_148' title='bbox 924 1176 1093 1205; x_wconf 82' lang='lat' dir='ltr'>laedendum</span> 
     </span>
     <span class='ocr_line' id='line_1_30' title="bbox 244 1223 1092 1266; baseline -0.008 -9"><span class='ocrx_word' id='word_1_149' title='bbox 244 1228 407 1266; x_wconf 86' lang='lat' dir='ltr'>proximum</span> <span class='ocrx_word' id='word_1_150' title='bbox 428 1235 463 1256; x_wconf 81' lang='lat' dir='ltr'>ex</span> <span class='ocrx_word' id='word_1_151' title='bbox 487 1226 639 1255; x_wconf 79' lang='lat' dir='ltr'>iracundia.</span> <span class='ocrx_word' id='word_1_152' title='bbox 663 1225 739 1253; x_wconf 86' lang='lat' dir='ltr'>Unde</span> <span class='ocrx_word' id='word_1_153' title='bbox 760 1224 928 1261; x_wconf 80' lang='lat' dir='ltr'>prohibetur</span> <span class='ocrx_word' id='word_1_154' title='bbox 953 1223 1003 1251; x_wconf 77' lang='lat' dir='ltr'>ira</span> <span class='ocrx_word' id='word_1_155' title='bbox 1028 1230 1092 1251; x_wconf 88' lang='lat' dir='ltr'>cum</span> 
     </span>
     <span class='ocr_line' id='line_1_31' title="bbox 245 1269 1094 1307; baseline -0.008 -3"><span class='ocrx_word' id='word_1_156' title='bbox 245 1283 383 1304; x_wconf 83' lang='lat' dir='ltr'>consensu</span> <span class='ocrx_word' id='word_1_157' title='bbox 405 1273 588 1303; x_wconf 87' lang='lat' dir='ltr'>deliberativo</span> <span class='ocrx_word' id='word_1_158' title='bbox 610 1272 636 1300; x_wconf 93' lang='lat' dir='ltr'>in</span> <span class='ocrx_word' id='word_1_159' title='bbox 659 1271 759 1299; x_wconf 69' lang='lat' dir='ltr'>(inimo</span> <span class='ocrx_word' id='word_1_160' title='bbox 781 1274 808 1299; x_wconf 88' lang='grc'>01</span> <span class='ocrx_word' id='word_1_161' title='bbox 829 1278 893 1299; x_wconf 89' lang='lat' dir='ltr'>cum</span> <span class='ocrx_word' id='word_1_162' title='bbox 912 1269 1094 1307; x_wconf 81' lang='lat' dir='ltr'>expressione</span> 
     </span>
     <span class='ocr_line' id='line_1_32' title="bbox 245 1316 1093 1356; baseline -0.008 -5"><span class='ocrx_word' id='word_1_163' title='bbox 245 1322 372 1351; x_wconf 84' lang='lat' dir='ltr'>exterius</span> <span class='ocrx_word' id='word_1_164' title='bbox 393 1321 420 1349; x_wconf 92' lang='lat' dir='ltr'>in</span> <span class='ocrx_word' id='word_1_165' title='bbox 442 1319 527 1348; x_wconf 78' lang='lat' dir='ltr'>verbo</span> <span class='ocrx_word' id='word_1_166' title='bbox 549 1322 576 1347; x_wconf 79' lang='lat' dir='ltr'>ct</span> <span class='ocrx_word' id='word_1_167' title='bbox 595 1318 679 1356; x_wconf 75' lang='lat' dir='ltr'>siquo</span> <span class='ocrx_word' id='word_1_168' title='bbox 700 1321 727 1346; x_wconf 87' lang='lat' dir='ltr'>et</span> <span class='ocrx_word' id='word_1_169' title='bbox 749 1326 812 1346; x_wconf 87' lang='lat' dir='ltr'>cum</span> <span class='ocrx_word' id='word_1_170' title='bbox 836 1316 1041 1354; x_wconf 84' lang='lat' dir='ltr'>perpetratione</span> <span class='ocrx_word' id='word_1_171' title='bbox 1067 1316 1093 1344; x_wconf 94' lang='lat' dir='ltr'>in</span> 
     </span>
     <span class='ocr_line' id='line_1_33' title="bbox 244 1363 1094 1407; baseline -0.007 -10"><span class='ocrx_word' id='word_1_172' title='bbox 244 1368 386 1407; x_wconf 65' lang='grc'><strong>111610-</strong></span> <span class='ocrx_word' id='word_1_173' title='bbox 401 1367 425 1395; x_wconf 86' lang='lat' dir='ltr'>Si</span> <span class='ocrx_word' id='word_1_174' title='bbox 449 1374 516 1395; x_wconf 82' lang='lat' dir='ltr'>vero</span> <span class='ocrx_word' id='word_1_175' title='bbox 538 1366 709 1403; x_wconf 83' lang='lat' dir='ltr'>intelligatur</span> <span class='ocrx_word' id='word_1_176' title='bbox 738 1364 894 1393; x_wconf 84' lang='lat' dir='ltr'>secundum</span> <span class='ocrx_word' id='word_1_177' title='bbox 921 1363 1094 1392; x_wconf 90' lang='lat' dir='ltr'>intellectum</span> 
     </span>
     <span class='ocr_line' id='line_1_34' title="bbox 245 1410 1096 1451; baseline -0.007 -7"><span class='ocrx_word' id='word_1_178' title='bbox 245 1415 365 1445; x_wconf 86' lang='lat' dir='ltr'>carnalis</span> <span class='ocrx_word' id='word_1_179' title='bbox 393 1413 511 1451; x_wconf 77' lang='lat' dir='ltr'>populi,</span> <span class='ocrx_word' id='word_1_180' title='bbox 539 1413 586 1450; x_wconf 92' lang='lat' dir='ltr'>qui</span> <span class='ocrx_word' id='word_1_181' title='bbox 615 1412 704 1441; x_wconf 89' lang='lat' dir='ltr'>solum</span> <span class='ocrx_word' id='word_1_182' title='bbox 735 1411 883 1448; x_wconf 86' lang='lat' dir='ltr'>reputabat</span> <span class='ocrx_word' id='word_1_183' title='bbox 905 1410 974 1439; x_wconf 90' lang='lat' dir='ltr'>illud</span> <span class='ocrx_word' id='word_1_184' title='bbox 1004 1410 1096 1447; x_wconf 91' lang='lat' dir='ltr'>prohi-</span> 
     </span>
     <span class='ocr_line' id='line_1_35' title="bbox 245 1457 1095 1499; baseline -0.007 -8"><span class='ocrx_word' id='word_1_185' title='bbox 245 1463 321 1495; x_wconf 75' lang='lat' dir='ltr'>beri,</span> <span class='ocrx_word' id='word_1_186' title='bbox 343 1471 393 1499; x_wconf 89' lang='lat' dir='ltr'>pro</span> <span class='ocrx_word' id='word_1_187' title='bbox 415 1470 470 1499; x_wconf 89' lang='lat' dir='ltr'>quo</span> <span class='ocrx_word' id='word_1_188' title='bbox 492 1461 664 1489; x_wconf 81' lang='lat' dir='ltr'>inferebatur</span> <span class='ocrx_word' id='word_1_189' title='bbox 686 1467 775 1497; x_wconf 85' lang='lat' dir='ltr'>poena</span> <span class='ocrx_word' id='word_1_190' title='bbox 796 1459 831 1487; x_wconf 90' lang='lat' dir='ltr'>ab</span> <span class='ocrx_word' id='word_1_191' title='bbox 858 1459 917 1495; x_wconf 85' lang='lat' dir='ltr'>ipsa</span> <span class='ocrx_word' id='word_1_192' title='bbox 937 1458 1027 1495; x_wconf 69' lang='lat' dir='ltr'>Lege:</span> <span class='ocrx_word' id='word_1_193' title='bbox 1056 1457 1095 1485; x_wconf 86' lang='lat' dir='ltr'>sic</span> 
     </span>
     <span class='ocr_line' id='line_1_36' title="bbox 246 1505 1096 1546; baseline -0.007 -7"><span class='ocrx_word' id='word_1_194' title='bbox 246 1510 454 1546; x_wconf 74' lang='lat' dir='ltr'>intelligebatur</span> <span class='ocrx_word' id='word_1_195' title='bbox 486 1508 629 1545; x_wconf 89' lang='lat' dir='ltr'>prohiberi</span> <span class='ocrx_word' id='word_1_196' title='bbox 663 1508 704 1535; x_wconf 90' lang='lat' dir='ltr'>ira</span> <span class='ocrx_word' id='word_1_197' title='bbox 733 1506 934 1544; x_wconf 77' lang='lat' dir='ltr'>progrediens²</span> <span class='ocrx_word' id='word_1_198' title='bbox 962 1505 997 1534; x_wconf 89' lang='lat' dir='ltr'>ad</span> <span class='ocrx_word' id='word_1_199' title='bbox 1023 1513 1096 1542; x_wconf 89' lang='lat' dir='ltr'>opus</span> 
     </span>
     <span class='ocr_line' id='line_1_37' title="bbox 247 1557 398 1586; baseline -0.013 0"><span class='ocrx_word' id='word_1_200' title='bbox 247 1557 398 1586; x_wconf 82' lang='lat' dir='ltr'>homicidii.</span> 
     </span>
    </p>

    <p class='ocr_par' dir='ltr' id='par_1_9' title="bbox 248 1599 1104 2344">
     <span class='ocr_line' id='line_1_38' title="bbox 329 1599 1096 1638; baseline -0.008 -6"><span class='ocrx_word' id='word_1_201' title='bbox 329 1604 358 1632; x_wconf 82' lang='lat' dir='ltr'>Et</span> <span class='ocrx_word' id='word_1_202' title='bbox 379 1604 455 1632; x_wconf 89' lang='lat' dir='ltr'>hune</span> <span class='ocrx_word' id='word_1_203' title='bbox 480 1603 650 1631; x_wconf 89' lang='lat' dir='ltr'>intellectum</span> <span class='ocrx_word' id='word_1_204' title='bbox 681 1601 747 1630; x_wconf 85' lang='lat' dir='ltr'>dicit</span> <span class='ocrx_word' id='word_1_205' title='bbox 768 1601 897 1638; x_wconf 78' lang='lat' dir='ltr'>Magister</span> <span class='ocrx_word' id='word_1_206' title='bbox 926 1599 1096 1633; x_wconf 71' lang='lat' dir='ltr'>litteralem,</span> 
     </span>
     <span class='ocr_line' id='line_1_39' title="bbox 248 1645 1095 1687; baseline -0.007 -8"><span class='ocrx_word' id='word_1_207' title='bbox 248 1659 301 1679; x_wconf 91' lang='lat' dir='ltr'>non</span> <span class='ocrx_word' id='word_1_208' title='bbox 325 1650 390 1687; x_wconf 88' lang='lat' dir='ltr'>quia</span> <span class='ocrx_word' id='word_1_209' title='bbox 421 1650 578 1678; x_wconf 85' lang='lat' dir='ltr'>intellectus</span> <span class='ocrx_word' id='word_1_210' title='bbox 609 1648 681 1677; x_wconf 87' lang='lat' dir='ltr'>alius</span> <span class='ocrx_word' id='word_1_211' title='bbox 703 1656 756 1676; x_wconf 91' lang='lat' dir='ltr'>non</span> <span class='ocrx_word' id='word_1_212' title='bbox 788 1650 862 1675; x_wconf 84' lang='lat' dir='ltr'>esset</span> <span class='ocrx_word' id='word_1_213' title='bbox 893 1647 927 1675; x_wconf 89' lang='lat' dir='ltr'>de</span> <span class='ocrx_word' id='word_1_214' title='bbox 949 1645 1095 1683; x_wconf 90' lang='lat' dir='ltr'>principali</span> 
     </span>
     <span class='ocr_line' id='line_1_40' title="bbox 249 1692 1096 1732; baseline -0.007 -6"><span class='ocrx_word' id='word_1_215' title='bbox 249 1697 399 1726; x_wconf 87' lang='lat' dir='ltr'>intentione</span> <span class='ocrx_word' id='word_1_216' title='bbox 421 1696 534 1725; x_wconf 83' lang='lat' dir='ltr'>ferentis</span> <span class='ocrx_word' id='word_1_217' title='bbox 556 1696 672 1732; x_wconf 82' lang='lat' dir='ltr'>Legem,</span> <span class='ocrx_word' id='word_1_218' title='bbox 695 1695 741 1723; x_wconf 88' lang='lat' dir='ltr'>sed</span> <span class='ocrx_word' id='word_1_219' title='bbox 765 1694 831 1731; x_wconf 87' lang='lat' dir='ltr'>quia</span> <span class='ocrx_word' id='word_1_220' title='bbox 854 1693 1038 1722; x_wconf 84' lang='lat' dir='ltr'>claudebatur</span> <span class='ocrx_word' id='word_1_221' title='bbox 1060 1692 1096 1720; x_wconf 92' lang='lat' dir='ltr'>ibi</span> 
     </span>
     <span class='ocr_line' id='line_1_41' title="bbox 249 1739 1096 1781; baseline -0.007 -8"><span class='ocrx_word' id='word_1_222' title='bbox 249 1744 389 1781; x_wconf 77' lang='lat' dir='ltr'>implicite.</span> <span class='ocrx_word' id='word_1_223' title='bbox 414 1744 444 1772; x_wconf 89' lang='lat' dir='ltr'>Et</span> <span class='ocrx_word' id='word_1_224' title='bbox 472 1743 602 1780; x_wconf 89' lang='lat' dir='ltr'>quoniam</span> <span class='ocrx_word' id='word_1_225' title='bbox 626 1742 702 1770; x_wconf 88' lang='lat' dir='ltr'>illius</span> <span class='ocrx_word' id='word_1_226' title='bbox 729 1741 879 1778; x_wconf 74' lang='lat' dir='ltr'>explicatio</span> <span class='ocrx_word' id='word_1_227' title='bbox 907 1740 978 1769; x_wconf 87' lang='lat' dir='ltr'>facta</span> <span class='ocrx_word' id='word_1_228' title='bbox 999 1743 1041 1768; x_wconf 90' lang='lat' dir='ltr'>est</span> <span class='ocrx_word' id='word_1_229' title='bbox 1070 1739 1096 1767; x_wconf 93' lang='lat' dir='ltr'>in</span> 
     </span>
     <span class='ocr_line' id='line_1_42' title="bbox 250 1786 1097 1827; baseline -0.006 -8"><span class='ocrx_word' id='word_1_230' title='bbox 250 1791 310 1827; x_wconf 86' lang='lat' dir='ltr'>lege</span> <span class='ocrx_word' id='word_1_231' title='bbox 333 1789 488 1827; x_wconf 76' lang='lat' dir='ltr'>Evangelii,</span> <span class='ocrx_word' id='word_1_232' title='bbox 510 1789 571 1817; x_wconf 90' lang='lat' dir='ltr'>ideo</span> <span class='ocrx_word' id='word_1_233' title='bbox 587 1788 654 1817; x_wconf 87' lang='lat' dir='ltr'>dicit</span> <span class='ocrx_word' id='word_1_234' title='bbox 674 1788 811 1825; x_wconf 79' lang='lat' dir='ltr'>Magister,</span> <span class='ocrx_word' id='word_1_235' title='bbox 827 1786 1097 1824; x_wconf 72' lang='lat' dir='ltr'>superaclditioncm</span> 
     </span>
     <span class='ocr_line' id='line_1_43' title="bbox 250 1833 1097 1871; baseline -0.006 -5"><span class='ocrx_word' id='word_1_236' title='bbox 250 1838 287 1866; x_wconf 93' lang='lat' dir='ltr'>illi</span> <span class='ocrx_word' id='word_1_237' title='bbox 311 1837 443 1866; x_wconf 86' lang='lat' dir='ltr'>mandato</span> <span class='ocrx_word' id='word_1_238' title='bbox 469 1844 529 1865; x_wconf 86' lang='lat' dir='ltr'>esse</span> <span class='ocrx_word' id='word_1_239' title='bbox 550 1836 666 1870; x_wconf 82' lang='lat' dir='ltr'>factam,</span> <span class='ocrx_word' id='word_1_240' title='bbox 688 1843 742 1863; x_wconf 90' lang='grc'><strong>11011</strong></span> <span class='ocrx_word' id='word_1_241' title='bbox 770 1835 836 1871; x_wconf 88' lang='lat' dir='ltr'>quia</span> <span class='ocrx_word' id='word_1_242' title='bbox 858 1841 962 1862; x_wconf 87' lang='lat' dir='ltr'>novum</span> <span class='ocrx_word' id='word_1_243' title='bbox 991 1833 1097 1870; x_wconf 86' lang='lat' dir='ltr'>aliquid</span> 
     </span>
     <span class='ocr_line' id='line_1_44' title="bbox 249 1880 1098 1923; baseline -0.007 -9"><span class='ocrx_word' id='word_1_244' title='bbox 249 1885 450 1923; x_wconf 78' lang='lat' dir='ltr'>praecipiatur,</span> <span class='ocrx_word' id='word_1_245' title='bbox 476 1883 524 1912; x_wconf 87' lang='lat' dir='ltr'>sed</span> <span class='ocrx_word' id='word_1_246' title='bbox 547 1883 612 1920; x_wconf 89' lang='lat' dir='ltr'>qnia</span> <span class='ocrx_word' id='word_1_247' title='bbox 634 1882 791 1910; x_wconf 89' lang='lat' dir='ltr'>intellectus</span> <span class='ocrx_word' id='word_1_248' title='bbox 816 1880 950 1918; x_wconf 83' lang='lat' dir='ltr'>praedicti</span> <span class='ocrx_word' id='word_1_249' title='bbox 973 1880 1098 1908; x_wconf 87' lang='lat' dir='ltr'>mandati</span> 
     </span>
     <span class='ocr_line' id='line_1_45' title="bbox 249 1927 1099 1969; baseline -0.007 -9"><span class='ocrx_word' id='word_1_250' title='bbox 249 1932 420 1969; x_wconf 76' lang='lat' dir='ltr'>explicatur,</span> <span class='ocrx_word' id='word_1_251' title='bbox 443 1931 510 1959; x_wconf 90' lang='lat' dir='ltr'>dum</span> <span class='ocrx_word' id='word_1_252' title='bbox 528 1938 580 1958; x_wconf 92' lang='lat' dir='ltr'>non</span> <span class='ocrx_word' id='word_1_253' title='bbox 598 1932 706 1957; x_wconf 81' lang='lat' dir='ltr'>tantum</span> <span class='ocrx_word' id='word_1_254' title='bbox 729 1929 812 1957; x_wconf 87' lang='lat' dir='ltr'>datur</span> <span class='ocrx_word' id='word_1_255' title='bbox 829 1927 957 1964; x_wconf 85' lang='lat' dir='ltr'>intelligi,</span> <span class='ocrx_word' id='word_1_256' title='bbox 979 1927 1005 1954; x_wconf 89' lang='lat' dir='ltr'>in</span> <span class='ocrx_word' id='word_1_257' title='bbox 1023 1934 1099 1963; x_wconf 86' lang='lat' dir='ltr'>prae-</span> 
     </span>
     <span class='ocr_line' id='line_1_46' title="bbox 251 1973 1098 2014; baseline -0.007 -7"><span class='ocrx_word' id='word_1_258' title='bbox 251 1980 324 2008; x_wconf 88' lang='lat' dir='ltr'>dicto</span> <span class='ocrx_word' id='word_1_259' title='bbox 346 1979 476 2006; x_wconf 84' lang='lat' dir='ltr'>mandato</span> <span class='ocrx_word' id='word_1_260' title='bbox 498 1976 640 2014; x_wconf 87' lang='lat' dir='ltr'>prohiberi</span> <span class='ocrx_word' id='word_1_261' title='bbox 658 1975 891 2013; x_wconf 79' lang='lat' dir='ltr'>perpetrationem</span> <span class='ocrx_word' id='word_1_262' title='bbox 914 1973 1055 2002; x_wconf 90' lang='lat' dir='ltr'>homicidii</span> <span class='ocrx_word' id='word_1_263' title='bbox 1072 1974 1098 2001; x_wconf 86' lang='lat' dir='ltr'>ln</span> 
     </span>
     <span class='ocr_line' id='line_1_47' title="bbox 251 2020 1098 2063; baseline -0.007 -9"><span class='ocrx_word' id='word_1_264' title='bbox 251 2035 349 2063; x_wconf 78' lang='lat' dir='ltr'>opere,</span> <span class='ocrx_word' id='word_1_265' title='bbox 371 2025 418 2054; x_wconf 86' lang='lat' dir='ltr'>sed</span> <span class='ocrx_word' id='word_1_266' title='bbox 442 2024 524 2053; x_wconf 82' lang='lat' dir='ltr'>etiam</span> <span class='ocrx_word' id='word_1_267' title='bbox 547 2031 714 2052; x_wconf 82' lang='lat' dir='ltr'>consensum</span> <span class='ocrx_word' id='word_1_268' title='bbox 738 2022 764 2050; x_wconf 90' lang='lat' dir='ltr'>in</span> <span class='ocrx_word' id='word_1_269' title='bbox 787 2021 886 2055; x_wconf 75' lang='lat' dir='ltr'>corde,</span> <span class='ocrx_word' id='word_1_270' title='bbox 913 2020 1098 2049; x_wconf 81' lang='lat' dir='ltr'>ostensionem</span> 
     </span>
     <span class='ocr_line' id='line_1_48' title="bbox 252 2067 1099 2110; baseline -0.007 -9"><span class='ocrx_word' id='word_1_271' title='bbox 252 2074 279 2101; x_wconf 91' lang='lat' dir='ltr'>in</span> <span class='ocrx_word' id='word_1_272' title='bbox 301 2073 384 2110; x_wconf 62' lang='lat' dir='ltr'>siquo</span> <span class='ocrx_word' id='word_1_273' title='bbox 416 2075 443 2100; x_wconf 89' lang='lat' dir='ltr'>et</span> <span class='ocrx_word' id='word_1_274' title='bbox 474 2071 685 2108; x_wconf 78' lang='lat' dir='ltr'>expressionem</span> <span class='ocrx_word' id='word_1_275' title='bbox 707 2069 733 2097; x_wconf 89' lang='lat' dir='ltr'>in</span> <span class='ocrx_word' id='word_1_276' title='bbox 765 2068 868 2102; x_wconf 58' lang='lat' dir='ltr'>verbm</span> <span class='ocrx_word' id='word_1_277' title='bbox 889 2071 1003 2105; x_wconf 88' lang='lat' dir='ltr'>propter</span> <span class='ocrx_word' id='word_1_278' title='bbox 1024 2067 1099 2104; x_wconf 88' lang='lat' dir='ltr'>quod</span> 
     </span>
     <span class='ocr_line' id='line_1_49' title="bbox 253 2114 1101 2154; baseline -0.007 -6"><span class='ocrx_word' id='word_1_279' title='bbox 253 2120 306 2148; x_wconf 81' lang='lat' dir='ltr'>tria</span> <span class='ocrx_word' id='word_1_280' title='bbox 328 2119 425 2148; x_wconf 74' lang='lat' dir='ltr'>dicit³z</span> <span class='ocrx_word' id='word_1_281' title='bbox 452 2118 510 2154; x_wconf 78' lang='lat' dir='ltr'>Qui</span> <span class='ocrx_word' id='word_1_282' title='bbox 531 2117 675 2145; x_wconf 72' lang='lat' dir='ltr'>irascitur</span> <span class='ocrx_word' id='word_1_283' title='bbox 690 2115 786 2153; x_wconf 54' lang='lat' dir='ltr'>fiatri</span> <span class='ocrx_word' id='word_1_284' title='bbox 806 2124 876 2149; x_wconf 64' lang='lat' dir='ltr'>etto,</span> <span class='ocrx_word' id='word_1_285' title='bbox 898 2123 968 2143; x_wconf 67' lang='lat' dir='ltr'>rcus</span> <span class='ocrx_word' id='word_1_286' title='bbox 982 2114 1037 2142; x_wconf 79' lang='lat' dir='ltr'>crit</span> <span class='ocrx_word' id='word_1_287' title='bbox 1059 2114 1101 2142; x_wconf 80' lang='lat' dir='ltr'>itt-</span> 
     </span>
     <span class='ocr_line' id='line_1_50' title="bbox 253 2161 1102 2201; baseline -0.006 -7"><span class='ocrx_word' id='word_1_288' title='bbox 253 2166 339 2194; x_wconf 80' lang='lat' dir='ltr'>(licio.</span> <span class='ocrx_word' id='word_1_289' title='bbox 370 2165 427 2201; x_wconf 75' lang='lat' dir='ltr'>Qui</span> <span class='ocrx_word' id='word_1_290' title='bbox 452 2168 549 2193; x_wconf 75' lang='lat' dir='ltr'>atttcnz</span> <span class='ocrx_word' id='word_1_291' title='bbox 578 2164 686 2192; x_wconf 59' lang='lat' dir='ltr'>{tint-erit</span> <span class='ocrx_word' id='word_1_292' title='bbox 710 2172 802 2196; x_wconf 77' lang='lat' dir='ltr'>raca,</span> <span class='ocrx_word' id='word_1_293' title='bbox 831 2171 900 2191; x_wconf 66' lang='lat' dir='ltr'>‘reus</span> <span class='ocrx_word' id='word_1_294' title='bbox 925 2162 981 2190; x_wconf 77' lang='lat' dir='ltr'>crit</span> <span class='ocrx_word' id='word_1_295' title='bbox 1011 2161 1102 2189; x_wconf 72' lang='lat' dir='ltr'>cousi-</span> 
     </span>
     <span class='ocr_line' id='line_1_51' title="bbox 254 2208 1102 2248; baseline -0.006 -7"><span class='ocrx_word' id='word_1_296' title='bbox 254 2213 300 2242; x_wconf 87' lang='lat' dir='ltr'>lio.</span> <span class='ocrx_word' id='word_1_297' title='bbox 329 2213 386 2248; x_wconf 79' lang='lat' dir='ltr'>Qui</span> <span class='ocrx_word' id='word_1_298' title='bbox 406 2216 504 2241; x_wconf 76' lang='lat' dir='ltr'>autent</span> <span class='ocrx_word' id='word_1_299' title='bbox 526 2211 635 2239; x_wconf 61' lang='lat' dir='ltr'>(timorit</span> <span class='ocrx_word' id='word_1_300' title='bbox 655 2209 737 2248; x_wconf 73' lang='lat' dir='ltr'>fatue</span> <span class='ocrx_word' id='word_1_301' title='bbox 758 2227 797 2230; x_wconf 97' lang='lat'><strong>—</strong></span> <span class='ocrx_word' id='word_1_302' title='bbox 818 2210 864 2238; x_wconf 90' lang='lat' dir='ltr'>ubi</span> <span class='ocrx_word' id='word_1_303' title='bbox 895 2212 936 2238; x_wconf 90' lang='lat' dir='ltr'>est</span> <span class='ocrx_word' id='word_1_304' title='bbox 957 2208 1102 2245; x_wconf 85' lang='lat' dir='ltr'>expressio</span> 
     </span>
     <span class='ocr_line' id='line_1_52' title="bbox 254 2255 1102 2294; baseline -0.005 -7"><span class='ocrx_word' id='word_1_305' title='bbox 254 2259 335 2287; x_wconf 72' lang='lat' dir='ltr'>uerbi</span> <span class='ocrx_word' id='word_1_306' title='bbox 349 2276 387 2279; x_wconf 81' lang='lat'>—</span> <span class='ocrx_word' id='word_1_307' title='bbox 401 2267 470 2287; x_wconf 71' lang='lat' dir='ltr'>reus</span> <span class='ocrx_word' id='word_1_308' title='bbox 492 2258 548 2286; x_wconf 77' lang='lat' dir='ltr'>erit</span> <span class='ocrx_word' id='word_1_309' title='bbox 573 2256 720 2294; x_wconf 71' lang='lat' dir='ltr'>yeltcnnae</span> <span class='ocrx_word' id='word_1_310' title='bbox 741 2256 837 2294; x_wconf 74' lang='lat' dir='ltr'>iym&#39;s;</span> <span class='ocrx_word' id='word_1_311' title='bbox 858 2256 905 2285; x_wconf 91' lang='lat' dir='ltr'>ubi</span> <span class='ocrx_word' id='word_1_312' title='bbox 936 2255 983 2284; x_wconf 87' lang='lat' dir='ltr'>dat</span> <span class='ocrx_word' id='word_1_313' title='bbox 1004 2255 1102 2284; x_wconf 90' lang='lat' dir='ltr'>intelli-</span> 
     </span>
     <span class='ocr_line' id='line_1_53' title="bbox 255 2302 1104 2344; baseline -0.007 -8"><span class='ocrx_word' id='word_1_314' title='bbox 255 2315 320 2344; x_wconf 83' lang='lat' dir='ltr'>gere</span> <span class='ocrx_word' id='word_1_315' title='bbox 335 2306 471 2343; x_wconf 83' lang='lat' dir='ltr'>triplicem</span> <span class='ocrx_word' id='word_1_316' title='bbox 489 2304 608 2342; x_wconf 83' lang='lat' dir='ltr'>gradum</span> <span class='ocrx_word' id='word_1_317' title='bbox 631 2304 734 2341; x_wconf 87' lang='lat' dir='ltr'>peccati</span> <span class='ocrx_word' id='word_1_318' title='bbox 755 2303 915 2331; x_wconf 84' lang='lat' dir='ltr'>iracundiae</span> <span class='ocrx_word' id='word_1_319' title='bbox 937 2302 1104 2339; x_wconf 88' lang='lat' dir='ltr'>praeceden-</span> 
     </span>
    </p>
   </div>
   <div class='ocr_carea' id='block_1_7' title="bbox 917 209 1312 237">
    <p class='ocr_par' dir='ltr' id='par_1_10' title="bbox 917 209 1312 237">
     <span class='ocr_line' id='line_1_54' title="bbox 917 209 1312 237; baseline -0.003 0"><span class='ocrx_word' id='word_1_320' title='bbox 917 209 1169 237; x_wconf 83' lang='lat' dir='ltr'>SENTENTIARUM</span> <span class='ocrx_word' id='word_1_321' title='bbox 1190 209 1251 237; x_wconf 90' lang='lat' dir='ltr'>LlB.</span> <span class='ocrx_word' id='word_1_322' title='bbox 1272 209 1312 236; x_wconf 86' lang='lat'>111.</span> 
     </span>
    </p>
   </div>
   <div class='ocr_carea' id='block_1_8' title="bbox 1142 286 2128 1166">
    <p class='ocr_par' dir='ltr' id='par_1_11' title="bbox 1142 286 1991 371">
     <span class='ocr_line' id='line_1_55' title="bbox 1142 286 1991 323; baseline 0.001 -9"><span class='ocrx_word' id='word_1_323' title='bbox 1142 289 1198 315; x_wconf 87' lang='lat' dir='ltr'>tem</span> <span class='ocrx_word' id='word_1_324' title='bbox 1221 286 1362 315; x_wconf 87' lang='lat' dir='ltr'>homicidii</span> <span class='ocrx_word' id='word_1_325' title='bbox 1379 286 1656 315; x_wconf 86' lang='lat' dir='ltr'>consummationem.</span> <span class='ocrx_word' id='word_1_326' title='bbox 1672 302 1710 306; x_wconf 85' lang='lat'>—</span> <span class='ocrx_word' id='word_1_327' title='bbox 1726 286 1756 314; x_wconf 87' lang='lat' dir='ltr'>Et</span> <span class='ocrx_word' id='word_1_328' title='bbox 1777 293 1827 322; x_wconf 89' lang='lat' dir='ltr'>per</span> <span class='ocrx_word' id='word_1_329' title='bbox 1841 286 1894 315; x_wconf 89' lang='lat' dir='ltr'>hoc</span> <span class='ocrx_word' id='word_1_330' title='bbox 1915 289 1991 323; x_wconf 86' lang='lat' dir='ltr'>patet</span> 
     </span>
     <span class='ocr_line' id='line_1_56' title="bbox 1143 333 1661 371; baseline -0.002 -9"><span class='ocrx_word' id='word_1_331' title='bbox 1143 335 1288 371; x_wconf 89' lang='lat' dir='ltr'>responsio</span> <span class='ocrx_word' id='word_1_332' title='bbox 1309 333 1344 362; x_wconf 88' lang='lat' dir='ltr'>ad</span> <span class='ocrx_word' id='word_1_333' title='bbox 1366 334 1490 371; x_wconf 90' lang='lat' dir='ltr'>primum</span> <span class='ocrx_word' id='word_1_334' title='bbox 1512 333 1661 362; x_wconf 87' lang='lat' dir='ltr'>obiectum.</span> 
     </span>
    </p>

    <p class='ocr_par' dir='ltr' id='par_1_12' title="bbox 1144 379 1996 744">
     <span class='ocr_line' id='line_1_57' title="bbox 1223 379 1994 418; baseline 0 -10"><span class='ocrx_word' id='word_1_335' title='bbox 1223 380 1261 409; x_wconf 84' lang='lat' dir='ltr'>Ad</span> <span class='ocrx_word' id='word_1_336' title='bbox 1284 380 1353 409; x_wconf 92' lang='lat' dir='ltr'>illud</span> <span class='ocrx_word' id='word_1_337' title='bbox 1376 389 1442 409; x_wconf 90' lang='lat' dir='ltr'>vero</span> <span class='ocrx_word' id='word_1_338' title='bbox 1464 380 1539 418; x_wconf 89' lang='lat' dir='ltr'>quod</span> <span class='ocrx_word' id='word_1_339' title='bbox 1561 380 1707 414; x_wconf 87' lang='lat' dir='ltr'>obiicitur,</span> <span class='ocrx_word' id='word_1_340' title='bbox 1727 379 1801 416; x_wconf 91' lang='lat' dir='ltr'>quod</span> <span class='ocrx_word' id='word_1_341' title='bbox 1818 379 1849 407; x_wconf 83' lang='lat' dir='ltr'>in</span> <span class='ocrx_word' id='word_1_342' title='bbox 1870 379 1994 408; x_wconf 81' lang='lat' dir='ltr'>iudicia-</span> 
     </span>
     <span class='ocr_line' id='line_1_58' title="bbox 1144 426 1993 464; baseline -0.001 -9"><span class='ocrx_word' id='word_1_343' title='bbox 1144 427 1220 455; x_wconf 77' lang='lat' dir='ltr'>libus</span> <span class='ocrx_word' id='word_1_344' title='bbox 1248 427 1420 464; x_wconf 86' lang='lat' dir='ltr'>praecipitur</span> <span class='ocrx_word' id='word_1_345' title='bbox 1450 426 1606 455; x_wconf 84' lang='lat' dir='ltr'>interficere</span> <span class='ocrx_word' id='word_1_346' title='bbox 1634 426 1795 460; x_wconf 82' lang='lat' dir='ltr'>maleficos;</span> <span class='ocrx_word' id='word_1_347' title='bbox 1823 426 1993 461; x_wconf 86' lang='lat' dir='ltr'>dicendum,</span> 
     </span>
     <span class='ocr_line' id='line_1_59' title="bbox 1145 473 1995 511; baseline -0.001 -9"><span class='ocrx_word' id='word_1_348' title='bbox 1145 473 1220 511; x_wconf 88' lang='lat' dir='ltr'>quod</span> <span class='ocrx_word' id='word_1_349' title='bbox 1249 473 1326 502; x_wconf 85' lang='lat' dir='ltr'>nulla</span> <span class='ocrx_word' id='word_1_350' title='bbox 1347 476 1389 502; x_wconf 86' lang='lat' dir='ltr'>est</span> <span class='ocrx_word' id='word_1_351' title='bbox 1411 474 1448 502; x_wconf 92' lang='lat' dir='ltr'>ibi</span> <span class='ocrx_word' id='word_1_352' title='bbox 1471 473 1667 506; x_wconf 75' lang='lat' dir='ltr'>contradictio,</span> <span class='ocrx_word' id='word_1_353' title='bbox 1689 474 1755 510; x_wconf 90' lang='lat' dir='ltr'>quia</span> <span class='ocrx_word' id='word_1_354' title='bbox 1776 473 1803 501; x_wconf 93' lang='lat' dir='ltr'>in</span> <span class='ocrx_word' id='word_1_355' title='bbox 1825 481 1882 501; x_wconf 90' lang='lat' dir='ltr'>uno</span> <span class='ocrx_word' id='word_1_356' title='bbox 1902 473 1995 510; x_wconf 88' lang='lat' dir='ltr'>prohi-</span> 
     </span>
     <span class='ocr_line' id='line_1_60' title="bbox 1145 520 1995 557; baseline -0.001 -8"><span class='ocrx_word' id='word_1_357' title='bbox 1145 520 1229 549; x_wconf 88' lang='lat' dir='ltr'>betur</span> <span class='ocrx_word' id='word_1_358' title='bbox 1250 520 1432 549; x_wconf 86' lang='lat' dir='ltr'>homicidium</span> <span class='ocrx_word' id='word_1_359' title='bbox 1454 520 1614 549; x_wconf 75' lang='lat' dir='ltr'>imzocentis</span> <span class='ocrx_word' id='word_1_360' title='bbox 1635 523 1662 549; x_wconf 91' lang='lat' dir='ltr'>et</span> <span class='ocrx_word' id='word_1_361' title='bbox 1684 520 1765 554; x_wconf 87' lang='lat' dir='ltr'>iusti,</span> <span class='ocrx_word' id='word_1_362' title='bbox 1794 520 1822 548; x_wconf 91' lang='lat' dir='ltr'>in</span> <span class='ocrx_word' id='word_1_363' title='bbox 1843 520 1897 548; x_wconf 95' lang='lat' dir='ltr'>alio</span> <span class='ocrx_word' id='word_1_364' title='bbox 1918 527 1995 557; x_wconf 88' lang='lat' dir='ltr'>prae-</span> 
     </span>
     <span class='ocr_line' id='line_1_61' title="bbox 1145 566 1995 604; baseline 0 -9"><span class='ocrx_word' id='word_1_365' title='bbox 1145 567 1248 603; x_wconf 89' lang='lat' dir='ltr'>cipitur</span> <span class='ocrx_word' id='word_1_366' title='bbox 1277 567 1377 596; x_wconf 89' lang='lat' dir='ltr'>occisio</span> <span class='ocrx_word' id='word_1_367' title='bbox 1408 566 1542 604; x_wconf 77' lang='lat' dir='ltr'>malefici.</span> <span class='ocrx_word' id='word_1_368' title='bbox 1572 567 1600 595; x_wconf 91' lang='lat' dir='ltr'>ln</span> <span class='ocrx_word' id='word_1_369' title='bbox 1629 575 1685 595; x_wconf 88' lang='lat' dir='ltr'>uno</span> <span class='ocrx_word' id='word_1_370' title='bbox 1714 567 1796 595; x_wconf 83' lang='lat' dir='ltr'>etiam</span> <span class='ocrx_word' id='word_1_371' title='bbox 1828 566 1995 603; x_wconf 87' lang='lat' dir='ltr'>prohibetur</span> 
     </span>
     <span class='ocr_line' id='line_1_62' title="bbox 1147 613 1996 650; baseline -0.001 -8"><span class='ocrx_word' id='word_1_372' title='bbox 1147 613 1329 642; x_wconf 86' lang='lat' dir='ltr'>homicidium</span> <span class='ocrx_word' id='word_1_373' title='bbox 1352 621 1388 642; x_wconf 83' lang='lat' dir='ltr'>ex</span> <span class='ocrx_word' id='word_1_374' title='bbox 1408 614 1536 650; x_wconf 75' lang='lat' dir='ltr'>propria</span> <span class='ocrx_word' id='word_1_375' title='bbox 1557 614 1737 648; x_wconf 86' lang='lat' dir='ltr'>auctoritate,</span> <span class='ocrx_word' id='word_1_376' title='bbox 1760 613 1787 641; x_wconf 90' lang='lat' dir='ltr'>in</span> <span class='ocrx_word' id='word_1_377' title='bbox 1803 613 1857 641; x_wconf 87' lang='lat' dir='ltr'>alio</span> <span class='ocrx_word' id='word_1_378' title='bbox 1878 613 1996 650; x_wconf 84' lang='lat' dir='ltr'>iniungi-</span> 
     </span>
     <span class='ocr_line' id='line_1_63' title="bbox 1146 659 1996 697; baseline 0 -9"><span class='ocrx_word' id='word_1_379' title='bbox 1146 663 1193 688; x_wconf 90' lang='lat' dir='ltr'>tur</span> <span class='ocrx_word' id='word_1_380' title='bbox 1214 668 1250 688; x_wconf 83' lang='lat' dir='ltr'>ex</span> <span class='ocrx_word' id='word_1_381' title='bbox 1282 660 1447 689; x_wconf 83' lang='lat' dir='ltr'>auctoritate</span> <span class='ocrx_word' id='word_1_382' title='bbox 1472 660 1570 697; x_wconf 47' lang='grc' dir='ltr'>[θρίω</span> <span class='ocrx_word' id='word_1_383' title='bbox 1596 663 1623 689; x_wconf 84' lang='grc'>01</span> <span class='ocrx_word' id='word_1_384' title='bbox 1645 660 1697 688; x_wconf 87' lang='lat' dir='ltr'>ista</span> <span class='ocrx_word' id='word_1_385' title='bbox 1728 660 1784 688; x_wconf 91' lang='lat' dir='ltr'>duo</span> <span class='ocrx_word' id='word_1_386' title='bbox 1805 667 1860 688; x_wconf 86' lang='lat' dir='ltr'>non</span> <span class='ocrx_word' id='word_1_387' title='bbox 1891 659 1996 688; x_wconf 87' lang='lat' dir='ltr'>habent</span> 
     </span>
     <span class='ocr_line' id='line_1_64' title="bbox 1146 707 1665 744; baseline 0 -9"><span class='ocrx_word' id='word_1_388' title='bbox 1146 707 1347 744; x_wconf 88' lang='lat' dir='ltr'>oppositionem</span> <span class='ocrx_word' id='word_1_389' title='bbox 1370 715 1420 735; x_wconf 90' lang='lat' dir='ltr'>nec</span> <span class='ocrx_word' id='word_1_390' title='bbox 1443 707 1665 744; x_wconf 81' lang='lat' dir='ltr'>repugnantiam.</span> 
     </span>
    </p>

    <p class='ocr_par' dir='ltr' id='par_1_13' title="bbox 1147 753 2128 1166">
     <span class='ocr_line' id='line_1_65' title="bbox 1225 753 1997 791; baseline 0 -9"><span class='ocrx_word' id='word_1_391' title='bbox 1225 754 1263 782; x_wconf 88' lang='lat' dir='ltr'>Ad</span> <span class='ocrx_word' id='word_1_392' title='bbox 1287 754 1356 783; x_wconf 86' lang='lat' dir='ltr'>illud</span> <span class='ocrx_word' id='word_1_393' title='bbox 1372 754 1447 791; x_wconf 88' lang='lat' dir='ltr'>quod</span> <span class='ocrx_word' id='word_1_394' title='bbox 1462 754 1623 791; x_wconf 88' lang='lat' dir='ltr'>quaeritur:</span> <span class='ocrx_word' id='word_1_395' title='bbox 1647 754 1728 783; x_wconf 85' lang='lat' dir='ltr'>cuius</span> <span class='ocrx_word' id='word_1_396' title='bbox 1746 753 1846 782; x_wconf 83' lang='lat' dir='ltr'>occisio</span> <span class='ocrx_word' id='word_1_397' title='bbox 1868 753 1997 790; x_wconf 89' lang='lat' dir='ltr'>prohibe-</span> 
     </span>
     <span class='ocr_line' id='line_1_66' title="bbox 1147 800 1998 838; baseline 0 -9"><span class='ocrx_word' id='word_1_398' title='bbox 1147 804 1194 830; x_wconf 88' lang='lat' dir='ltr'>tur</span> <span class='ocrx_word' id='word_1_399' title='bbox 1215 801 1278 829; x_wconf 85' lang='lat' dir='ltr'>ibi?</span> <span class='ocrx_word' id='word_1_400' title='bbox 1300 801 1463 835; x_wconf 89' lang='lat' dir='ltr'>dicendum,</span> <span class='ocrx_word' id='word_1_401' title='bbox 1483 801 1558 838; x_wconf 90' lang='lat' dir='ltr'>quod</span> <span class='ocrx_word' id='word_1_402' title='bbox 1582 801 1750 838; x_wconf 89' lang='lat' dir='ltr'>prohibetur</span> <span class='ocrx_word' id='word_1_403' title='bbox 1771 800 1808 829; x_wconf 90' lang='lat' dir='ltr'>ibi</span> <span class='ocrx_word' id='word_1_404' title='bbox 1831 800 1932 829; x_wconf 88' lang='lat' dir='ltr'>occisio</span> <span class='ocrx_word' id='word_1_405' title='bbox 1960 800 1998 829; x_wconf 91' lang='lat' dir='ltr'>vi-</span> 
     </span>
     <span class='ocr_line' id='line_1_67' title="bbox 1148 847 1997 881; baseline -0.001 -5"><span class='ocrx_word' id='word_1_406' title='bbox 1148 848 1237 876; x_wconf 87' lang='lat' dir='ltr'>ventis</span> <span class='ocrx_word' id='word_1_407' title='bbox 1268 848 1325 876; x_wconf 89' lang='lat' dir='ltr'>vita</span> <span class='ocrx_word' id='word_1_408' title='bbox 1357 847 1501 881; x_wconf 79' lang='lat' dir='ltr'>rationali,</span> <span class='ocrx_word' id='word_1_409' title='bbox 1522 848 1581 875; x_wconf 89' lang='lat' dir='ltr'>sive</span> <span class='ocrx_word' id='word_1_410' title='bbox 1602 847 1660 880; x_wconf 86' lang='lat' dir='ltr'>sui,</span> <span class='ocrx_word' id='word_1_411' title='bbox 1682 847 1740 876; x_wconf 87' lang='lat' dir='ltr'>sive</span> <span class='ocrx_word' id='word_1_412' title='bbox 1761 847 1896 881; x_wconf 86' lang='lat' dir='ltr'>alterius;</span> <span class='ocrx_word' id='word_1_413' title='bbox 1921 847 1997 876; x_wconf 87' lang='lat' dir='ltr'>unde</span> 
     </span>
     <span class='ocr_line' id='line_1_68' title="bbox 1148 893 1997 932; baseline -0.001 -9"><span class='ocrx_word' id='word_1_414' title='bbox 1148 894 1194 932; x_wconf 93' lang='lat' dir='ltr'>qui</span> <span class='ocrx_word' id='word_1_415' title='bbox 1222 894 1403 931; x_wconf 88' lang='lat' dir='ltr'>semetipsum</span> <span class='ocrx_word' id='word_1_416' title='bbox 1434 894 1565 923; x_wconf 80' lang='lat' dir='ltr'>interficit</span> <span class='ocrx_word' id='word_1_417' title='bbox 1596 894 1661 922; x_wconf 80' lang='lat' dir='ltr'>facit</span> <span class='ocrx_word' id='word_1_418' title='bbox 1693 896 1790 922; x_wconf 85' lang='lat' dir='ltr'>contra</span> <span class='ocrx_word' id='word_1_419' title='bbox 1822 893 1997 930; x_wconf 85' lang='lat' dir='ltr'>praedictum</span> 
     </span>
     <span class='ocr_line' id='line_1_69' title="bbox 1148 940 2128 977; baseline -0.001 -7"><span class='ocrx_word' id='word_1_420' title='bbox 1148 942 1321 971; x_wconf 88' lang='lat' dir='ltr'>mandatum.</span> <span class='ocrx_word' id='word_1_421' title='bbox 1344 941 1421 970; x_wconf 89' lang='lat' dir='ltr'>Unde</span> <span class='ocrx_word' id='word_1_422' title='bbox 1449 941 1531 970; x_wconf 87' lang='lat' dir='ltr'>nimis</span> <span class='ocrx_word' id='word_1_423' title='bbox 1552 941 1710 970; x_wconf 85' lang='lat' dir='ltr'>extendunt</span> <span class='ocrx_word' id='word_1_424' title='bbox 1738 941 1869 970; x_wconf 90' lang='lat' dir='ltr'>haeretici</span> <span class='ocrx_word' id='word_1_425' title='bbox 1891 940 2128 977; x_wconf 76' lang='lat' dir='ltr'>praedi-Notandum.</span> 
     </span>
     <span class='ocr_line' id='line_1_70' title="bbox 1148 986 1998 1024; baseline -0.002 -7"><span class='ocrx_word' id='word_1_426' title='bbox 1148 993 1225 1017; x_wconf 86' lang='lat' dir='ltr'>ctum</span> <span class='ocrx_word' id='word_1_427' title='bbox 1257 989 1420 1017; x_wconf 89' lang='lat' dir='ltr'>mandatum</span> <span class='ocrx_word' id='word_1_428' title='bbox 1452 988 1488 1017; x_wconf 91' lang='lat' dir='ltr'>ad</span> <span class='ocrx_word' id='word_1_429' title='bbox 1517 988 1602 1016; x_wconf 83' lang='lat' dir='ltr'>vitam</span> <span class='ocrx_word' id='word_1_430' title='bbox 1635 988 1839 1024; x_wconf 89' lang='lat' dir='ltr'>cuiuscumque</span> <span class='ocrx_word' id='word_1_431' title='bbox 1870 986 1998 1015; x_wconf 86' lang='lat' dir='ltr'>animalis</span> 
     </span>
     <span class='ocr_line' id='line_1_71' title="bbox 1150 1033 1999 1071; baseline -0.002 -8"><span class='ocrx_word' id='word_1_432' title='bbox 1150 1035 1234 1064; x_wconf 90' lang='lat' dir='ltr'>bruti.</span> <span class='ocrx_word' id='word_1_433' title='bbox 1266 1035 1313 1063; x_wconf 87' lang='lat' dir='ltr'>llla</span> <span class='ocrx_word' id='word_1_434' title='bbox 1338 1035 1412 1064; x_wconf 90' lang='lat' dir='ltr'>enim</span> <span class='ocrx_word' id='word_1_435' title='bbox 1442 1035 1505 1064; x_wconf 88' lang='lat' dir='ltr'>licet</span> <span class='ocrx_word' id='word_1_436' title='bbox 1533 1035 1672 1069; x_wconf 89' lang='lat' dir='ltr'>occidere,</span> <span class='ocrx_word' id='word_1_437' title='bbox 1696 1042 1747 1071; x_wconf 89' lang='lat' dir='ltr'>pro</span> <span class='ocrx_word' id='word_1_438' title='bbox 1776 1042 1808 1063; x_wconf 93' lang='lat' dir='ltr'>eo</span> <span class='ocrx_word' id='word_1_439' title='bbox 1837 1034 1912 1071; x_wconf 90' lang='lat' dir='ltr'>quod</span> <span class='ocrx_word' id='word_1_440' title='bbox 1934 1033 1999 1062; x_wconf 86' lang='lat' dir='ltr'>data</span> 
     </span>
     <span class='ocr_line' id='line_1_72' title="bbox 1149 1080 1999 1117; baseline -0.004 -6"><span class='ocrx_word' id='word_1_441' title='bbox 1149 1086 1215 1112; x_wconf 90' lang='lat' dir='ltr'>sunt</span> <span class='ocrx_word' id='word_1_442' title='bbox 1237 1083 1340 1111; x_wconf 89' lang='lat' dir='ltr'>homini</span> <span class='ocrx_word' id='word_1_443' title='bbox 1365 1082 1390 1110; x_wconf 92' lang='lat' dir='ltr'>in</span> <span class='ocrx_word' id='word_1_444' title='bbox 1413 1090 1505 1111; x_wconf 87' lang='lat' dir='ltr'>escam</span> <span class='ocrx_word' id='word_1_445' title='bbox 1535 1084 1562 1110; x_wconf 89' lang='lat' dir='ltr'>et</span> <span class='ocrx_word' id='word_1_446' title='bbox 1584 1081 1742 1110; x_wconf 86' lang='lat' dir='ltr'>subsidium</span> <span class='ocrx_word' id='word_1_447' title='bbox 1772 1080 1938 1117; x_wconf 82' lang='lat' dir='ltr'>temporale,</span> <span class='ocrx_word' id='word_1_448' title='bbox 1960 1088 1999 1109; x_wconf 93' lang='lat' dir='ltr'>se-</span> 
     </span>
     <span class='ocr_line' id='line_1_73' title="bbox 1149 1128 1762 1166; baseline -0.003 -8"><span class='ocrx_word' id='word_1_449' title='bbox 1149 1130 1275 1158; x_wconf 90' lang='lat' dir='ltr'>cundum</span> <span class='ocrx_word' id='word_1_450' title='bbox 1298 1129 1373 1166; x_wconf 90' lang='lat' dir='ltr'>quod</span> <span class='ocrx_word' id='word_1_451' title='bbox 1396 1129 1500 1158; x_wconf 89' lang='lat' dir='ltr'>dicitur</span> <span class='ocrx_word' id='word_1_452' title='bbox 1522 1137 1595 1157; x_wconf 90' lang='lat' dir='ltr'>nono</span> <span class='ocrx_word' id='word_1_453' title='bbox 1617 1128 1731 1157; x_wconf 88' lang='lat' dir='ltr'>Genesis</span> <span class='ocrx_word' id='word_1_454' title='bbox 1746 1128 1762 1155; x_wconf 75' lang='lat'>⁴.</span> 
     </span>
    </p>
   </div>
   <div class='ocr_carea' id='block_1_9' title="bbox 1507 1221 1639 1250">
    <p class='ocr_par' dir='ltr' id='par_1_14' title="bbox 1507 1221 1639 1250">
     <span class='ocr_line' id='line_1_74' title="bbox 1507 1221 1639 1250; baseline -0.008 0"><span class='ocrx_word' id='word_1_455' title='bbox 1507 1222 1574 1250; x_wconf 72' lang='lat' dir='ltr'>Due.</span> <span class='ocrx_word' id='word_1_456' title='bbox 1596 1221 1639 1250; x_wconf 92' lang='lat' dir='ltr'>Vl.</span> 
     </span>
    </p>
   </div>
   <div class='ocr_carea' id='block_1_10' title="bbox 1153 1314 2007 2337">
    <p class='ocr_par' dir='ltr' id='par_1_15' title="bbox 1153 1314 2005 2151">
     <span class='ocr_line' id='line_1_75' title="bbox 1232 1314 2001 1352; baseline 0 -9"><span class='ocrx_word' id='word_1_457' title='bbox 1232 1316 1298 1344; x_wconf 85' lang='lat' dir='ltr'>item</span> <span class='ocrx_word' id='word_1_458' title='bbox 1321 1315 1468 1352; x_wconf 85' lang='lat' dir='ltr'>quaeritur</span> <span class='ocrx_word' id='word_1_459' title='bbox 1489 1315 1524 1344; x_wconf 92' lang='lat' dir='ltr'>de</span> <span class='ocrx_word' id='word_1_460' title='bbox 1545 1315 1598 1343; x_wconf 91' lang='lat' dir='ltr'>hoc</span> <span class='ocrx_word' id='word_1_461' title='bbox 1613 1315 1687 1352; x_wconf 85' lang='lat' dir='ltr'>quod</span> <span class='ocrx_word' id='word_1_462' title='bbox 1703 1315 1769 1344; x_wconf 88' lang='lat' dir='ltr'>dicit</span> <span class='ocrx_word' id='word_1_463' title='bbox 1785 1315 1810 1343; x_wconf 91' lang='lat' dir='ltr'>in</span> <span class='ocrx_word' id='word_1_464' title='bbox 1827 1314 2001 1351; x_wconf 88' lang='lat' dir='ltr'>expositione</span> 
     </span>
     <span class='ocr_line' id='line_1_76' title="bbox 1155 1361 2002 1397; baseline -0.004 -5"><span class='ocrx_word' id='word_1_465' title='bbox 1155 1363 1225 1392; x_wconf 89' lang='lat' dir='ltr'>tertii</span> <span class='ocrx_word' id='word_1_466' title='bbox 1249 1362 1388 1397; x_wconf 86' lang='lat' dir='ltr'>mandati,</span> <span class='ocrx_word' id='word_1_467' title='bbox 1411 1362 1466 1391; x_wconf 93' lang='lat' dir='ltr'>ibi:</span> <span class='ocrx_word' id='word_1_468' title='bbox 1497 1362 1561 1390; x_wconf 76' lang='lat' dir='ltr'>Nou</span> <span class='ocrx_word' id='word_1_469' title='bbox 1589 1361 1803 1395; x_wconf 74' lang='lat' dir='ltr'>moechaberis,</span> <span class='ocrx_word' id='word_1_470' title='bbox 1833 1362 1864 1390; x_wconf 84' lang='lat' dir='ltr'>id</span> <span class='ocrx_word' id='word_1_471' title='bbox 1888 1365 1945 1395; x_wconf 79' lang='lat' dir='ltr'>cst,</span> <span class='ocrx_word' id='word_1_472' title='bbox 1967 1370 2002 1389; x_wconf 70' lang='lat' dir='ltr'>iic</span> 
     </span>
     <span class='ocr_line' id='line_1_77' title="bbox 1153 1407 2002 1446; baseline -0.002 -8"><span class='ocrx_word' id='word_1_473' title='bbox 1153 1409 1269 1438; x_wconf 80' lang='lat' dir='ltr'>cuilibet</span> <span class='ocrx_word' id='word_1_474' title='bbox 1289 1409 1463 1443; x_wconf 73' lang='lat' dir='ltr'>miscearis,</span> <span class='ocrx_word' id='word_1_475' title='bbox 1485 1412 1600 1446; x_wconf 76' lang='lat' dir='ltr'>excepto</span> <span class='ocrx_word' id='word_1_476' title='bbox 1621 1407 1736 1446; x_wconf 78' lang='lat' dir='ltr'>foedere</span> <span class='ocrx_word' id='word_1_477' title='bbox 1750 1408 1944 1436; x_wconf 74' lang='lat' dir='ltr'>matrimonii.</span> <span class='ocrx_word' id='word_1_478' title='bbox 1960 1408 2002 1437; x_wconf 91' lang='lat' dir='ltr'>Vi-</span> 
     </span>
     <span class='ocr_line' id='line_1_78' title="bbox 1154 1454 2002 1493; baseline -0.004 -8"><span class='ocrx_word' id='word_1_479' title='bbox 1154 1457 1237 1485; x_wconf 88' lang='lat' dir='ltr'>detur</span> <span class='ocrx_word' id='word_1_480' title='bbox 1252 1456 1339 1490; x_wconf 84' lang='lat' dir='ltr'>enim,</span> <span class='ocrx_word' id='word_1_481' title='bbox 1355 1456 1429 1493; x_wconf 87' lang='lat' dir='ltr'>quod</span> <span class='ocrx_word' id='word_1_482' title='bbox 1452 1464 1506 1484; x_wconf 89' lang='lat' dir='ltr'>non</span> <span class='ocrx_word' id='word_1_483' title='bbox 1529 1456 1564 1484; x_wconf 85' lang='lat' dir='ltr'>sit</span> <span class='ocrx_word' id='word_1_484' title='bbox 1581 1458 1655 1484; x_wconf 89' lang='lat' dir='ltr'>recta</span> <span class='ocrx_word' id='word_1_485' title='bbox 1670 1455 1808 1492; x_wconf 82' lang='lat' dir='ltr'>expositio</span> <span class='ocrx_word' id='word_1_486' title='bbox 1829 1455 1959 1492; x_wconf 83' lang='lat' dir='ltr'>Magistri.</span> <span class='ocrx_word' id='word_1_487' title='bbox 1976 1454 2002 1482; x_wconf 88' lang='lat' dir='ltr'>Si</span> 
     </span>
     <span class='ocr_line' id='line_1_79' title="bbox 1154 1502 2004 1540; baseline -0.002 -8"><span class='ocrx_word' id='word_1_488' title='bbox 1154 1504 1227 1532; x_wconf 89' lang='lat' dir='ltr'>enim</span> <span class='ocrx_word' id='word_1_489' title='bbox 1250 1511 1285 1531; x_wconf 83' lang='lat' dir='ltr'>ex</span> <span class='ocrx_word' id='word_1_490' title='bbox 1310 1503 1496 1540; x_wconf 87' lang='lat' dir='ltr'>prohibitione</span> <span class='ocrx_word' id='word_1_491' title='bbox 1523 1502 1660 1539; x_wconf 83' lang='lat' dir='ltr'>gravioris</span> <span class='ocrx_word' id='word_1_492' title='bbox 1681 1510 1734 1530; x_wconf 90' lang='lat' dir='ltr'>non</span> <span class='ocrx_word' id='word_1_493' title='bbox 1757 1502 1922 1538; x_wconf 81' lang='lat' dir='ltr'>intelligitur</span> <span class='ocrx_word' id='word_1_494' title='bbox 1943 1510 2004 1539; x_wconf 91' lang='lat' dir='ltr'>pro-</span> 
     </span>
     <span class='ocr_line' id='line_1_80' title="bbox 1155 1548 2003 1587; baseline -0.002 -8"><span class='ocrx_word' id='word_1_495' title='bbox 1155 1550 1252 1579; x_wconf 88' lang='lat' dir='ltr'>hibitio</span> <span class='ocrx_word' id='word_1_496' title='bbox 1275 1550 1368 1578; x_wconf 86' lang='lat' dir='ltr'>minus</span> <span class='ocrx_word' id='word_1_497' title='bbox 1390 1550 1502 1587; x_wconf 79' lang='lat' dir='ltr'>gravis3</span> <span class='ocrx_word' id='word_1_498' title='bbox 1524 1557 1587 1578; x_wconf 87' lang='lat' dir='ltr'>cum</span> <span class='ocrx_word' id='word_1_499' title='bbox 1610 1549 1781 1577; x_wconf 88' lang='lat' dir='ltr'>adulterium</span> <span class='ocrx_word' id='word_1_500' title='bbox 1803 1549 1861 1577; x_wconf 89' lang='lat' dir='ltr'>sive</span> <span class='ocrx_word' id='word_1_501' title='bbox 1876 1548 2003 1577; x_wconf 84' lang='lat' dir='ltr'>moechia</span> 
     </span>
     <span class='ocr_line' id='line_1_81' title="bbox 1154 1595 2003 1635; baseline -0.002 -9"><span class='ocrx_word' id='word_1_502' title='bbox 1154 1598 1268 1635; x_wconf 82' lang='lat' dir='ltr'>gravius</span> <span class='ocrx_word' id='word_1_503' title='bbox 1290 1600 1435 1634; x_wconf 86' lang='lat' dir='ltr'>peccatum</span> <span class='ocrx_word' id='word_1_504' title='bbox 1451 1596 1485 1625; x_wconf 91' lang='lat' dir='ltr'>sit</span> <span class='ocrx_word' id='word_1_505' title='bbox 1507 1605 1591 1634; x_wconf 86' lang='lat' dir='ltr'>quam</span> <span class='ocrx_word' id='word_1_506' title='bbox 1616 1596 1776 1630; x_wconf 83' lang='lat' dir='ltr'>fornicatio,</span> <span class='ocrx_word' id='word_1_507' title='bbox 1791 1596 1913 1631; x_wconf 88' lang='lat' dir='ltr'>videtur,</span> <span class='ocrx_word' id='word_1_508' title='bbox 1927 1595 2003 1633; x_wconf 89' lang='lat' dir='ltr'>quod</span> 
     </span>
     <span class='ocr_line' id='line_1_82' title="bbox 1155 1643 2004 1681; baseline -0.002 -8"><span class='ocrx_word' id='word_1_509' title='bbox 1155 1645 1182 1673; x_wconf 93' lang='lat' dir='ltr'>in</span> <span class='ocrx_word' id='word_1_510' title='bbox 1205 1645 1256 1674; x_wconf 89' lang='lat' dir='ltr'>hoc</span> <span class='ocrx_word' id='word_1_511' title='bbox 1285 1653 1339 1673; x_wconf 88' lang='lat' dir='ltr'>non</span> <span class='ocrx_word' id='word_1_512' title='bbox 1369 1644 1540 1681; x_wconf 80' lang='lat' dir='ltr'>intelligatur</span> <span class='ocrx_word' id='word_1_513' title='bbox 1569 1643 1719 1680; x_wconf 87' lang='lat' dir='ltr'>prohibitio</span> <span class='ocrx_word' id='word_1_514' title='bbox 1747 1643 1944 1672; x_wconf 86' lang='lat' dir='ltr'>fornicationis.</span> <span class='ocrx_word' id='word_1_515' title='bbox 1966 1659 2004 1663; x_wconf 78' lang='lat'>——</span> 
     </span>
     <span class='ocr_line' id='line_1_83' title="bbox 1155 1690 2003 1728; baseline -0.004 -8"><span class='ocrx_word' id='word_1_516' title='bbox 1155 1692 1238 1726; x_wconf 84' lang='grc'><strong>110111,</strong></span> <span class='ocrx_word' id='word_1_517' title='bbox 1268 1700 1330 1720; x_wconf 89' lang='lat' dir='ltr'>cum</span> <span class='ocrx_word' id='word_1_518' title='bbox 1362 1691 1491 1728; x_wconf 86' lang='lat' dir='ltr'>graviora</span> <span class='ocrx_word' id='word_1_519' title='bbox 1520 1690 1574 1719; x_wconf 88' lang='lat' dir='ltr'>sint</span> <span class='ocrx_word' id='word_1_520' title='bbox 1604 1693 1715 1727; x_wconf 88' lang='lat' dir='ltr'>peccata</span> <span class='ocrx_word' id='word_1_521' title='bbox 1747 1693 1842 1718; x_wconf 88' lang='lat' dir='ltr'>contra</span> <span class='ocrx_word' id='word_1_522' title='bbox 1873 1693 2003 1718; x_wconf 85' lang='lat' dir='ltr'>naturam</span> 
     </span>
     <span class='ocr_line' id='line_1_84' title="bbox 1155 1736 2005 1776; baseline -0.004 -9"><span class='ocrx_word' id='word_1_523' title='bbox 1155 1746 1239 1776; x_wconf 83' lang='lat' dir='ltr'>quam</span> <span class='ocrx_word' id='word_1_524' title='bbox 1262 1741 1406 1775; x_wconf 87' lang='lat' dir='ltr'>peccatum</span> <span class='ocrx_word' id='word_1_525' title='bbox 1429 1737 1575 1771; x_wconf 84' lang='lat' dir='ltr'>adulterii,</span> <span class='ocrx_word' id='word_1_526' title='bbox 1599 1737 1726 1771; x_wconf 87' lang='lat' dir='ltr'>videtur,</span> <span class='ocrx_word' id='word_1_527' title='bbox 1746 1736 1821 1773; x_wconf 88' lang='lat' dir='ltr'>quod</span> <span class='ocrx_word' id='word_1_528' title='bbox 1844 1737 1936 1773; x_wconf 91' lang='lat' dir='ltr'>potius</span> <span class='ocrx_word' id='word_1_529' title='bbox 1960 1736 2005 1764; x_wconf 90' lang='lat' dir='ltr'>de-</span> 
     </span>
     <span class='ocr_line' id='line_1_85' title="bbox 1155 1783 2003 1822; baseline -0.004 -8"><span class='ocrx_word' id='word_1_530' title='bbox 1155 1786 1234 1815; x_wconf 89' lang='lat' dir='ltr'>beret</span> <span class='ocrx_word' id='word_1_531' title='bbox 1256 1786 1302 1814; x_wconf 91' lang='lat' dir='ltr'>illa</span> <span class='ocrx_word' id='word_1_532' title='bbox 1324 1785 1473 1822; x_wconf 88' lang='lat' dir='ltr'>prohibere</span> <span class='ocrx_word' id='word_1_533' title='bbox 1495 1785 1566 1813; x_wconf 91' lang='lat' dir='ltr'>inter</span> <span class='ocrx_word' id='word_1_534' title='bbox 1593 1787 1740 1821; x_wconf 85' lang='lat' dir='ltr'>praecepta</span> <span class='ocrx_word' id='word_1_535' title='bbox 1765 1783 1893 1819; x_wconf 85' lang='lat' dir='ltr'>Decalogi</span> <span class='ocrx_word' id='word_1_536' title='bbox 1919 1790 2003 1820; x_wconf 86' lang='lat' dir='ltr'>quam</span> 
     </span>
     <span class='ocr_line' id='line_1_86' title="bbox 1157 1830 2004 1870; baseline -0.004 -9"><span class='ocrx_word' id='word_1_537' title='bbox 1157 1836 1301 1870; x_wconf 78' lang='lat' dir='ltr'>peccatum</span> <span class='ocrx_word' id='word_1_538' title='bbox 1328 1832 1469 1861; x_wconf 86' lang='lat' dir='ltr'>adulterii.</span> <span class='ocrx_word' id='word_1_539' title='bbox 1492 1848 1530 1852; x_wconf 79' lang='lat'>—-</span> <span class='ocrx_word' id='word_1_540' title='bbox 1552 1832 1633 1866; x_wconf 85' lang='lat' dir='ltr'>Item,</span> <span class='ocrx_word' id='word_1_541' title='bbox 1663 1839 1748 1867; x_wconf 86' lang='lat' dir='ltr'>super</span> <span class='ocrx_word' id='word_1_542' title='bbox 1775 1830 1846 1859; x_wconf 86' lang='lat' dir='ltr'>illud</span> <span class='ocrx_word' id='word_1_543' title='bbox 1875 1830 2004 1859; x_wconf 86' lang='lat' dir='ltr'>Matthaei</span> 
     </span>
     <span class='ocr_line' id='line_1_87' title="bbox 1156 1876 2004 1917; baseline -0.005 -9"><span class='ocrx_word' id='word_1_544' title='bbox 1156 1880 1252 1917; x_wconf 89' lang='lat' dir='ltr'>quinto</span> <span class='ocrx_word' id='word_1_545' title='bbox 1264 1880 1290 1906; x_wconf 82' lang='lat'>⁵:</span> <span class='ocrx_word' id='word_1_546' title='bbox 1316 1879 1374 1914; x_wconf 76' lang='lat' dir='ltr'>Qui</span> <span class='ocrx_word' id='word_1_547' title='bbox 1393 1878 1500 1907; x_wconf 79' lang='lat' dir='ltr'>viderit</span> <span class='ocrx_word' id='word_1_548' title='bbox 1519 1878 1671 1906; x_wconf 71' lang='lat' dir='ltr'>mulierem</span> <span class='ocrx_word' id='word_1_549' title='bbox 1686 1878 1727 1906; x_wconf 78' lang='lat' dir='ltr'>ad</span> <span class='ocrx_word' id='word_1_550' title='bbox 1741 1876 2004 1914; x_wconf 71' lang='lat' dir='ltr'>concupiscendam</span> 
     </span>
     <span class='ocr_line' id='line_1_88' title="bbox 1156 1923 2003 1962; baseline -0.004 -8"><span class='ocrx_word' id='word_1_551' title='bbox 1156 1935 1242 1959; x_wconf 82' lang='lat' dir='ltr'>cam;</span> <span class='ocrx_word' id='word_1_552' title='bbox 1264 1926 1330 1954; x_wconf 87' lang='lat' dir='ltr'>dicit</span> <span class='ocrx_word' id='word_1_553' title='bbox 1357 1926 1469 1959; x_wconf 84' lang='lat' dir='ltr'>Glossa,</span> <span class='ocrx_word' id='word_1_554' title='bbox 1491 1924 1565 1962; x_wconf 89' lang='lat' dir='ltr'>quod</span> <span class='ocrx_word' id='word_1_555' title='bbox 1589 1924 1624 1953; x_wconf 90' lang='lat' dir='ltr'>ibi</span> <span class='ocrx_word' id='word_1_556' title='bbox 1647 1924 1737 1952; x_wconf 88' lang='lat' dir='ltr'>omnis</span> <span class='ocrx_word' id='word_1_557' title='bbox 1760 1923 1845 1952; x_wconf 89' lang='lat' dir='ltr'>libido</span> <span class='ocrx_word' id='word_1_558' title='bbox 1867 1923 2003 1958; x_wconf 88' lang='lat' dir='ltr'>carnalis,</span> 
     </span>
     <span class='ocr_line' id='line_1_89' title="bbox 1156 1970 2005 2010; baseline -0.005 -8"><span class='ocrx_word' id='word_1_559' title='bbox 1156 1982 1212 2010; x_wconf 88' lang='lat' dir='ltr'>qua</span> <span class='ocrx_word' id='word_1_560' title='bbox 1240 1973 1394 2002; x_wconf 81' lang='lat' dir='ltr'>fornicatur</span> <span class='ocrx_word' id='word_1_561' title='bbox 1422 1973 1529 2006; x_wconf 88' lang='lat' dir='ltr'>anima,</span> <span class='ocrx_word' id='word_1_562' title='bbox 1551 1980 1567 2000; x_wconf 87' lang='lat' dir='ltr'>a</span> <span class='ocrx_word' id='word_1_563' title='bbox 1588 1972 1645 2000; x_wconf 89' lang='lat' dir='ltr'>Deo</span> <span class='ocrx_word' id='word_1_564' title='bbox 1667 1971 1831 2007; x_wconf 84' lang='lat' dir='ltr'>intelligitur</span> <span class='ocrx_word' id='word_1_565' title='bbox 1853 1970 2005 2007; x_wconf 86' lang='lat' dir='ltr'>prohiberi.</span> 
     </span>
     <span class='ocr_line' id='line_1_90' title="bbox 1157 2017 2005 2056; baseline -0.004 -8"><span class='ocrx_word' id='word_1_566' title='bbox 1157 2020 1225 2048; x_wconf 89' lang='lat' dir='ltr'>Cum</span> <span class='ocrx_word' id='word_1_567' title='bbox 1250 2020 1335 2056; x_wconf 80' lang='lat' dir='ltr'>igitur</span> <span class='ocrx_word' id='word_1_568' title='bbox 1356 2020 1409 2048; x_wconf 89' lang='lat' dir='ltr'>hoc</span> <span class='ocrx_word' id='word_1_569' title='bbox 1431 2019 1478 2047; x_wconf 90' lang='lat' dir='ltr'>fiat</span> <span class='ocrx_word' id='word_1_570' title='bbox 1499 2026 1549 2055; x_wconf 87' lang='lat' dir='ltr'>per</span> <span class='ocrx_word' id='word_1_571' title='bbox 1577 2026 1660 2047; x_wconf 88' lang='lat' dir='ltr'>omne</span> <span class='ocrx_word' id='word_1_572' title='bbox 1688 2021 1849 2055; x_wconf 82' lang='lat' dir='ltr'>peccatum,</span> <span class='ocrx_word' id='word_1_573' title='bbox 1879 2017 2005 2051; x_wconf 81' lang='lat' dir='ltr'>videtur,</span> 
     </span>
     <span class='ocr_line' id='line_1_91' title="bbox 1157 2065 2005 2104; baseline -0.004 -9"><span class='ocrx_word' id='word_1_574' title='bbox 1157 2067 1232 2104; x_wconf 89' lang='lat' dir='ltr'>quod</span> <span class='ocrx_word' id='word_1_575' title='bbox 1255 2075 1338 2095; x_wconf 88' lang='lat' dir='ltr'>omne</span> <span class='ocrx_word' id='word_1_576' title='bbox 1354 2070 1497 2103; x_wconf 87' lang='lat' dir='ltr'>peccatum</span> <span class='ocrx_word' id='word_1_577' title='bbox 1522 2066 1558 2094; x_wconf 92' lang='lat' dir='ltr'>ibi</span> <span class='ocrx_word' id='word_1_578' title='bbox 1582 2065 1781 2102; x_wconf 85' lang='lat' dir='ltr'>prohibeatur:</span> <span class='ocrx_word' id='word_1_579' title='bbox 1798 2065 1910 2093; x_wconf 88' lang='lat' dir='ltr'>videtur</span> <span class='ocrx_word' id='word_1_580' title='bbox 1924 2072 2005 2101; x_wconf 86' lang='lat' dir='ltr'>ergo,</span> 
     </span>
     <span class='ocr_line' id='line_1_92' title="bbox 1157 2111 1908 2151; baseline -0.004 -9"><span class='ocrx_word' id='word_1_581' title='bbox 1157 2114 1232 2151; x_wconf 90' lang='lat' dir='ltr'>quod</span> <span class='ocrx_word' id='word_1_582' title='bbox 1254 2114 1306 2142; x_wconf 86' lang='lat' dir='ltr'>isto</span> <span class='ocrx_word' id='word_1_583' title='bbox 1329 2113 1459 2141; x_wconf 86' lang='lat' dir='ltr'>mandato</span> <span class='ocrx_word' id='word_1_584' title='bbox 1480 2112 1590 2146; x_wconf 87' lang='lat' dir='ltr'>habito,</span> <span class='ocrx_word' id='word_1_585' title='bbox 1612 2114 1703 2140; x_wconf 84' lang='lat' dir='ltr'>cetera</span> <span class='ocrx_word' id='word_1_586' title='bbox 1725 2111 1908 2148; x_wconf 85' lang='lat' dir='ltr'>superfluant.</span> 
     </span>
    </p>

    <p class='ocr_par' dir='ltr' id='par_1_16' title="bbox 1159 2157 2007 2337">
     <span class='ocr_line' id='line_1_93' title="bbox 1238 2157 2007 2195; baseline -0.004 -7"><span class='ocrx_word' id='word_1_587' title='bbox 1238 2161 1419 2188; x_wconf 60' lang='lat' dir='ltr'>Resroxniso:</span> <span class='ocrx_word' id='word_1_588' title='bbox 1448 2159 1620 2193; x_wconf 80' lang='lat' dir='ltr'>Dicendum,</span> <span class='ocrx_word' id='word_1_589' title='bbox 1646 2158 1719 2195; x_wconf 88' lang='lat' dir='ltr'>quod</span> <span class='ocrx_word' id='word_1_590' title='bbox 1743 2158 1770 2186; x_wconf 90' lang='lat' dir='ltr'>in</span> <span class='ocrx_word' id='word_1_591' title='bbox 1792 2157 1931 2186; x_wconf 88' lang='lat' dir='ltr'>mandatis</span> <span class='ocrx_word' id='word_1_592' title='bbox 1958 2158 2007 2186; x_wconf 90' lang='lat' dir='ltr'>De-</span> 
     </span>
     <span class='ocr_line' id='line_1_94' title="bbox 1159 2204 2007 2244; baseline -0.004 -9"><span class='ocrx_word' id='word_1_593' title='bbox 1159 2207 1245 2244; x_wconf 84' lang='lat' dir='ltr'>ealogi</span> <span class='ocrx_word' id='word_1_594' title='bbox 1270 2207 1455 2243; x_wconf 85' lang='lat' dir='ltr'>prohibentur</span> <span class='ocrx_word' id='word_1_595' title='bbox 1478 2209 1605 2243; x_wconf 78' lang='lat' dir='ltr'>peccata,</span> <span class='ocrx_word' id='word_1_596' title='bbox 1622 2205 1746 2233; x_wconf 86' lang='lat' dir='ltr'>maxime</span> <span class='ocrx_word' id='word_1_597' title='bbox 1767 2205 1793 2233; x_wconf 91' lang='lat' dir='ltr'>in</span> <span class='ocrx_word' id='word_1_598' title='bbox 1816 2204 1954 2233; x_wconf 85' lang='lat' dir='ltr'>mandatis</span> <span class='ocrx_word' id='word_1_599' title='bbox 1969 2212 2007 2233; x_wconf 90' lang='lat' dir='ltr'>se-</span> 
     </span>
     <span class='ocr_line' id='line_1_95' title="bbox 1159 2251 2007 2289; baseline -0.004 -7"><span class='ocrx_word' id='word_1_600' title='bbox 1159 2254 1268 2283; x_wconf 87' lang='lat' dir='ltr'>cundae</span> <span class='ocrx_word' id='word_1_601' title='bbox 1292 2253 1418 2286; x_wconf 76' lang='lat' dir='ltr'>tabulae,</span> <span class='ocrx_word' id='word_1_602' title='bbox 1441 2252 1596 2281; x_wconf 82' lang='lat' dir='ltr'>secundum</span> <span class='ocrx_word' id='word_1_603' title='bbox 1619 2252 1692 2289; x_wconf 91' lang='lat' dir='ltr'>quod</span> <span class='ocrx_word' id='word_1_604' title='bbox 1715 2251 1833 2280; x_wconf 87' lang='lat' dir='ltr'>suntad</span> <span class='ocrx_word' id='word_1_605' title='bbox 1850 2251 2007 2279; x_wconf 87' lang='lat' dir='ltr'>nocendum</span> 
     </span>
     <span class='ocr_line' id='line_1_96' title="bbox 1159 2298 2006 2337; baseline -0.005 -8"><span class='ocrx_word' id='word_1_606' title='bbox 1159 2301 1289 2337; x_wconf 82' lang='lat' dir='ltr'>proximo</span> <span class='ocrx_word' id='word_1_607' title='bbox 1311 2299 1454 2333; x_wconf 75' lang='lat' dir='ltr'>ordinata,</span> <span class='ocrx_word' id='word_1_608' title='bbox 1469 2302 1496 2327; x_wconf 86' lang='lat' dir='ltr'>et</span> <span class='ocrx_word' id='word_1_609' title='bbox 1511 2299 1643 2335; x_wconf 86' lang='lat' dir='ltr'>quoniam</span> <span class='ocrx_word' id='word_1_610' title='bbox 1659 2301 1793 2335; x_wconf 87' lang='lat' dir='ltr'>qnantum</span> <span class='ocrx_word' id='word_1_611' title='bbox 1810 2298 1845 2326; x_wconf 83' lang='lat' dir='ltr'>ad</span> <span class='ocrx_word' id='word_1_612' title='bbox 1861 2301 2006 2334; x_wconf 89' lang='lat' dir='ltr'>peccatum</span> 
     </span>
    </p>
   </div>
   <div class='ocr_carea' id='block_1_11' title="bbox 875 2398 1392 2407">
    <p class='ocr_par' dir='ltr' id='par_1_17' title="bbox 875 2398 1392 2407">
     <span class='ocr_line' id='line_1_97' title="bbox 875 2398 1392 2407; baseline 0 0"><span class='ocrx_word' id='word_1_613' title='bbox 875 2398 1392 2407; x_wconf 95' lang='lat' dir='ltr'> </span> 
     </span>
    </p>
   </div>
   <div class='ocr_carea' id='block_1_12' title="bbox 257 2449 1105 2596">
    <p class='ocr_par' dir='ltr' id='par_1_18' title="bbox 320 2449 1046 2479">
     <span class='ocr_line' id='line_1_98' title="bbox 320 2449 1046 2479; baseline -0.004 -5"><span class='ocrx_word' id='word_1_614' title='bbox 320 2452 325 2466; x_wconf 95' lang='lat'>¹</span> <span class='ocrx_word' id='word_1_615' title='bbox 347 2453 410 2474; x_wconf 71' lang='lat' dir='ltr'>vers.</span> <span class='ocrx_word' id='word_1_616' title='bbox 434 2452 466 2473; x_wconf 76' lang='lat' dir='ltr'>ts.</span> <span class='ocrx_word' id='word_1_617' title='bbox 485 2451 528 2474; x_wconf 82' lang='lat' dir='ltr'>Ct&#39;r.</span> <span class='ocrx_word' id='word_1_618' title='bbox 547 2457 617 2479; x_wconf 79' lang='lat' dir='ltr'>supra</span> <span class='ocrx_word' id='word_1_619' title='bbox 635 2451 657 2473; x_wconf 89' lang='lat' dir='ltr'>d.</span> <span class='ocrx_word' id='word_1_620' title='bbox 676 2451 712 2472; x_wconf 81' lang='lat'>30.</span> <span class='ocrx_word' id='word_1_621' title='bbox 731 2457 753 2478; x_wconf 89' lang='lat' dir='ltr'>q.</span> <span class='ocrx_word' id='word_1_622' title='bbox 771 2450 792 2471; x_wconf 83' lang='lat'>5.</span> <span class='ocrx_word' id='word_1_623' title='bbox 810 2456 859 2477; x_wconf 81' lang='lat' dir='ltr'>arg.</span> <span class='ocrx_word' id='word_1_624' title='bbox 882 2450 898 2471; x_wconf 90' lang='lat' dir='ltr'>l.</span> <span class='ocrx_word' id='word_1_625' title='bbox 917 2449 946 2471; x_wconf 79' lang='lat' dir='ltr'>tid</span> <span class='ocrx_word' id='word_1_626' title='bbox 964 2455 1046 2477; x_wconf 79' lang='lat' dir='ltr'>oppos.</span> 
     </span>
    </p>

    <p class='ocr_par' dir='ltr' id='par_1_19' title="bbox 257 2488 1104 2557">
     <span class='ocr_line' id='line_1_99' title="bbox 318 2488 1104 2519; baseline -0.006 -5"><span class='ocrx_word' id='word_1_627' title='bbox 318 2491 327 2505; x_wconf 71' lang='lat'><strong>²</strong></span> <span class='ocrx_word' id='word_1_628' title='bbox 346 2491 387 2513; x_wconf 75' lang='lat' dir='ltr'>Pro</span> <span class='ocrx_word' id='word_1_629' title='bbox 405 2490 442 2513; x_wconf 78' lang='lat' dir='ltr'>ira</span> <span class='ocrx_word' id='word_1_630' title='bbox 456 2489 612 2519; x_wconf 56' lang='lat' dir='ltr'>progrediens</span> <span class='ocrx_word' id='word_1_631' title='bbox 631 2489 683 2511; x_wconf 87' lang='lat' dir='ltr'>edd.</span> <span class='ocrx_word' id='word_1_632' title='bbox 705 2494 864 2518; x_wconf 61' lang='lat' dir='ltr'>progressus,</span> <span class='ocrx_word' id='word_1_633' title='bbox 885 2491 906 2510; x_wconf 84' lang='lat' dir='ltr'>et</span> <span class='ocrx_word' id='word_1_634' title='bbox 923 2488 992 2516; x_wconf 85' lang='lat' dir='ltr'>paulo</span> <span class='ocrx_word' id='word_1_635' title='bbox 1010 2488 1104 2509; x_wconf 80' lang='lat' dir='ltr'>inferius</span> 
     </span>
     <span class='ocr_line' id='line_1_100' title="bbox 257 2529 560 2557; baseline -0.007 -5"><span class='ocrx_word' id='word_1_636' title='bbox 257 2529 349 2552; x_wconf 73' lang='lat' dir='ltr'>ratione</span> <span class='ocrx_word' id='word_1_637' title='bbox 366 2536 409 2557; x_wconf 86' lang='lat' dir='ltr'>pro</span> <span class='ocrx_word' id='word_1_638' title='bbox 426 2529 560 2552; x_wconf 71' lang='lat' dir='ltr'>intentione.</span> 
     </span>
    </p>

    <p class='ocr_par' dir='ltr' id='par_1_20' title="bbox 320 2565 1105 2596">
     <span class='ocr_line' id='line_1_101' title="bbox 320 2565 1105 2596; baseline -0.005 -5"><span class='ocrx_word' id='word_1_639' title='bbox 320 2568 330 2582; x_wconf 78' lang='lat'>³</span> <span class='ocrx_word' id='word_1_640' title='bbox 347 2569 422 2591; x_wconf 86' lang='lat' dir='ltr'>Matth.</span> <span class='ocrx_word' id='word_1_641' title='bbox 441 2568 466 2596; x_wconf 77' lang='lat'>5,</span> <span class='ocrx_word' id='word_1_642' title='bbox 486 2569 521 2589; x_wconf 75' lang='lat'>22.</span> <span class='ocrx_word' id='word_1_643' title='bbox 539 2580 571 2584; x_wconf 97' lang='lat'><strong>—</strong></span> <span class='ocrx_word' id='word_1_644' title='bbox 589 2568 657 2589; x_wconf 77' lang='lat' dir='ltr'>Paulo</span> <span class='ocrx_word' id='word_1_645' title='bbox 675 2571 725 2589; x_wconf 85' lang='lat' dir='ltr'>ante</span> <span class='ocrx_word' id='word_1_646' title='bbox 743 2573 785 2594; x_wconf 86' lang='lat' dir='ltr'>pro</span> <span class='ocrx_word' id='word_1_647' title='bbox 803 2572 944 2589; x_wconf 68' lang='lat' dir='ltr'>consensum</span> <span class='ocrx_word' id='word_1_648' title='bbox 961 2566 1014 2588; x_wconf 80' lang='lat' dir='ltr'>cdd.</span> <span class='ocrx_word' id='word_1_649' title='bbox 1036 2565 1105 2595; x_wconf 74' lang='lat' dir='ltr'>offen-</span> 
     </span>
    </p>
   </div>
   <div class='ocr_carea' id='block_1_13' title="bbox 231 2604 1105 2641">
    <p class='ocr_par' dir='ltr' id='par_1_21' title="bbox 231 2604 1105 2641">
     <span class='ocr_line' id='line_1_102' title="bbox 231 2604 1105 2641; baseline -0.005 -11"><span class='ocrx_word' id='word_1_650' title='bbox 231 2638 233 2641; x_wconf 35' lang='lat'>·</span> <span class='ocrx_word' id='word_1_651' title='bbox 258 2614 324 2635; x_wconf 66' lang='lat' dir='ltr'>etun,</span> <span class='ocrx_word' id='word_1_652' title='bbox 344 2610 366 2630; x_wconf 89' lang='lat' dir='ltr'>et</span> <span class='ocrx_word' id='word_1_653' title='bbox 382 2608 489 2635; x_wconf 83' lang='lat' dir='ltr'>superius</span> <span class='ocrx_word' id='word_1_654' title='bbox 508 2613 549 2634; x_wconf 84' lang='lat' dir='ltr'>pro</span> <span class='ocrx_word' id='word_1_655' title='bbox 561 2605 675 2635; x_wconf 71' lang='lat' dir='ltr'>praedicti</span> <span class='ocrx_word' id='word_1_656' title='bbox 692 2606 742 2628; x_wconf 89' lang='lat' dir='ltr'>cod.</span> <span class='ocrx_word' id='word_1_657' title='bbox 756 2606 773 2633; x_wconf 79' lang='lat' dir='ltr'><strong>Q</strong></span> <span class='ocrx_word' id='word_1_658' title='bbox 784 2604 864 2634; x_wconf 79' lang='lat' dir='ltr'>primi.</span> <span class='ocrx_word' id='word_1_659' title='bbox 877 2605 998 2633; x_wconf 77' lang='lat' dir='ltr'>Aliquanto</span> <span class='ocrx_word' id='word_1_660' title='bbox 1011 2605 1105 2626; x_wconf 77' lang='lat' dir='ltr'>inseritis</span> 
     </span>
    </p>
   </div>
   <div class='ocr_carea' id='block_1_14' title="bbox 259 2644 1108 3022">
    <p class='ocr_par' dir='ltr' id='par_1_22' title="bbox 259 2644 750 2675">
     <span class='ocr_line' id='line_1_103' title="bbox 259 2644 750 2675; baseline -0.006 -6"><span class='ocrx_word' id='word_1_661' title='bbox 259 2653 302 2674; x_wconf 86' lang='lat' dir='ltr'>pro</span> <span class='ocrx_word' id='word_1_662' title='bbox 319 2645 496 2675; x_wconf 73' lang='lat' dir='ltr'>praecedentem</span> <span class='ocrx_word' id='word_1_663' title='bbox 513 2645 566 2667; x_wconf 83' lang='lat' dir='ltr'>edd.</span> <span class='ocrx_word' id='word_1_664' title='bbox 582 2644 750 2674; x_wconf 77' lang='lat' dir='ltr'>praecedentis.</span> 
     </span>
    </p>

    <p class='ocr_par' dir='ltr' id='par_1_23' title="bbox 260 2682 1108 3022">
     <span class='ocr_line' id='line_1_104' title="bbox 323 2682 1106 2711; baseline -0.005 -5"><span class='ocrx_word' id='word_1_665' title='bbox 323 2684 331 2698; x_wconf 78' lang='lat'>⁴</span> <span class='ocrx_word' id='word_1_666' title='bbox 350 2685 414 2706; x_wconf 65' lang='lat' dir='ltr'>Vers.</span> <span class='ocrx_word' id='word_1_667' title='bbox 434 2684 454 2706; x_wconf 71' lang='lat'>3.</span> <span class='ocrx_word' id='word_1_668' title='bbox 473 2696 503 2700; x_wconf 92' lang='lat'>—</span> <span class='ocrx_word' id='word_1_669' title='bbox 520 2685 624 2711; x_wconf 59' lang='lat' dir='ltr'>August„</span> <span class='ocrx_word' id='word_1_670' title='bbox 651 2684 664 2705; x_wconf 91' lang='lat' dir='ltr'>l.</span> <span class='ocrx_word' id='word_1_671' title='bbox 682 2683 710 2705; x_wconf 87' lang='grc'>(10</span> <span class='ocrx_word' id='word_1_672' title='bbox 728 2682 777 2705; x_wconf 85' lang='lat' dir='ltr'>Civ.</span> <span class='ocrx_word' id='word_1_673' title='bbox 803 2683 855 2709; x_wconf 82' lang='lat' dir='ltr'>Dei,</span> <span class='ocrx_word' id='word_1_674' title='bbox 879 2688 897 2704; x_wconf 88' lang='lat' dir='ltr'>c.</span> <span class='ocrx_word' id='word_1_675' title='bbox 922 2682 958 2709; x_wconf 73' lang='lat'>20,</span> <span class='ocrx_word' id='word_1_676' title='bbox 981 2684 1106 2710; x_wconf 78' lang='lat' dir='ltr'>postquam</span> 
     </span>
     <span class='ocr_line' id='line_1_105' title="bbox 260 2720 1107 2751; baseline -0.004 -6"><span class='ocrx_word' id='word_1_677' title='bbox 260 2724 437 2750; x_wconf 74' lang='lat' dir='ltr'>demonstravit,</span> <span class='ocrx_word' id='word_1_678' title='bbox 455 2722 582 2745; x_wconf 67' lang='lat' dir='ltr'>suit-iduma</span> <span class='ocrx_word' id='word_1_679' title='bbox 602 2729 695 2751; x_wconf 84' lang='lat' dir='ltr'>quoque</span> <span class='ocrx_word' id='word_1_680' title='bbox 713 2723 756 2744; x_wconf 83' lang='lat' dir='ltr'>hoc</span> <span class='ocrx_word' id='word_1_681' title='bbox 778 2725 902 2749; x_wconf 76' lang='lat' dir='ltr'>praecepto</span> <span class='ocrx_word' id='word_1_682' title='bbox 925 2720 1053 2749; x_wconf 79' lang='lat' dir='ltr'>prohiberi,</span> <span class='ocrx_word' id='word_1_683' title='bbox 1075 2721 1107 2742; x_wconf 86' lang='lat' dir='ltr'>sic</span> 
     </span>
     <span class='ocr_line' id='line_1_106' title="bbox 260 2759 1107 2790; baseline -0.005 -6"><span class='ocrx_word' id='word_1_684' title='bbox 260 2763 347 2790; x_wconf 81' lang='lat' dir='ltr'>pergit:</span> <span class='ocrx_word' id='word_1_685' title='bbox 366 2762 430 2783; x_wconf 89' lang='lat' dir='ltr'>Unde</span> <span class='ocrx_word' id='word_1_686' title='bbox 448 2761 542 2789; x_wconf 71' lang='lat' dir='ltr'>quidum</span> <span class='ocrx_word' id='word_1_687' title='bbox 561 2762 604 2783; x_wconf 87' lang='grc' dir='ltr'>11οο</span> <span class='ocrx_word' id='word_1_688' title='bbox 622 2764 771 2789; x_wconf 77' lang='lat' dir='ltr'>praeceptum</span> <span class='ocrx_word' id='word_1_689' title='bbox 789 2761 857 2782; x_wconf 79' lang='lat' dir='ltr'>etiam</span> <span class='ocrx_word' id='word_1_690' title='bbox 876 2761 896 2781; x_wconf 91' lang='lat' dir='ltr'>in</span> <span class='ocrx_word' id='word_1_691' title='bbox 915 2759 1000 2782; x_wconf 82' lang='lat' dir='ltr'>bestias</span> <span class='ocrx_word' id='word_1_692' title='bbox 1020 2765 1047 2781; x_wconf 83' lang='lat' dir='ltr'>ae</span> <span class='ocrx_word' id='word_1_693' title='bbox 1069 2765 1107 2786; x_wconf 84' lang='lat' dir='ltr'>pe-</span> 
     </span>
     <span class='ocr_line' id='line_1_107' title="bbox 261 2799 1108 2827; baseline -0.005 -4"><span class='ocrx_word' id='word_1_694' title='bbox 261 2809 313 2824; x_wconf 79' lang='lat' dir='ltr'>cora</span> <span class='ocrx_word' id='word_1_695' title='bbox 332 2805 444 2823; x_wconf 77' lang='lat' dir='ltr'>conantur</span> <span class='ocrx_word' id='word_1_696' title='bbox 461 2800 595 2827; x_wconf 80' lang='lat' dir='ltr'>extendere,</span> <span class='ocrx_word' id='word_1_697' title='bbox 614 2805 638 2822; x_wconf 89' lang='lat' dir='ltr'>ut</span> <span class='ocrx_word' id='word_1_698' title='bbox 655 2806 681 2822; x_wconf 81' lang='lat' dir='ltr'>ex</span> <span class='ocrx_word' id='word_1_699' title='bbox 695 2801 737 2822; x_wconf 86' lang='lat' dir='ltr'>hoe</span> <span class='ocrx_word' id='word_1_700' title='bbox 750 2800 837 2821; x_wconf 82' lang='lat' dir='ltr'>nullum</span> <span class='ocrx_word' id='word_1_701' title='bbox 855 2800 922 2821; x_wconf 80' lang='lat' dir='ltr'>etiam</span> <span class='ocrx_word' id='word_1_702' title='bbox 935 2799 1025 2820; x_wconf 88' lang='lat' dir='ltr'>illorum</span> <span class='ocrx_word' id='word_1_703' title='bbox 1043 2799 1108 2820; x_wconf 76' lang='lat' dir='ltr'>liceat</span> 
     </span>
     <span class='ocr_line' id='line_1_108' title="bbox 262 2837 1108 2867; baseline -0.004 -6"><span class='ocrx_word' id='word_1_704' title='bbox 262 2840 374 2862; x_wconf 75' lang='lat' dir='ltr'>occidere.</span> <span class='ocrx_word' id='word_1_705' title='bbox 393 2839 438 2862; x_wconf 92' lang='lat' dir='ltr'>Cur</span> <span class='ocrx_word' id='word_1_706' title='bbox 457 2845 501 2861; x_wconf 87' lang='grc'><strong>11011</strong></span> <span class='ocrx_word' id='word_1_707' title='bbox 519 2845 574 2866; x_wconf 82' lang='lat' dir='ltr'>ergo</span> <span class='ocrx_word' id='word_1_708' title='bbox 593 2842 614 2861; x_wconf 90' lang='lat' dir='ltr'>et</span> <span class='ocrx_word' id='word_1_709' title='bbox 632 2838 730 2866; x_wconf 77' lang='lat' dir='ltr'>herbas,</span> <span class='ocrx_word' id='word_1_710' title='bbox 749 2841 770 2861; x_wconf 86' lang='lat' dir='ltr'>et</span> <span class='ocrx_word' id='word_1_711' title='bbox 788 2838 902 2867; x_wconf 80' lang='lat' dir='ltr'>quidquid</span> <span class='ocrx_word' id='word_1_712' title='bbox 914 2839 986 2859; x_wconf 87' lang='lat' dir='ltr'>humo</span> <span class='ocrx_word' id='word_1_713' title='bbox 999 2837 1108 2859; x_wconf 78' lang='lat' dir='ltr'>radicitus</span> 
     </span>
     <span class='ocr_line' id='line_1_109' title="bbox 262 2877 1108 2907; baseline -0.004 -7"><span class='ocrx_word' id='word_1_714' title='bbox 262 2879 328 2900; x_wconf 75' lang='lat' dir='ltr'>alitur</span> <span class='ocrx_word' id='word_1_715' title='bbox 345 2886 370 2901; x_wconf 83' lang='lat' dir='ltr'>ae</span> <span class='ocrx_word' id='word_1_716' title='bbox 389 2879 482 2907; x_wconf 74' lang='lat' dir='ltr'>ligitur?</span> <span class='ocrx_word' id='word_1_717' title='bbox 501 2879 556 2900; x_wconf 82' lang='lat' dir='ltr'>Nam</span> <span class='ocrx_word' id='word_1_718' title='bbox 574 2881 596 2900; x_wconf 85' lang='lat' dir='ltr'>et</span> <span class='ocrx_word' id='word_1_719' title='bbox 613 2879 656 2900; x_wconf 87' lang='lat' dir='ltr'>hoc</span> <span class='ocrx_word' id='word_1_720' title='bbox 674 2884 748 2906; x_wconf 79' lang='lat' dir='ltr'>genus</span> <span class='ocrx_word' id='word_1_721' title='bbox 765 2884 854 2904; x_wconf 82' lang='lat' dir='ltr'>rerum,</span> <span class='ocrx_word' id='word_1_722' title='bbox 872 2877 980 2905; x_wconf 80' lang='lat' dir='ltr'>quamvis</span> <span class='ocrx_word' id='word_1_723' title='bbox 997 2882 1041 2898; x_wconf 85' lang='lat' dir='ltr'>non</span> <span class='ocrx_word' id='word_1_724' title='bbox 1060 2882 1108 2898; x_wconf 83' lang='grc'><strong>5011-</strong></span> 
     </span>
     <span class='ocr_line' id='line_1_110' title="bbox 263 2915 1107 2945; baseline -0.004 -6"><span class='ocrx_word' id='word_1_725' title='bbox 263 2918 311 2944; x_wconf 82' lang='lat' dir='ltr'>liat,</span> <span class='ocrx_word' id='word_1_726' title='bbox 329 2918 412 2939; x_wconf 84' lang='grc'><strong>(11011111</strong></span> <span class='ocrx_word' id='word_1_727' title='bbox 429 2919 519 2945; x_wconf 70' lang='lat' dir='ltr'>vivere,</span> <span class='ocrx_word' id='word_1_728' title='bbox 537 2924 563 2939; x_wconf 87' lang='lat' dir='ltr'>ac</span> <span class='ocrx_word' id='word_1_729' title='bbox 582 2924 622 2945; x_wconf 83' lang='lat' dir='ltr'>per</span> <span class='ocrx_word' id='word_1_730' title='bbox 640 2918 683 2939; x_wconf 89' lang='lat' dir='ltr'>hoc</span> <span class='ocrx_word' id='word_1_731' title='bbox 696 2919 770 2944; x_wconf 80' lang='lat' dir='ltr'>potest</span> <span class='ocrx_word' id='word_1_732' title='bbox 781 2919 802 2938; x_wconf 80' lang='lat' dir='ltr'>et</span> <span class='ocrx_word' id='word_1_733' title='bbox 820 2916 891 2943; x_wconf 80' lang='lat' dir='ltr'>mori,</span> <span class='ocrx_word' id='word_1_734' title='bbox 910 2915 1008 2943; x_wconf 85' lang='lat' dir='ltr'>proinde</span> <span class='ocrx_word' id='word_1_735' title='bbox 1025 2915 1107 2942; x_wconf 78' lang='lat' dir='ltr'>etiam,</span> 
     </span>
     <span class='ocr_line' id='line_1_111' title="bbox 263 2953 1108 2983; baseline -0.001 -8"><span class='ocrx_word' id='word_1_736' title='bbox 263 2961 315 2976; x_wconf 89' lang='lat' dir='ltr'>eum</span> <span class='ocrx_word' id='word_1_737' title='bbox 333 2957 368 2976; x_wconf 71' lang='lat' dir='ltr'>vis</span> <span class='ocrx_word' id='word_1_738' title='bbox 385 2956 513 2981; x_wconf 74' lang='lat' dir='ltr'>adhibetur,</span> <span class='ocrx_word' id='word_1_739' title='bbox 531 2956 628 2978; x_wconf 82' lang='lat' dir='ltr'>occidi...</span> <span class='ocrx_word' id='word_1_740' title='bbox 641 2956 699 2978; x_wconf 81' lang='lat' dir='ltr'>Num</span> <span class='ocrx_word' id='word_1_741' title='bbox 712 2956 782 2983; x_wconf 84' lang='lat' dir='ltr'>igitur</span> <span class='ocrx_word' id='word_1_742' title='bbox 799 2955 829 2976; x_wconf 90' lang='lat' dir='ltr'>ob</span> <span class='ocrx_word' id='word_1_743' title='bbox 847 2956 901 2982; x_wconf 84' lang='lat' dir='ltr'>hoc,</span> <span class='ocrx_word' id='word_1_744' title='bbox 914 2960 966 2976; x_wconf 90' lang='lat' dir='ltr'>cum</span> <span class='ocrx_word' id='word_1_745' title='bbox 984 2953 1108 2975; x_wconf 79' lang='lat' dir='ltr'>audimus:</span> 
     </span>
     <span class='ocr_line' id='line_1_112' title="bbox 264 2993 1107 3022; baseline -0.001 -8"><span class='ocrx_word' id='word_1_746' title='bbox 264 2993 318 3015; x_wconf 76' lang='lat' dir='ltr'>Nou</span> <span class='ocrx_word' id='word_1_747' title='bbox 335 2993 436 3021; x_wconf 73' lang='lat' dir='ltr'>occides,</span> <span class='ocrx_word' id='word_1_748' title='bbox 451 2995 577 3022; x_wconf 67' lang='lat' dir='ltr'>virgultum</span> <span class='ocrx_word' id='word_1_749' title='bbox 596 2995 678 3016; x_wconf 70' lang='lat' dir='ltr'>vellere</span> <span class='ocrx_word' id='word_1_750' title='bbox 691 2995 753 3016; x_wconf 81' lang='lat' dir='ltr'>netas</span> <span class='ocrx_word' id='word_1_751' title='bbox 771 2994 878 3016; x_wconf 84' lang='lat' dir='ltr'>ducimus</span> <span class='ocrx_word' id='word_1_752' title='bbox 889 2996 911 3015; x_wconf 81' lang='lat' dir='ltr'>et</span> <span class='ocrx_word' id='word_1_753' title='bbox 923 2993 1107 3015; x_wconf 80' lang='lat' dir='ltr'>Manichaeorum</span> 
     </span>
    </p>
   </div>
   <div class='ocr_carea' id='block_1_15' title="bbox 1114 289 1139 3009">
    <p class='ocr_par' dir='ltr' id='par_1_24' title="bbox 1114 289 1139 3009">
     <span class='ocr_line' id='line_1_113' title="bbox 1114 289 1139 3009; baseline 0 0"><span class='ocrx_word' id='word_1_754' title='bbox 1114 289 1139 3009; x_wconf 95' lang='lat' dir='ltr'> </span> 
     </span>
    </p>
   </div>
   <div class='ocr_carea' id='block_1_16' title="bbox 1161 2444 2009 2979">
    <p class='ocr_par' dir='ltr' id='par_1_25' title="bbox 1161 2444 2008 2630">
     <span class='ocr_line' id='line_1_114' title="bbox 1161 2444 2008 2473; baseline -0.005 -4"><span class='ocrx_word' id='word_1_755' title='bbox 1161 2448 1232 2469; x_wconf 88' lang='lat' dir='ltr'>errori</span> <span class='ocrx_word' id='word_1_756' title='bbox 1250 2447 1394 2468; x_wconf 83' lang='lat' dir='ltr'>insanissime</span> <span class='ocrx_word' id='word_1_757' title='bbox 1412 2446 1618 2473; x_wconf 69' lang='lat' dir='ltr'>acquiescimus‘i...</span> <span class='ocrx_word' id='word_1_758' title='bbox 1636 2447 1715 2472; x_wconf 80' lang='lat' dir='ltr'>restat,</span> <span class='ocrx_word' id='word_1_759' title='bbox 1734 2446 1758 2466; x_wconf 89' lang='lat' dir='ltr'>ut</span> <span class='ocrx_word' id='word_1_760' title='bbox 1775 2444 1803 2466; x_wconf 84' lang='lat' dir='ltr'>de</span> <span class='ocrx_word' id='word_1_761' title='bbox 1822 2444 1913 2466; x_wconf 84' lang='lat' dir='ltr'>homine</span> <span class='ocrx_word' id='word_1_762' title='bbox 1931 2444 2008 2465; x_wconf 89' lang='lat' dir='ltr'>intelli-</span> 
     </span>
     <span class='ocr_line' id='line_1_115' title="bbox 1162 2483 2007 2514; baseline -0.005 -6"><span class='ocrx_word' id='word_1_763' title='bbox 1162 2492 1245 2514; x_wconf 74' lang='lat' dir='ltr'>gamus</span> <span class='ocrx_word' id='word_1_764' title='bbox 1263 2485 1325 2514; x_wconf 80' lang='lat' dir='ltr'>quod</span> <span class='ocrx_word' id='word_1_765' title='bbox 1344 2485 1429 2507; x_wconf 78' lang='lat' dir='ltr'>dit-tum</span> <span class='ocrx_word' id='word_1_766' title='bbox 1442 2488 1487 2507; x_wconf 88' lang='lat' dir='ltr'>est:</span> <span class='ocrx_word' id='word_1_767' title='bbox 1500 2484 1554 2507; x_wconf 78' lang='lat' dir='ltr'>Non</span> <span class='ocrx_word' id='word_1_768' title='bbox 1571 2483 1673 2512; x_wconf 75' lang='lat' dir='ltr'>occides,</span> <span class='ocrx_word' id='word_1_769' title='bbox 1694 2489 1735 2506; x_wconf 89' lang='lat' dir='ltr'>nec</span> <span class='ocrx_word' id='word_1_770' title='bbox 1747 2483 1843 2505; x_wconf 85' lang='lat' dir='ltr'>alterum</span> <span class='ocrx_word' id='word_1_771' title='bbox 1856 2489 1912 2510; x_wconf 82' lang='lat' dir='ltr'>ergo</span> <span class='ocrx_word' id='word_1_772' title='bbox 1926 2488 1966 2504; x_wconf 84' lang='lat' dir='ltr'>nec</span> <span class='ocrx_word' id='word_1_773' title='bbox 1979 2484 2007 2504; x_wconf 88' lang='lat' dir='ltr'>te.</span> 
     </span>
     <span class='ocr_line' id='line_1_116' title="bbox 1161 2521 2007 2553; baseline -0.005 -7"><span class='ocrx_word' id='word_1_774' title='bbox 1161 2525 1240 2553; x_wconf 85' lang='lat' dir='ltr'>Neque</span> <span class='ocrx_word' id='word_1_775' title='bbox 1257 2525 1318 2546; x_wconf 90' lang='lat' dir='ltr'>enim</span> <span class='ocrx_word' id='word_1_776' title='bbox 1331 2525 1370 2552; x_wconf 87' lang='lat' dir='ltr'>qni</span> <span class='ocrx_word' id='word_1_777' title='bbox 1391 2530 1415 2546; x_wconf 87' lang='lat' dir='ltr'>se</span> <span class='ocrx_word' id='word_1_778' title='bbox 1433 2523 1515 2545; x_wconf 85' lang='lat' dir='ltr'>occidit</span> <span class='ocrx_word' id='word_1_779' title='bbox 1531 2523 1593 2545; x_wconf 83' lang='lat' dir='ltr'>aliud</span> <span class='ocrx_word' id='word_1_780' title='bbox 1611 2529 1680 2551; x_wconf 83' lang='lat' dir='ltr'>quam</span> <span class='ocrx_word' id='word_1_781' title='bbox 1694 2523 1811 2544; x_wconf 86' lang='lat' dir='ltr'>nominem</span> <span class='ocrx_word' id='word_1_782' title='bbox 1830 2521 1919 2543; x_wconf 85' lang='lat' dir='ltr'>oceidit.</span> <span class='ocrx_word' id='word_1_783' title='bbox 1933 2533 1963 2536; x_wconf 88' lang='lat'><strong>—</strong></span> <span class='ocrx_word' id='word_1_784' title='bbox 1974 2521 2007 2543; x_wconf 85' lang='lat' dir='ltr'>De</span> 
     </span>
     <span class='ocr_line' id='line_1_117' title="bbox 1162 2560 2007 2590; baseline -0.005 -5"><span class='ocrx_word' id='word_1_785' title='bbox 1162 2564 1206 2585; x_wconf 87' lang='lat' dir='ltr'>hoc</span> <span class='ocrx_word' id='word_1_786' title='bbox 1224 2563 1295 2585; x_wconf 86' lang='lat' dir='ltr'>dubio</span> <span class='ocrx_word' id='word_1_787' title='bbox 1313 2563 1352 2585; x_wconf 87' lang='lat' dir='ltr'>esr.</span> <span class='ocrx_word' id='word_1_788' title='bbox 1371 2563 1431 2584; x_wconf 80' lang='lat' dir='ltr'>Alex.</span> <span class='ocrx_word' id='word_1_789' title='bbox 1449 2562 1505 2589; x_wconf 65' lang='lat' dir='ltr'>Hah,</span> <span class='ocrx_word' id='word_1_790' title='bbox 1523 2562 1544 2584; x_wconf 83' lang='lat' dir='ltr'>S.</span> <span class='ocrx_word' id='word_1_791' title='bbox 1564 2568 1585 2589; x_wconf 86' lang='lat' dir='ltr'>p.</span> <span class='ocrx_word' id='word_1_792' title='bbox 1604 2562 1637 2583; x_wconf 88' lang='grc'><strong>111.</strong></span> <span class='ocrx_word' id='word_1_793' title='bbox 1655 2568 1676 2590; x_wconf 89' lang='lat' dir='ltr'>q.</span> <span class='ocrx_word' id='word_1_794' title='bbox 1695 2561 1736 2589; x_wconf 82' lang='lat'>34;</span> <span class='ocrx_word' id='word_1_795' title='bbox 1755 2560 1881 2588; x_wconf 57' lang='lat' dir='ltr'>ltalbcrt„</span> <span class='ocrx_word' id='word_1_796' title='bbox 1895 2561 1932 2582; x_wconf 83' lang='lat' dir='ltr'>liic</span> <span class='ocrx_word' id='word_1_797' title='bbox 1949 2566 1968 2581; x_wconf 84' lang='lat' dir='ltr'>a.</span> <span class='ocrx_word' id='word_1_798' title='bbox 1982 2560 2007 2587; x_wconf 81' lang='lat'>9;</span> 
     </span>
     <span class='ocr_line' id='line_1_118' title="bbox 1164 2599 1986 2630; baseline -0.005 -6"><span class='ocrx_word' id='word_1_799' title='bbox 1164 2603 1220 2624; x_wconf 72' lang='lat' dir='ltr'>l&#39;etr.</span> <span class='ocrx_word' id='word_1_800' title='bbox 1238 2608 1250 2624; x_wconf 81' lang='lat' dir='ltr'>a</span> <span class='ocrx_word' id='word_1_801' title='bbox 1269 2602 1328 2629; x_wconf 66' lang='lat' dir='ltr'>Tarz,</span> <span class='ocrx_word' id='word_1_802' title='bbox 1347 2602 1383 2623; x_wconf 85' lang='lat' dir='ltr'>hic</span> <span class='ocrx_word' id='word_1_803' title='bbox 1401 2608 1423 2630; x_wconf 87' lang='lat' dir='ltr'>q.</span> <span class='ocrx_word' id='word_1_804' title='bbox 1442 2601 1462 2623; x_wconf 86' lang='lat'>3.</span> <span class='ocrx_word' id='word_1_805' title='bbox 1480 2607 1500 2623; x_wconf 81' lang='lat' dir='ltr'>a.</span> <span class='ocrx_word' id='word_1_806' title='bbox 1513 2602 1539 2628; x_wconf 79' lang='grc'>2;</span> <span class='ocrx_word' id='word_1_807' title='bbox 1558 2600 1664 2623; x_wconf 78' lang='lat' dir='ltr'>luebat-d.</span> <span class='ocrx_word' id='word_1_808' title='bbox 1682 2607 1693 2622; x_wconf 87' lang='lat' dir='ltr'>a</span> <span class='ocrx_word' id='word_1_809' title='bbox 1712 2600 1777 2627; x_wconf 64' lang='lat' dir='ltr'>Med.5</span> <span class='ocrx_word' id='word_1_810' title='bbox 1796 2600 1832 2621; x_wconf 84' lang='lat' dir='ltr'>hie</span> <span class='ocrx_word' id='word_1_811' title='bbox 1849 2606 1869 2621; x_wconf 77' lang='lat' dir='ltr'>a,</span> <span class='ocrx_word' id='word_1_812' title='bbox 1887 2599 1908 2621; x_wconf 81' lang='lat'>3.</span> <span class='ocrx_word' id='word_1_813' title='bbox 1926 2605 1947 2627; x_wconf 89' lang='lat' dir='ltr'>q.</span> <span class='ocrx_word' id='word_1_814' title='bbox 1966 2599 1986 2620; x_wconf 79' lang='lat'>2.</span> 
     </span>
    </p>

    <p class='ocr_par' dir='ltr' id='par_1_26' title="bbox 1163 2638 2009 2979">
     <span class='ocr_line' id='line_1_119' title="bbox 1226 2638 2008 2667; baseline -0.005 -4"><span class='ocrx_word' id='word_1_815' title='bbox 1226 2641 1236 2655; x_wconf 82' lang='lat'>5</span> <span class='ocrx_word' id='word_1_816' title='bbox 1253 2641 1318 2663; x_wconf 82' lang='lat' dir='ltr'>Vei-s.</span> <span class='ocrx_word' id='word_1_817' title='bbox 1336 2641 1372 2662; x_wconf 77' lang='lat'>28,</span> <span class='ocrx_word' id='word_1_818' title='bbox 1391 2653 1420 2656; x_wconf 87' lang='lat'><strong>—</strong></span> <span class='ocrx_word' id='word_1_819' title='bbox 1438 2640 1517 2662; x_wconf 85' lang='lat' dir='ltr'>Glossa</span> <span class='ocrx_word' id='word_1_820' title='bbox 1535 2643 1568 2661; x_wconf 86' lang='lat' dir='ltr'>est</span> <span class='ocrx_word' id='word_1_821' title='bbox 1586 2639 1684 2667; x_wconf 75' lang='lat' dir='ltr'>Haboni,</span> <span class='ocrx_word' id='word_1_822' title='bbox 1708 2640 1747 2667; x_wconf 89' lang='lat' dir='ltr'>qui</span> <span class='ocrx_word' id='word_1_823' title='bbox 1769 2639 1790 2660; x_wconf 91' lang='lat' dir='ltr'>in</span> <span class='ocrx_word' id='word_1_824' title='bbox 1815 2639 1876 2660; x_wconf 88' lang='lat' dir='ltr'>hunc</span> <span class='ocrx_word' id='word_1_825' title='bbox 1898 2638 1940 2660; x_wconf 87' lang='lat' dir='ltr'>loc.</span> <span class='ocrx_word' id='word_1_826' title='bbox 1963 2638 2008 2659; x_wconf 86' lang='lat' dir='ltr'>ait:</span> 
     </span>
     <span class='ocr_line' id='line_1_120' title="bbox 1163 2677 2009 2707; baseline -0.006 -5"><span class='ocrx_word' id='word_1_827' title='bbox 1163 2680 1309 2707; x_wconf 80' lang='lat' dir='ltr'>Quapropter</span> <span class='ocrx_word' id='word_1_828' title='bbox 1327 2679 1419 2701; x_wconf 90' lang='lat' dir='ltr'>nomine</span> <span class='ocrx_word' id='word_1_829' title='bbox 1436 2678 1606 2700; x_wconf 81' lang='lat' dir='ltr'>moechantium</span> <span class='ocrx_word' id='word_1_830' title='bbox 1617 2696 1622 2706; x_wconf 61' lang='lat'><em>⁷</em></span> <span class='ocrx_word' id='word_1_831' title='bbox 1641 2678 1680 2706; x_wconf 87' lang='lat' dir='ltr'>qui</span> <span class='ocrx_word' id='word_1_832' title='bbox 1698 2679 1741 2699; x_wconf 82' lang='lat' dir='ltr'>hoe</span> <span class='ocrx_word' id='word_1_833' title='bbox 1758 2677 1858 2704; x_wconf 83' lang='lat' dir='ltr'>capitulo</span> <span class='ocrx_word' id='word_1_834' title='bbox 1870 2681 2009 2698; x_wconf 82' lang='lat' dir='ltr'>commemo-</span> 
     </span>
     <span class='ocr_line' id='line_1_121' title="bbox 1163 2715 2009 2745; baseline -0.006 -5"><span class='ocrx_word' id='word_1_835' title='bbox 1163 2723 1254 2745; x_wconf 84' lang='lat' dir='ltr'>rantur,</span> <span class='ocrx_word' id='word_1_836' title='bbox 1273 2724 1365 2740; x_wconf 87' lang='lat' dir='ltr'>omnem</span> <span class='ocrx_word' id='word_1_837' title='bbox 1383 2717 1496 2739; x_wconf 80' lang='lat' dir='ltr'>carnalem</span> <span class='ocrx_word' id='word_1_838' title='bbox 1515 2721 1536 2738; x_wconf 84' lang='grc'>01</span> <span class='ocrx_word' id='word_1_839' title='bbox 1553 2716 1698 2738; x_wconf 81' lang='lat' dir='ltr'>libidinosam</span> <span class='ocrx_word' id='word_1_840' title='bbox 1716 2715 1925 2743; x_wconf 81' lang='lat' dir='ltr'>concupiscentiam</span> <span class='ocrx_word' id='word_1_841' title='bbox 1942 2720 2009 2741; x_wconf 73' lang='lat' dir='ltr'>opor-</span> 
     </span>
     <span class='ocr_line' id='line_1_122' title="bbox 1164 2753 2008 2784; baseline -0.006 -5"><span class='ocrx_word' id='word_1_842' title='bbox 1164 2760 1194 2779; x_wconf 81' lang='lat' dir='ltr'>tet</span> <span class='ocrx_word' id='word_1_843' title='bbox 1211 2757 1311 2784; x_wconf 76' lang='lat' dir='ltr'>intelligi.</span> <span class='ocrx_word' id='word_1_844' title='bbox 1330 2756 1387 2778; x_wconf 90' lang='lat' dir='ltr'>Cum</span> <span class='ocrx_word' id='word_1_845' title='bbox 1405 2757 1465 2778; x_wconf 79' lang='lat' dir='ltr'>enlm</span> <span class='ocrx_word' id='word_1_846' title='bbox 1484 2759 1529 2777; x_wconf 83' lang='lat' dir='ltr'>tam</span> <span class='ocrx_word' id='word_1_847' title='bbox 1551 2755 1643 2777; x_wconf 84' lang='lat' dir='ltr'>assidue</span> <span class='ocrx_word' id='word_1_848' title='bbox 1665 2755 1815 2777; x_wconf 77' lang='lat' dir='ltr'>idololatriam</span> <span class='ocrx_word' id='word_1_849' title='bbox 1836 2753 2008 2775; x_wconf 78' lang='lat' dir='ltr'>fornicationem</span> 
     </span>
     <span class='ocr_line' id='line_1_123' title="bbox 1164 2792 2009 2824; baseline -0.006 -6"><span class='ocrx_word' id='word_1_850' title='bbox 1164 2798 1281 2824; x_wconf 77' lang='lat' dir='ltr'>Scriptura</span> <span class='ocrx_word' id='word_1_851' title='bbox 1299 2796 1370 2822; x_wconf 78' lang='lat' dir='ltr'>(licat,</span> <span class='ocrx_word' id='word_1_852' title='bbox 1388 2795 1471 2817; x_wconf 83' lang='lat' dir='ltr'>Paulus</span> <span class='ocrx_word' id='word_1_853' title='bbox 1488 2798 1564 2817; x_wconf 86' lang='lat' dir='ltr'>autem</span> <span class='ocrx_word' id='word_1_854' title='bbox 1588 2794 1706 2822; x_wconf 77' lang='lat' dir='ltr'>apostolus</span> <span class='ocrx_word' id='word_1_855' title='bbox 1727 2793 1846 2815; x_wconf 79' lang='lat' dir='ltr'>avaritiam</span> <span class='ocrx_word' id='word_1_856' title='bbox 1868 2792 2009 2814; x_wconf 81' lang='lat' dir='ltr'>idololatriae</span> 
     </span>
     <span class='ocr_line' id='line_1_124' title="bbox 1165 2831 2009 2863; baseline -0.006 -6"><span class='ocrx_word' id='word_1_857' title='bbox 1165 2836 1257 2858; x_wconf 85' lang='lat' dir='ltr'>nomine</span> <span class='ocrx_word' id='word_1_858' title='bbox 1274 2835 1383 2862; x_wconf 81' lang='lat' dir='ltr'>ttppellet;</span> <span class='ocrx_word' id='word_1_859' title='bbox 1402 2835 1453 2863; x_wconf 79' lang='lat' dir='ltr'>quis</span> <span class='ocrx_word' id='word_1_860' title='bbox 1472 2833 1570 2861; x_wconf 82' lang='lat' dir='ltr'>dubitet,</span> <span class='ocrx_word' id='word_1_861' title='bbox 1590 2839 1682 2855; x_wconf 87' lang='lat' dir='ltr'>omnem</span> <span class='ocrx_word' id='word_1_862' title='bbox 1700 2832 1784 2854; x_wconf 83' lang='lat' dir='ltr'>malam</span> <span class='ocrx_word' id='word_1_863' title='bbox 1797 2831 2009 2858; x_wconf 75' lang='lat' dir='ltr'>concupiscentiam</span> 
     </span>
     <span class='ocr_line' id='line_1_125' title="bbox 1164 2870 2009 2901; baseline -0.006 -5"><span class='ocrx_word' id='word_1_864' title='bbox 1164 2877 1225 2897; x_wconf 78' lang='lat' dir='ltr'>recte</span> <span class='ocrx_word' id='word_1_865' title='bbox 1242 2874 1414 2896; x_wconf 79' lang='lat' dir='ltr'>fornicationem</span> <span class='ocrx_word' id='word_1_866' title='bbox 1432 2873 1521 2900; x_wconf 78' lang='lat' dir='ltr'>vocari,</span> <span class='ocrx_word' id='word_1_867' title='bbox 1540 2872 1633 2901; x_wconf 83' lang='lat' dir='ltr'>quando</span> <span class='ocrx_word' id='word_1_868' title='bbox 1655 2873 1742 2898; x_wconf 85' lang='lat' dir='ltr'>anima,</span> <span class='ocrx_word' id='word_1_869' title='bbox 1766 2870 1868 2898; x_wconf 85' lang='lat' dir='ltr'>neglecta</span> <span class='ocrx_word' id='word_1_870' title='bbox 1889 2870 2009 2898; x_wconf 87' lang='lat' dir='ltr'>superiore</span> 
     </span>
     <span class='ocr_line' id='line_1_126' title="bbox 1164 2909 2008 2941; baseline -0.006 -6"><span class='ocrx_word' id='word_1_871' title='bbox 1164 2913 1227 2940; x_wconf 77' lang='lat' dir='ltr'>lege,</span> <span class='ocrx_word' id='word_1_872' title='bbox 1240 2919 1284 2941; x_wconf 85' lang='lat' dir='ltr'>qua</span> <span class='ocrx_word' id='word_1_873' title='bbox 1303 2913 1403 2940; x_wconf 79' lang='lat' dir='ltr'>regitur,</span> <span class='ocrx_word' id='word_1_874' title='bbox 1421 2913 1554 2933; x_wconf 81' lang='lat' dir='ltr'>inferiorum</span> <span class='ocrx_word' id='word_1_875' title='bbox 1573 2914 1705 2932; x_wconf 79' lang='lat' dir='ltr'>naturarum</span> <span class='ocrx_word' id='word_1_876' title='bbox 1724 2910 1784 2937; x_wconf 81' lang='lat' dir='ltr'>turpi</span> <span class='ocrx_word' id='word_1_877' title='bbox 1807 2909 1923 2931; x_wconf 86' lang='lat' dir='ltr'>voluntate</span> <span class='ocrx_word' id='word_1_878' title='bbox 1944 2909 2008 2937; x_wconf 82' lang='lat' dir='ltr'>quasi</span> 
     </span>
     <span class='ocr_line' id='line_1_127' title="bbox 1165 2951 1599 2979; baseline -0.005 -6"><span class='ocrx_word' id='word_1_879' title='bbox 1165 2951 1272 2973; x_wconf 82' lang='lat' dir='ltr'>mercede</span> <span class='ocrx_word' id='word_1_880' title='bbox 1290 2952 1409 2979; x_wconf 81' lang='lat' dir='ltr'>prostituta</span> <span class='ocrx_word' id='word_1_881' title='bbox 1427 2951 1599 2978; x_wconf 75' lang='lat' dir='ltr'>corrumpitur?</span> 
     </span>
    </p>
   </div>
  </div>
 </body>
</html>
