2166 3366
7 731 79 755 Duplex
95 731 136 749 uni-

6 917 103 936 conclusio
115 916 132 934 1.

7 1751 136 1770 Gerellanum.

5 1890 103 1910 conclusio
114 1891 132 1909 2.

21 2030 75 2049 Ratio
88 2036 133 2054 qna-

17 2053 102 2078 drupiox.

765 185 847 213 DIST.
870 186 911 214 Vl.
934 186 1005 214 ΛΒΤ.
1027 186 1056 214 ΙΙ.
1079 186 1214 222 QUAEST.
1236 187 1276 215 Ill.

149 261 370 298 multiplicata¹;
401 261 428 289 in
453 261 562 290 Christo
583 265 676 290 autem
698 263 838 299 reperitur
859 266 923 291 actu
945 271 989 291 na-

148 311 276 336 turarum
292 307 442 336 multitudo
457 312 484 336 et
498 308 670 336 differentia:
686 316 752 345 ergo
773 308 898 343 videtur,
913 309 988 346 quod

148 354 176 382 in
197 354 307 382 Christo
327 354 362 382 sit
382 354 475 382 unitas
496 355 619 382 minima.

460 454 673 476 CONCLUSIO.

182 539 301 573 Unitas,
322 548 397 577 quae
417 543 458 568 est
478 540 509 568 in
532 539 662 574 Clzristo,
684 549 796 569 omnem
817 542 959 570 unitatem

193 590 341 619 creatam,
363 586 533 623 simpliciter
555 587 711 624 loquendo,
732 588 941 625 superexcedit.

227 679 404 708 Rnsrormno:
426 679 596 714 Dicendum,
618 681 692 717 quod
714 684 756 710 est
777 681 852 718 loqui
874 682 909 710 de
932 682 989 710 uni-

148 728 218 759 tate,
239 733 295 762 qua
315 725 409 762 aliqua
430 726 563 755 dicuntur
584 735 672 755 unum
699 735 748 764 per
769 728 987 756 convenientiam

148 771 179 800 in
198 775 328 805 natura,
348 776 375 800 et
395 776 437 801 est
460 772 533 810 loqui
556 773 590 802 de
612 774 736 808 unitate,
757 782 813 811 qua
834 774 928 810 aliqua
950 774 988 802 di-

147 821 249 847 cuntur
270 827 358 847 unum
381 827 430 855 per
451 820 669 848 convenientiam
693 820 723 848 in
740 829 877 857 persona.
900 820 925 848 Si
941 828 985 848 au-

146 864 223 893 tem²
256 865 405 902 loquamur
436 866 470 894 de
501 866 622 899 unitate,
653 874 709 903 qua
740 866 833 903 aliqua
854 867 987 895 dicuntur

146 918 235 939 unum
256 919 306 948 per
328 912 546 940 convenientiam
568 913 599 940 z'n
620 916 750 946 natura,
772 913 811 941 sic
826 916 866 941 est
881 913 987 947 dicere,

145 957 219 994 quod
243 958 269 985 in
291 958 400 986 Christo
416 959 477 987 talis
493 959 583 987 unitas
598 959 718 995 quodam
736 959 818 987 modo
832 963 873 987 est
886 959 986 993 nulla,

145 1004 267 1041 quodam
290 1004 372 1033 modo
385 1009 427 1033 est
441 1013 568 1041 magna,
583 1005 703 1041 quodam
720 1005 803 1033 modo
818 1009 859 1034 est
871 1014 986 1042 parva,

146 1050 266 1087 quodam
288 1051 371 1079 modo
393 1055 434 1079 est
454 1059 580 1079 summa.
597 1067 634 1071 —
648 1052 674 1079 Si
696 1051 769 1080 enim
792 1060 987 1088 comparemus

145 1097 276 1125 divinam
308 1101 451 1125 naturam
472 1097 507 1125 ad
530 1096 710 1131 humanam,
733 1098 772 1126 sic
792 1098 875 1126 nulla
896 1102 937 1127 est
959 1099 985 1126 in

145 1143 254 1172 Christo
275 1144 366 1172 unitas
387 1147 532 1177 natm-ae,
554 1152 605 1180 pro
625 1152 658 1172 eo
679 1144 753 1181 quod
773 1144 841 1173 istae
856 1145 929 1173 duae
943 1153 988 1173 na-

145 1193 225 1219 turae
247 1198 301 1218 non
323 1194 438 1227 possunt
459 1190 542 1218 simul
565 1191 590 1218 in
615 1199 698 1218 uuam
723 1194 852 1219 naturam
875 1199 989 1220 concur-

145 1244 216 1265 rere.
238 1253 277 1257 -
297 1237 323 1264 Si
344 1241 438 1265 autern
461 1237 610 1274 loquamur
637 1238 672 1266 de
700 1241 800 1265 natura
821 1238 921 1267 Christi
951 1246 987 1267 ex

145 1286 224 1320 parte
245 1283 395 1320 corpo-ris,
417 1283 455 1312 sic
474 1291 573 1320 parva
597 1287 639 1312 est
663 1284 756 1312 unitas
784 1289 898 1321 propter
927 1293 988 1321 par-

146 1330 214 1358 tium
231 1329 472 1366 multiplicitatem.
487 1347 526 1350 —
540 1330 566 1358 Si
588 1333 681 1358 autem
704 1330 852 1367 loquamur
874 1332 908 1360 de
930 1332 988 1360 uni-

147 1380 201 1404 tate
223 1380 358 1413 quantum
380 1376 414 1404 ad
436 1376 586 1410 animam,
608 1377 647 1405 sic
668 1380 710 1405 est
731 1378 758 1405 in
774 1385 806 1406 eo
821 1379 913 1406 unitas
928 1387 989 1406 ma-

143 1431 205 1461 yna
226 1427 339 1460 propter
360 1423 469 1451 animae
494 1423 708 1460 simplicitatem.
729 1440 768 1444 -
788 1424 813 1452 Si
836 1428 929 1453 autem
952 1425 988 1453 lo-

146 1478 267 1507 quamur
287 1470 321 1498 de
343 1477 375 1498 eo
396 1474 531 1506 quantum
557 1471 592 1498 ad
614 1470 746 1498 divinam
769 1475 926 1505 naturam,
949 1472 988 1501 sic

146 1524 264 1543 summa
285 1519 326 1544 est
348 1516 374 1543 in
396 1523 428 1544 eo
450 1516 542 1544 unitas
563 1520 676 1552 propter
698 1516 772 1545 illius
794 1520 910 1546 naturae
926 1518 988 1546 sim-

146 1562 296 1599 plicitatem
318 1562 676 1599 superexcellentissimam.

225 1610 364 1645 Quantum
398 1609 482 1645 igitur
512 1609 547 1637 ad
569 1609 703 1638 unitatem
724 1614 870 1644 naturae,
892 1618 988 1640 secun-

147 1655 214 1683 dum
246 1655 371 1683 diversas
399 1655 632 1684 considerationes
654 1660 695 1684 est
717 1656 743 1684 in
765 1656 875 1685 Christo
896 1658 987 1686 unitas

147 1710 282 1735 summa,
304 1702 396 1730 unitas
409 1701 508 1735 nulla,
524 1702 615 1730 unitas
629 1710 725 1738 parva
735 1725 743 1735 ‚
759 1702 851 1731 unitas
865 1711 987 1739 maqna.

148 1749 190 1776 Sic
211 1748 284 1776 enim
305 1748 384 1777 decet
406 1748 521 1785 reperiri
545 1749 571 1776 in
593 1756 641 1783 εο,
663 1748 710 1785 (1111
732 1752 873 1785 estsuper
894 1750 987 1778 omnia

146 1794 286 1823 exaltatus
307 1798 334 1823 et
354 1795 425 1823 infra
446 1802 542 1823 omnes
563 1795 735 1823 humiliatus.

224 1842 250 1869 Si
273 1841 359 1870 vero³
382 1841 430 1869 fiat
450 1849 542 1870 sermo
563 1842 598 1870 de
619 1843 739 1873 unitate,
761 1850 817 1879 qua
838 1842 931 1879 aliqua
949 1843 988 1871 di-

146 1891 249 1916 cuntur
280 1896 367 1916 unum
402 1896 449 1924 per
477 1888 695 1917 convenientiam
719 1889 746 1916 in
765 1897 912 1925 persona,
932 1890 986 1923 sic,

145 1935 306 1971 simpliciter
329 1935 482 1972 loquendo,
497 1935 588 1963 unitas
603 1935 664 1969 illa,
680 1943 751 1972 quae
766 1940 807 1964 est
822 1936 849 1964 in
865 1936 986 1971 Christo,

145 1981 238 2009 unitas
259 1984 300 2009 est
322 1989 406 2018 super
427 1989 523 2010 omnes
551 1982 671 2010 unitates
698 1990 859 2018 suprema;
879 1986 906 2011 et
934 1983 986 2011 hoc

145 2027 322 2064 quadruplici
337 2035 371 2056 ex
388 2035 486 2056 causa:
501 2028 636 2057 -videlicet
661 2032 775 2065 propter
797 2029 872 2057 illius
891 2038 987 2066 perso-

145 2081 201 2101 nae
229 2073 462 2110 simplieitatem,
484 2077 598 2111 propter
619 2074 775 2102 unibilz‘um
797 2075 985 2112 dignitatem,

146 2124 259 2157 propter
273 2120 425 2149 unitorum
440 2120 720 2157 inseparabilitatem
735 2126 762 2150 et
777 2126 891 2158 propter
906 2122 987 2150 unio-

144 2167 192 2195 nis
212 2167 458 2203 sinqularitatem.
473 2184 512 2188 -—
527 2167 640 2204 Propter
651 2176 795 2204 personae
816 2168 986 2205 simplicita-

145 2217 213 2246 tem,
229 2213 295 2250 quia
309 2214 374 2242 unio
389 2217 429 2242 est
446 2214 471 2242 in
487 2221 605 2250 persona
619 2214 717 2249 Verbi,
733 2222 804 2250 quae
820 2214 931 2251 quidem
945 2218 986 2243 est

145 2259 356 2296 simplicissima.
388 2276 427 2280 —
457 2260 571 2297 Propter
605 2260 763 2288 unibiliztm
793 2260 984 2298 dignitatem,

144 2305 209 2342 quia
231 2309 286 2333 tam
309 2309 409 2334 natura
429 2313 574 2334 assumens
595 2315 678 2343 quam
699 2310 823 2335 assumta
853 2307 924 2336 inter
945 2315 986 2336 ce-

127 2357 218 2386 .tera‚
240 2360 311 2389 quae
332 2356 412 2387 sunt,
435 2353 518 2381 hahet
538 2353 740 2382 excellentiam.
762 2370 801 2374 —-
816 2354 930 2391 Propter
945 2354 986 2382 in-

143 2398 408 2435 separabilitatem,
430 2400 496 2436 quia
517 2403 592 2428 tanto
624 2400 734 2428 vinculo
765 2400 912 2429 fortificata
943 2403 985 2429 est

207 2530 214 2544 ¹
232 2529 276 2553 Cfr.
295 2537 363 2558 supra
381 2537 403 2559 q.
422 2532 443 2553 2.
460 2531 562 2554 fundam.
583 2532 600 2554 t.
617 2544 649 2549 —
666 2533 714 2555 Mox
731 2533 784 2555 edd.
802 2534 909 2556 omittunt
921 2535 982 2557 acta.

206 2568 215 2583 ²
233 2569 289 2591 Edd.
306 2568 375 2591 enim.

204 2606 214 2621 ³
233 2608 274 2629 i'ro
292 2613 346 2630 vero
365 2608 455 2635 plurimi
474 2608 540 2630 codd.
558 2614 630 2638 (Ὑρίη-
646 2615 690 2631 non
709 2611 878 2632 convenienter.

206 2645 214 2660 ⁴
231 2646 276 2668 Cir.
294 2653 315 2675 q.
335 2646 439 2674 praeced.
458 2647 558 2668 tundam.
577 2647 598 2669 3,
616 2660 646 2662 —
664 2648 731 2670 Paulo
749 2649 856 2676 superius
873 2655 915 2676 pro
932 2648 984 2671 ulla

144 2685 200 2708 unio
218 2685 268 2707 cod.
286 2686 304 2713 Q
322 2685 403 2715 aliqua
420 2685 483 2708 vimio.

206 2724 215 2738 ⁵
233 2724 288 2746 Vide
306 2730 374 2751 supra
393 2724 414 2746 (1.
437 2725 454 2745 l.
472 2731 491 2745 a.
514 2725 530 2746 1,
549 2731 570 2752 (1.
592 2725 609 2746 l.
628 2725 656 2746 ud
674 2725 695 2747 55.
722 2725 755 2747 Ad
773 2731 821 2747 rem
841 2725 894 2748 dicit
912 2726 983 2748 Rusti-

144 2769 185 2785 cus
203 2762 314 2784 Diaconos
331 2764 352 2784 in
370 2769 409 2784 sua
428 2762 579 2789 disputatione
597 2766 673 2785 contra
689 2763 814 2791 Acophalos
832 2763 878 2792 (od.
896 2764 982 2793 migne,

146 2801 224 2822 Patrol.
243 2801 288 2823 Lat.
307 2804 361 2823 tom.
379 2801 415 2822 67.
434 2801 474 2822 col.
497 2801 571 2829 1250),
589 2802 647 2823 circa
665 2801 745 2824 ssncm:
764 2802 905 2824 Admiranda
922 2803 982 2824 enim

144 2845 188 2866 ego
206 2842 280 2860 tecum
298 2839 420 2866 confiteor,
437 2840 489 2867 quia
507 2843 529 2861 et
546 2840 617 2861 maior
635 2840 705 2861 unitio
722 2842 756 2861 est
772 2840 794 2861 in
809 2840 905 2862 Domino
922 2840 983 2862 Chri-

145 2881 180 2899 sto
197 2880 218 2898 et
235 2884 293 2905 quae
311 2878 381 2899 multo
399 2878 472 2899 maius
489 2878 573 2905 effecit,
599 2881 621 2899 et
642 2884 710 2899 unam
729 2882 802 2900 tamen
822 2882 926 2901 naturam
944 2880 983 2901 mi-

145 2916 279 2940 nimmfecit.
298 2916 370 2938 Tanto
387 2917 447 2937 enini
466 2917 536 2938 unitio
554 2916 644 2938 Deitatis
666 2919 688 2938 et
705 2917 860 2944 humanitatis,
879 2924 938 2946 quac
961 2919 981 2939 111

144 2953 241 2975 Domino
258 2953 346 2976 Christo
364 2954 419 2976 saeui
438 2958 484 2982 est,
501 2955 583 2982 etipse
601 2955 694 2977 effectus
711 2955 828 2983 unitionis,
846 2956 906 2977 illam
924 2962 982 2984 quac

1836 189 1889 217 163

1045 263 1159 291 illarum
1181 267 1347 292 naturarum
1369 264 1451 299 unio,
1473 269 1505 293 ut
1526 273 1668 302 nunquam
1692 265 1739 293 fiat
1761 274 1810 294 nec
1831 274 1890 303 pos-

1046 310 1080 338 sit
1101 309 1160 338 fieri
1183 310 1329 347 separatio.
1350 311 1454 339 Natura
1475 312 1548 340 enim
1571 312 1616 340 illa
1636 312 1708 341 inter
1722 316 1829 341 ceteras
1844 321 1888 341 na·
1901 318 2017 337 Notandum·

1046 360 1123 385 turas
1144 357 1270 386 adhaesit
1300 360 1413 386 aeterno
1438 358 1544 392 Verbo,
1566 367 1621 395 quo
1642 362 1771 396 portatur
1792 363 1819 388 et
1846 368 1891 388 su-

1045 406 1182 432 stentatur
1209 411 1291 432 omne
1320 404 1394 441 quod
1416 407 1458 433 est
1479 404 1532 432 sub
1553 405 1618 433 Deo.
1639 422 1678 426 —
1699 405 1812 442 Propter
1833 406 1889 434 sin-

1042 449 1255 485 gularitatem,
1286 450 1351 486 quia
1383 458 1526 487 nunquam
1558 451 1617 480 ulla
1647 452 1713 480 unio
1744 452 1796 480 suit
1823 453 1889 481 huic

1044 494 1138 522 unioni
1171 495 1278 523 similis.
1311 495 1381 524 Haec
1409 496 1482 524 enim
1505 497 1556 525 fuit
1577 497 1827 527 excellentissimae
1849 499 1888 527 di-

1042 540 1214 578 =qnatz‘orzt‘s‚·
1234 544 1261 569 et
1282 541 1344 570 ideo
1365 550 1465 570 nomen
1486 542 1639 580 diynitatz‘s
1660 547 1687 572 et
1707 545 1888 581 diynationis

1045 587 1096 615 sihi
1118 587 1294 623 appropriat,
1316 590 1348 615 ut
1368 588 1477 616 dicatur
1509 589 1609 618 unitas
1640 590 1794 627 (liqnatiua
1806 592 1825 619 ⁴.
1858 593 1888 620 Et

1044 633 1192 670 quoniam,
1214 641 1277 661 cum
1294 634 1328 662 de
1343 635 1448 663 unitate
1463 634 1564 664 Christi
1580 636 1737 672 loquimur,
1751 638 1784 666 ad
1801 646 1885 675 quam

1045 679 1111 707 unio
1139 680 1319 714 terminatur,
1351 684 1392 709 est
1423 689 1515 710 sermo
1546 682 1581 711 de
1602 683 1707 712 unitate
1725 692 1887 720 personae,

1045 734 1099 754 non
1121 726 1155 754 de
1177 726 1282 754 unitate
1304 730 1439 762 naturae3
1462 728 1523 756 ideo
1556 729 1718 765 simpliciter
1740 731 1888 760 conceden-

1045 771 1113 800 dum
1134 775 1190 806 est,
1211 772 1363 807 unitatem,
1389 782 1460 810 quae
1491 778 1532 803 est
1563 775 1590 803 in
1622 775 1746 810 Christo,
1777 785 1886 806 omnem

1044 818 1179 847 unitatem
1213 823 1333 848 creatam
1367 821 1599 856 superexcedere.
1630 838 1668 842 —
1701 823 1777 851 Unde
1805 824 1886 852 etiam

1044 865 1237 894 concedendae
1259 869 1324 894 sunt
1345 866 1465 895 rationes
1484 867 1518 895 ad
1535 867 1606 896 hanc
1621 872 1726 904 partem
1751 869 1886 899 inductae.

1126 912 1150 939 1.
1171 912 1209 940 Ad
1232 912 1299 940 illud
1324 920 1390 941 vero
1409 913 1483 949 quod
1499 913 1643 948 obiicitur,
1658 915 1733 951 quod
1748 924 1819 952 quae
1835 924 1888 944 ma-

1044 957 1120 985 xime
1142 958 1245 986 distant
1267 958 1380 987 minime
1401 962 1466 987 sunt
1480 960 1596 988 unihilia
1610 971 1617 995 ;
1633 961 1798 996 dicendum,
1813 963 1886 999 quod

1045 1004 1119 1032 Deus
1140 1004 1175 1032 ab
1193 1004 1267 1033 omni
1283 1003 1413 1034 creatura
1428 1006 1580 1034 maximam
1596 1007 1680 1036 habet
1694 1007 1886 1045 differentiam

1045 1050 1076 1078 in
1095 1054 1226 1084 natura,
1247 1055 1384 1088 quantum
1407 1055 1498 1081 tamen
1520 1053 1555 1082 ad
1573 1053 1754 1090 influentiam
1769 1059 1796 1084 et
1810 1064 1889 1085 crea-

1045 1100 1130 1125 turae
1160 1098 1396 1126 sustentationem
1425 1099 1576 1127 maximam
1610 1100 1693 1129 habet
1713 1102 1889 1138 approxima-

1046 1143 1166 1178 tionem;
1187 1147 1214 1172 et
1235 1144 1297 1173 ideo
1330 1145 1452 1173 maxima
1485 1149 1574 1182 potest
1605 1154 1665 1175 esse
1697 1148 1788 1177 unitas
1817 1149 1888 1178 inter

1044 1189 1202 1219 Creatorem
1224 1194 1251 1219 et
1272 1195 1444 1227 creaturam,
1476 1193 1604 1229 quamvis
1633 1195 1768 1224 naturalis
1795 1196 1887 1225 unitas

1044 1236 1122 1264 nulla
1143 1237 1289 1265 intercidat
1300 1238 1318 1265 ⁵.

1124 1284 1149 1312 2.
1171 1284 1209 1312 Ad
1239 1284 1308 1313 illud
1341 1285 1414 1322 quod
1446 1285 1591 1320 obiicitur,
1623 1287 1696 1323 quod
1729 1290 1817 1325 magis
1846 1294 1886 1318 est

1044 1337 1131 1357 unum
1155 1329 1224 1358 illud
1246 1330 1320 1367 quod
1336 1338 1372 1359 ex
1388 1331 1567 1367 paucioribus
1582 1333 1778 1368 constituitur;
1798 1335 1887 1364 dicen-

1044 1376 1128 1409 dum,
1150 1377 1224 1413 quod
1247 1385 1345 1406 verum
1367 1381 1408 1406 est
1430 1378 1464 1406 de
1486 1378 1533 1406 illa
1552 1379 1670 1414 unione,
1692 1381 1772 1409 cuius
1794 1382 1886 1411 unitas

1044 1423 1162 1451 resultat
1191 1431 1227 1452 ex
1254 1424 1390 1460 partiam
1422 1425 1630 1454 constitutione.
1659 1427 1751 1456 Unitas
1773 1432 1885 1463 autem,

1044 1477 1115 1505 quae
1137 1472 1178 1498 est
1200 1469 1225 1498 in
1258 1470 1382 1502 Christo,
1408 1478 1444 1498 ex
1466 1471 1587 1507 partium
1610 1473 1803 1503 constitutione
1831 1484 1883 1504 non

1045 1516 1160 1544 resultat
1172 1527 1179 1550 3
1194 1520 1221 1544 et
1235 1516 1312 1551 ideo,
1327 1517 1455 1553 quamvis
1470 1517 1497 1545 in
1513 1525 1545 1545 eo
1559 1518 1594 1546 sit
1612 1523 1778 1548 naturarum
1794 1521 1887 1557 plura-

1046 1561 1122 1596 litas,
1138 1570 1192 1590 non
1207 1563 1349 1599 sequitur,
1371 1564 1445 1600 quod
1467 1564 1502 1592 sit
1524 1565 1551 1592 in
1566 1572 1598 1593 eo
1614 1566 1705 1594 unitas
1720 1567 1857 1596 diminuta
1868 1569 1885 1595 ⁶.

1123 1608 1148 1636 3.
1171 1609 1207 1637 Ad
1241 1609 1311 1637 illud
1342 1610 1417 1646 quod
1448 1610 1593 1645 obiicitur,
1624 1612 1699 1648 quod
1730 1614 1818 1650 magis
1845 1618 1886 1643 est

1045 1662 1148 1687 unum,
1170 1655 1244 1691 quod
1275 1658 1317 1684 est
1342 1664 1429 1684 unum
1452 1656 1478 1684 in
1505 1664 1624 1693 persona
1655 1662 1682 1686 et
1710 1663 1824 1693 natura;
1847 1661 1886 1689 di-

1044 1701 1177 1735 cendum,
1199 1702 1274 1738 quod
1303 1710 1400 1730 verum
1424 1707 1483 1737 est,
1505 1705 1616 1740 quando
1638 1705 1730 1734 unitas
1750 1715 1884 1743 personae

1044 1748 1170 1785 sequitur
1193 1749 1325 1778 unitatem
1340 1753 1485 1783 natm·ae;
1507 1754 1572 1779 tunc
1587 1752 1660 1780 enim
1682 1754 1842 1789 compositio
1859 1755 1883 1783 in

1044 1798 1144 1823 natura
1165 1795 1228 1824 facit
1249 1796 1476 1833 compositionem
1500 1797 1526 1825 in
1548 1806 1680 1834 persona;
1702 1808 1755 1827 non
1778 1801 1816 1829 sic
1837 1809 1885 1829 au-

1044 1845 1098 1870 tem
1121 1845 1162 1870 est
1183 1842 1210 1870 in
1232 1843 1388 1879 proposito,
1410 1844 1476 1880 quia
1498 1844 1589 1873 unitas
1611 1853 1746 1881 personae
1762 1846 1787 1874 in
1810 1848 1885 1876 Chri-

1044 1891 1085 1916 sto
1106 1889 1243 1917 antecedit
1264 1889 1397 1917 unitatem
1427 1894 1544 1919 naturae
1575 1895 1730 1926 assumtae,
1753 1892 1789 1921 ita
1810 1894 1883 1929 quod

1043 1934 1149 1963 nullam
1171 1935 1277 1964 inducit
1307 1937 1534 1973 compositionem
1563 1941 1663 1966 natura
1691 1943 1830 1971 assumta,
1852 1941 1885 1969 si-

1043 1984 1090 2009 cut
1110 1985 1252 2010 ostensum
1275 1982 1326 2010 fuit
1346 1990 1432 2019 supra
1446 1983 1463 2011 ⁷.

1121 2028 1207 2056 [1.Αο
1234 2028 1303 2057 illud
1336 2030 1410 2066 quod
1442 2030 1586 2065 obiicitur,
1618 2032 1692 2068 quod
1725 2033 1812 2069 magis
1843 2037 1884 2062 est

1043 2083 1130 2103 unum
1153 2075 1227 2111 quod
1250 2084 1303 2103 non
1325 2079 1366 2104 est
1388 2076 1601 2113 multiplicatum
1624 2081 1689 2111 etc.;
1717 2079 1883 2114 dicendum,

1042 2121 1116 2157 quod
1139 2129 1237 2149 verum
1259 2125 1301 2150 est
1321 2122 1356 2150 de
1378 2122 1424 2150 illa
1455 2123 1559 2151 unitate
1591 2127 1618 2152 et
1639 2124 1883 2161 multiplicatione,

1042 2175 1114 2204 quae
1146 2168 1248 2196 habent
1283 2168 1405 2205 aliquam
1442 2169 1647 2206 oppositionem
1679 2187 1718 2191 —
1748 2172 1883 2200 minuitur

1042 2214 1114 2242 enim
1136 2215 1307 2250 oppositum,
1328 2223 1392 2243 cum
1414 2223 1465 2243 suo
1485 2217 1611 2252 opposito
1640 2218 1824 2253 permiscetur
1845 2235 1884 2239 -—

1042 2268 1095 2288 non
1117 2261 1155 2289 sic
1176 2265 1269 2289 autem
1292 2265 1333 2290 est
1364 2262 1390 2289 in
1413 2263 1570 2298 proposito,
1602 2263 1667 2299 qnia
1689 2267 1719 2291 ut
1740 2272 1822 2301 saepe
1844 2265 1882 2293 di-

1042 2310 1117 2335 ctum
1138 2311 1180 2336 est
1190 2308 1208 2341 ⁸,
1231 2308 1419 2344 multiplicitas
1442 2309 1469 2336 in
1490 2312 1590 2337 natura
1606 2317 1658 2336 non
1675 2314 1810 2346 repugnat
1825 2311 1883 2339 uni-

1042 2353 1089 2381 tati
1111 2353 1138 2382 in
1159 2361 1285 2390 persona.
1306 2371 1346 2375 —-
1367 2355 1397 2383 Et
1417 2355 1456 2384 sic
1472 2359 1546 2392 patet
1569 2356 1711 2392 responsio
1733 2357 1767 2385 ad
1789 2359 1882 2386 omnia

1042 2401 1167 2437 quaesita
1176 2401 1194 2428 ⁹.

1042 2534 1065 2556 fit
1082 2535 1103 2555 in
1122 2534 1213 2555 homme
1230 2534 1397 2562 superexcellit,
1415 2536 1500 2562 quanto
1525 2535 1615 2562 longius
1640 2542 1651 2557 a
1670 2542 1693 2557 sc
1711 2536 1814 2559 distantia
1833 2539 1879 2559 uui-

1042 2573 1096 2594 vit...
1113 2573 1136 2594 Si
1162 2573 1230 2600 igitur
1255 2572 1293 2594 Dei
1319 2573 1412 2601 quidem
1439 2573 1511 2594 virtus
1533 2573 1616 2595 infinita
1635 2577 1679 2601 cst,
1698 2578 1787 2597 nostrae
1804 2578 1879 2598 autem

1040 2611 1178 2632 substantiae
1197 2611 1269 2638 finita,
1288 2617 1369 2638 magna
1388 2611 1421 2632 illa
1441 2614 1462 2632 ct
1479 2612 1661 2639 supereffulgens
1680 2614 1749 2635 unitio
1762 2617 1807 2638 ost,
1821 2622 1879 2643 qnae

1040 2650 1111 2671 valuit
1128 2650 1184 2671 inter
1202 2650 1235 2671 illa
1255 2652 1340 2672 tantum
1358 2650 1507 2677 discrepantia
1527 2656 1594 2672 unam
1613 2657 1734 2678 porsonam
1753 2652 1825 2674 snam-1¹
1837 2657 1878 2675 otc.

1041 2700 1070 2703 —-
1081 2688 1122 2710 l'ro
1135 2688 1254 2710 natm-alis
1266 2688 1345 2711 unitas
1357 2688 1423 2710 codd.
1437 2690 1453 2709 Α
1464 2689 1479 2710 Ε
1489 2689 1506 2710 G
1518 2689 1522 2710 1
1534 2689 1549 2710 Ν
1561 2689 1578 2710 Τ
1590 2689 1607 2711 U
1618 2690 1637 2711 X
1649 2690 1767 2713 naturalis
1781 2692 1880 2720 ivi-ritas,-

1041 2733 1169 2754 pcrpermn.

1101 2764 1111 2779 ὅ
1129 2765 1185 2786 Vide
1203 2771 1271 2792 supra
1290 2772 1309 2786 a.
1332 2766 1348 2787 l.
1367 2772 1388 2793 q.
1411 2766 1427 2787 l.
1447 2778 1475 2781 —
1494 2766 1535 2787 Pro
1560 2772 1608 2789 non
1632 2767 1738 2796 sequitui·
1760 2769 1813 2791 edd.
1830 2776 1877 2792 ι11011

1040 2803 1119 2825 minen
1135 2803 1247 2832 sequitur.

1101 2841 1110 2855 ⁷
1129 2842 1167 2862 lli<¹
1184 2849 1202 2862 a,
1225 2842 1241 2863 1,
1260 2848 1281 2869 q.
1305 2842 1321 2863 l.
1339 2841 1366 2863 nd
1386 2842 1406 2863 3.
1425 2845 1446 2864 ct
1463 2849 1484 2871 q.
1503 2843 1523 2864 2.
1541 2843 1570 2865 ad
1588 2844 1607 2865 3.
1627 2850 1674 2873 seq.

1101 2878 1111 2893 ⁸
1128 2879 1259 2901 Praesertim
1278 2880 1313 2901 liic
1326 2880 1354 2906 (a.
1368 2881 1398 2907 2.)
1417 2887 1438 2909 q.
1460 2881 1484 2907 i:
1504 2888 1523 2903 a.
1550 2881 1566 2903 Ι.
1585 2888 1606 2910 q.
1629 2883 1652 2909 l;
1670 2883 1691 2904 d.
1710 2883 1730 2906 5.
1748 2890 1768 2905 n.
1786 2885 1803 2906 l.
1816 2892 1838 2913 q.
1856 2886 1877 2906 2.

1040 2917 1097 2939 Vide
1114 2919 1182 2939 etium
1202 2918 1214 2939 Ι.
1232 2919 1292 2940 sont.
1310 2918 1331 2940 (l.
1351 2919 1370 2940 8.
1390 2926 1411 2946 p.
1432 2919 1453 2941 ΙΙ.
1472 2925 1492 2947 q.
1515 2919 1533 2941 1.

1101 2956 1110 2970 ⁹
1129 2956 1185 2978 Vide
1202 2957 1302 2979 scholion
1321 2957 1349 2979 nd
1367 2958 1541 2985 praecedentem
1560 2963 1647 2987 quaest.

1900 641 1999 661 Conclusio
2010 642 2028 661 3.

1902 919 1972 945 Salutio
1986 925 2019 943 op—

1902 945 2009 965 positorum.

1904 1058 1916 1076 N
1921 1058 2016 1077 ntandum.
