2166 3366
37 609 145 645 Ditl'erentia

31 797 144 816 Notandum.

36 983 145 1002 Ditl'erentia

19 1006 37 1026 ³.
50 1007 132 1025 additur.

21 1217 92 1241 Duplex
107 1223 148 1236 cer-

19 1241 78 1260 titudo
97 1241 146 1260 cirea

20 1263 141 1283 intellectum.

19 1498 108 1518 Similiter
128 1499 146 1516 in

42 1522 116 1541 affectu.

51 1779 145 1803 Epilogus.

34 2154 104 2181 Solutio
118 2159 150 2177 up-

35 2179 144 2200 pomorum.

51 2294 150 2312 Distiuctio

22 2317 147 2336 certitudinis.

771 199 849 227 sust.
874 199 961 228 XXVI.
984 199 1055 228 ΛΒΤ.
1080 199 1096 227 Ι.
1118 199 1252 236 qutist'.
1277 200 1306 227 V.

158 281 199 306 est
221 277 366 305 articulus.
389 278 458 314 Spes
480 281 573 305 antem
596 280 623 305 et
645 277 705 305 eius
727 276 866 305 certitudo
888 286 940 305 non
964 281 1005 306 est

157 324 230 352 circa
252 323 474 360 complexionem
498 323 604 351 ratione
627 323 732 355 totins,
755 323 802 350 sed
828 323 933 351 ratione
963 323 1006 351 rei

157 370 324 399 attributae.
346 370 421 398 Unde
436 378 499 398 cum
523 369 640 398 dicitnr:
658 378 756 406 spero,
781 378 823 397 mc
840 370 1002 398 habiturum

158 417 241 446 vitam
264 420 422 450 aeternam,
445 425 497 445 non
521 419 651 453 speratur
686 416 720 444 ibi
746 416 796 444 lioc
828 417 937 444 (lictum
969 421 1004 445 to-

159 464 229 497 tate,
256 464 302 492 sed
333 467 462 500 speratur
492 463 550 491 vitu
579 467 717 495 aeterna,-
745 466 772 491 et
801 463 837 491 ita
866 463 1004 492 certitudo

157 511 220 548 spei
241 510 352 547 respicit
375 510 461 547 ipsam
484 509 703 538 attributionem
727 510 768 537 vet
803 518 860 538 rem
890 510 1004 538 attribu-

159 560 230 590 tam,
253 557 301 585 sed
331 556 469 585 certitudo
497 556 567 593 (idei
594 555 681 593 ipsam
711 556 944 593 compteoetonmn.
967 573 1005 576 —

160 604 272 632 Ratione
293 603 374 632 etiam
399 603 539 640 oppositi,
562 603 606 631 cui
630 603 713 631 habet.
735 604 915 638 contrariari,
931 604 1005 633 radit

159 650 194 679 ibi
217 650 365 679 distinctio.
387 650 453 678 Nam
477 650 615 679 certitudo
643 650 713 687 littei
741 655 878 687 repugnat
906 651 1005 679 errori

158 700 185 726 et
206 697 404 730 (litliitcttt'onst
425 696 564 725 certitudo
585 700 677 725 autem
700 697 763 733 spei
782 700 919 734 repugnat
934 697 1005 735 diffl—

158 744 271 772 dentiae
292 747 319 773 et
340 743 536 772 haesitationi.
561 743 632 772 Licet
654 747 747 772 antem
772 743 839 771 istae
862 744 934 772 duae
949 752 1004 772 cer-

158 791 291 820 titudines
313 791 367 819 sint
388 790 532 821 diversae.
555 794 646 819 tamen
670 790 695 818 in
719 790 770 818 boc
785 791 1004 822 romnumicant.

158 838 233 876 quod
255 841 374 875 utraque
396 841 437 866 est
460 837 578 866 firmitas
599 838 746 874 quaedam.
770 837 846 866 Fides
868 838 940 866 enim
963 838 1005 866 tir-

160 885 237 914 mat¹
262 885 450 917 intellectum,
473 892 506 913 ne
528 884 685 917 discrcdat;
707 892 771 921 spes
792 888 884 913 autem
913 885 1006 913 tirmat

158 931 307 966 affectum,
330 940 363 960 ne
385 931 502 960 dissidat.
525 948 563 952 —
579 932 608 959 Et
630 940 665 960 ex
690 931 741 959 lioc
763 931 903 968 colligitur
925 931 1005 960 tertia

158 978 319 1011 diversitas,
343 987 398 1016 qua
420 978 513 1007 differt
534 978 674 1006 certitudo
703 978 766 1006 tidei
796 987 812 1006 a
839 978 1006 1006 certitudine

157 1025 235 1063 spot,
257 1025 323 1063 quia
344 1033 397 1053 non
420 1025 511 1053 solum
534 1025 627 1053 dilt'ert
649 1025 754 1053 ratione
784 1024 885 1052 obiecti
911 1027 938 1052 et
967 1032 1007 1052 ra-

158 1073 232 1101 tione
254 1071 394 1109 oppositi,
417 1072 464 1100 sed
487 1071 569 1100 etiam
594 1071 699 1100 ratione
720 1071 858 1104 subiecti,
874 1071 1005 1108 quoniam

161 1128 215 1148 uua
236 1123 277 1148 est
305 1119 378 1148 circa
409 1119 598 1152 intellectum,
628 1118 716 1147 altera
747 1126 811 1146 vero
840 1118 912 1146 circa
942 1116 1007 1155 uffe-

159 1166 269 1196 etum?
291 1183 329 1187 -
354 1166 407 1195 Sed
439 1166 639 1195 attendendum
673 1169 729 1199 est,
761 1165 835 1202 quod
869 1164 1007 1193 certitudo

159 1214 233 1243 circa
255 1213 427 1242 intellectuat
454 1213 537 1241 habet
563 1221 623 1241 esse
652 1213 764 1241 dnobus
794 1212 891 1240 modis.
921 1212 1007 1248 Quae-

160 1261 223 1290 dam
247 1261 320 1290 enim
342 1264 397 1295 est,
420 1269 492 1297 quac
515 1260 578 1289 t'acit
603 1260 773 1288 intellectum
802 1263 942 1296 potentem
971 1259 1005 1287 ad

160 1308 328 1337 vincendum
355 1315 480 1336 errorem
506 1310 533 1335 et
554 1306 1006 1340 excludendum*‹litbitationein3

160 1358 187 1383 et
210 1354 271 1383 talis
293 1354 431 1383 certitudo
453 1358 494 1382 est
510 1353 648 1382 certitudo
665 1353 732 1381 viae.
749 1352 890 1389 Quaedam
911 1355 1005 1380 autem

160 1406 201 1431 est
223 1401 373 1433 certitudo.
395 1409 467 1438 quae
490 1401 582 1429 reddit
605 1400 776 1429 intellectum
801 1399 1004 1436 impossibilem

160 1448 194 1477 ad
216 1456 358 1482 erroreum
381 1452 407 1477 et
430 1449 496 1476 liaec
519 1452 559 1475 est
588 1447 726 1475 certitudo
754 1447 867 1484 patriae.
892 1462 929 1466 —
957 1447 1006 1474 l‘cr

162 1495 234 1523 lumc
253 1495 334 1523 ctiam
359 1495 471 1522 modum
497 1494 706 1529 intelligendum
729 1497 770 1521 est
791 1497 818 1522 et
848 1494 872 1521 in
895 1493 1007 1521 certitu-

160 1541 224 1570 dine
239 1541 369 1579 allectus.
392 1541 457 1569 Nam
481 1541 618 1577 quaedam
639 1541 676 1569 sic
701 1540 793 1568 tirmat
814 1540 960 1569 allectum.
977 1543 1007 1567 ut

158 1587 249 1625 possit
271 1587 452 1616 diltidentiam
475 1595 625 1624 superare;
647 1587 784 1624 quaedam
801 1586 839 1614 sic
855 1587 960 1619 liriuat⁷
977 1589 1007 1614 ut

162 1643 217 1663 uon
236 1634 328 1671 possit
344 1634 484 1663 ullatenus
509 1634 699 1661 commoveri³
721 1633 763 1661 vel
787 1633 934 1661 haesitare.
955 1633 1007 1660 l‘ri-

163 1690 205 1710 ma
228 1685 268 1710 est
289 1681 346 1718 spei
371 1681 395 1709 in
419 1681 478 1712 via,
500 1681 623 1709 secunda
644 1684 685 1709 cst
709 1680 836 1708 tentionis
860 1680 884 1708 iu
909 1680 1006 1716 patria.

239 1729 281 1757 Sic
312 1728 395 1765 igitur
418 1731 507 1764 patet,
529 1727 603 1764 quod
627 1727 716 1755 virtus
737 1727 794 1763 spei
819 1726 901 1755 nabet
930 1726 1008 1755 certi-

161 1776 286 1804 tudinem
310 1775 336 1803 in
358 1778 420 1803 artu
445 1782 512 1805 suo2
536 1777 610 1810 patet
631 1773 728 1807 etiam,
754 1781 825 1810 quae
857 1776 883 1800 et
915 1773 1007 1809 quatis

160 1826 201 1852 est
225 1822 269 1850 illa
291 1821 444 1850 certitudo:
467 1821 598 1858 qnoniam
621 1823 663 1849 cst
692 1819 824 1848 differens
853 1828 869 1848 a
897 1819 1007 1848 certitu·

161 1869 224 1898 dine
247 1868 309 1897 fidei
332 1871 357 1897 et
380 1868 470 1896 minor
492 1870 533 1896 est
554 1875 638 1904 qnam
655 1866 794 1895 certitudo
820 1866 937 1903 gloriam
952 1874 1006 1894 non

161 1916 234 1944 euim
257 1919 298 1943 est
321 1914 459 1943 certitudo
485 1919 643 1951 perpetum*
673 1913 937 1950 confirmationix⁴,
958 1913 1006 1941 sed

161 1962 308 1992 cuiusdam
333 1962 428 1990 virilis·
449 1961 646 1990 adhaesionis.
668 1977 705 1981 -—
720 1960 917 1989 Concedendae
943 1963 1008 1988 sunt

162 2010 248 2046 igitur
270 2009 391 2037 rationes
412 2008 602 2039 ostendentes.
625 2008 698 2045 quod
729 2015 792 2044 spes
815 2007 840 2035 in
867 2015 918 2035 suo
943 2011 1007 2035 actu

163 2056 246 2085 habet
267 2055 474 2084 certitudinem.

244 2104 268 2131 t.
290 2103 328 2131 Ad
351 2102 420 2131 illud
444 2110 509 2130 vero
530 2101 604 2139 quod
629 2101 718 2138 primo
740 2101 871 2130 obiicitur
894 2101 918 2129 in
947 2109 1008 2129 con·

164 2150 299 2183 narium,
322 2149 395 2186 quod
419 2148 497 2176 nulla
518 2148 656 2176 certitudo
672 2148 791 2176 liabetur
807 2147 841 2176 de
857 2147 963 2175 meritis
981 2150 1008 2176 et

162 2196 271 2233 gratia,
302 2204 338 2225 ex
371 2204 426 2233 qua
459 2195 584 2232 procedit
616 2203 698 2232 spes;
731 2195 901 2224 dicendum.
932 2194 1007 2231 quod

163 2243 292 2281 quamvis
307 2243 341 2272 de
358 2243 464 2271 meritis
478 2250 531 2270 non
548 2242 685 2270 habeatur
700 2242 838 2271 certitudo
856 2250 907 2279 per
921 2242 1009 2270 seien-

165 2290 236 2319 tiam
263 2290 477 2323 neeessariam,
507 2289 602 2317 haberi
633 2293 723 2317 tamen
754 2293 842 2326 potest
870 2289 1008 2317 certitudo

164 2345 214 2374 per
233 2336 411 2373 probabilem
427 2336 625 2365 coniecturum
647 2339 674 2364 et
690 2344 739 2372 per
757 2336 896 2372 quandam
920 2335 1009 2372 ipsius

167 2384 253 2412 bonae
275 2383 425 2412 voluntatis
451 2383 673 2419 confidentiam,
701 2390 773 2419 quae
802 2382 945 2418 consurgit
972 2389 1008 2410 ex

165 2430 331 2458 conscientia
355 2429 453 2457 bona⁵.
478 2429 586 2458 Puritas
607 2429 680 2457 enim
711 2428 908 2461 conscientiae,
937 2436 1009 2464 qnae

1852 201 1907 228 567

1064 277 1249 305 introducitur
1272 286 1321 314 per
1343 277 1536 314 expulsionem
1559 277 1672 314 culpae,
1695 277 1741 305 dat
1773 277 1821 314 ipsi
1852 278 1907 306 ani-

1064 332 1123 351 mae
1145 324 1286 361 quandam
1309 324 1486 352 securitatem
1510 328 1535 352 et
1565 324 1760 352 certitiulinem
1790 324 1824 352 de
1854 332 1908 353 me·

1063 371 1114 399 rito
1139 371 1190 399 iam
1215 371 1357 403 inchoato,
1379 375 1405 399 et
1431 379 1481 408 per
1509 379 1682 408 consequens
1711 371 1905 399 certitudinem

1062 418 1096 445 de
1119 417 1243 454 praemio
1265 418 1447 454 assequendo.

1141 465 1166 491 ι).
1183 464 1218 491 ,td
1238 463 1304 491 illud
1322 464 1395 500 quod
1412 463 1550 497 obiicitur,
1563 464 1635 501 quod
1650 464 1717 492 niliil
1735 465 1858 502 pendens
1870 473 1904 493 ex

1062 510 1239 538 vertibilitate
1256 510 1406 538 voluntatis
1422 510 1504 538 liabet
1519 510 1731 543 certitudinem;
1747 511 1907 544 dicendum,

1061 557 1135 594 quod
1160 565 1257 585 verum
1280 560 1336 592 est⁷
1360 557 1380 584 si
1404 557 1536 585 consistat
1560 558 1584 585 in
1608 558 1665 594 ipsa
1690 558 1846 593 voluntate.
1870 566 1909 586 se·
1924 564 2028 583 Notandum

1062 604 1185 633 cundum
1208 604 1283 641 quod
1308 604 1436 632 voluntas
1459 604 1586 632 innititur
1607 604 1680 635 sthi.-
1703 605 1749 632 sed
1773 605 1793 633 si
1823 606 1908 634 consi-

1062 653 1115 679 stat
1138 650 1162 678 in
1187 651 1245 687 ipsa
1269 650 1426 684 voluntate,
1450 650 1475 678 in
1498 654 1634 687 quantum
1664 651 1791 680 voluntas
1821 652 1909 680 inuiti-

1063 701 1108 726 tur
1132 698 1205 731 Deo,
1228 697 1273 734 qui
1297 700 1339 726 est
1365 697 1482 726 firmitas
1511 702 1620 729 nostra.
1650 698 1804 727 secundum
1833 699 1907 735 quod

1062 744 1128 772 dicit
1150 744 1320 781 Augustinus
1343 744 1369 772 in
1394 744 1466 772 libro
1487 744 1696 773 Confessionnm
1710 745 1728 778 '³;
1753 745 1803 773 lioc
1826 745 1908 773 modo

1063 794 1152 828 potest
1174 791 1277 820 babere
1299 791 1387 820 robur
1408 794 1435 820 et
1456 791 1667 825 certitudinem3
1694 795 1720 819 et
1750 791 1795 820 tali
1827 792 1908 820 modo

1063 839 1146 867 babet
1168 846 1231 875 spes
1247 838 1398 866 consistere
1422 838 1446 866 in
1464 841 1558 866 nostra
1575 839 1723 866 voluntate.
1748 838 1819 867 Facit
1834 839 1907 867 enim

1063 893 1113 914 nos
1134 893 1261 913 summae
1284 885 1407 913 firmitati
1432 884 1573 913 innitendo
1596 884 1622 913 in
1645 885 1704 922 ipsa
1732 888 1758 914 et
1786 885 1820 913 de
1851 885 1908 922 ipsa

1063 932 1215 965 confidere,
1238 940 1269 960 ac
1291 926 1341 969 per
1362 932 1414 960 hoc
1436 931 1515 960 nobis
1540 932 1682 969 quandam
1711 932 1908 961 certitudinem

1063 979 1162 1008 tribuit
1182 979 1216 1007 de
1238 979 1413 1016 assequenda
1435 979 1533 1007 salute.

1142 1025 1168 1053 3.
1198 1025 1235 1053 Ad
1266 1025 1334 1053 illud
1363 1025 1437 1062 quod
1466 1025 1606 1059 obiicitur,
1635 1025 1710 1062 quod
1743 1025 1838 1054 nullus
1869 1029 1910 1054 est

1064 1075 1158 1100 certus
1179 1071 1213 1100 de
1235 1072 1409 1100 assecutione
1432 1072 1507 1100 illins
1530 1072 1584 1105 rei,
1606 1072 1641 1101 ad
1663 1081 1747 1110 quam
1765 1081 1908 1110 nunquam

1064 1118 1223 1156 perveniet3
1255 1118 1420 1151 dicendum⁷
1453 1119 1526 1156 quod
1556 1123 1598 1147 est
1626 1119 1766 1148 certitudo
1794 1120 2051 1165 ⁰''d‘72‘s'5vutwia...

1064 1168 1090 1194 et
1111 1166 1248 1195 certitudo
1270 1169 1385 1194 eventus
1399 1166 1417 1194 ⁷.
1439 1167 1507 1194 Cum
1530 1174 1596 1203 ergo
1618 1166 1730 1201 dicitur,
1751 1167 1825 1204 quod
1847 1175 1911 1204 spes
1924 1171 1979 1188 diuis<

1064 1213 1148 1241 habet
1162 1213 1357 1241 certitudinem
1375 1213 1400 1241 in
1417 1222 1468 1242 suo
1483 1216 1562 1245 actu;
1579 1213 1744 1247 dicendum,
1760 1214 1835 1251 quod
1858 1214 1909 1242 lioc

1064 1268 1162 1288 verum
1186 1263 1227 1288 est
1248 1260 1282 1288 de
1304 1260 1471 1289 certitudine
1493 1260 1622 1293 ordinis,
1638 1261 1703 1297 qnia
1718 1261 1867 1289 etticaciter
1883 1264 1910 1289 et

1065 1305 1245 1335 infallibiliter
1267 1314 1334 1335 vera
1356 1315 1419 1344 spes
1441 1307 1552 1336 ordinat
1572 1308 1606 1336 ad
1630 1307 1758 1335 salutem.
1775 1307 1827 1335 Sed
1843 1315 1907 1335 cnm

1064 1351 1122 1388 ipse
1144 1352 1252 1386 obiicit,
1274 1353 1348 1389 quod
1372 1353 1467 1381 nullus
1488 1357 1530 1382 est
1544 1357 1638 1382 certus
1660 1354 1694 1382 de
1716 1362 1748 1382 eo
1763 1354 1838 1390 qnod
1855 1362 1907 1382 non

1063 1400 1235 1436 assequitnr;
1257 1399 1374 1428 obiectio
1396 1400 1484 1428 currit
1507 1401 1540 1428 dc
1563 1400 1729 1429 certitudine
1752 1401 1906 1429 secundum

1063 1447 1144 1474 aliam
1168 1447 1371 1481 disterminant,
1394 1456 1465 1484 quac
1487 1447 1600 1484 quidem
1623 1451 1664 1476 est
1679 1448 1818 1476 certitudo
1832 1457 1909 1475 eren-

1064 1497 1119 1521 tus.
1144 1493 1172 1521 tit
1194 1493 1255 1521 ideo
1278 1502 1330 1521 non
1354 1493 1425 1529 cogit
1449 1494 1494 1521 illa
1518 1494 1595 1522 ratio.

1142 1540 1168 1568 lt.
1191 1540 1226 1567 td
1251 1540 1318 1568 illud
1342 1541 1415 1577 quod
1438 1541 1580 1575 obiicitur,
1603 1542 1676 1578 quod
1700 1542 1720 1569 si
1744 1550 1807 1578 spes
1833 1546 1906 1571 certa

1063 1590 1150 1620 esset,
1174 1595 1225 1614 non
1249 1590 1340 1623 posset
1363 1587 1434 1618 t'atli,
1456 1588 1528 1616 sicut
1554 1596 1602 1615 nec
1626 1588 1710 1622 fides3
1739 1588 1898 1623 dicendum.

1035 1667 1037 1671 Α
1063 1633 1136 1670 qnod
1160 1634 1231 1661 sicut
1253 1633 1358 1670 duplex
1387 1638 1426 1662 est
1451 1635 1616 1667 necessitas,
1648 1635 1752 1663 scilicet
1777 1635 1904 1664 absoluta
1918 1637 1980 1655 Tele
1991 1642 2039 1654 ⁹¹¹¹>-

1063 1684 1089 1708 et
1112 1680 1297 1708 conditionata
1309 1682 1326 1711 ἲ
1348 1681 1386 1709 sic
1409 1681 1515 1717 duplex
1531 1685 1572 1709 est
1594 1682 1745 1710 certitudo.
1765 1683 1789 1710 Si
1815 1661 1964 1720 inqua—352³-
1975 1661 2030 1678 duim

1065 1735 1128 1754 mur
1151 1727 1184 1754 de
1199 1727 1365 1755 certitudine
1387 1727 1602 1761 conditionata,
1625 1728 1663 1757 sic
1679 1732 1719 1757 est
1740 1729 1766 1757 in
1783 1737 1830 1766 spe
1853 1738 1910 1758 cer-

1065 1774 1153 1802 titudo
1177 1774 1353 1802 liece.›·.›·t't‹tti.s
1375 1778 1401 1802 ct
1425 1775 1641 1804 inl'allibilitatis:
1663 1780 1757 1804 certus
1778 1780 1817 1804 est
1834 1777 1907 1805 enim

1066 1820 1257 1856 unusquisque
1291 1820 1489 1855 infallibiliter,
1522 1821 1595 1858 quod
1632 1821 1653 1849 si
1687 1823 1908 1857 perseveraverit

1065 1874 1153 1904 usqne
1176 1867 1201 1894 in
1225 1866 1307 1895 linem
1331 1867 1356 1895 in
1379 1867 1467 1903 gratia
1489 1871 1515 1896 ct
1538 1868 1616 1896 lionis
1639 1869 1758 1902 meritis,
1781 1870 1814 1897 ad
1838 1870 1910 1897 saln-

1065 1917 1118 1942 tem
1150 1914 1299 1950 perveniet.
1329 1914 1354 1942 Si
1384 1918 1476 1942 autem
1509 1914 1657 1951 loquamur
1686 1916 1719 1943 de
1741 1916 1909 1945 certitudine

1064 1960 1213 1993 absoluta,
1235 1961 1272 1989 sic
1295 1965 1336 1989 est
1359 1961 1384 1988 in
1408 1961 1466 1998 ipsa
1488 1970 1536 1998 spe
1558 1962 1696 1990 certitudo
1720 1962 1909 1998 probabilita-

1065 2007 1116 2039 tts,·
1138 2007 1184 2044 qui
1207 2007 1279 2035 enim
1304 2008 1402 2036 lionam
1427 2008 1509 2036 habet
1525 2009 1720 2037 conscientiam
1743 2013 1826 2046 atque
1850 2018 1910 2046 pro-

1065 2053 1202 2090 positum.
1219 2053 1400 2090 probabiliter
1418 2058 1505 2090 potest
1527 2062 1587 2083 esse
1602 2058 1711 2085 certus.
1734 2056 1809 2092 qnod
1824 2064 1910 2093 opera

1065 2109 1098 2129 ex
1124 2101 1168 2129 tali
1193 2101 1334 2129 voluntate
1349 2101 1527 2138 procedentia
1550 2102 1603 2130 sint
1625 2102 1699 2139 apud
1720 2102 1807 2131 Deum
1832 2103 1911 2131 meri-

1066 2148 1150 2178 toria.
1172 2152 1198 2176 et
1221 2156 1269 2184 per
1297 2148 1346 2176 lioc
1369 2149 1524 2178 coniidere.
1548 2157 1575 2177 se
1604 2154 1800 2178 assecuturum
1826 2150 1908 2178 vitam

1065 2197 1215 2223 aeternam.
1239 2195 1314 2223 Unde
1339 2196 1412 2232 qnod
1443 2195 1500 2232 ipse
1522 2195 1664 2224 ostendit⁰
1687 2196 1721 2224 de
1751 2196 1796 2224 itta
1818 2197 1912 2225 condi-

1064 2241 1153 2275 tione⁷
1181 2242 1254 2278 quod
1282 2246 1322 2270 est
1351 2242 1451 2276 dubia,
1474 2246 1500 2270 et
1529 2243 1602 2279 quod
1625 2250 1684 2270 eam
1715 2251 1768 2270 non
1797 2243 1911 2279 apponit

1065 2296 1143 2324 spesg
1166 2288 1332 2321 dicendum,
1354 2288 1428 2324 quod
1452 2289 1502 2316 etsi
1525 2296 1588 2325 spes
1617 2297 1670 2316 non
1700 2293 1820 2325 apponat
1849 2297 1910 2317 eam

1065 2342 1115 2371 pet·
1137 2343 1178 2369 se,
1199 2335 1312 2371 apponit
1333 2342 1393 2362 eam
1418 2338 1508 2362 tamen
1539 2343 1587 2371 per
1611 2335 1736 2370 regulam
1759 2334 1822 2363 fidei
1846 2335 1912 2363 diri-

1066 2382 1162 2417 gentis.
1186 2382 1216 2409 Et
1239 2381 1300 2409 licet
1322 2381 1403 2409 etiam
1428 2389 1479 2408 non
1503 2382 1537 2408 sit
1557 2382 1669 2409 omnino
1685 2383 1760 2410 ce‘rta
1782 2382 1828 2410 illa
1849 2391 1910 2410 con-

1068 2427 1136 2455 ditio
1164 2427 1329 2455 certitudine
1358 2426 1533 2462 nictnifestur‘
1560 2427 1720 2461 scientiae,
1749 2432 1790 2456 est
1820 2433 1911 2457 tamen

229 2598 235 2612 ¹
255 2598 308 2620 Cod.
329 2599 347 2620 V
365 2599 401 2619 tiit·
418 2602 439 2620 οι
457 2598 525 2625 paulo
543 2600 593 2625 post
610 2596 743 2626 cmrlirmut.
757 2597 805 2618 Mox
823 2596 876 2618 edd.
894 2596 965 2618 xcrba
978 2597 1010 2618 sic

167 2639 368 2665 timisposuernnt:
386 2642 432 2666 qua
452 2635 529 2665 differt
546 2635 660 2658 certitudo
677 2634 727 2664 spei
742 2641 755 2656 a
774 2634 911 2658 certitudine
927 2634 987 2664 (idei.

228 2676 237 2690 ‘2
255 2675 298 2698 Cir.
318 2676 374 2697 intra
392 2682 411 2697 a.
431 2676 451 2697 2.
469 2681 491 2703 q.
504 2675 525 2696 5.
543 2677 564 2696 et
581 2674 685 2701 suprad.
704 2674 740 2695 23.
758 2680 777 2695 a.
797 2674 814 2696 l.
827 2680 848 2700 q.
867 2674 887 2695 2.
899 2686 930 2689 —
943 2673 1010 2695 Panto

168 2715 260 2737 interius
282 2721 324 2743 pro
342 2713 373 2736 nd
395 2712 534 2736 vincendum
552 2718 658 2735 errorent
680 2712 731 2734 cod.
750 2712 767 2733 O
784 2712 816 2734 ad
833 2712 954 2735 vitandum
977 2719 1011 2734 er*

168 2760 254 2776 rorem.

229 2792 238 2806 ³
256 2791 311 2814 (iod.
331 2792 346 2813 il
365 2790 465 2818 niort-ri,
484 2790 537 2812 cdd.
555 2789 671 2817 amoveri,
692 2796 751 2818 (piae
769 2790 835 2812 etiarn
853 2789 951 2812 subinde
969 2796 1011 2817 pro

168 2830 284 2853 haesitare
301 2836 353 2852 cum
372 2830 448 2851 multis
465 2829 532 2851 codd.
551 2827 670 2851 otiositati.
690 2829 800 2855 Superius
812 2827 862 2850 eod.
880 2828 895 2849 Z
909 2828 943 2850 bis
960 2834 1012 2851 cou-

167 2869 248 2900 firmat
265 2876 306 2897 pro
323 2869 411 2899 sii-omi.

231 2908 239 2922 ⁴
257 2909 299 2931 t’ro
317 2907 503 2938 confirmationis
521 2906 570 2929 eod.
590 2907 608 2928 M
626 2905 767 2936 affectionis,
791 2905 843 2927 edd.
865 2911 1013 2928 conszmzma-

170 2947 244 2970 (tonis.
263 2947 364 2969 Subinde
382 2954 424 2975 pro
442 2946 517 2970 virttis
535 2946 585 2968 cod.
598 2946 614 2967 Z
630 2944 792 2974 particularis.

231 2986 240 3000 ⁵
259 2986 326 3014 Epist.
345 2987 366 3007 ll.
385 2986 436 3008 (lor.
459 2987 475 3013 l,
498 2986 535 3007 1-3:
554 2985 608 3007 Nam
628 2985 698 3012 gloria
717 2987 792 3006 nostra
815 2984 870 3006 llaec
892 2987 937 3010 est,
956 2985 1013 3006 testi—

1066 2597 1170 2618 inonium
1188 2596 1339 2617 coiisrienuae
1357 2599 1447 2618 nostrae
1465 2600 1506 2618 etc.
1525 2595 1568 2618 Ct'r.
1587 2603 1655 2624 supra
1675 2596 1696 2618 d.
1716 2597 1751 2618 23.
1771 2596 1825 2618 dub.
1844 2597 1864 2619 t.
1882 2609 1913 2613 —

1069 2634 1136 2655 t’auto
1154 2635 1261 2661 superius
1278 2634 1345 2656 codd.
1365 2634 1380 2655 [t
1391 2634 1407 2656 D
1425 2634 1497 2656 verbo
1515 2633 1598 2657 ltffl'n’ri
1614 2635 1743 2663 praefigunt
1762 2634 1822 2658 benc.

1130 2672 1139 2686 ⁶
1156 2672 1216 2694 Lini:
1235 2673 1271 2694 Xl.
1290 2680 1308 2694 c.
1328 2673 1364 2695 30.
1387 2680 1407 2694 ιι.
1427 2672 1468 2695 4οι
1486 2673 1511 2695 Et
1532 2673 1597 2695 stabo
1615 2677 1683 2702 atque
1706 2674 1823 2696 solidabor
1841 2675 1862 2695 in
1881 2678 1912 2701 te,

1068 2712 1089 2733 in
1109 2712 1180 2733 torma
1199 2718 1262 2739 mea,
1280 2712 1374 2734 xci-itate
1396 2716 1441 2734 tua.
1455 2725 1484 2727 —
1500 2713 1549 2734 Mox
1572 2716 1623 2740 post
1644 2713 1804 2736 certitudinem
1824 2714 1874 2735 cod.
1899 2714 1913 2735 S

1068 2750 1131 2772 addit
1148 2751 1170 2772 ct
1183 2749 1353 2779 fortitudinem.

1130 2788 1140 2802 ⁷
1157 2788 1201 2810 Csr.
1218 2795 1287 2816 supra
1307 2789 1327 2811 d.
1347 2789 1382 2811 2'i.
1400 2795 1419 2811 a.
1443 2790 1459 2811 l.
1478 2796 1499 2818 q.
1522 2790 1538 2811 1.
1556 2790 1585 2811 ad
1604 2790 1668 2811 31-—
1684 2791 1778 2812 interius
1795 2797 1837 2818 pro
1854 2790 1914 2814 obie-

1068 2827 1112 2850 ctio
1130 2827 1206 2850 currit
1224 2828 1274 2850 cod.
1292 2828 1307 2849 Z
1325 2828 1437 2857 oppositio
1455 2829 1494 2851 est.

1131 2865 1141 2880 ⁸
1159 2866 1216 2888 Vide
1233 2873 1301 2894 supra
1321 2873 1373 2894 pag.
1392 2867 1448 2893 310τ
1468 2872 1518 2889 nota
1538 2867 1562 2895 4,
1580 2873 1600 2890 ei
1619 2868 1632 2889 l.
1651 2869 1711 2890 Sent.
1729 2868 1751 2890 d.
1765 2870 1800 2890 38.
1820 2876 1839 2891 a.
1858 2870 1878 2891 2.
1891 2877 1913 2898 q.

1073 2906 1090 2927 l.
1108 2907 1129 2927 in
1147 2912 1211 2933 corp.
1229 2909 1249 2928 et
1268 2906 1288 2928 d.
1312 2906 1344 2928 ΕΟ.
1357 2913 1376 2928 ει.
1395 2907 1414 2928 2.
1428 2914 1449 2935 q.
1469 2907 1489 2928 2.
1507 2907 1534 2928 acl
1549 2907 1569 2934 5,
1584 2907 1621 2929 ubi
1635 2907 1781 2935 distinguitur
1801 2908 1913 2931 certitudo

1069 2944 1214 2968 necessitatis
1231 2947 1251 2967 et
1272 2945 1438 2967 intatttbtttcuis.

1132 2984 1141 2998 ‘³
1159 2984 1214 3006 Edd.
1233 2983 1316 3007 obiicit.

1936 1124 1976 1142 Atia
1986 1124 2051 1141 ‹listin-
