2166 3366
34 265 91 285 clusio
102 266 119 284 Ξ.
134 266 201 288 sona
220 262 285 296 post
305 259 523 287 assumtionem.
545 258 673 295 Quolibet
688 258 805 287 istorum
823 259 906 287 trium
923 267 978 288 mo-

134 305 234 334 dorum
249 309 354 339 sumta,
370 305 505 334 sententia
526 305 659 342 praedicti
682 306 819 334 sermonis
840 309 882 334 est
900 305 977 334 salsa.

132 369 171 373 -—
182 352 249 380 Nam
265 352 374 389 primus
388 355 526 389 repugnat
540 351 649 380 veritati
665 351 871 389 conceptionis,
884 360 979 381 secun-

134 399 188 428 dus
210 399 317 427 veritati
339 398 547 432 assumtionis,
563 401 589 427 et
604 398 703 427 tertius
718 398 838 427 veritati
851 399 978 427 unionis.

212 446 321 474 Primus
342 453 479 483 namque,
501 446 548 482 qui
570 445 622 474 1100
644 445 732 482 ponit,
755 446 829 483 quod
851 450 919 474 ante
939 453 980 474 as-

27 499 121 518 Probatur
133 493 300 521 sumtionem
323 492 407 521 fuerit
428 500 560 529 persona,
593 492 702 521 veritati
725 493 918 530 conceptionis
939 501 980 522 re-

26 522 119 565 ἒῖῗιῗῗπξῖ
133 542 247 577 pugnat.
268 539 294 567 Si
315 539 389 568 enim
404 543 471 567 ante
485 539 538 568 fuit
551 547 686 576 persona,
702 547 786 576 quam
808 543 881 568 esset
895 540 980 575 Deus,

133 586 217 623 Virgo
237 586 322 614 Maria
343 594 397 614 non
420 586 546 623 concepit
567 586 673 620 Deum,
696 586 745 615 sed
768 586 908 615 hominem
930 595 980 624 pu-

131 641 212 667 rum;
233 632 308 670 quod
336 635 378 661 est
406 635 502 661 contra
533 632 713 669 Evangelium
742 635 768 661 et
791 633 979 670 conceptionis

132 679 283 709 articulum
296 680 315 707 ¹.
337 696 376 700 —
397 679 541 708 Secundus
573 688 640 708 vero
673 679 786 714 modus,
819 680 867 717 qui
890 680 978 717 ponit,

133 727 273 756 hominem
289 727 368 755 illum
387 730 512 763 tempore
526 726 705 755 assumtionis
719 727 805 756 fuisse
820 735 977 764 personam,

133 773 241 802 veritati
264 773 457 802 assumtionis
473 777 617 810 repugnat.
633 774 659 802 Si
675 774 749 802 enim
765 774 791 802 in
807 774 978 802 assumtione

131 820 184 849 fuit
204 828 339 857 persona,
361 823 388 849 et
415 823 477 857 post
505 820 705 849 assumtionem
726 820 808 849 desiit
837 828 897 849 esse
919 828 979 857 per-

133 875 213 901 sona,
234 867 327 904 potius
348 867 375 895 in
407 867 467 904 ipsa
498 868 669 896 assumtione
695 875 814 904 persona
835 874 979 896 consume-

132 913 216 942 batur
237 922 321 950 quam
343 914 557 948 assumebatur,
579 922 632 942 non
662 913 747 951 igitur
768 913 820 942 fuit
841 913 889 942 illa
911 921 977 942 vera

132 961 282 993 assumtio,
314 960 363 989 sed
394 960 482 997 magis
514 960 677 989 consumtio.
709 976 748 980 —-
779 959 889 989 Tertius
910 967 978 988 vero

133 1052 235 1081 tionem
264 1053 335 1082 illud
363 1053 437 1090 quod
466 1057 622 1082 assumtum
645 1056 702 1088 est,
724 1053 833 1082 veritati
858 1053 977 1081 unionis

15 1105 117 1125 forandum.
133 1104 280 1137 repugnat.
302 1101 328 1129 Si
350 1101 423 1129 enim
449 1108 595 1129 assumens
617 1100 710 1129 differt
730 1101 765 1129 ab
787 1104 927 1135 assumto;
950 1103 977 1129 et

132 1146 202 1176 illud
223 1147 297 1184 quod
326 1150 481 1176 assumtum
505 1151 561 1182 est,
592 1151 634 1176 est
662 1155 797 1184 persona,
819 1151 846 1176 et
867 1147 914 1184 qui
937 1155 978 1176 as-

131 1195 231 1224 sumsit
252 1195 378 1224 similiter
407 1198 449 1223 est
476 1202 609 1232 persona:
642 1203 709 1232 ergo
732 1195 757 1223 111
780 1195 889 1224 Christo
911 1197 977 1223 sunt

132 1242 204 1271 duae
225 1249 375 1280 personae;
398 1245 425 1271 et
446 1242 518 1270 duae
534 1245 599 1270 sunt
614 1242 641 1270 in
656 1242 753 1271 eodem
776 1246 907 1277 naturae,
924 1242 976 1271 1100

132 1292 252 1318 constat:
275 1297 306 1317 ac
327 1296 377 1325 per
400 1289 451 1317 hoc
484 1288 561 1316 nulla
582 1290 623 1316 est
645 1288 682 1316 ibi
704 1288 789 1321 unia·
810 1296 842 1317 ac
864 1289 885 1317 si
908 1288 975 1323 hoc,

131 1336 209 1365 nulla
230 1339 271 1365 est
292 1335 444 1364 incarnatio
472 1342 523 1363 nec
551 1335 666 1363 humani
689 1335 798 1372 generis
820 1335 975 1372 separatim

131 1382 205 1420 quod
226 1382 296 1411 adeo
317 1385 359 1411 est
380 1381 554 1416 absurdum,
576 1385 607 1410 ut
629 1381 713 1410 totius
728 1381 791 1410 fidei
808 1381 976 1410 christianae

130 1429 250 1466 perimat
270 1429 493 1458 fundamentum.

210 1476 237 1504 ln
260 1476 335 1504 hunc
356 1479 450 1504 autem
472 1483 598 1504 errorem
629 1475 783 1512 pessimum
805 1475 908 1504 decidit
929 1475 976 1504 Ne-

15 1526 118 1546 mesano
130 1523 249 1558 storius,
281 1527 312 1552 ut
340 1523 406 1551 dicit
437 1522 604 1557 Boetliius²,
627 1530 678 1559 pro
709 1530 741 1550 eo
763 1523 838 1559 quod
861 1522 976 1551 nescivit

112 1564 116 1569 ’
130 1570 302 1607 distinguere
323 1570 394 1599 inter
409 1577 556 1606 personam
572 1573 599 1598 et
614 1573 752 1598 naturam.
776 1569 826 1597 Pro
841 1577 873 1597 eo
888 1569 975 1603 enim,

130 1617 206 1654 quod
227 1617 312 1651 vidit,
334 1616 362 1645 in
383 1616 492 1644 Christo
524 1616 665 1653 11111111οθ111
687 1623 747 1644 esse
769 1619 915 1650 naturam,
937 1616 976 1644 in-

131 1664 254 1698 tellexit,
276 1663 415 1701 duplicem
432 1671 492 1692 esse
512 1670 668 1700 personam.
693 1663 829 1699 Eutyches
850 1671 917 1692 vero
939 1671 975 1692 ex

129 1711 226 1740 eadem
249 1718 333 1740 causa
353 1710 474 1744 erravit,
502 1710 550 1738 sed
583 1718 638 1738 non
670 1709 768 1738 eodem
790 1710 881 1738 modo.
904 1710 975 1746 Quia

129 1758 201 1787 enini
223 1757 339 1787 nescivit
353 1757 512 1786 discernere
528 1757 599 1785 inter
614 1764 761 1794 personam
784 1759 811 1785 et
831 1760 975 1791 naturam,

129 1807 156 1833 et
176 1804 257 1839 vidit,
279 1804 353 1841 quod
375 1803 403 1832 in
426 1803 535 1832 Christo
557 1811 611 1831 non
633 1806 742 1840 poterat
762 1811 823 1832 esse
844 1803 896 1832 nisi
918 1811 974 1832 una

128 1858 264 1888 persona,
285 1858 321 1880 ex
353 1850 405 1879 hoc
436 1850 599 1887 compulsus
630 1854 671 1879 est
701 1858 820 1887 ponere,
849 1850 923 1888 quod
946 1851 974 1879 in

129 1898 238 1926 Christo
259 1906 313 1926 non
335 1897 398 1926 est³
419 1897 471 1926 nisi
494 1905 549 1926 una
571 1900 678 1926 natura.
697 1897 727 1926 Et
749 1897 810 1926 ideo
831 1897 903 1926 sicut
918 1897 974 1926 duo

19 1948 90 1991 ‘332⁰-
100 1951 118 1968 et
130 1945 245 1974 fuerunt
265 1952 375 1973 errores
398 1945 424 1973 in
446 1944 572 1978 (livinis,
595 1944 699 1973 scilicet
721 1944 775 1973 Arii
798 1948 824 1973 et
849 1944 974 1979 Sabellii,

129 2001 180 2029 pro
201 2001 234 2022 eo
255 1992 329 2030 quod
351 1992 530 2021 nesciverunt
544 1991 715 2028 distinguere
737 1992 809 2020 inter
831 1995 973 2020 naturam

130 2043 157 2068 et
174 2047 351 2077 personam;
372 2038 411 2067 sic
433 2038 489 2067 duo
511 2038 625 2067 suerunt
640 2046 751 2067 errores
774 2038 856 2067 eirca
879 2039 975 2067 ineat·-

130 2086 275 2115 nationem
298 2085 414 2119 Christi,
435 2085 564 2114 videlicet
586 2085 716 2122 Eutychis
741 2089 768 2114 et
788 2085 914 2114 Nestorii.
936 2102 974 2106 ——

12 2133 270 2178 -²{}},{}³Cassl⁰llffl
292 2141 359 2161 vero
381 2133 501 2162 Ecclesia
532 2140 582 2169 per
615 2132 737 2161 medium
761 2132 879 2160 istorum
901 2140 975 2161 erro-

130 2188 193 2209 rum
216 2180 377 2218 pertransiit
408 2180 515 2214 dicens,
543 2180 570 2208 in
593 2179 693 2208 deitate
716 2179 812 2216 plures
833 2187 893 2208 esse
914 2187 975 2216 per-

129 2234 211 2256 sonas
231 2231 258 2255 et
279 2234 364 2255 unam
386 2230 531 2261 naturam,
553 2229 580 2254 et
602 2226 628 2254 in
650 2226 759 2255 Christo
781 2226 877 2263 plures
897 2229 975 2254 natu-

130 2281 175 2303 ras
197 2276 223 2302 et
243 2282 328 2302 unam
352 2281 508 2311 personam.
531 2273 561 2301 Et
577 2273 638 2302 ideo
661 2272 824 2310 simpliciter
839 2273 973 2308 concedit,

129 2328 277 2357 personam
298 2321 464 2349 assumsisse
490 2323 632 2354 naturam,
654 2323 681 2348 et
702 2323 802 2356 negat,
825 2328 973 2357 personam

129 2367 296 2396 assumsisse
328 2375 491 2404 personam,
520 2367 591 2396 sicut
623 2367 751 2403 Magister
783 2366 849 2395 dicit
880 2367 907 2394 in
934 2366 975 2395 lit-

130 2418 190 2443 tera
201 2415 220 2442 ⁴.
242 2431 281 2435 —
303 2414 378 2443 Unde
399 2414 520 2442 rationes
542 2417 607 2442 sunt
628 2413 821 2442 concedendae
842 2413 974 2441 inductae

130 2469 181 2498 pro
202 2461 254 2489 ista
275 2463 361 2498 parte.

195 2582 201 2596 ¹
221 2582 277 2604 Vide
295 2588 363 2610 supra
382 2581 404 2603 d.
425 2581 443 2603 4,
462 2589 481 2603 n.
500 2582 520 2603 3.
540 2588 561 2610 (1.
581 2582 601 2603 3.

193 2619 202 2632 ¹
220 2621 271 2643 Loc.
290 2621 358 2648 paulo
375 2621 481 2648 superins
498 2621 533 2643 cit.
552 2626 570 2642 c.
589 2619 610 2642 fi.
628 2620 649 2642 ’5.
667 2625 689 2642 et
706 2620 732 2648 7,
758 2620 807 2648 uhi,
834 2626 912 2642 errore
933 2620 974 2642 Ne-

131 2660 192 2682 storii
210 2662 343 2687 comparato
361 2665 413 2681 cum
432 2665 509 2681 errore
527 2659 667 2687 Eutycheus,
690 2660 823 2681 catholicam
847 2659 973 2681 (locu-inam

131 2699 188 2721 inter
205 2699 264 2721 duos
281 2699 335 2720 istos
352 2705 443 2720 errores
461 2698 534 2720 medin
559 2699 594 2719 vin
619 2698 725 2720 incedere
743 2699 865 2726 praedicat.
883 2710 914 2715 —
932 2698 974 2720 Pro

131 2737 256 2761 Nestorius
273 2737 339 2759 codd.
358 2740 379 2759 ct
395 2737 448 2759 cdd.
471 2737 491 2764 Ι,
511 2738 524 2758 2
544 2743 664 2764 perperam
682 2737 788 2760 esttibi-nt
807 2737 933 2767 Eutyches,
953 2741 974 2760 et

131 2776 183 2799 dein
202 2783 243 2805 pro
264 2776 377 2805 Eutyches
395 2777 479 2804 pariter
496 2782 590 2798 erronee
608 2776 739 2799 Nestorius.

194 2815 203 2830 ³
221 2815 276 2837 Cod.
290 2815 321 2837 bb
333 2816 398 2838 esset.
411 2816 523 2843 Superius
535 2815 586 2837 cod.
596 2816 611 2837 Α
625 2814 769 2844 distinqnere
781 2822 822 2844 pro
834 2816 973 2840 discernere.

194 2854 203 2869 ⁴
222 2855 261 2876 tlte
278 2860 296 2876 (J.
319 2855 336 2877 l.
354 2857 375 2876 et
393 2855 414 2876 3.

194 2893 203 2908 ⁵
221 2894 323 2922 Aristot.,
343 2893 356 2915 1.
375 2893 497 2915 Perihcrm.
516 2899 535 2915 c.
554 2892 574 2915 5.
592 2893 621 2921 (c.
639 2893 686 2921 7.):
713 2893 766 2915 Dico
791 2896 866 2916 nutem
885 2895 974 2916 univer-

132 2932 179 2955 sale
204 2932 266 2961 quod
293 2932 321 2955 110
347 2932 451 2960 pluribus
474 2932 601 2960 praedicari
620 2935 697 2954 natum
715 2935 763 2960 est;
780 2933 895 2960 singulare
918 2939 974 2955 vero

132 2971 194 2999 quod
214 2977 257 2993 non
275 2974 316 2993 etc.

766 181 846 209 DlST.
869 182 898 209 V.
920 181 992 210 ART.
1014 182 1043 210 Il.
1065 183 1200 219 QUAEST.
1222 183 1252 211 Il.

132 1007 234 1036 modus
254 1007 439 1044 intelligendi,
454 1007 527 1043 quod
544 1014 663 1043 persona
684 1006 769 1035 suerit
785 1011 851 1043 post
872 1014 978 1034 assum-
995 1010 1000 1013 '

1827 184 1881 214 133

1117 261 1139 288 1.
1162 261 1200 289 Ad
1223 261 1293 290 illud
1315 262 1389 298 quod
1412 261 1540 291 obiicitur
1563 262 1590 291 in
1609 263 1791 297 contrarium,
1806 264 1881 300 quod
1895 270 2012 297 5011111001)-

1035 315 1154 344 persona
1174 311 1215 336 est
1236 308 1379 336 rationalis
1400 312 1517 337 naturae
1539 309 1684 338 individua
1705 295 2004 345 5111)51011110;”0”’οωω”

1036 353 1203 389 dicendum,
1225 355 1300 391 quod
1323 355 1512 384 individuam
1533 356 1559 384 in
1582 356 1767 385 notificatione
1789 364 1882 394 perso-

1036 408 1087 428 nae
1110 400 1246 437 triplicem
1268 401 1400 438 importat
1431 401 1652 438 distinctionem,
1674 403 1803 432 videlicet
1823 404 1881 432 sin-
1895 410 2009 429 Notandum-

1033 446 1225 483 promittatis,
1248 448 1590 477 ineommanieabt'litatis
1621 453 1648 478 et
1668 450 1881 487 snpereminen-

1036 492 1073 520 tis
1095 492 1256 530 (ligynitatis.
1289 494 1482 523 Indioidaznn
1513 495 1587 524 enim
1619 496 1721 525 dicitur
1742 497 1817 533 quod
1839 500 1881 525 est

1036 539 1063 567 in
1085 547 1114 568 se
1135 540 1286 569 indivisum
1309 545 1336 570 et
1354 542 1389 569 ab
1404 542 1466 571 aliis
1481 542 1651 572 distinctum.
1671 543 1879 573 Distinctionem

1034 585 1256 623 singularitatis
1278 596 1360 622 voco.
1382 589 1457 625 quod
1479 589 1585 626 aliquid
1607 598 1660 618 non
1676 590 1711 619 sit
1732 598 1880 620 commuue

1034 633 1070 662 ad
1092 633 1190 670 plura,
1212 634 1260 663 sed
1276 635 1385 663 dicatur
1400 636 1434 664 110
1456 644 1512 664 11110
1527 637 1598 671 soto,
1614 641 1728 674 propter
1743 638 1818 675 quod
1834 638 1881 666 So-

1035 684 1131 708 crates
1156 680 1221 709 dicit
1250 681 1441 716 individuum,
1470 681 1553 711 liomo
1579 691 1644 712 vero
1669 692 1723 712 non
1749 685 1815 713 dicit
1843 685 1880 713 in-

1035 726 1183 755 dividuum
1195 727 1214 756 ⁵.
1240 744 1278 747 —
1300 728 1509 758 Distinctionem
1540 730 1881 760 incommunieabititatis

1035 773 1105 807 dico,
1121 773 1196 810 quod
1212 773 1317 811 aliquid
1342 783 1394 803 non
1412 775 1447 804 sit
1462 775 1581 805 alicuius
1593 785 1670 813 pars
1691 777 1749 806 sive
1768 778 1882 807 veniens

1035 819 1062 847 in
1085 820 1312 857 compositionem
1335 822 1423 856 tertii;
1446 823 1520 851 unde
1542 831 1591 860 pes
1613 824 1657 852 vel
1674 832 1773 853 manus
1795 825 1882 853 homi-

1034 866 1093 901 nis,
1115 867 1227 903 proprie
1250 867 1402 904 loquendo,
1424 877 1478 897 non
1501 869 1605 898 dicitur
1625 870 1820 899 individuam.
1843 888 1882 892 *-

1034 912 1244 942 Distinctionem
1266 915 1508 951 supereminentis
1530 916 1683 954 cIigynitatis
1704 918 1828 955 intelligo
1853 918 1882 946 il-

1035 959 1107 994 lam,
1129 968 1200 997 quae
1222 961 1358 998 accipitur
1373 971 1388 990 a
1403 963 1573 1000 proprietate
1588 964 1715 1001 digniori.
1739 965 1791 993 Hoc
1806 965 1880 994 enim

1035 1014 1135 1035 nomen
1164 1016 1293 1044 persona
1325 1013 1450 1038 sumtum
1482 1014 1560 1039 esta
1585 1011 1775 1048 dignioribus;
1806 1012 1880 1041 unde

1034 1062 1088 1082 non
1111 1055 1252 1091 reperitur
1274 1056 1326 1084 nisi
1350 1057 1376 1085 iu
1398 1057 1544 1086 individuo
1566 1058 1754 1088 nobilissimae
1775 1062 1882 1088 creatu-

1035 1108 1097 1135 rae,
1120 1104 1215 1138 utpote
1245 1102 1404 1137 rationalis,
1426 1106 1453 1132 et
1475 1104 1582 1133 ratione
1604 1113 1670 1134 suae
1692 1105 1881 1135 nobilissimae

1034 1147 1212 1184 proprietatis
1225 1148 1243 1176 ⁵.
1276 1149 1411 1185 Quoniam
1445 1150 1530 1187 igitur
1553 1154 1653 1179 natura
1676 1152 1818 1187 humana,
1841 1160 1882 1181 as-

1034 1198 1127 1222 sumta
1147 1203 1163 1222 a
1184 1195 1313 1231 Christo,
1345 1197 1472 1225 ordinata
1504 1201 1546 1227 est
1565 1198 1600 1226 ad
1633 1198 1797 1227 nobiliorem
1820 1207 1880 1236 pro-

1033 1241 1179 1278 prietatem
1202 1242 1328 1271 eiusdem
1360 1251 1496 1280 personae
1519 1245 1674 1274 secundum
1696 1246 1812 1274 alteram
1836 1254 1882 1274 na-

1033 1290 1144 1323 turam;
1167 1289 1230 1317 hinc
1251 1292 1307 1324 est,
1339 1290 1414 1327 quod
1446 1299 1500 1319 non
1522 1294 1597 1320 tenet
1619 1292 1655 1320 ibi
1678 1292 1879 1329 proprietatem

1032 1335 1261 1371 personalitatis.
1284 1337 1363 1366 Cadit
1384 1338 1457 1366 enim
1480 1338 1515 1367 ab
1530 1347 1585 1367 una
1600 1339 1785 1376 proprietate,
1807 1348 1879 1377 quae

1033 1382 1145 1419 quidem
1168 1386 1209 1411 est
1224 1384 1457 1420 supereminentis
1472 1385 1628 1422 dignitatis,
1650 1394 1666 1414 a
1687 1395 1742 1424 qua
1763 1387 1877 1424 quidem

1033 1437 1086 1457 non
1109 1429 1182 1458 cadit
1204 1438 1322 1466 persona
1354 1431 1436 1459 Verbi
1468 1432 1624 1461 secundum
1656 1433 1779 1462 divinam
1801 1437 1881 1463 natu-

1033 1484 1102 1504 ram.
1126 1476 1157 1505 Et
1178 1477 1217 1505 sic
1231 1480 1321 1514 patet,
1342 1479 1417 1515 quod
1433 1479 1572 1508 distinctio
1586 1480 1594 1493 ⁷
1610 1488 1745 1517 personae
1767 1484 1793 1510 et
1810 1482 1879 1510 ratio

1033 1522 1080 1551 illa
1097 1531 1149 1551 non
1165 1523 1253 1558 valet,
1276 1525 1342 1561 quia
1362 1525 1513 1554 notificatio
1534 1534 1682 1563 personae,
1705 1531 1779 1556 recte
1801 1528 1879 1557 intel-

1033 1569 1122 1604 lecta,
1142 1578 1196 1598 non
1219 1571 1347 1600 convenit
1369 1572 1535 1601 humanitati
1556 1577 1707 1602 assumtae.

1112 1618 1138 1645 Ξ),
1160 1617 1198 1645 Ad
1222 1617 1290 1646 illud
1313 1618 1387 1655 1111011
1411 1619 1533 1647 secundo
1554 1620 1697 1655 obiicitur,
1719 1621 1773 1650 iam
1802 1625 1878 1659 patet

1033 1663 1177 1700 responsio
1192 1672 1228 1692 ex
1245 1664 1296 1692 hoc
1318 1665 1393 1701 quod
1416 1665 1469 1693 iam
1493 1666 1598 1695 dictum
1614 1670 1668 1701 est,
1690 1668 1755 1705 quia
1776 1671 1877 1697 natura

1031 1713 1156 1738 assumta
1178 1710 1205 1738 in
1237 1710 1346 1739 Christo
1377 1720 1409 1740 eo
1431 1712 1491 1748 ipso
1522 1715 1564 1741 est
1596 1713 1730 1749 nobilior,
1752 1715 1826 1752 quod
1849 1715 1877 1744 in

1031 1756 1160 1784 nobiliori
1192 1765 1311 1794 persona
1343 1758 1498 1793 stabilitur,
1530 1760 1595 1796 quia
1626 1769 1679 1789 non
1708 1761 1735 1789 in
1758 1770 1876 1799 persona

1031 1806 1139 1837 creata,
1161 1804 1210 1832 sed
1232 1804 1260 1832 in
1282 1812 1400 1841 persona
1422 1805 1552 1834 increata.
1576 1807 1652 1836 Unde
1673 1808 1822 1837 ordinatio
1837 1809 1878 1838 act
1891 1811 2005 1831 sonum..

1031 1850 1168 1888 digynias,
1185 1851 1313 1888 quamvis
1327 1851 1436 1880 auferat
1451 1852 1586 1882 rationem
1602 1855 1846 1891 superpositionis
1856 1856 1875 1890 ⁸,

1031 1905 1085 1925 nou
1107 1897 1199 1926 aufert
1220 1897 1375 1935 dignitatis
1393 1900 1612 1936 proprietatem.
1635 1901 1731 1930 Melius
1746 1902 1819 1931 enim
1835 1905 1877 1931 est

1030 1943 1145 1972 subesse
1166 1944 1323 1981 superiori,
1346 1953 1429 1982 quam
1461 1954 1611 1983 superesse
1632 1947 1714 1976 alicui
1744 1949 1876 1978 inferiori.-

1031 1990 1106 2019 Sicut
1126 1991 1275 2028 perfectior
1289 1995 1331 2020 est
1352 1992 1456 2027 anima,
1479 2001 1543 2022 cum
1571 1994 1739 2031 possidetur
1769 2004 1786 2024 a
1805 1996 1875 2031 Deo,

1031 2045 1115 2074 quam
1148 2046 1211 2066 cum
1237 2038 1366 2075 possidet
1394 2047 1438 2068 res
1470 2044 1593 2075 creatas3
1625 2045 1651 2070 et
1675 2042 1774 2071 melius
1796 2043 2004 2071 nuhitExeffirlum-

1031 2085 1110 2121 virgo
1141 2085 1260 2120 nobilis,
1296 2094 1359 2114 cum
1396 2087 1534 2116 contrahit
1569 2088 1778 2117 matrimonium
1811 2098 1875 2118 011111

1031 2140 1111 2168 rege,
1133 2132 1177 2161 cui
1199 2132 1313 2166 subsit,
1336 2141 1420 2170 quam
1436 2142 1499 2162 cum
1516 2135 1654 2163 contrahit
1676 2144 1739 2164 cum
1756 2137 1876 2172 rustico,

1031 2178 1074 2207 0111
1087 2179 1209 2215 praesit.
1223 2179 1299 2208 Unde
1314 2183 1381 2214 esto,
1396 2180 1470 2217 quod
1484 2180 1558 2209 Deus
1572 2181 1694 2219 aliquem
1709 2187 1875 2218 assumeret,

1031 2225 1077 2262 qui
1102 2225 1154 2253 iam
1178 2229 1219 2254 est
1240 2234 1378 2263 persona,
1400 2227 1444 2255 vel
1466 2235 1515 2256 ens
1536 2231 1615 2261 actu,
1638 2228 1699 2264 ille,
1721 2238 1785 2258 cum
1808 2230 1878 2259 desi-

1031 2276 1109 2301 neret
1130 2281 1191 2301 esse
1212 2281 1346 2310 persona,
1368 2274 1437 2302 nihil
1454 2277 1545 2303 tamen
1561 2275 1702 2312 dignitatis
1721 2277 1875 2312 amitteret,

1030 2322 1103 2348 esset
1123 2319 1196 2348 enim
1218 2319 1359 2357 persona⁹
1386 2321 1541 2350 secundum
1573 2325 1701 2352 naturam
1728 2333 1877 2352 (1831101011-

1031 2370 1102 2400 tem,
1125 2367 1255 2404 quamvis
1277 2376 1330 2395 non
1353 2368 1507 2396 secundnm
1530 2373 1658 2398 naturam
1681 2375 1854 2400 ass-mutam.

1109 2413 1134 2441 3.
1157 2414 1195 2442 Ad
1219 2414 1289 2442 illud
1311 2414 1385 2451 quod
1407 2415 1552 2450 obiicitur,
1575 2417 1648 2453 1111011
1671 2417 1761 2445 anima
1796 2418 1876 2446 ratio-

1030 2459 1100 2488 nalis
1124 2461 1201 2488 unita
1232 2461 1308 2489 carni
1340 2461 1405 2489 facit
1425 2470 1590 2498 personam3
1612 2463 1778 2498 dicendum,
1800 2464 1874 2501 quod

1095 2581 1103 2593 ⁶
1120 2582 1192 2605 Codd.
1210 2583 1229 2604 li
1241 2589 1266 2604 aa
1277 2582 1308 2605 bb
1325 2583 1413 2606 addunt
1429 2583 1530 2606 sortitur
1546 2583 1633 2613 aliquis
1650 2590 1735 2607 nomen
1752 2591 1875 2614 personae.

1032 2621 1101 2643 Paulo
1119 2622 1226 2649 superius
1240 2628 1281 2649 pro
1294 2628 1308 2644 a
1320 2621 1466 2651 ctiyniorions
1479 2623 1546 2644 codd.
1560 2623 1576 2644 ll
1588 2624 1605 2644 tt
1617 2623 1632 2644 Ζ
1643 2623 1673 2645 bh
1686 2629 1700 2645 11
1713 2623 1874 2653 [Ιίῃηίῖαίὶὒυε.

1094 2660 1103 2674 ”“
1122 2661 1171 2683 Vnt.
1189 2660 1299 2690 delinitio.
1317 2660 1362 2683 Ct'r.
1380 2663 1466 2689 quaest.
1485 2667 1532 2689 scq.
1551 2668 1599 2689 urg.
1618 2662 1638 2683 2.
1657 2662 1685 2684 nd
1703 2668 1783 2690 oppos.

1094 2698 1103 2714 ⁸
1121 2700 1169 2722 Vnt.
1187 2704 1208 2722 ct
1226 2700 1261 2722 cd.
1282 2700 1289 2722 1
1310 2699 1492 2729 suppositionis,
1512 2704 1533 2722 ct
1552 2700 1602 2722 [lein
1621 2701 1756 2724 tamennon
1770 2702 1874 2724 otc.Mox

1032 2744 1073 2766 pro
1090 2744 1225 2767 superesse,
1246 2745 1305 2766 quine.
1323 2739 1387 2760 tectio
1407 2738 1503 2760 liabetur
1520 2739 1587 2760 etiam
1601 2739 1621 2760 in
1634 2739 1701 2761 codd.
1719 2741 1735 2762 Α
1747 2741 1763 2761 Ι(
1777 2740 1793 2762 U
1803 2741 1819 2762 Z
1829 2740 1873 2769 hb,

1031 2777 1067 2798 alii
1085 2777 1152 2798 (redd.
1169 2780 1188 2799 et
1207 2776 1259 2798 edd.
1282 2776 1304 2804 1,
1323 2777 1336 2797 2
1354 2776 1409 2797 salso
1426 2775 1534 2804 subesse,
1554 2777 1602 2799 Vnt.
1619 2783 1735 2807 praeesse.

1093 2816 1102 2830 ⁰
1120 2816 1179 2838 Multi
1198 2815 1264 2837 codd.
1283 2816 1319 2837 hic
1336 2815 1459 2837 subiiciunt
1483 2815 1525 2838 vel.
1552 2816 1620 2838 l‘aulo
1645 2819 1751 2845 superius
1769 2825 1811 2846 pro
1834 2818 1876 2849 qui

1031 2855 1079 2877 iam
1103 2856 1137 2877 est
1156 2855 1204 2877 Vnt.
1222 2854 1263 2884 qui
1286 2854 1335 2877 iam
1352 2855 1425 2882 esset,
1442 2857 1464 2876 1-1
1481 2855 1563 2877 deindo
1582 2862 1623 2883 pro
1640 2863 1681 2879 ens
1698 2858 1752 2880 actu
1770 2858 1837 2880 codd.
1856 2858 1872 2880 ll

1032 2895 1050 2916 Κ
1061 2894 1076 2916 Ζ
1087 2894 1118 2916 hh
1134 2900 1175 2916 eus
1187 2893 1210 2916 in
1222 2894 1285 2916 actu.
1304 2894 1407 2916 Proxime
1424 2896 1475 2922 post
1486 2900 1528 2922 pro
1541 2894 1586 2923 ille,
1601 2901 1655 2918 enm
1668 2902 1712 2918 non
1726 2898 1791 2924 pauci
1805 2897 1873 2920 codd.

1031 2932 1070 2956 ille
1087 2934 1172 2955 tumen.
