2166 3366
886 202 1072 231 DlSTlNCTlO
1095 203 1124 232 X.

210 279 386 307 Resroxneo:
409 279 579 313 Dicendum,
601 279 675 316 quod
705 279 823 307 verbum
847 279 917 308 illud
940 280 977 308 in—

12 333 118 354 conandum.
133 325 266 362 telligitur
287 325 321 354 de
344 325 557 354 manducatione
577 325 748 362 spirituali,
780 333 852 362 quae
874 326 976 354 dicitur

133 372 311 400 manducatio
331 380 417 405 vera,
433 372 499 409 quia
514 380 608 400 veram
625 372 708 400 habet
724 372 883 400 efficaciam.
901 372 976 401 Unde

134 418 316 446 manducare
336 418 494 452 veraciter,
516 419 568 447 hoc
590 422 631 447 est
652 418 836 446 manducare
856 417 978 456 efficaci-

134 469 194 499 ὅρη
214 468 241 494 et
262 465 314 494 hoe
336 465 418 493 modo
449 473 530 494 nemo
562 465 631 494 bene
663 465 828 498 manducat,
850 465 902 494 nisi
929 465 975 502 qui

133 512 246 546 adorat,
274 512 339 548 quia
371 520 425 540 non
457 512 607 540 manducat
635 511 806 550 efficaciter,
829 512 881 540 nisi
904 520 978 540 man-

134 559 217 587 ducet
238 562 409 586 reverenter.
430 575 469 579 —
491 559 521 586 Et
543 566 592 595 per
614 558 665 586 hoc
687 561 762 595 patet
783 559 926 595 responsio
941 558 976 587 ad

134 605 279 634 ultimum:
302 605 396 634 obiicit
417 606 490 634 enim
513 605 547 633 de
581 605 793 634 manducatione
822 613 978 634 sacramen-

129 653 196 688 tali,
217 656 243 681 et
264 652 333 681 illud
357 652 521 689 intelligitur
542 652 576 681 de
599 652 813 681 manducatione
829 652 976 689 spirituali.

1819 205 1876 233 2⁶23

1113 281 1150 309 Ad
1174 281 1242 310 illud
1266 282 1340 318 qnod
1363 282 1508 316 obiicitur,
1524 282 1597 319 quod
1615 290 1679 310 caro
1695 290 1747 310 non
1764 283 1879 320 prodest

1033 327 1205 364 quidquam:
1237 328 1402 363 dicendum⁷
1432 329 1507 366 quod
1540 338 1613 357 earo
1635 329 1738 358 dicitnr
1759 329 1878 358 carnalis
1892 336 2005 355 troiana-1111⁴

1035 372 1230 410 intelligentia,
1263 375 1334 403 sieut
1365 375 1432 403 dicit
1462 376 1666 412 Augustinus¹z
1704 376 1798 404 «Caro
1823 384 1878 404 non

1034 420 1148 456 prodest
1169 421 1322 458 quidquam
1345 430 1394 458 per
1417 430 1460 457 se,
1483 423 1505 451 si
1537 430 1552 450 a
1584 423 1684 460 spiritu
1716 427 1879 460 separetur3

1034 466 1082 494 sed
1106 467 1234 503 prodest,
1257 468 1282 495 in
1305 472 1439 505 quantum
1462 472 1504 497 est
1528 469 1607 497 unita
1628 470 1719 498 Verbo
1747 473 1774 498 et
1805 469 1880 498 deifi-

1034 516 1132 541 cata».
1156 513 1184 541 Et
1216 514 1268 542 hoc.
1301 515 1382 543 modo
1413 520 1455 544 est
1487 516 1630 544 adoranda
1661 516 1821 545 adoratione
1845 516 1880 544 la-

1034 559 1118 593 triae,
1140 568 1193 587 non
1217 560 1318 589 duliae.
1342 561 1379 589 De
1401 562 1453 590 hoc
1475 566 1568 590 autem
1585 563 1694 599 plenius
1716 563 1836 592 habetur
1851 563 1878 592 in

1033 608 1134 642 quarto
1155 605 1226 634 libro
1239 605 1257 633 ².

821 759 1110 796 DISTINCTIO
1138 760 1186 795 X.

506 878 567 905 clap,
588 879 605 905 Ι.

265 967 311 993 An
333 964 472 996 Christus,
491 965 637 991 secundum
658 965 730 1000 quod
749 965 845 997 homo,

360 1008 394 1035 sit
413 1016 545 1043 persona,
564 1008 608 1034 vel
626 1007 741 1043 aliquid.

202 1094 274 1120 Solet
293 1093 372 1120 etiam
390 1100 403 1119 a
417 1093 579 1127 quibusdam
600 1093 713 1127 inquiri,
733 1096 821 1120 utrum
842 1093 977 1125 Christus,

130 1137 277 1164 secundum
297 1136 368 1171 quod
390 1136 485 1167 homo,
504 1137 538 1162 sit
553 1144 689 1171 persona„
715 1137 755 1163 vel
776 1137 856 1163 etiam
876 1137 910 1163 sit
929 1136 978 1163 ali-

129 1179 203 1216 quid.
222 1194 258 1200 -—-
275 1180 315 1206 Ex
331 1183 445 1214 utraque
459 1183 534 1214 parte
548 1180 714 1214 quaestionis
726 1180 732 1192 ¹
748 1183 903 1213 argumenta
917 1188 978 1206 con-

131 1226 250 1250 currunt.
270 1223 344 1254 Quod
373 1223 443 1249 enim
466 1231 582 1257 persona
602 1223 650 1254 sit,
669 1223 711 1249 his
730 1223 882 1250 edisserunt
899 1224 978 1250 ratio-

131 1267 216 1293 nibus.
237 1266 278 1297 si,
297 1266 444 1292 secundum
458 1266 529 1300 quod
547 1265 639 1296 homo,
660 1265 768 1301 aliquid
787 1269 840 1298 θεὶς
861 1266 901 1293 vel
920 1274 978 1301 per-

129 1317 212 1340 sona,
233 1309 274 1335 vel
293 1308 461 1339 substantia,
481 1309 521 1335 vel
541 1308 620 1335 aliud
644 1312 691 1335 est.
720 1308 771 1335 Sed
800 1308 880 1335 aliia!
907 1317 976 1335 non:

129 1360 192 1386 ergo
214 1352 254 1378 vel
276 1359 411 1387 persona,
442 1351 481 1377 vel
510 1350 668 1378 substantia.
697 1351 747 1378 Sed
776 1352 796 1378 si
826 1350 976 1378 substantia

129 1399 184 1427 est;
206 1395 246 1421 vel
266 1393 428 1424 rationalis,
450 1394 490 1420 vel
510 1393 683 1420 irrationalis
694 1405 706 1426 ;
733 1394 780 1420 sed
812 1402 863 1420 non
884 1398 923 1420 est
943 1394 978 1420 z'r-

130 1438 274 1465 rationalis
293 1438 461 1464 substantia:
481 1445 544 1470 ergo
563 1437 718 1464 rationalis.
738 1437 763 1463 Si
786 1445 866 1468 vero,
885 1445 977 1464 seeun-

129 1482 192 1508 dum
213 1481 284 1516 quod
306 1481 400 1511 homo,
419 1484 459 1506 est
471 1480 617 1506 rationalis
636 1479 824 1511 substcmtz'a2,
845 1488 907 1514 ergo
919 1488 975 1515 per-

128 1533 212 1555 sona,
241 1525 303 1559 quia
334 1524 401 1550 haec
428 1526 468 1550 est
487 1523 606 1549 delinitio
627 1530 774 1557 personae:
799 1523 976 1550 «Substantia

0 1599 1 1608 ἵ
130 1567 266 1594 rationalis
295 1566 450 1593 individuae
478 1565 647 1592 naturae³».
676 1565 701 1591 Si
727 1573 804 1600 ergo,
827 1566 975 1592 seeundum

0 1615 3 1655 ᾗ
130 1610 202 1645 quod
223 1610 314 1641 homo,
335 1613 375 1636 est
394 1607 520 1643 aliquid,
544 1611 584 1641 et,
603 1608 750 1635 secundum
781 1609 851 1643 quod
882 1609 976 1640 homo,

0 1667 2 1682 Ι

0 1696 1 1706 i

7 1228 38 1256 l‘rp
51 1228 68 1246 t.
79 1228 118 1252 opi-

14 1256 74 1270 1110118-

129 1661 246 1689 persona
265 1656 311 1679 est.

201 1695 251 1722 Sed
272 1702 286 1721 e
306 1702 454 1721 converso:
474 1694 510 1724 si,
530 1693 677 1720 seeundum
707 1694 778 1728 quod
808 1693 900 1724 homo,
918 1701 977 1728 per-

29 1765 33 1769 ,
51 1742 199 1766 2-0pi-sona
219 1742 271 1769 est,
292 1738 332 1764 vel
353 1736 430 1763 tertia
451 1737 475 1763 in
495 1736 656 1769 Trinitate⁴,
677 1736 718 1763 vel
740 1736 797 1762 alia
807 1747 820 1768 ‚·
847 1736 893 1762 sed
919 1735 977 1762 alia

15 1770 76 1784 ⁰¹⁰⁸*
133 1788 202 1807 non:
222 1788 284 1814 ergo
306 1779 383 1806 tertia
404 1781 428 1806 in
440 1779 567 1806 Trinitate
581 1786 704 1813 persona.
724 1780 756 1805 At
776 1779 813 1811 si,
826 1779 974 1805 secundum

131 1824 201 1859 quod
222 1824 317 1855 houm,
337 1830 450 1857 persona
471 1826 510 1849 est
531 1822 606 1849 tertia
621 1822 645 1848 in
659 1822 801 1853 Trinitate‚
819 1829 882 1856 ergo
897 1822 975 1848 Deus.

130 1868 286 1901 —Propter
306 1867 372 1892 haec
393 1865 606 1892 inconvenientia
620 1868 645 1891 et
664 1865 714 1891 alia
736 1865 844 1899 quidam
865 1865 975 1897 dicunt,

131 1910 263 1937 Christum
283 1908 431 1935 secundnm
452 1908 586 1934 hominem
609 1915 658 1934 non
684 1901 742 1934 es'se
764 1915 907 1942 personam
927 1914 975 1934 nec

130 1951 256 1987 aliquid,
277 1951 325 1978 nisi
346 1951 412 1977 forte
430 1949 578 1977 seeundum
601 1950 634 1976 sit
654 1950 839 1984 expressivum
867 1950 975 1976 unitatis

131 2002 270 2030 personae.
291 1993 442 2021 Secundum
462 1994 532 2020 enim
553 1993 728 2027 multiplicem
743 1993 823 2019 habet
836 1993 974 2019 rationem.

131 2037 280 2072 Aliquando
300 2037 370 2063 enim
390 2036 516 2070 exprimit
533 2035 713 2062 conditionem
728 2035 767 2062 vel
783 2035 974 2070 proprietatem

130 2084 240 2107 naturae
260 2080 381 2111 divinae,
396 2079 436 2105 vel
452 2079 601 2109 hnmanae:
617 2079 761 2113 aliquando
775 2078 906 2105 unitatem
915 2087 975 2114 per-

128 2131 231 2155 sonam
250 2122 394 2156 aliqnando
414 2125 487 2148 notat
515 2121 656 2153 liabimm‚·
684 2121 829 2155 aliquando
857 2129 974 2148 cansam.

129 2165 211 2192 Cuius
230 2165 408 2192 distinctionis
428 2165 558 2191 rationem
582 2165 723 2199 diligenter
748 2165 831 2191 lector
859 2164 976 2191 animad-

131 2211 215 2235 vertat
235 2211 314 2242 atque
336 2208 360 2234 in
381 2208 440 2233 sinu
461 2208 605 2234 memoriae
626 2207 764 2239 recondat,
785 2215 817 2234 ne
836 2207 893 2234 eius
913 2215 976 2233 con-

132 2251 256 2278 fundatur
268 2251 277 2264 ⁶
296 2258 404 2281 sensus,
424 2257 485 2277 cnm
506 2250 539 2277 de
558 2250 662 2277 Christo
681 2257 769 2276 sermo
789 2251 946 2277 occurrerit.

200 2293 266 2320 Illud
287 2297 373 2319 tamen
394 2301 445 2319 non
465 2293 601 2327 sequitur,
621 2293 692 2327 quod
709 2293 733 2319 in
747 2293 976 2327 argumentatione

132 2336 262 2370 superiori
284 2336 420 2362 inductum
442 2339 493 2366 est,
514 2335 585 2370 quod
616 2336 637 2362 si
665 2335 800 2366 Christus,
828 2336 974 2362 seeundum

131 2378 203 2413 quod
223 2379 318 2411 homo,
339 2382 378 2405 est
395 2377 546 2405 substantia
573 2377 736 2409 raczonalz's,
765 2385 828 2411 ergo
850 2386 976 2413 persona.

0 1823 2 1956 i

0 1973 83 2047 lunam
100 1999 116 2018 t.

0 2350 1 2357 i
15 2340 82 2359 Contra
101 2341 117 2359 l.

0 2364 118 2388 topiniouem.

1034 878 1100 905 Nam
1122 882 1147 905 et
1167 879 1246 905 modo
1275 879 1362 906 anima
1383 879 1479 906 Christi
1500 884 1539 907 est
1558 881 1704 908 substantia
1726 883 1879 916 rationalis,

1035 929 1085 948 non
1107 925 1193 948 tamen
1214 930 1346 956 persona,
1366 923 1429 957 qnia
1450 931 1500 949 non
1519 927 1558 950 est
1570 932 1618 958 per
1631 932 1657 950 se
1669 933 1784 956 sonans,
1799 926 1879 952 immo

1034 964 1079 990 alii
1099 965 1136 990 rei
1157 965 1307 991 coniuncta.
1328 965 1372 991 Illa
1393 968 1480 992 tamen
1497 974 1629 1000 personae
1657 966 1801 1001 descriptio
1828 975 1879 993 non

1034 1011 1074 1034 est
1092 1007 1154 1034 (lata
1174 1015 1223 1041 pro
1243 1008 1295 1034 illis
1315 1008 1399 1034 tribus
1419 1009 1548 1043 personis.

1105 1050 1156 1077 Sed
1176 1051 1265 1077 adhuc
1285 1051 1362 1078 aliter
1382 1052 1502 1078 nituntur
1525 1052 1656 1086 probare,
1683 1052 1815 1079 Christum
1842 1061 1879 1080 se-
1891 1063 1996 1087 nepiieant.

1034 1093 1152 1119 eundum
1167 1093 1301 1120 hominem
1315 1101 1373 1121 esse
1386 1096 1548 1129 personam:
1563 1095 1625 1129 qnia
1640 1095 1771 1126 Christus,
1786 1103 1881 1122 secun-

1034 1135 1098 1161 dum
1112 1136 1183 1169 quod
1199 1136 1293 1169 homo,
1306 1136 1523 1171 praedestinatus
1536 1141 1589 1168 est,
1603 1142 1632 1164 ut
1649 1137 1684 1164 sz'c
1702 1137 1753 1164 Dez'
1765 1137 1839 1170 filius
1851 1138 1880 1170 ⁰,-

1034 1178 1080 1205 sed
1103 1179 1167 1206 illud
1187 1183 1224 1205 est
1249 1180 1320 1214 quod
1348 1184 1376 1206 ut
1401 1180 1448 1212 sit,
1469 1180 1682 1214 praedestinatus
1701 1185 1758 1207 est:
1778 1189 1840 1214 ergo
1857 1182 1879 1208 si

1034 1222 1249 1255 praedestinatus
1269 1227 1323 1256 est,
1343 1223 1491 1250 secundum
1511 1224 1583 1258 quod
1605 1224 1698 1257 homo,
1712 1228 1740 1251 ut
1761 1226 1795 1251 sit
1810 1225 1879 1252 silius

1037 1265 1096 1297 θεὴ
1116 1269 1155 1297 et,
1175 1266 1323 1292 secundum
1343 1267 1414 1300 quod
1435 1266 1530 1299 homo,
1558 1270 1598 1293 est
1618 1268 1687 1294 filius
1710 1268 1764 1294 Dei.
1784 1283 1820 1288 -—
1839 1269 1877 1295 Ad
1892 1274 1949 1297 nesr*

1034 1308 1106 1342 qnod
1126 1309 1179 1335 dici
1201 1313 1300 1343 potest,
1320 1309 1452 1336 Christum
1473 1317 1531 1336 csse
1553 1310 1577 1336 id
1598 1311 1669 1345 quod
1691 1315 1719 1337 ut
1741 1312 1788 1344 sit,
1803 1319 1879 1345 prae-

1034 1351 1181 1377 destinatus
1201 1355 1247 1377 est.
1268 1352 1312 1378 Est
1336 1352 1405 1378 eniin
1435 1352 1666 1386 praedestinatus,
1694 1357 1722 1380 ut
1750 1354 1783 1380 sit
1810 1354 1879 1381 [ilius

1036 1394 1094 1425 Dei,
1115 1398 1140 1420 et
1161 1395 1217 1428 ipse
1236 1402 1299 1421 vere
1318 1398 1358 1421 est
1386 1395 1455 1421 tilius
1475 1396 1530 1421 Dei.
1552 1395 1602 1422 Sed
1623 1396 1770 1423 secundnm
1796 1396 1880 1423 lzomz'-

1033 1443 1094 1462 nem
1116 1437 1330 1470 praedestinatus
1353 1440 1404 1469 est,
1426 1441 1454 1464 ut
1473 1439 1507 1464 sit
1521 1438 1591 1465 filius
1606 1439 1667 1470 Dei,
1680 1440 1744 1473 quia
1759 1447 1806 1473 per
1819 1447 1880 1473 gra-

1035 1479 1097 1505 tiam
1118 1479 1168 1505 hoc
1189 1479 1283 1509 habet,
1303 1480 1450 1506 secundnm
1472 1481 1622 1513 hominem;
1652 1490 1700 1508 nec
1730 1486 1815 1509 tamen
1842 1490 1879 1509 se-

1034 1522 1152 1549 cundum
1182 1523 1315 1549 hominem
1336 1527 1374 1549 est
1403 1524 1473 1550 silius
1494 1524 1554 1557 Dei,
1576 1525 1624 1551 nisi
1646 1525 1712 1551 sorte
1731 1525 1878 1552 secundum

1034 1566 1143 1592 unitatis
1165 1573 1294 1600 personae
1314 1567 1348 1592 sit
1367 1567 1567 1600 expressivum,
1588 1571 1616 1594 ut
1635 1568 1669 1594 sit
1688 1575 1795 1595 sensus:
1822 1569 1878 1603 ipse

1034 1609 1078 1643 qui
1100 1612 1138 1635 est
1159 1609 1252 1641 homo,
1268 1613 1307 1636 est
1320 1609 1390 1636 tilius
1414 1610 1477 1641 Dei3
1492 1614 1518 1636 ut
1534 1613 1623 1637 autem
1639 1611 1709 1645 ipse,
1723 1619 1770 1638 ens
1784 1612 1877 1643 homo,

1033 1652 1067 1677 sit
1088 1652 1158 1678 tilius
1186 1652 1248 1684 Dei,
1268 1660 1316 1686 per
1335 1653 1446 1686 gratiam
1469 1653 1556 1680 habet.
1578 1654 1628 1680 Sed
1657 1655 1679 1681 si
1708 1663 1788 1681 cansa
1808 1659 1879 1682 note-

1035 1697 1092 1725 tur,
1112 1694 1206 1720 salsum
1226 1698 1282 1727 est3
1303 1703 1354 1721 non
1375 1695 1458 1728 enim,
1478 1704 1531 1730 quo
1552 1696 1631 1723 hoino
1651 1700 1704 1730 est,
1724 1705 1755 1724 eo
1775 1698 1820 1724 Dei
1848 1698 1879 1724 fi-

1034 1736 1085 1762 lius
1105 1740 1151 1763 est.

1398 1823 1458 1850 Car.
1479 1824 1508 1851 ΙΙ.

1057 1908 1104 1934 An
1125 1907 1264 1939 Christus,
1282 1908 1429 1936 seeundum
1450 1908 1523 1944 quod
1542 1909 1639 1940 homo,
1659 1909 1693 1936 sit
1711 1910 1855 1946 adoptivus

1411 1952 1495 1988 filius.

1103 2037 1129 2063 Si
1151 2045 1214 2063 vero
1235 2038 1387 2072 quaeritur,
1404 2039 1572 2067 an.Christus
1585 2040 1619 2066 sit
1632 2039 1774 2075 adoptivus
1786 2041 1877 2076 filim,

1033 2079 1180 2106 secundum
1201 2080 1272 2114 quod
1293 2081 1387 2112 homo,
1404 2082 1459 2108 sive
1472 2081 1480 2095 ⁷
1494 2082 1545 2108 alio
1560 2083 1655 2113 modo;
1670 2084 1877 2118 respondemus,

1033 2122 1165 2149 Christum
1186 2130 1237 2149 non
1258 2130 1315 2149 esse
1333 2123 1491 2158 adoptivum
1511 2125 1592 2151 tilium
1615 2126 1705 2160 aliquo
1724 2126 1817 2158 modo,
1831 2126 1877 2153 sed

1034 2168 1134 2192 tantun!
1156 2166 1328 2197 naturalem,
1350 2168 1412 2201 quia
1433 2171 1526 2194 natura
1556 2168 1625 2195 tilius
1654 2172 1706 2202 cst,
1734 2177 1783 2196 non
1814 2170 1878 2196 ado-

1032 2209 1131 2242 ptionis
1150 2209 1243 2243 gratia.
1264 2209 1322 2236 Non
1341 2214 1429 2236 autem
1449 2211 1488 2237 sie
1508 2211 1607 2237 dicitur
1629 2211 1704 2246 filius
1722 2215 1829 2244 natura,
1849 2216 1877 2239 ut

1033 2251 1133 2278 dicitur
1151 2252 1222 2278 Deus
1242 2256 1345 2279 natura.
1365 2253 1422 2279 Non
1443 2254 1511 2280 enim
1533 2261 1564 2280 eo
1578 2254 1647 2280 tilius
1667 2257 1719 2285 est,
1740 2262 1792 2288 quo
1808 2255 1877 2281 Deus

1033 2297 1085 2325 est,
1106 2294 1169 2328 quia
1195 2294 1360 2330 proprietate
1388 2295 1537 2322 nativitatis
1558 2296 1640 2328 tilius,
1660 2301 1761 2323 natura
1779 2296 1878 2324 divini-

1034 2337 1094 2364 tatis
1113 2338 1183 2364 Deus
1204 2341 1259 2367 est:
1279 2342 1304 2365 et
1324 2342 1410 2365 tamen
1435 2339 1533 2365 dicitur
1551 2343 1672 2370 nolim-a,
1694 2340 1733 2365 vel
1763 2344 1877 2367 natm-ae

1030 2378 1123 2414 filius,
1143 2380 1206 2414 quia
1227 2381 1383 2407 naturaliter
1402 2384 1442 2407 est
1462 2381 1545 2413 tilius,
1571 2382 1683 2408 eandem
1708 2382 1811 2409 seilicet
1833 2383 1877 2409 ha-

194 2527 201 2542 ¹
221 2528 295 2550 Traet.
313 2528 350 2550 27.
368 2528 389 2550 in
408 2528 466 2550 loan,
480 2528 567 2555 evang.
586 2527 623 2555 (6,
637 2527 684 2556 64.)
703 2534 723 2549 n.
741 2527 768 2549 5:
786 2527 847 2550 Caro
859 2533 907 2550 non
923 2533 975 2556 pro·

131 2566 180 2590 dest
202 2566 345 2596 quidquam,
370 2566 410 2589 sed
432 2567 478 2588 sola
501 2573 565 2593 carm
587 2566 680 2589 aci-edat
702 2567 795 2594 spiritus
817 2566 845 2588 nd
870 2572 975 2594 earnem,

131 2605 249 2635 quomodo
271 2606 358 2628 accedit
380 2606 461 2627 caritas
483 2605 511 2627 ad
533 2606 663 2631 scit-utiam,
687 2609 708 2627 et
731 2605 824 2633 prodest
841 2605 974 2632 plurimum.

131 2645 186 2667 Nam
204 2645 222 2666 si
240 2651 293 2667 caro
312 2645 364 2666 nihil
383 2644 514 2672 prodesset,
533 2644 635 2666 Verbum
654 2650 707 2667 caro
724 2651 767 2666 non
781 2644 856 2671 fleret,
874 2647 898 2666 nt
915 2645 975 2666 inha-

132 2683 212 2706 bitaret
229 2684 250 2705 in
264 2683 336 2705 nobis.
355 2684 376 2705 Si
394 2689 435 2710 per
452 2689 544 2705 carnem
566 2682 632 2705 nobis
650 2683 746 2705 multum
764 2683 849 2710 prol'nit
861 2683 975 2711 Christus,

131 2722 249 2751 quomodo
266 2729 319 2744 caro
337 2722 390 2743 nihil
409 2721 520 2750 prodest?
543 2721 587 2744 Cir.
609 2722 709 2744 Enarrat.
727 2722 748 2743 in
768 2722 801 2744 ΡΞ.
820 2722 856 2744 98.
875 2728 895 2744 n.
915 2723 936 2744 9.
954 2725 975 2744 et

130 2768 200 2790 supra
219 2768 239 2784 a.
260 2762 278 2784 l.
297 2768 318 2790 q.
340 2762 357 2783 1.

192 2800 202 2815 ²
220 2801 273 2822 Dist.
291 2801 311 2822 9.
330 2807 349 2822 a.
373 2801 389 2822 l.
407 2806 429 2828 q.
451 2800 468 2822 1.
486 2806 558 2828 seqq.,
574 2799 612 2822 ubi
631 2800 659 2822 do
672 2800 747 2822 modis
764 2800 917 2822 manducandi
930 2801 975 2827 agi-

131 2842 173 2862 tur.
198 2839 253 2861 Edd.
276 2840 373 2867 allegant
394 2838 446 2862 dist.
467 2837 607 2862 40.—lloc
629 2839 725 2861 dubium
748 2839 839 2861 solvunt
861 2840 928 2861 etiam
952 2840 973 2862 S.

131 2878 222 2906 Thom„
241 2878 297 2900 l’vtr.
323 2885 334 2899 a
354 2878 406 2900 Tar.
429 2881 450 2900 et
468 2878 573 2900 llicliard.
592 2884 603 2899 a
627 2877 692 2904 Med..
711 2878 746 2900 hic
763 2879 820 2900 cirea
840 2878 881 2905 lit.;
900 2878 974 2906 Aligid.

132 2917 164 2944 tt„
183 2917 219 2939 hic
235 2916 291 2939 dub.
309 2917 339 2939 lit.
356 2917 377 2939 3.

302 2954 397 2978 nom:
414 2954 451 2978 AI)
467 2954 544 2978 1113ss.
562 2954 799 2978 an'rmt‘rmum.

194 2993 201 3008 ¹
219 2993 274 3016 Coit.
292 2993 308 3017 C
325 3000 378 3016 cum
397 2994 445 3016 Vnt.
464 2998 485 3016 et
502 2994 606 3022 pluribus
623 2994 675 3016 cdd.
694 2994 799 3022 praefigit
815 2993 893 3016 liuius.

1094 2529 1104 2543 ²
1122 2529 1160 2551 Ed.
1181 2530 1200 2552 l.
1217 2529 1275 2552 bene
1293 2530 1356 2552 addit
1372 2531 1412 2552 est.

1095 2566 1105 2581 ³
1120 2568 1180 2590 llaec
1197 2571 1272 2590 autem
1291 2568 1391 2590 delinitio
1409 2569 1494 2590 Boethii
1512 2568 1555 2596 (de
1568 2568 1615 2590 Una
1634 2569 1730 2591 Persona
1746 2572 1787 2592 etc.
1805 2576 1824 2592 (·.
1843 2570 1874 2599 3.)

1032 2606 1060 2627 ita
1079 2606 1173 2634 legitur:
1200 2615 1210 2626 α
1223 2607 1352 2629 Substantia
1375 2606 1496 2630 individua
1514 2608 1628 2630 rationalis
1649 2611 1742 2630 naturae
1755 2617 1780 2636 ι,
1804 2615 1873 2638 quam

1031 2643 1068 2666 ed.
1086 2645 1098 2665 8
1116 2645 1137 2667 in
1156 2647 1240 2667 textum
1258 2646 1355 2673 recepit,
1374 2645 1541 2673 refragantibus
1552 2646 1660 2668 omnibus
1676 2646 1744 2668 codd.
1761 2650 1783 2669 et
1794 2647 1874 2669 ceteris

1031 2683 1083 2705 edd.
1102 2684 1187 2705 Sensus
1204 2684 1241 2705 vix
1259 2685 1374 2711 variatur,
1391 2684 1408 2705 si
1426 2683 1551 2706 rationalis
1568 2681 1663 2707 trahitur
1679 2685 1708 2707 ud
1725 2687 1834 2708 ruiturae.

1094 2721 1102 2736 ⁴
1119 2721 1174 2744 Cod.
1193 2723 1208 2744 E
1225 2725 1247 2744 et
1263 2722 1315 2744 edd.
1338 2723 1357 2749 t,
1377 2722 1402 2750 5,
1420 2723 1432 2743 8
1451 2723 1538 2745 addunt
1551 2729 1661 2752 persona.

1094 2760 1103 2775 ⁵
1119 2761 1147 2783 lta
1161 2761 1228 2783 codd.
1247 2762 1262 2783 Α
1274 2761 1316 2783 nt)
1334 2764 1356 2783 et
1372 2761 1424 2783 edd.
1446 2762 1463 2789 t,
1481 2762 1507 2789 8;
1525 2762 1546 2784 in
1564 2762 1612 2784 aliis
1629 2761 1822 2792 confimdanturs
1835 2763 1875 2786 de-

1031 2800 1084 2822 inde
1101 2800 1151 2822 cod,
1170 2800 1187 2822 l)
1204 2803 1226 2822 et
1243 2801 1295 2822 edd.
1313 2801 1338 2828 6,
1357 2801 1370 2821 8
1388 2800 1494 2824 occurrit
1511 2808 1553 2829 pro
1570 2801 1708 2825 occurrerit.

1093 2838 1103 2853 ⁶
1119 2839 1184 2861 ttoni.
1206 2839 1224 2866 t,
1243 2838 1262 2861 Ji.
1275 2851 1306 2855 —
1318 2839 1411 2861 inferius
1429 2843 1479 2868 post
1492 2839 1513 2862 si
1522 2839 1711 2869 praedestinatus
1727 2842 1768 2864 est.
1785 2842 1837 2865 edd.
1855 2843 1872 2870 1,

1031 2877 1044 2897 8
1062 2877 1149 2899 addunt
1165 2876 1280 2900 Christus.
1298 2890 1328 2894 --
1340 2878 1370 2900 Di·
1388 2878 1543 2907 distinctione,
1561 2886 1619 2908 quae
1637 2881 1703 2902 estin
1721 2887 1769 2909 seq.
1782 2888 1873 2909 respon-

1031 2917 1106 2943 sione,
1125 2916 1164 2939 cir.
1182 2917 1259 2938 fitossa
1277 2917 1338 2944 apud
1357 2917 1471 2944 Lyrannin
1489 2917 1518 2940 ad
1536 2918 1600 2941 llum.
1623 2919 1640 2947 l,
1659 2919 1679 2941 a.

1093 2955 1174 2978 ⁷4:011.
1193 2956 1208 2977 ti
1225 2960 1247 2978 et
1263 2955 1316 2977 edd.
1338 2956 1359 2984 l,
1378 2957 1390 2977 ἢ
1408 2962 1446 2979 (ιη.
1465 2957 1558 2979 inferius
1575 2961 1627 2985 post
1647 2957 1711 2988 filius
1733 2958 1793 2987 edd.,
1811 2966 1874 2982 exce-

1031 2995 1075 3022 ptis
1099 2995 1116 3022 1,
1134 2995 1160 3022 8,
1178 2994 1265 3018 addunt
1285 2994 1335 3023 Dei,
1354 2996 1521 3023 refragantibus
1538 2996 1605 3019 codd.
