2166 3366
24 1070 60 1090 Pro
75 1072 127 1094 parto

11 1094 103 1118 negativa.

743 192 825 220 DtS't‘.
848 192 935 220 xxtti.
957 192 1029 220 ΛΒΤ.
1052 192 1068 220 Ι.
1091 192 1226 228 ΟΠᾹΕΞΤ.
1250 193 1290 222 tv.

144 273 187 298 tae
208 269 399 305 cognoscitur:
422 277 488 305 ergo
505 270 592 298 maior
607 273 648 298 est
663 270 801 298 certitudo
823 270 886 298 lidei
902 278 986 307 quam

143 316 281 344 scientiae.

221 363 247 391 li.
271 363 352 396 ltem,
375 363 480 391 certius
511 366 553 391 cst
586 363 671 397 illud,
702 363 727 390 in
760 371 816 400 quo
838 372 892 391 non
914 363 988 392 cadit

141 417 236 441 error,
258 418 341 446 quam
364 409 436 438 circa
458 410 531 446 quod
555 410 687 446 contingit
701 411 836 441 errarc¹;
859 411 906 439 sed
923 411 986 439 ndei

143 464 195 485 non
219 457 404 493 permiscetur
425 464 521 490 error,
536 457 684 492 cognitioni
700 460 793 485 autem
812 458 988 494 philosopho-

143 511 205 531 rum
240 503 318 531 multi
351 511 462 532 errores
494 503 713 540 permiscentur:
748 512 814 539 ergo
838 505 925 532 maior
946 508 987 533 est

141 550 280 579 certitudo
302 550 379 583 fidei,
401 558 486 586 quain
509 550 543 577 sit
564 550 702 578 certitudo
722 550 841 579 alicuius
856 551 986 579 scientiae

141 597 357 634 philosophicae.

221 645 245 672 5.
268 644 350 677 ltem,
372 643 474 672 certior
505 643 619 672 scicntia.
651 645 756 672 certius
787 645 869 673 habet
891 645 986 673 sunda-

141 695 283 725 mentum;
305 690 353 719 scd
375 694 479 727 quanto
500 690 595 727 aliqua
617 691 730 719 scientia
747 692 864 719 nobilior
886 696 913 720 et
928 700 988 728 per-

140 737 238 767 fectior
258 741 314 771 est,
337 741 413 766 tanto
434 737 536 766 certior
557 741 614 771 est3
631 738 679 765 sed
695 739 810 766 scicntia
832 739 986 776 theologiae

139 787 182 813 est
202 785 315 813 omnino
345 785 459 813 scientia
481 784 615 812 altissima
637 788 664 812 et
690 785 896 813 nobilissnn:1²:
919 793 986 822 ergo

140 831 304 860 certissima.
316 831 340 859 Si
353 839 420 868 ergo
432 831 501 859 sides
516 834 557 859 est
573 831 785 860 fundamentum
804 832 886 860 totins
901 832 987 860 scien-

142 878 195 907 tiae
216 878 394 915 theologicae,
415 886 526 907 necesse
541 882 591 912 cst,
607 878 694 914 ipsam
711 886 771 906 esse
786 879 984 907 certissimam:

140 929 192 954 est.
202 925 287 962 igitur
306 925 335 953 in
358 933 390 954 ea
411 926 499 953 maior
520 925 658 953 certitudo
680 933 764 962 quam
783 925 806 953 in
823 925 916 962 aliqua
932 926 986 954 alia

140 973 262 1002 scientia.

219 1020 271 1047 San
293 1027 416 1047 comita:
443 1020 465 1047 i.
489 1019 565 1055 lingo
584 1019 619 1047 de
641 1022 735 1047 sancto
752 1019 894 1047 Victore³2
923 1020 986 1047 «Fi-

141 1066 190 1095 des
211 1070 252 1095 est
273 1066 411 1094 certitudo
433 1065 570 1103 quaedam
593 1065 677 1094 animi
707 1066 741 1094 de
764 1067 848 1095 rebus
869 1066 986 1095 absenti-

141 1113 206 1148 bus,
221 1121 307 1150 supra
321 1113 478 1150 opinionem
501 1116 527 1141 et
550 1113 620 1140 ini'ra
635 1113 776 1141 scientiam
793 1113 942 1141 constituta
954 1124 966 1138 »
979 1124 983 1141 :

140 1168 207 1197 ergo
230 1161 319 1188 minor
340 1163 381 1188 est
403 1159 541 1188 certitudo
564 1160 588 1187 in
613 1160 672 1196 ipsa
704 1159 758 1187 side
783 1168 866 1196 quam
892 1160 916 1187 in
940 1160 986 1188 lia-

140 1207 199 1236 bitu
222 1207 360 1236 scientiae.

218 1255 244 1282 ⁹2.
267 1254 346 1284 item.
369 1254 473 1282 certius
494 1253 670 1289 cognoscitur
686 1253 722 1285 id,
745 1253 850 1290 dequo
872 1262 924 1281 non
941 1262 985 1290 po—

139 1304 191 1331 test
213 1301 351 1335 dubitari,
371 1308 456 1338 quam
479 1300 505 1329 id
528 1301 562 1329 de
584 1309 640 1337 quo
662 1303 751 1337 potest
774 1301 912 1329 dubitari:
935 1301 983 1329 scd

139 1349 213 1386 quod
235 1349 298 1386 quis
319 1349 459 1385 cognoscit.
480 1348 614 1376 scicntiali
637 1347 807 1384 cognitione.
834 1349 871 1376 sic
894 1349 983 1382 novit,

139 1396 213 1433 quod
235 1396 269 1424 de
291 1404 323 1423 eo
344 1395 474 1424 dubitare
495 1403 549 1423 non
572 1394 700 1431 potest⁴;
723 1395 770 1431 qui
793 1398 884 1423 autem
909 1396 984 1424 novit

138 1443 244 1480 aliquid
266 1442 421 1479 cognitione
442 1442 520 1473 tidei,
543 1445 632 1478 potest
648 1441 682 1469 de
704 1449 737 1469 co
758 1441 896 1470 dubitare.
912 1442 984 1470 sicut

138 1493 227 1527 patet:
249 1498 316 1526 ergo
338 1490 426 1518 maior
447 1492 489 1517 est
503 1489 642 1517 certitudo
657 1489 787 1517 scientiae
810 1497 892 1526 quam
910 1489 982 1517 fidei.

218 1537 243 1565 3.
265 1537 347 1570 ltem‚
370 1537 474 1565 certius
495 1536 670 1573 cognoscitur
700 1536 774 1573 quod
808 1537 983 1571 cognoscitur

138 1587 234 1621 aperta
256 1583 373 1617 visione,
396 1591 479 1620 quam
502 1583 576 1620 quod
599 1583 776 1619 cognoscitur
798 1583 853 1611 sola
886 1584 983 1611 credu-

139 1631 231 1664 litate3
253 1631 301 1660 sed
324 1638 373 1667 per
395 1630 538 1659 scientiam
560 1630 737 1667 cognoscitur
758 1631 862 1667 aliquid
886 1634 982 1667 aperta

137 1678 257 1712 visione,
279 1685 329 1714 per
351 1677 434 1706 iidem
457 1676 515 1705 sola
536 1677 716 1705 credulitate:
739 1685 805 1713 ergo
826 1677 927 1705 certior
941 1679 983 1705 est

137 1724 247 1754 scientia
272 1732 355 1762 quam
379 1724 457 1753 fides.

214 1772 241 1801 [ι.
268 1772 348 1806 lieni,
380 1774 484 1809 quanto
515 1770 620 1807 aliquid
653 1770 829 1807 cognoscitur
861 1770 979 1805 clarius,

137 1821 213 1848 tanto
234 1818 410 1855 cognoscitur
441 1818 561 1850 certius;
589 1817 638 1846 sed
671 1816 741 1846 fides
770 1817 909 1853 cognoscit
927 1825 981 1854 per

137 1866 286 1904 speculum
310 1865 341 1894 in
355 1865 533 1903 aenigmate,
549 1865 664 1894 scientia
679 1868 773 1893 autem
795 1864 922 1893 revelant
936 1864 983 1901 fa-

137 1913 215 1942 cie⁵.·
236 1921 303 1950 ergo
326 1913 413 1941 maior
434 1916 476 1941 est
506 1912 662 1941 certitudo.
684 1919 769 1949 quam
793 1912 874 1940 habet
896 1912 982 1940 scien-

136 1960 190 1994 tia,
211 1967 296 1997 quam
319 1959 382 1993 illa,
404 1967 488 1996 quam
511 1959 595 1987 habet
616 1958 695 1987 fides.

216 2007 241 2035 .5.
263 2006 344 2040 item,
366 2007 470 2035 certius
491 2006 668 2042 cognoscitur
694 2006 769 2043 quod
801 2008 888 2042 potest
921 2013 982 2042 pro-

136 2053 213 2087 bari,
234 2061 319 2090 quam
341 2053 415 2090 quod
432 2061 486 2081 non
501 2056 592 2090 potest
606 2053 736 2090 probari:
758 2053 804 2081 sed
828 2052 902 2089 quod
918 2052 981 2089 quis

136 2100 275 2137 cognoscit
297 2100 394 2129 habitu
416 2100 545 2129 scientiae
567 2104 657 2137 potest
679 2100 797 2137 probare
829 2099 873 2127 alii
896 2107 981 2136 quan-

135 2150 318 2183 tumcumque
339 2147 497 2176 adversanti
527 2151 554 2176 et
585 2155 649 2175 eum
672 2147 835 2175 convincere
858 2153 982 2174 necessa-

136 2193 193 2228 rio,
216 2194 252 2222 ita
273 2194 348 2231 quod
370 2202 424 2222 non
446 2197 536 2230 potest
557 2194 747 2222 contradicere
759 2193 768 2206 '²
776 2205 783 2227 ;
806 2201 858 2221 non
875 2193 912 2221 sic
934 2201 980 2221 au-

136 2243 190 2269 tem
212 2244 254 2269 est
274 2241 309 2269 de
330 2240 401 2270 fide:
423 2249 490 2278 ergo
511 2241 581 2270 fides
602 2249 656 2280 non
679 2240 762 2269 habet
778 2243 881 2269 tantam
903 2239 981 2268 certi-

137 2287 278 2321 tudinem,
299 2290 432 2324 quantam
455 2287 538 2316 habet
559 2287 671 2316 habitus
693 2287 830 2316 scientiae.

1832 194 1885 222 481

1363 278 1574 299 CONCLUSIO.

1047 363 1194 392 Cei-cnudo
1214 364 1284 401 (idei
1303 368 1464 401 superatur
1479 374 1498 393 α
1519 365 1656 398 scicntia,
1671 374 1746 403 ιμιιια
1760 369 1800 393 esc
1817 365 1888 393 visio

1126 411 1178 438 Dei
1198 415 1316 447 aperta,
1338 416 1459 448 superat
1482 421 1548 440 nero
1568 412 1739 446 scientiam,
1761 421 1835 450 quite
1850 416 1890 441 est

1123 458 1247 495 cogynitio
1280 459 1464 487 credibilium
1491 460 1652 488 secandum
1674 464 1785 488 ,ςιιιιιινη
1808 460 1887 491 viiic,

1122 508 1147 532 et
1177 505 1323 533 interilum
1346 506 1433 533 etiam
1463 506 1604 534 scientiam
1635 506 1765 534 aliorum
1791 515 1891 543 609)ιο-

1122 551 1268 580 scibilium
1291 553 1389 590 quoad
1403 553 1606 581 certitudinem
1621 554 1810 587 adhaesionis,
1833 562 1891 581 non

1122 607 1190 627 vero
1211 599 1415 636 speculationis.

1124 693 1298 721 ResroNnim:
1323 693 1493 726 Dicendum,
1515 694 1669 730 quodcum
1692 702 1888 731 coniparamus

1043 739 1238 768 certitudinem
1262 740 1323 768 fidei
1347 740 1380 768 ad
1404 740 1601 769 certitudinem
1631 741 1777 775 scientiae,
1799 745 1889 778 potest

1902 746 2008 765 instinctio.

1044 787 1158 824 intelligi
1180 787 1337 824 dupliciter.
1360 787 1427 815 Nam
1460 796 1515 815 uno
1548 788 1630 816 inodo
1654 789 1777 816 scientia
1798 792 1888 825 potest
1899 794 1982 820 Sciemm
1994 794 2032 816 ³¹0-

1043 833 1095 862 dici
1112 838 1207 871 aperta
1222 837 1249 862 et
1263 837 1339 862 certa
1355 834 1423 862 visio
1438 834 1485 863 Dei
1508 835 1534 862 in
1558 834 1662 871 patria:
1685 839 1712 863 ct
1734 836 1784 863 hoc
1807 836 1889 864 modo

1938 822 1983 836 siae.

1043 889 1096 909 non
1129 884 1170 909 est
1201 881 1327 918 quaestio
1359 889 1408 909 nec
1430 881 1565 913 dubium,
1597 881 1663 918 quin
1685 882 1808 910 scientia
1834 883 1886 910 isto
1899 887 1998 906 Con-*histo
2013 888 2028 905 ¹-

1044 927 1145 956 modo⁷
1169 927 1317 964 praecellat
1340 928 1365 956 in
1388 928 1555 957 certitudine
1579 929 1665 965 ipsam
1696 929 1795 962 iidem,
1818 929 1889 957 sicut

1042 975 1130 1012 gloria
1152 975 1293 1011 praecellit
1325 975 1457 1011 gratiam,
1486 978 1513 1003 et
1544 979 1633 1004 status
1655 976 1761 1012 patriae
1783 980 1887 1005 statum

1043 1022 1112 1050 viae.
1134 1039 1171 1043 —
1194 1022 1250 1050 :tito
1272 1023 1354 1050 modo
1376 1022 1479 1051 dicitur
1500 1022 1623 1050 scientia
1645 1023 1780 1059 cognitio,
1801 1032 1887 1060 quam

1042 1068 1104 1106 quis
1127 1069 1210 1097 habet
1231 1069 1257 1097 in
1280 1069 1337 1103 via3
1359 1072 1385 1097 et
1408 1069 1459 1098 ista
1481 1072 1570 1106 potest
1585 1078 1645 1098 esse
1661 1069 1824 1106 dupliciter:
1841 1073 1889 1098 aut

1043 1119 1171 1153 respectu
1194 1116 1322 1149 illorum,
1354 1120 1481 1153 respectu
1515 1124 1636 1153 quorum
1669 1120 1709 1145 cst
1730 1117 1820 1153 sa'des:
1841 1120 1890 1145 ant

1043 1166 1170 1199 respectu
1192 1163 1322 1191 alioruin
1351 1163 1598 1201 coynoscibz'linm.
1631 1164 1656 1192 Si
1681 1167 1809 1200 respectu
1833 1164 1890 1192 illo-

1042 1217 1122 1241 rum,
1145 1213 1272 1247 respectu
1303 1218 1424 1247 quorum
1454 1214 1496 1239 est
1526 1210 1615 1247 fides,
1647 1211 1700 1245 sic,
1723 1211 1887 1248 simpliciter

1042 1256 1197 1293 loquendo,
1219 1257 1321 1285 certior
1352 1261 1393 1286 est
1424 1257 1494 1286 fides
1515 1266 1599 1294 quani
1623 1258 1745 1286 scicntia.
1770 1258 1845 1287 Unde
1867 1259 1888 1287 si

1041 1303 1142 1340 aliquis
1165 1303 1397 1340 philosophorum
1419 1304 1547 1341 cognovit
1566 1305 1686 1341 aliquem
1704 1305 1888 1333 articulorum

1042 1351 1239 1381 ratiocinando,
1252 1354 1347 1388 utpote
1364 1351 1451 1379 Deum
1467 1359 1527 1380 esse
1539 1355 1711 1386 creatorem,
1735 1352 1777 1380 vel
1800 1352 1888 1380 Deum

1041 1404 1101 1425 esse
1127 1400 1380 1429 remuneratorem:
1410 1406 1553 1435 nunquam
1587 1399 1623 1427 ita
1655 1398 1888 1427 certitudinaliter

1041 1445 1168 1481 cognovit
1190 1453 1240 1482 per
1261 1453 1340 1473 suam
1364 1445 1526 1479 scientiam,
1548 1446 1620 1474 sicut
1641 1446 1780 1482 cognoscit
1804 1454 1888 1475 verus

1042 1490 1132 1519 fidelis
1153 1499 1203 1528 per
1225 1500 1305 1520 suam
1328 1491 1420 1520 iidem.

1119 1538 1144 1566 Si
1167 1541 1260 1566 autem
1285 1539 1433 1575 loquamur
1448 1539 1482 1567 de
1497 1539 1623 1573 scientia,
1639 1539 1794 1568 secundum
1811 1540 1886 1576 quod

1040 1587 1081 1612 est
1102 1585 1221 1621 cognitio
1242 1585 1371 1613 citiorum
1402 1586 1659 1622 coenos-cimbam,
1692 1586 1731 1614 sic
1764 1586 1886 1622 quodam

1041 1632 1124 1659 modo
1145 1633 1247 1660 certior
1267 1636 1309 1661 est
1342 1632 1413 1661 tides
1444 1641 1528 1670 quam
1561 1633 1692 1667 scientia,
1714 1636 1742 1662 et
1762 1633 1885 1670 quodam

1041 1678 1123 1707 modo
1144 1687 1158 1707 e
1180 1679 1328 1707 contrario.
1352 1680 1396 1708 Est
1417 1680 1490 1708 enim
1507 1680 1645 1708 certitudo
1659 1680 1885 1717 speculationis,

1040 1729 1066 1754 et
1087 1729 1129 1754 est
1150 1726 1288 1754 certitudo
1310 1725 1517 1759 adhaesionis,-
1538 1731 1565 1755 et
1597 1727 1688 1763 prima
1710 1727 1823 1764 quidem
1847 1735 1887 1756 re-

1039 1771 1120 1809 spicit
1141 1771 1349 1806 intellectum&
1372 1773 1496 1801 secunda
1517 1781 1583 1801 vero
1600 1773 1711 1810 respicit
1729 1773 1819 1810 ipsum
1842 1772 1888 1810 cif-

1038 1818 1155 1856 feecmn.
1177 1836 1215 1840 ——
1236 1819 1261 1847 Si
1286 1820 1434 1857 loquamur
1449 1820 1483 1848 de
1498 1821 1666 1849 certitudine
1680 1820 1884 1854 adhaesionis,

1039 1867 1077 1895 sic
1099 1867 1188 1894 maior
1209 1870 1251 1895 est
1281 1867 1420 1895 certitudo
1453 1867 1478 1895 in
1510 1868 1568 1904 ipsa
1590 1867 1660 1901 lide,
1682 1876 1766 1905 quam
1801 1868 1835 1896 sit
1857 1868 1884 1896 in

1039 1913 1136 1942 habitu
1159 1913 1304 1947 scientiae,
1326 1922 1377 1951 pro
1399 1922 1431 1942 eo
1463 1914 1538 1951 qnod
1560 1922 1627 1943 vera
1649 1914 1719 1944 sides
1740 1915 1828 1952 magis
1850 1916 1887 1943 fa·

1039 1960 1075 1988 cit
1096 1960 1250 1989 adhaerere
1283 1961 1374 1997 ipsum
1407 1962 1566 1990 credentem
1599 1961 1708 1990 veritati
1741 1962 1884 1995 creditae,

1038 2014 1123 2043 quam
1144 2007 1238 2044 aliqua
1260 2008 1374 2036 scientia
1388 2008 1470 2036 alicui
1488 2009 1527 2037 rei
1543 2008 1636 2037 scitae.
1652 2008 1786 2037 Videmus
1801 2008 1885 2042 enini,

1040 2060 1119 2082 veros
1141 2053 1238 2082 fideles
1258 2062 1308 2083 nec
1330 2062 1379 2091 per
1400 2058 1566 2091 argumenta
1587 2063 1637 2084 nec
1665 2063 1715 2092 per
1747 2058 1885 2084 tormenta

1038 2108 1088 2128 nec
1109 2109 1158 2137 per
1182 2101 1370 2130 blandimenta
1393 2102 1518 2131 inclinari
1549 2110 1644 2139 posse,
1668 2106 1699 2131 ut
1721 2103 1884 2137 veritatem,

1037 2155 1120 2184 quam
1144 2148 1274 2182 credunt,
1297 2148 1395 2177 saltem
1417 2152 1548 2177 oretenus
1571 2153 1686 2185 negent3
1709 2150 1783 2186 quod
1801 2158 1883 2177 nemo

1038 2194 1127 2222 sciens
1148 2202 1230 2223 sanae
1253 2195 1353 2223 mentis
1375 2196 1478 2224 faceret
1499 2204 1550 2233 pro
1571 2196 1675 2233 aliquo,
1689 2197 1765 2233 quod
1786 2205 1883 2233 cogno-

1036 2240 1102 2275 scit,
1123 2241 1174 2269 nisi
1198 2241 1223 2269 in
1246 2245 1382 2278 quantuni
1405 2242 1531 2271 doctrina
1552 2242 1616 2271 fidei
1638 2242 1736 2277 dictat,
1752 2251 1805 2270 non
1822 2251 1883 2271 esse

1037 2287 1236 2315 mentiendum.
1258 2288 1366 2316 Stultus
1387 2288 1481 2316 enim⁹
1502 2292 1573 2317 esset
1589 2291 1742 2325 geometra,
1764 2289 1810 2325 qui
1831 2296 1883 2326 pro

200 2477 206 2491 ¹
225 2478 323 2505 Aristot.,
341 2477 377 2499 IV.
390 2477 487 2505 tiletaph.
500 2480 550 2500 text.
564 2478 584 2500 8.
599 2477 640 2505 (ΙΙΙ.
657 2484 676 2500 c.
691 2478 729 2505 3.)‚
746 2478 896 2505 proprietates
912 2477 979 2504 primi

135 2516 294 2544 philosophiae
306 2516 411 2543 principii
424 2521 545 2538 recensens
562 2517 603 2538 ait:
617 2515 725 2538 Omnium
740 2518 815 2538 autem
828 2516 978 2537 certissimum

136 2555 275 2582 principium
293 2558 337 2582 cst,
355 2556 415 2577 circa
431 2555 494 2583 quod
512 2555 654 2582 impossibile
671 2559 703 2577 est
727 2555 824 2577 mentiri.
842 2567 871 2570 —-
890 2554 920 2575 De
938 2553 981 2576 mi-

135 2592 191 2616 norz'
207 2593 247 2616 ct‘r.
265 2593 321 2616 infra
340 2593 362 2616 d.
380 2593 416 2616 24.
435 2600 455 2616 a.
475 2594 494 2616 i.
512 2600 535 2622 q.
556 2595 576 2616 l.

198 2631 207 2646 ‘2
225 2632 281 2660 Quia
299 2632 419 2660 theologia,
438 2636 462 2655 ut
479 2633 500 2654 S.
515 2633 599 2655 Bonav.
617 2633 638 2654 in
652 2632 696 2655 fine
709 2633 820 2660 prooemii
839 2632 919 2654 Brcvil.
937 2632 979 2658 ait,

136 2673 245 2700 tanquam
263 2672 354 2693 scientia
372 2674 394 2693 et
411 2671 513 2694 doctrina
530 2673 606 2694 omnia
624 2672 717 2694 resolvit
737 2673 759 2694 in
774 2672 858 2698 Deum,
871 2675 979 2699 tanquam

135 2711 157 2732 in
175 2711 315 2738 principium
333 2711 433 2738 primum
452 2712 473 2732 et
489 2716 615 2732 summum.
633 2723 663 2726 —
675 2712 779 2739 August..
798 2710 909 2733 Enchirid.
923 2716 941 2732 c.
954 2710 980 2731 5:

135 2748 228 2772 Certum
246 2755 302 2771 vcro
319 2749 487 2777 propriumque
506 2749 558 2771 ndei
575 2749 698 2771 catholicae
721 2749 896 2772 fundamentum
917 2748 980 2771 Chri-

135 2791 184 2811 stus
200 2792 240 2811 est.
258 2788 452 2811 Fundamentum
469 2788 531 2811 enim
548 2787 628 2816 aliud,
652 2789 682 2810 ait
698 2789 821 2816 Apostolus
839 2789 867 2815 (l.
885 2787 935 2810 Cor.
955 2788 978 2813 3,

136 2827 183 2855 Μ.)
200 2832 268 2850 nemo
285 2828 360 2856 potest
375 2833 461 2856 ponere
475 2828 572 2856 praeter
593 2826 618 2849 id
637 2826 700 2856 quod
720 2826 824 2856 positum
846 2828 892 2854 est,
917 2825 980 2856 qnod

135 2867 169 2889 est
187 2865 294 2889 Christus
311 2867 384 2889 Iesus.
401 2878 433 2882 —
450 2866 481 2888 De
499 2865 613 2888 nobilitate
632 2867 777 2888 scientiarum
796 2867 836 2888 ct'r.
849 2866 946 2893 Ariston,
965 2865 978 2886 Ι.

136 2905 232 2932 liletaph.
250 2911 269 2927 c.
287 2906 308 2927 2.
326 2908 347 2927 et
364 2905 396 2927 ΙΙΙ.
415 2909 467 2928 text.
485 2905 506 2927 3.
525 2905 557 2931 (ll.
580 2911 599 2927 c.
623 2906 662 2934 2.).
679 2918 708 2921 -
726 2905 748 2927 ln
772 2905 816 2927 tine
837 2911 885 2932 arg.
911 2904 978 2926 codd.

136 2944 218 2972 partim
236 2945 341 2967 omittunt
358 2944 455 2974 aliqua,
475 2946 560 2973 partim
577 2944 633 2967 (ilici.

198 2982 207 2997 ³
224 2983 284 3005 Libr.
303 2983 316 3004 l.
335 2983 363 3006 de
381 2984 481 3006 Sacram.
501 2990 522 3012 p.
540 2984 568 3006 X.
587 2990 606 3006 c.
625 2985 646 3006 2.

263 3033 289 3057 S.
306 3034 393 3057 Bonae.
411 3047 443 3051 —
459 3035 526 3057 Tom.
545 3035 575 3057 ill.

1100 2475 1108 2490 ⁴
1125 2476 1168 2498 Csr.
1187 2477 1284 2503 Ariston,
1304 2476 1317 2498 l.
1337 2477 1420 2498 Poster.
1439 2483 1459 2498 c.
1478 2477 1514 2498 26.
1532 2477 1561 2504 (c.
1581 2477 1635 2504 33.).

1100 2514 1110 2529 ⁵
1126 2515 1256 2543 Respicitur
1273 2515 1328 2538 illud
1346 2516 1359 2537 Ι.
1378 2515 1429 2537 Cor.
1452 2516 1484 2542 13,
1506 2516 1547 2537 ¹2:
1566 2515 1677 2538 Videmus
1695 2522 1755 2538 nunc
1773 2522 1814 2543 per
1832 2522 1882 2543 spe-

1038 2554 1114 2575 culum
1133 2554 1154 2575 in
1172 2555 1301 2581 aenigmate
1323 2557 1373 2582 etc„
1391 2557 1412 2576 et
1430 2554 1484 2576 illud
1508 2554 1530 2575 ll.
1548 2554 1575 2581 2,
1603 2554 1639 2576 18:
1661 2554 1706 2576 Nos
1728 2561 1784 2576 vero
1801 2561 1882 2577 omnes

1037 2593 1136 2615 revelata
1154 2593 1210 2615 facie
1228 2593 1324 2621 gloriam
1342 2593 1432 2615 Domini
1445 2593 1589 2621 speculantes
1606 2596 1648 2615 etc.
1661 2606 1691 2609 —
1705 2594 1746 2616 l’ro
1763 2593 1882 2623 coynoscit

1037 2632 1101 2653 multi
1119 2631 1185 2653 codd.
1204 2632 1259 2653 salso
1276 2631 1439 2661 cognoscitur,
1459 2633 1500 2654 nisi
1519 2638 1560 2659 pro
1576 2631 1634 2661 fides
1659 2632 1809 2655 substituatur
1828 2632 1880 2662 fide.

1099 2670 1108 2684 ⁶
1126 2670 1170 2692 Cir.
1189 2671 1286 2697 Ariston,
1305 2671 1319 2692 l.
1338 2671 1421 2693 Poster.
1440 2677 1458 2693 c.
1478 2672 1498 2693 2.
1515 2674 1537 2693 et
1554 2672 1574 2692 6.
1593 2677 1657 2699 seqq.

1100 2709 1109 2723 ⁷
1128 2709 1202 2731 Vcrha
1220 2709 1263 2732 isto
1280 2709 1351 2733 modo
1368 2710 1451 2732 absunt
1469 2717 1480 2732 a
1498 2710 1566 2732 codd.
1584 2710 1602 2732 G
1613 2711 1618 2731 l
1629 2710 1644 2731 L
1656 2710 1718 2732 Vna.

1099 2748 1108 2763 ⁸
1125 2749 1199 2771 Godd.
1217 2749 1234 2771 G
1247 2750 1252 2771 Ι
1263 2749 1278 2770 L
1289 2750 1306 2771 V
1317 2756 1342 2771 aa
1361 2749 1438 2778 ipsum
1455 2749 1604 2772 intellectum.
1623 2749 1672 2771 Mox
1694 2753 1745 2771 ante
1770 2750 1881 2779 assecliim

1037 2787 1090 2810 dicti
1108 2787 1184 2815 codd„
1201 2791 1296 2815 excepto
1308 2788 1358 2810 cod.
1372 2795 1409 2814 aa,
1427 2789 1533 2810 omittunt
1550 2788 1627 2817 ipsum
1645 2791 1667 2810 et
1683 2789 1751 2817 paulo
1769 2792 1820 2816 post
1838 2795 1880 2817 pro

1037 2832 1110 2856 qnam
1126 2826 1155 2849 sit
1167 2826 1283 2849 inhabita
1296 2826 1405 2850 scientiae
1421 2827 1562 2850 substituunt
1577 2833 1649 2856 quam
1667 2827 1691 2850 in
1709 2827 1759 2856 ipsa
1775 2827 1880 2851 scientia.

1099 2865 1109 2879 ⁹
1127 2866 1169 2888 Pro
1186 2865 1247 2888 enim
1265 2866 1312 2893 (sic
1329 2866 1396 2888 codd.
1415 2867 1431 2888 Α
1443 2866 1461 2888 Κ
1472 2866 1528 2894 PQ)
1546 2867 1582 2888 alii
1606 2866 1673 2888 codd.
1697 2873 1738 2888 nec
1759 2873 1803 2888 non
1827 2867 1879 2889 edd.

1035 2904 1112 2927 etiam.
1130 2904 1178 2926 Non
1191 2905 1219 2927 ita
1233 2905 1304 2927 multo
1317 2907 1368 2932 post.
1381 2911 1424 2932 pro
1439 2904 1626 2934 philosophicam
1639 2905 1701 2933 quod
1715 2905 1798 2928 habent
1811 2905 1878 2928 codd.

1036 2944 1052 2965 L
1062 2944 1077 2965 Z
1087 2950 1112 2966 aa
1124 2943 1155 2966 bb
1173 2943 1218 2971 (alii
1237 2944 1304 2966 codd.
1322 2944 1406 2966 dubiae
1423 2947 1475 2966 sunt
1487 2944 1604 2972 lectionis),
1617 2944 1670 2966 edd.
1682 2943 1811 2974 physicam.
1830 2945 1879 2967 Mox

1036 2984 1088 3010 post
1105 2981 1217 3011 ignorare
1235 2982 1284 3004 Vnt.
1302 2982 1421 3010 subiungit
1439 2982 1474 3005 vel
1491 2989 1584 3012 nr’gyqre.

1723 3034 1747 3055 (31

1902 1075 2008 1101 Sulnlistin-

1938 1101 1982 1117 vtio.

1901 1219 1999 1238 Conclusio
2011 1220 2029 1238 2.

1900 1688 1972 1712 Duplex
1987 1694 2030 1707 cer-

1901 1712 1968 1730 titudo.

1899 1876 1997 1895 Conclusio
2009 1877 2027 1895 3.
