2166 3366
23 1080 142 1100 [Notandum.

23 2131 149 2148 -nnoamenta

765 201 845 230 DlsT.
868 201 956 229 xxiv.
979 202 1050 230 ΛΒΤ.
1073 201 1102 230 ll.
1123 202 1258 238 QUAEST.
1282 201 1298 229 Ι.
1848 204 1904 232 1117

154 280 192 308 ita
213 279 392 317 complexum
415 283 442 309 et
464 280 676 317 incomplexam
708 288 761 308 non
785 278 889 308 faciunt
910 279 1000 307 ‹liver-

153 326 263 354 sitatem
286 334 301 354 a
322 330 401 363 parte
416 326 461 355 rei
474 326 712 364 comprehensae,
728 326 775 355 sed
791 334 808 354 a
823 328 901 362 parte
920 325 1001 354 modi

153 371 429 409 comprehendele
451 373 516 410 quia
537 381 624 401 unum
647 376 674 401 et
697 372 769 402 idem
791 375 881 409 potest
903 379 1000 409 appre-

155 419 238 448 hendi
261 419 314 447 suh
346 419 428 448 modo
453 419 660 456 corripies-ionis
681 423 708 448 et
730 418 967 456 incompieaez'onz's
982 419 999 447 ¹.

155 466 186 494 Et
208 470 355 503 propterea
377 474 430 495 non
452 466 594 503 sequitur,
616 466 690 503 quod
712 467 734 495 si
758 466 826 495 visio
847 470 888 494 est
908 465 943 494 de
958 473 1000 494 eo-

154 512 235 546 dem,
257 512 292 541 de
313 521 369 549 quo
389 516 431 541 est
453 512 537 546 fides,
558 515 585 541 et
608 512 676 541 visio
697 521 750 541 nou
770 516 811 542 est
826 513 879 541 sub
895 512 998 541 ratione

154 559 371 596 complexionis,
392 567 459 596 ergo
480 563 506 588 et
528 559 617 593 lides;
650 560 734 588 immo
766 563 807 589 est
840 559 875 588 ihi
897 560 999 597 1191ωά

154 605 307 639 dictionis,
331 605 373 634 vel
395 606 477 635 etiam
499 606 652 640 accidens,
681 607 746 644 quia
775 607 935 644 proceditur
964 606 999 634 al)

154 653 260 681 unitate
288 652 333 681 rei
360 652 394 681 ad
425 653 557 681 unitatem
587 653 675 681 modi.
699 654 728 682 Et
749 654 776 682 si
798 657 828 682 cii
849 661 998 691 quaeras,

154 706 242 736 quare
264 699 333 728 tides
355 707 407 727 nou
430 700 545 728 assentit
565 699 672 729 obiecto
694 708 745 728 suo
760 708 810 737 per
832 700 945 728 modum
962 699 999 727 in-

155 745 307 783 complexi‚
329 746 401 775 sicut
422 746 491 775 visio
504 757 510 781 ;
525 747 591 775 satis
607 747 688 784 plana
703 751 745 776 est
759 747 917 784 responsio:
933 746 999 784 quia

154 793 228 822 υῖεὶο
246 793 365 830 patriae
386 802 441 822 uno
463 797 490 822 et
511 794 628 831 simplici
651 798 765 831 aspectu
787 794 998 828 saciet‚·videri

154 843 182 868 et
202 840 327 877 cognosci
345 840 432 869 multa
447 844 560 878 propter
576 841 770 878 perfectionem
787 841 891 878 gloriae
903 840 929 875 2;
945 849 998 870 non

154 886 193 915 sie
214 890 306 915 autem
329 891 371 915 est
392 886 426 915 de
448 887 602 923 cognitione
623 887 778 916 secundum
794 891 904 916 statum
919 887 998 921 m'ae,

153 941 236 970 quem
258 933 371 971 quidem
394 937 496 963 statum
519 933 633 970 respicit*
653 935 711 971 ipsa
735 934 812 963 [ides.

233 981 259 1009 Ιι.
281 980 320 1009 Ad
343 980 410 1009 illud
442 980 517 1018 qnod
546 981 676 1009 obiicitur
697 981 731 1010 de
753 989 801 1018 spe
822 985 849 1010 ct
870 981 999 1016 caritate,

154 1026 320 1061 dicendum,
336 1027 409 1065 quod
427 1036 480 1056 non
496 1031 537 1056 est
552 1027 657 1056 simile:
680 1028 745 1065 quin
765 1028 877 1065 proprie
899 1028 1000 1057 intelie-

156 1077 220 1102 ccus
240 1077 281 1102 est
302 1074 435 1111 negotiari
458 1074 529 1103 circa
546 1074 743 1111 complerem,
760 1075 808 1103 sed
824 1074 945 1112 affectu-s·
959 1079 1000 1104 est

155 1120 287 1157 negotiari
309 1121 383 1150 circav
410 1121 498 1158 ipsam
527 1129 611 1154 iem,-
631 1124 658 1150 et
680 1121 745 1159 quia
768 1129 813 1150 rcs
836 1122 860 1150 in
884 1130 912 1150 se
941 1122 1000 1159 ipsa

155 1167 238 1196 habet
259 1167 394 1196 rationem
411 1167 666 1205 incompieaeiom's,
688 1168 735 1197 sed
759 1172 843 1206 prout
863 1172 904 1198 est
920 1169 945 1197 in
963 1169 1000 1198 in-

1056 279 1184 314 tellectu,
1217 280 1299 308 hahet
1322 280 1456 308 rationem
1479 279 1725 317 complemento-³:
1749 280 1813 309 hinc
1842 285 1903 315 est,

1055 326 1128 362 quod
1146 327 1275 363 quamvis
1287 326 1405 355 virtutes
1420 326 1599 364 respicientes
1613 326 1749 364 affectum
1762 327 1816 356 sint
1828 327 1901 356 cirea

1055 372 1193 401 obiectum
1217 381 1300 401 suum
1323 376 1434 410 praeter
1456 373 1591 402 rationem
1607 373 1901 410 e·omple.1·z'0nis,iion

1057 422 1147 447 tumen
1171 423 1285 456 propter
1315 420 1365 448 hoc
1392 420 1499 456 fides&
1525 428 1597 457 qnae
1618 423 1659 449 est
1681 421 1777 457 regula
1800 421 1904 449 intelle-

1056 470 1128 494 ctus.
1150 483 1188 486 —
1209 466 1262 495 Nec
1284 466 1375 501 valet,
1397 467 1471 503 quod
1494 467 1515 495 si
1540 467 1612 496 idem
1634 471 1676 496 est
1694 468 1834 497 obiectum
1851 468 1904 497 vir-

1056 515 1148 541 tutum
1172 513 1407 549 theologicarum,
1430 517 1543 550 propter
1565 514 1632 548 hoo,
1654 514 1680 542 in
1702 518 1838 551 quantum
1861 517 1903 543 est

1055 559 1139 596 fidei,
1155 563 1248 588 careat
1262 559 1473 596 commea-ione,
1493 560 1565 589 sicut
1581 561 1605 588 in
1622 565 1757 598 (plantum
1774 564 1816 590 est
1830 561 1903 589 alia·

1056 614 1134 634 rum.
1158 606 1344 643 Complorztm
1366 607 1439 635 enim
1462 610 1488 635 et
1505 607 1718 644 ineomplerzon
1734 616 1787 636 nou
1804 608 1900 637 dicunt
1915 618 2029 637 Notandum.

1058 653 1237 681 variationem
1260 662 1275 681 a
1299 656 1376 690 parte
1397 654 1458 686 rei,
1481 654 1527 682 sed
1551 654 1641 682 solum
1664 663 1680 682 a
1703 659 1780 691 parte
1805 655 1901 688 motii,

1056 700 1127 729 sicut
1150 700 1229 736 prius
1252 700 1342 729 visum
1365 704 1423 734 cst;
1439 704 1466 729 et
1481 701 1610 738 quamvis
1632 701 1750 730 virtutes
1771 702 1902 738 theologi-

1056 755 1103 776 cae
1126 747 1245 776 habeant
1268 747 1340 775 idem
1371 747 1509 776 obiectum
1533 748 1687 776 secundum
1710 757 1770 776 rem
1793 752 1820 777 ct
1841 749 1904 777 suh-

1056 794 1202 827 standnm,
1234 794 1336 822 hahent
1369 797 1459 823 tanuen
1483 794 1615 822 disserens
1636 795 1790 823 secundum
1815 795 1903 823 racio-

1055 849 1120 869 nem
1142 844 1169 869 et
1191 840 1318 869 modum..

1136 888 1161 915 5
1185 887 1221 915 Ad
1244 887 1313 916 illud
1335 887 1409 924 quod
1432 887 1562 916 obiicitur
1578 888 1612 916 de
1627 888 1769 922 Cornelio,
1789 888 1842 916 iam
1859 897 1903 925 pa-

1057 937 1095 964 tet
1116 935 1277 972 responsio:
1300 935 1365 972 quin
1387 934 1531 963 Cornelius
1561 935 1680 964 habebnt
1703 935 1785 964 iidem
1812 935 1904 972 impli-

1057 982 1163 1015 citam,
1185 985 1212 1010 et
1235 981 1295 1010 ideo
1318 990 1370 1009 non
1394 981 1525 1010 credebat
1548 982 1763 1010 incarnationem
1786 982 1828 1010 vel
1844 990 1903 1019 pas-

1057 1029 1161 1058 sionem
1175 1029 1184 1042 ⁶
1207 1029 1260 1057 suh
1282 1028 1447 1066 differentia
1476 1028 1613 1065 temporis·
1641 1028 1856 1062 determinatim
1876 1032 1903 1057 et

1057 1079 1205 1113 propterea
1227 1084 1280 1104 non
1302 1075 1429 1109 errabat,
1451 1075 1499 1105 sed
1521 1076 1670 1112 explicatio
1691 1075 1754 1104 fidei
1781 1075 1832 1104 sihi
1859 1076 1904 1104 de-

1057 1126 1131 1157 erat,
1146 1123 1180 1151 nd
1197 1131 1281 1160 quam
1297 1123 1451 1152 faciendam
1468 1122 1542 1151 misit
1556 1123 1691 1152 Dominus
1708 1123 1842 1152 Ecclesiae
1862 1131 1904 1151 ar-

1057 1170 1206 1199 chitectum
1217 1170 1236 1198 ⁶.

877 1268 1111 1302 ARTICL'LUS
1138 1269 1174 1301 ll.

535 1362 575 1390 De
596 1361 702 1390 obiecto
722 1361 792 1398 fidei
813 1362 842 1390 in
864 1363 1084 1399 commoratione
1105 1363 1146 1391 ml
1167 1366 1300 1391 nostram
1322 1363 1522 1400 coyniliouem.

233 1461 439 1498 Consequenter
461 1460 607 1497 quaeritur
622 1460 656 1489 de
671 1460 779 1489 ohiccto
802 1460 864 1489 [idei
887 1461 913 1488 in
929 1468 1001 1489 com-

155 1508 297 1545 paratione
312 1508 347 1536 ad
364 1511 486 1536 nostram
503 1507 702 1544 cognitionem,
723 1511 749 1536 et
765 1507 836 1536 circa
853 1508 904 1536 hoc
920 1515 1002 1544 quae-

155 1558 257 1584 runtur
278 1555 339 1583 trin.

234 1602 324 1630 Primo
355 1601 518 1638 quaeritur,
547 1605 643 1629 utrum
667 1600 736 1629 sides
757 1601 791 1629 sit
813 1601 847 1630 de
879 1601 937 1635 his,
966 1601 1000 1630 de

154 1649 257 1687 quibus
279 1649 399 1678 habetur
421 1648 489 1677 visio
511 1648 658 1677 sensibilis.

1136 1461 1278 1495 Secundo,
1300 1464 1395 1490 utrum
1419 1461 1453 1490 sit
1475 1462 1509 1490 de
1531 1462 1589 1496 his,
1608 1462 1642 1491 dc
1658 1463 1761 1500 quihus
1783 1463 1903 1492 hahetur

1057 1508 1149 1545 opinio
1171 1508 1331 1545 probabilis.

1136 1555 1242 1586 Tertio.
1272 1558 1367 1584 utrum
1398 1555 1432 1584 sit
1460 1556 1494 1584 de
1516 1556 1575 1586 his.
1601 1556 1635 1584 de
1657 1556 1761 1593 quihus
1782 1556 1903 1585 hahetur

1057 1602 1175 1638 cognitio
1197 1602 1353 1631 scientialis.

930 1747 1093 1783 QUAESTlO
1115 1747 1132 1775 1.

535 1834 638 1863 Utrum
661 1834 732 1871 sides
752 1834 790 1862 sii
812 1834 845 1862 (le
867 1833 929 1867 Ιιιὶς,
951 1834 984 1862 ile
1005 1833 1110 1872 quibus
1133 1833 1255 1863 liabetur
1275 1834 1349 1863 visio
1371 1835 1524 1863 sensibilis.

234 1934 312 1963 Circa
323 1934 445 1971 primum
458 1933 496 1962 sic
508 1933 670 1971 proceditur
685 1936 711 1962 et
726 1933 887 1971 quaeritur,
902 1937 998 1961 ulrum

156 1981 226 2010 tides
247 1982 281 2010 sit
303 1981 337 2010 de
359 1981 417 2014 his,
439 1980 474 2009 de
495 1980 598 2017 quibus
620 1980 740 2009 habetur
762 1980 830 2009 visio
852 1979 998 2008 sensibilis.

156 2029 187 2057 Et
209 2028 335 2061 videtur,
357 2027 431 2064 quod
454 2027 502 2056 sic.

162 2107 165 2110 ,
237 2076 261 2103 1.
285 2074 392 2103 loannis
420 2073 594 2111 vigesimo⁷z
619 2074 695 2110 Quia
717 2073 818 2102 vidisti
838 2082 897 2106 me,
934 2072 1000 2101 Tlio-

156 2130 224 2156 ma,
246 2121 417 2154 credidisti;
438 2121 485 2149 sed
509 2124 631 2154 constat,
653 2121 727 2158 quod
756 2121 876 2149 Thomas
906 2128 999 2148 veram

156 2169 254 2198 hahuit
276 2168 358 2196 iidem
381 2168 416 2196 de
439 2167 554 2196 Domino
576 2167 652 2201 lesu,
674 2175 757 2204 quem
774 2167 842 2195 vidit
856 2171 883 2195 et
897 2166 998 2203 tetigit:

156 2223 223 2252 ergo
251 2215 335 2244 simul
360 2214 394 2243 de
417 2214 513 2243 eodem
546 2217 606 2243 erat
637 2214 707 2243 fides
735 2214 850 2243 interior
877 2216 904 2242 et
932 2214 1000 2242 visio

155 2262 287 2291 exterior.

235 2310 261 2337 2.
283 2309 366 2343 item,
381 2308 488 2346 primae
504 2308 610 2337 loannis
625 2308 716 2345 primo
729 2308 757 2336 8;
775 2308 858 2344 Quod
873 2308 1000 2336 vidimus

156 2360 181 2384 et
202 2355 373 2384 audirimus
395 2359 419 2383 ec
438 2355 659 2392 perspeminzus,
692 2359 716 2383 el
744 2363 853 2383 omnus
884 2358 1001 2383 nostrae

157 2406 408 2431 contrectaverunt
434 2402 467 2430 de
494 2401 582 2430 Verbo
602 2402 698 2430 vitae.-
721 2402 743 2430 si
765 2410 832 2438 ergo
853 2402 888 2430 de
911 2401 1001 2430 Verbo

156 2449 228 2478 vitae
250 2449 390 2478 habehant
417 2448 537 2486 Apostoli
559 2448 659 2482 tidem,
682 2449 733 2477 hoc
755 2452 796 2477 est
817 2448 851 2477 de
873 2448 1000 2478 Christe.

1056 1937 1083 1961 et
1104 1933 1138 1961 de
1160 1933 1257 1961 eodem
1280 1934 1420 1962 habehant
1441 1934 1599 1963 sensibilem
1616 1934 1815 1972 cognitionem3
1831 1935 1903 1964 redit

1058 1980 1129 2009 idem
1153 1980 1226 2018 qnod
1249 1981 1335 2017 prius

1137 2027 1162 2055 3.
1186 2027 1266 2061 item,
1289 2027 1408 2064 Apostoli
1426 2027 1557 2056 viderunt
1571 2028 1712 2057 Christum
1729 2029 1878 2065 patientem
1891 2029 1900 2043 ⁹

1057 2077 1083 2103 et
1099 2074 1239 2103 Christum
1256 2075 1467 2109 ascendentem.
1483 2078 1509 2103 et
1524 2079 1646 2109 constat,
1661 2076 1736 2113 quod
1759 2076 1900 2105 Christum

1057 2128 1117 2149 esse
1139 2129 1252 2158 passum
1285 2124 1312 2149 et
1342 2122 1519 2156 ascendisse,
1542 2125 1606 2151 sunt
1627 2123 1756 2151 articuli:
1786 2123 1806 2151 si
1836 2131 1902 2160 ergo

1058 2167 1176 2203 Apostoli
1200 2167 1282 2196 sidem
1305 2170 1332 2196 et
1355 2168 1484 2196 meritum
1501 2171 1637 2205 quantum
1653 2169 1688 2197 :id
1705 2169 1754 2197 hos
1769 2169 1902 2198 articulos

1058 2222 1110 2242 non
1132 2214 1301 2249 amiserunt,
1324 2215 1450 2249 videtur,
1472 2215 1546 2252 quod
1562 2215 1634 2244 circa
1651 2215 1723 2244 idem
1740 2216 1826 2253 possit
1841 2224 1901 2245 esse

1058 2260 1127 2289 fides
1148 2264 1174 2289 et
1196 2261 1266 2290 visio
1287 2261 1419 2290 exterior.

1136 2308 1162 2336 [ι.
1185 2307 1264 2341 item,
1288 2308 1366 2336 henta
1388 2308 1471 2344 Virgo
1493 2308 1614 2337 sensibili
1644 2309 1837 2345 experimento
1858 2318 1904 2338 no-

1058 2355 1111 2384 vit.
1134 2362 1162 2383 se
1184 2354 1342 2391 concepisse
1364 2355 1398 2383 de
1420 2355 1524 2391 Spiritu
1546 2358 1640 2384 sancto
1654 2356 1760 2392 absque
1775 2356 1846 2384 virili
1864 2364 1903 2385 se-

1058 2401 1150 2433 mine:
1173 2401 1219 2429 sed
1243 2405 1371 2430 constans
1393 2405 1434 2430 est
1447 2402 1479 2435 ¹⁰,
1505 2402 1580 2439 quod
1613 2406 1726 2439 propter
1751 2403 1903 2439 conceptio-

1058 2456 1120 2476 nem
1144 2447 1200 2475 Filii
1233 2447 1281 2476 Dei
1313 2448 1381 2475 nihil
1404 2448 1548 2485 dempturn
1571 2452 1612 2477 est
1634 2448 1697 2477 fidei
1721 2457 1806 2478 suae:
1835 2458 1902 2486 ergo

221 2606 227 2620 ¹
246 2606 291 2629 cfr.
309 2607 411 2633 Aristot.y
429 2606 452 2627 11.
471 2605 499 2627 dc
517 2606 610 2633 Anima,
629 2609 679 2628 text.
702 2606 750 2628 1:52.
768 2612 833 2635 seqq.
851 2609 872 2628 ct
895 2607 926 2628 111.
950 2610 1000 2629 [ΒΜ.

158 2647 194 2668 21.
213 2652 276 2674 seqq.
295 2645 339 2671 (111.
358 2651 377 2666 (·.
395 2645 416 2666 3.
434 2648 455 2666 ct
472 2644 508 2672 6.)
527 2657 556 2660 -—
579 2645 610 2666 Dc
631 2645 715 2667 t'nllncin
737 2644 830 2674 figurae
851 2644 958 2668 (lie-tionis
980 2649 1002 2668 et

155 2684 281 2708 accidentis
299 2684 351 2706 vide
369 2690 438 2711 supra
457 2690 509 2711 pag.
532 2683 583 2710 151,
602 2686 652 2705 nota
672 2684 692 2705 3.
711 2687 733 2706 ct
749 2690 802 2712 pag.
824 2684 877 2711 179,
897 2688 946 2706 notu
969 2685 987 2707 1.

221 2724 229 2739 2
247 2724 291 2746 Csr.
309 2730 378 2751 supra
398 2723 419 2745 (1.
441 2722 474 2744 tt.
492 2729 511 2745 11.
530 2723 551 2744 2.
570 2729 591 2751 q.
610 2723 630 2744 2.
649 2723 677 2745 nd
695 2723 797 2745 fundam.
816 2724 836 2745 6.

219 2762 229 2777 ³
247 2763 305 2784 vide
323 2763 420 2789 Ariston,
439 2762 474 2783 Vl.
494 2762 590 2789 Mctnph.
608 2765 659 2784 tcxt.
680 2762 702 2783 8.
719 2762 760 2789 (V.
778 2768 797 2784 (¹.
816 2762 858 2790 4.),
877 2763 915 2785 ubi
934 2764 1001 2785 onam

157 2805 251 2824 actuum
278 2802 403 2824 intellectus
426 2804 447 2823 et
474 2801 595 2823 voluntntis
618 2801 738 2823 diversitos
764 2801 821 2823 inter
846 2808 870 2823 se
896 2806 1000 2829 respectu

157 2841 239 2863 obiecti
261 2842 283 2863 in
305 2847 332 2863 eo
355 2841 483 2868 reponitur.
506 2839 569 2868 qnod
593 2839 680 2862 honum.
706 2843 727 2862 et
746 2839 836 2862 mnium
857 2841 901 2862 sint
925 2842 945 2862 in
969 2847 1002 2863 re-

159 2879 214 2906 bus,
235 2886 317 2902 verum
330 2883 406 2901 antem
424 2878 547 2908 cisalsum
565 2879 586 2900 in
604 2878 692 2901 miiinu.
711 2878 755 2901 cfr.
774 2881 828 2901 tom.
842 2879 854 2901 Ι.
873 2886 925 2907 pag.
944 2879 1001 2907 562,

159 2922 211 2941 nota
231 2919 265 2940 10.
284 2931 314 2934 —-
331 2919 442 2946 Superius
460 2924 502 2946 pro
519 2917 670 2947 compleaenm
688 2918 738 2940 cod.
757 2918 774 2939 G
792 2918 986 2947 complexionem.

222 2956 230 2972 ⁴
248 2957 303 2980 Cod.
322 2959 338 2979 A
356 2958 447 2985 supplet
462 2958 509 2983 est:
527 2963 608 2979 sensns
626 2957 753 2984 completus
767 2958 834 2979 huius
852 2964 944 2985 propos.
957 2961 1000 2979 est:

159 3002 204 3018 non
222 2999 296 3018 tuinen
314 2999 409 3024 propter
430 2996 473 3018 hoc
490 2997 557 3018 ctiam
580 2995 636 3018 tides
653 2998 686 3017 cst
703 2996 761 3018 circu
781 2996 895 3018 obiectum
918 2997 1001 3018 incom—

1060 2607 1159 2634 plcxum.
1173 2618 1202 2621 —
1215 2606 1317 2627 Proxime
1336 2608 1385 2633 post
1399 2611 1440 2633 pro
1458 2611 1518 2635 qnae
1534 2607 1568 2628 est
1584 2605 1637 2628 cdd.
1655 2605 1709 2635 quin
1722 2607 1762 2629 est.
1780 2607 1901 2635 Aliquanto

1060 2646 1153 2667 inici-ius
1170 2651 1211 2672 pro
1230 2643 1382 2667 variationem
1401 2644 1467 2666 codd.
1486 2645 1532 2666 Al<
1552 2644 1695 2668 variantem.

1122 2684 1132 2699 ⁵
1149 2684 1191 2706 Pro
1208 2682 1340 2712 passionem
1358 2683 1410 2705 cdd.
1428 2689 1481 2705 cum
1500 2683 1558 2705 bene
1575 2684 1652 2706 mulus
1663 2684 1731 2706 codd.
1748 2685 1902 2708 resurrectio-

1059 2730 1126 2750 nem,
1146 2723 1196 2745 coil.
1216 2723 1246 2744 bb
1262 2721 1395 2751 passionem
1414 2721 1449 2745 cel
1465 2722 1670 2745 resurrectionem.

1122 2763 1131 2776 Ε
1150 2762 1207 2784 Vide
1225 2762 1325 2784 scholion
1344 2761 1372 2783 nd
1392 2761 1566 2789 praecedentem
1584 2765 1671 2790 quaest.

1123 2801 1132 2815 7
1151 2802 1213 2822 Vcrs.
1232 2801 1267 2822 ΞΗ).
1279 2812 1311 2816 -
1323 2800 1390 2822 Paulo
1402 2800 1496 2822 inferius
1513 2804 1563 2828 post
1577 2801 1628 2823 lesit
1646 2800 1696 2823 Vnt.
1709 2801 1771 2824 addit
1783 2801 1838 2831 quia
1852 2808 1902 2825 cre-

1060 2840 1117 2863 didit
1134 2841 1217 2862 lesum.

1122 2879 1131 2893 Β
1149 2879 1213 2900 Vers.
1236 2879 1252 2899 l.

1122 2918 1131 2931 Β
1149 2917 1220 2939 Codd.
1233 2917 1249 2938 L
1263 2917 1280 2938 T
1291 2916 1353 2946 pati,
1368 2917 1420 2939 cdd.
1432 2923 1537 2946 possum.
1553 2918 1621 2940 l‘aulo
1633 2919 1727 2941 inferius
1738 2919 1832 2941 caedem
1846 2920 1899 2942 edd.

1059 2958 1110 2979 voi-i
1128 2956 1225 2979 articuli
1241 2957 1371 2984 praefigunt
1387 2956 1442 2979 dno.

1123 2995 1141 3009 ¹0
1159 2994 1213 3017 Cod.
1232 2996 1250 3017 V
1268 2994 1308 3017 sed
1324 2997 1421 3018 constat,
