2166 3366
157 1037 187 1055 Ad
199 1038 274 1061 opposi-

191 1063 236 1079 tum.

286 204 342 233 392

285 286 344 312 tera
357 282 382 309 ¹:
409 281 537 309 «Christi
552 280 709 314 humilitas,
731 288 787 317 qua
801 283 919 308 mortem
935 279 1069 316 gustavit,
1091 279 1129 307 in-

285 336 413 366 gressum
441 327 518 363 regni
540 326 666 355 caelestis
687 325 817 355 omnibus
845 326 919 360 suis,
942 326 1055 363 impleto
1080 325 1129 354 Dei

285 375 409 408 decreto,
431 373 542 410 aperire
565 373 653 401 valuit
667 383 680 398 »
692 383 699 407 3
720 372 795 409 quod
810 372 833 401 si
849 380 948 401 verum
969 375 1029 406 est,
1058 371 1130 400 redit

285 422 359 450 idem
379 420 454 458 quod
476 420 562 456 prius.
1115 426 1117 429 ’

364 467 390 496 3.
412 467 495 501 Item,
515 466 611 495 nullus
632 466 764 494 introibat
784 466 811 494 in
833 466 958 499 caelum,
979 468 1129 503 antequam

284 514 411 543 Christus
433 516 576 551 pateretur
591 517 617 542 et
638 516 809 546 moreretur,
831 513 880 541 sed
895 512 1081 541 descendebat
1095 512 1130 540 ad

283 561 417 595 limbum,
440 561 512 589 sicut
532 563 608 598 patet
629 568 678 597 per
704 563 785 589 vetus
807 560 1016 588 Testamentum
1033 559 1060 594 ²3
1082 559 1131 588 sed

284 608 367 637 modo
382 607 550 636 ascendunt:
566 615 632 644 ergo
647 607 767 641 videtur,
789 607 864 644 quod
880 607 963 635 modo
984 609 1080 643 aperta
1095 606 1130 634 sit

283 655 367 684 ianua
388 662 438 692 per
460 654 561 683 Christi
584 654 724 683 meritum.

362 702 389 730 [ι.
411 702 492 733 Item,
515 701 537 730 si
559 701 639 729 aliter
661 708 746 738 quam
768 708 818 738 per
839 700 941 729 Christi
967 700 1066 729 merita
1088 708 1132 737 po-

283 748 436 777 tuissemus
463 747 578 776 introire
611 747 637 775 in
669 747 786 784 gloriam
818 747 957 784 paradisi,
985 755 1051 784 ergo
1073 747 1132 776 sine

284 798 373 823 morte
401 797 428 823 et
455 794 582 831 passione
603 794 705 823 Christi
735 802 880 831 possemus
908 794 1031 827 salvari;
1060 797 1088 823 et
1109 793 1131 822 si

284 842 353 871 hoc:
376 850 444 879 erqo
467 841 601 870 Christus
622 844 758 870 morlacas
779 845 851 869 essct
868 841 967 878 gratis
983 841 1001 869 ³.
1025 840 1131 878 Quodsi

284 890 337 918 hoc
358 893 400 918 est
421 889 631 923 inconveniens,
653 891 775 923 constat,
797 888 872 926 quod
894 896 947 917 non
964 888 1015 917 suit
1035 891 1132 925 aperta

284 936 368 965 ianua
388 936 509 974 paradisi
531 936 583 965 nisi
605 943 656 973 per
671 936 772 964 merita
793 935 904 964 Christi.

363 983 415 1011 SED
436 990 563 1011 CONTRA:
588 983 611 1010 l.
634 982 660 1010 Si
679 982 807 1011 Christus
829 982 933 1011 meruit
954 982 1033 1010 nobis
1055 990 1132 1019 aper-

285 1030 389 1059 tionem
411 1030 510 1058 ianuae
525 1029 660 1067 paradisi,
675 1033 724 1058 aut
745 1037 811 1066 ergo
826 1029 947 1066 paradisi
968 1029 1132 1062 terrestris,

285 1079 334 1105 aut
348 1076 485 1105 caelestia
508 1076 629 1105 Paradisi
645 1076 793 1105 terrestris
814 1084 880 1111 non,
900 1076 966 1113 quia
980 1076 1130 1104 morientes

284 1132 338 1152 non
360 1124 557 1160 ingrediuntur
571 1123 653 1157 illuc;
668 1127 695 1152 et
709 1126 867 1160 praeterea,
889 1123 998 1152 Henoch
1013 1126 1040 1152 et
1063 1123 1133 1152 Elias

283 1171 399 1208 ingressi
416 1171 530 1199 fuerunt
545 1174 607 1199 ante
622 1170 723 1199 Christi
739 1170 890 1199 adventum
901 1171 920 1198 ⁴¹.
935 1170 1055 1199 Paradisi
1071 1178 1132 1198 cae-

282 1217 360 1246 lestis
381 1226 450 1252 non,
472 1218 603 1254 quoniam
626 1217 653 1245 in
675 1217 751 1246 caelo
767 1217 844 1245 nulla
866 1217 955 1254 posita
976 1217 1028 1245 fuit
1043 1220 1132 1246 custo-

283 1265 329 1294 dia
351 1264 393 1293 vel
408 1264 555 1299 clausura3
578 1265 661 1292 homo
676 1264 750 1292 enim
772 1272 826 1292 non
841 1264 893 1292 fuit
914 1264 948 1292 de
963 1271 996 1293 eo
1011 1264 1129 1292 eiectus:

282 1319 348 1348 ergo
370 1319 424 1339 non
441 1311 560 1345 videtur,
582 1311 658 1348 quod
673 1319 722 1348 per
743 1311 844 1339 merita
859 1310 959 1339 Christi
983 1310 1018 1339 sit
1032 1313 1131 1347 aperta

284 1359 367 1387 ianua
387 1359 506 1388 alicuius
525 1358 655 1396 paradisi.
1039 1362 1042 1366 ’

363 1407 389 1434 2.
410 1406 489 1439 ltem,
506 1406 526 1434 si
550 1405 676 1434 Christus
691 1405 802 1442 aperuit
820 1404 899 1433 nobis
914 1405 1026 1433 ianuam
1049 1405 1131 1434 meri-

284 1453 318 1482 tis
341 1452 413 1487 su1s,
428 1457 477 1481 aut
498 1460 564 1489 ergo
579 1452 678 1481 merito
700 1452 863 1485 actionum,
883 1455 932 1480 aut
946 1452 1045 1480 merito
1064 1460 1133 1489 pas-

282 1500 408 1528 sionum.
430 1500 456 1527 Si
479 1499 578 1528 merito
606 1499 774 1527 actionum:
803 1506 869 1535 ergo
898 1499 1025 1533 videtur,
1055 1499 1130 1536 quod

283 1548 388 1576 frustra
409 1547 493 1575 suerit
514 1554 633 1583 passus,
655 1553 691 1574 ex
714 1554 769 1582 quo
790 1546 911 1574 actiones
926 1553 993 1574 suae
1015 1545 1132 1575 sufficie-

283 1594 350 1623 bant
378 1596 515 1631 quantum
543 1593 579 1621 ad
601 1593 742 1622 meritum.
772 1593 798 1620 Si
826 1592 1035 1629 passionibus:
1065 1600 1132 1629 ergo

284 1641 411 1676 videtur,
433 1641 508 1679 quod
536 1641 663 1669 Christus
685 1640 833 1677 profecerit
861 1643 998 1677 quantum
1020 1640 1055 1668 ad
1078 1648 1131 1669 me-

284 1689 371 1717 ritum
385 1688 403 1715 ⁵.

364 1736 390 1765 3.
411 1736 494 1769 Item,
515 1743 597 1764 omne
619 1735 751 1763 meritum
773 1734 898 1763 consistit
925 1735 953 1763 in
974 1734 1068 1763 radice
1090 1742 1132 1763 ca-

284 1782 392 1817 ritatis,
415 1785 441 1811 et
461 1782 562 1811 caritas
591 1781 617 1809 in
636 1781 746 1810 Christo
767 1789 822 1809 non
843 1781 946 1815 crevit,
968 1788 1034 1817 ergo
1050 1788 1131 1809 omne

284 1830 359 1867 quod
374 1829 501 1858 Christus
524 1829 640 1862 meruit,
662 1828 697 1856 ab
719 1828 796 1856 initio
811 1828 915 1857 meruit
923 1839 930 1862 3
952 1828 1001 1856 sed
1023 1827 1131 1856 aditum

284 1877 362 1914 regni
384 1876 418 1904 ab
441 1876 517 1904 initio
538 1875 617 1904 nobis
633 1883 687 1903 non
710 1874 824 1909 meruit,
839 1874 962 1911 alioquin
985 1882 1039 1902 non
1054 1882 1133 1911 opor·
1160 1885 1162 1891 ⁴

284 1923 383 1952 tuisset
399 1923 490 1959 ipsum
506 1923 561 1959 pati
572 1922 593 1950 ¹²:
610 1930 676 1959 ergo
691 1929 835 1959 nunquam
852 1921 971 1955 videtur,
987 1921 1062 1958 quod
1077 1921 1133 1949 adi-

285 1973 345 1999 tum
367 1969 447 1997 illum
468 1969 603 2006 potuisset
624 1968 703 1997 nobis
725 1968 856 2004 deinceps
878 1967 988 1996 mereri.

363 2017 389 2045 [ι.
412 2017 494 2051 item,
523 2018 572 2044 aut
599 2015 710 2044 iustum
732 2018 804 2050 erat,
832 2015 911 2043 uobis
935 2015 1048 2043 ianuam
1069 2023 1131 2052 ape-

285 2063 350 2097 riri,
372 2066 421 2091 aut
442 2062 594 2090 zsnz'astfzwn.
616 2062 643 2090 Si
669 2062 796 2089 iustum.-
819 2069 885 2098 ergo
913 2061 1132 2098 circumscriptis

284 2110 391 2139 meritis
413 2109 529 2143 Christi,
552 2109 671 2137 debebat
699 2108 778 2137 nobis
807 2111 901 2145 patere
923 2108 1015 2136 aditus
1044 2107 1133 2145 regni.

285 2157 311 2185 Si
333 2157 477 2185 iniustum
485 2167 495 2189 ;
516 2156 564 2185 sed
579 2156 707 2184 Christus
722 2155 792 2184 nihil
815 2155 917 2184 meruit
931 2155 983 2183 nisi
1007 2155 1129 2184 iustum:

285 2212 351 2241 ergo
372 2204 500 2232 Christus
522 2211 575 2231 non
599 2203 702 2231 meruit
722 2202 802 2231 nobis
824 2202 1004 2239 apertionem.

365 2252 390 2279 3.
413 2251 498 2285 Item,
520 2250 621 2279 caritas
643 2252 768 2278 meretur
790 2249 907 2286 gloriam
922 2257 959 2278 ex
981 2249 1133 2286 condigno3

286 2298 335 2328 sed
356 2298 494 2326 Abraham
517 2297 615 2325 habuit
636 2297 795 2329 caritatem,
818 2296 889 2325 sicut
910 2304 959 2325 nos
978 2296 1145 2325 habemuss

960 201 1212 231 SENTENTIARUM
1234 201 1293 230 LIB.
1315 202 1356 230 111.

1186 282 1235 308 aut
1256 280 1340 316 igitur
1355 280 1429 308 Deus
1450 288 1514 308 cum
1530 288 1562 309 eo
1584 279 1684 308 iniuste
1699 279 1766 316 egit,
1789 283 1837 308 aut
1852 288 1916 309 eum
1932 280 1959 308 in
1981 280 2034 317 glo-

1186 326 1257 355 riam
1273 327 1445 360 introduxit;
1466 330 1493 355 et
1515 327 1535 356 si
1559 327 1627 361 hoc,
1648 326 1741 355 aditus
1762 327 1840 363 regni
1861 327 1951 364 patuit
1972 330 2035 356 ante

1187 373 1337 402 adventum
1361 373 1480 402 Christi:
1503 382 1556 401 non
1586 381 1652 410 ergo
1680 376 1777 410 aperta
1798 373 1850 402 fuit
1879 373 1960 402 ianua
1985 381 2036 410 per

1188 420 1288 449 merita
1308 420 1377 449 eius.

1268 468 1293 496 6.
1314 468 1397 501 Item,
1418 467 1488 496 fides
1503 467 1602 496 Christi
1619 470 1683 496 ante
1705 467 1857 496 adventum
1874 467 1975 496 Christi
1997 468 2035 496 ita

1189 514 1383 542 introducebat
1398 514 1539 542 hominem
1560 522 1577 542 a
1595 517 1669 542 statu
1691 514 1790 551 culpae
1810 514 1835 542 in
1859 516 1961 542 statum
1977 522 2036 551 gra-

1188 561 1259 594 tiae,
1282 561 1353 589 sicut
1374 563 1401 589 et
1421 564 1484 598 post
1504 561 1671 590 adventum:
1701 568 1768 598 ergo
1796 564 1823 589 et
1844 561 1904 597 pari
1930 560 2036 590 ratione

1190 607 1228 636 sic
1244 607 1340 636 debuit
1361 607 1540 636 introducere
1555 615 1571 635 a
1593 610 1667 636 statu
1683 607 1744 636 viae
1766 608 1793 636 in
1809 609 1912 636 statum
1932 607 2036 644 gloriae

1189 658 1271 688 tunc,
1287 654 1358 683 sicut
1379 662 1467 682 nunc:
1483 661 1550 691 ergo
1571 654 1592 682 si
1610 662 1684 682 nunc
1706 654 1836 683 fidelibus
1852 654 2036 683 morientibus

1189 703 1265 738 patet
1279 701 1422 738 ingressus
1444 701 1470 728 in
1485 700 1608 734 caelum,
1631 701 1756 735 videtur,
1775 700 1850 737 quod
1866 703 1893 729 et
1914 703 1978 729 ante
1992 700 2040 729 ad—

1189 750 1304 777 ventum
1326 748 1440 776 Christi:
1456 756 1522 784 ergo
1544 748 1627 776 ianua
1642 748 1709 776 caeli
1732 756 1786 776 non
1801 748 1854 776 suit
1875 750 1972 784 aperta
1987 755 2037 784 per

1189 795 1250 824 eius
1271 795 1379 823 merita.

1506 896 1719 918 CONCLUSIO.

1216 982 1350 1012 Christus
1368 991 1422 1019 per
1443 991 1531 1011 suam
1551 982 1785 1020 satisfactionem
1804 982 1912 1011 meruit
1929 982 2011 1010 nobis

1358 1029 1500 1066 paradisi
1519 1029 1649 1058 caelestis
1678 1029 1865 1066 apertionem.

1269 1123 1442 1151 Respommo:
1470 1123 1508 1151 Ad
1531 1123 1738 1160 praedictorum
1765 1122 1974 1159 intelligentiam
1995 1125 2037 1152 est

1190 1170 1357 1203 notandum,
1372 1169 1446 1207 quod
1465 1173 1507 1198 est
1521 1170 1670 1206 paradisus
1685 1169 1846 1203 terrestri&
1861 1172 1889 1198 et
1903 1173 1944 1198 est
1958 1177 2036 1206 para·
2047 1177 2076 1196 Du
2086 1178 2121 1204 ‚1022
2132 1183 2165 1202 pa-

1190 1216 1268 1245 disus
1289 1216 1432 1250 caelestis,
1454 1220 1481 1245 et
1502 1217 1587 1245 Adam
1617 1220 1760 1253 peccante,
1783 1216 1931 1253 utriusque
1952 1216 2036 1245 ianua
2050 1206 2070 1219 m
2086 1206 2129 1219 Μ’

1190 1264 1285 1293 clausa
1306 1264 1365 1292 fuit.
1388 1264 1499 1292 Clausio
1520 1266 1614 1292 autem
1628 1263 1728 1292 ianuae
1743 1264 1866 1300 paradisi
1888 1263 2036 1292 terrestris

1190 1311 1300 1347 signum
1322 1311 1374 1339 fuit
1394 1311 1543 1339 clausionis
1559 1311 1658 1339 ianuae
1679 1310 1802 1347 paradisi
1818 1310 1944 1339 caelestis
1957 1310 1976 1338 ⁷.
1993 1311 2038 1339 Est

1189 1360 1283 1385 autem
1305 1357 1454 1394 paradisus
1469 1356 1598 1385 caelestis
1622 1360 1719 1394 aperta
1740 1357 1809 1386 visio
1831 1357 1917 1392 Dei⁸3
1932 1357 2038 1386 clausio

1190 1407 1283 1433 autem
1305 1403 1391 1432 huius
1406 1403 1505 1432 ianuae
1526 1403 1578 1432 fuit
1593 1403 1800 1441 impossibilitas
1818 1404 1931 1433 videndi
1946 1404 2036 1433 Deum

1189 1450 1267 1488 secie
1288 1450 1463 1488 adfaciem,
1486 1458 1557 1488 quae
1572 1450 1779 1488 impossibilitas
1801 1451 1986 1489 consurgebat
2001 1459 2038 1481 ex

1190 1498 1289 1527 merito
1304 1499 1408 1535 peccati
1424 1498 1497 1527 Adae
1518 1501 1545 1527 et
1559 1506 1595 1527 ex
1617 1498 1729 1527 decreto
1744 1498 1854 1527 divinae
1869 1499 2036 1534 sententiae,

1189 1554 1245 1582 quo
1267 1545 1371 1574 scilicet
1392 1545 1465 1574 Deus
1497 1545 1660 1574 decreverat
1682 1545 1820 1574 neminem
1836 1545 1872 1574 ad
1898 1545 1940 1574 sui
1962 1553 2039 1583 aspe-

1190 1596 1267 1621 ctum
1287 1592 1448 1627 admittere,
1463 1592 1514 1620 nisi
1536 1592 1608 1620 facta
1629 1595 1701 1621 esset
1720 1592 1771 1621 sibi
1787 1592 1905 1621 emenda
1920 1595 1947 1621 et
1961 1593 2039 1622 satis-

1189 1639 1270 1668 factio
1298 1648 1349 1676 pro
1371 1639 1418 1667 illo
1446 1642 1566 1676 peccato.
1590 1639 1621 1667 Et
1648 1639 1780 1676 quoniam
1809 1639 1979 1668 emenda'et
1999 1647 2039 1668 sa-

1190 1686 1306 1715 tisfactio
1328 1686 1399 1715 facta
1413 1689 1455 1715 est
1476 1686 1501 1715 ei
1522 1694 1572 1723 per
1594 1686 1753 1721 Christum,
1776 1686 1847 1715 sicut
1875 1686 1975 1716 melius
1996 1687 2037 1715 in-

1189 1733 1255 1761 fra⁰
1283 1733 1524 1767 manifestabitur3
1552 1733 1617 1762 hinc
1643 1736 1702 1768 est,
1729 1734 1804 1770 quod
1832 1741 1883 1770 per
1904 1734 2036 1763 meritum
2050 1738 2156 1757 con01usio.

1189 1780 1291 1808 Christi
1317 1779 1406 1816 patuit
1431 1779 1510 1808 nobis
1539 1780 1682 1816 ingressus
1708 1780 1734 1808 in
1757 1779 1875 1808 caelum.
1897 1797 1936 1800 —
1961 1781 2037 1810 Unde

1189 1827 1382 1855 concedendae
1404 1829 1469 1855 sunt
1490 1827 1610 1855 rationes
1632 1830 1659 1855 et
1679 1827 1871 1861 auctoritates,
1891 1835 1963 1864 quae
1984 1827 2037 1856 hoc

1190 1874 1347 1902 ostendunt.

1272 1922 1295 1949 l.
1317 1921 1354 1949 Ad
1378 1920 1448 1949 illud
1474 1928 1540 1949 vero
1572 1920 1647 1958 quod
1678 1920 1808 1949 obiicitur
1840 1921 1875 1950 de
1906 1921 2036 1958 paradiso
2050 1926 2161 1953 Solmioor

1190 1968 1301 1997 caelesti
1323 1970 1350 1996 et
1371 1967 1513 2001 terrestri;
1535 1967 1703 2002 dicendum,
1735 1967 1810 2004 quod
1831 1975 1883 2004 per
1904 1968 2037 1997 meritum
2049 1952 2158 1974 ‘mmmm'

1190 2015 1291 2044 Christi
1314 2015 1401 2051 patuit
1423 2014 1503 2043 nobis
1524 2014 1617 2043 aditus
1641 2014 1669 2043 in
1690 2014 1854 2051 paradisum
1876 2015 2034 2050 caelestem,

1190 2062 1271 2090 cuius
1302 2061 1401 2090 ianuae
1433 2061 1539 2090 clausio
1570 2061 1641 2090 facta
1662 2061 1715 2090 fuit
1736 2062 1815 2090 nobis
1840 2070 1891 2099 per
1912 2062 2036 2091 divinam

1191 2108 1371 2142 sententiam,
1388 2108 1459 2137 sicut
1473 2108 1649 2145 praedictum
1671 2111 1727 2143 est,
1750 2112 1777 2137 et
1792 2109 1920 2146 Magister
1941 2109 2038 2138 recitat

1192 2156 1218 2183 in
1240 2155 1332 2183 littera
1345 2155 1371 2182 ¹⁰.
1394 2155 1508 2191 Propter
1537 2155 1589 2184 hoc
1612 2156 1683 2184 ratio
1705 2155 1819 2184 inducta
1841 2155 1966 2192 procedit
1987 2164 2037 2193 per

1191 2202 1411 2239 suppositionem
1435 2201 1505 2231 falsi.

1272 2250 1297 2277 ἓ.
1318 2250 1356 2278 Ad
1386 2249 1456 2278 illud
1482 2249 1556 2286 quod
1582 2249 1744 2286 quaeritur,
1773 2252 1871 2278 utrum
1904 2249 2039 2278 meruerit

1191 2296 1271 2324 nobis
1285 2296 1458 2332 apertionem
1474 2295 1572 2324 ianuae
1587 2296 1706 2330 actione,
1722 2296 1765 2324 vel
1781 2296 1923 2332 passione3
1945 2296 2036 2325 dicen-

349 2488 356 2502 1
376 2488 415 2510 llic
433 2494 452 2510 e.
470 2487 491 2509 5.
509 2500 539 2503 —
551 2487 574 2509 ln
586 2487 646 2509 dicto
659 2487 757 2515 Magistri
771 2493 812 2518 pro
824 2486 918 2516 aperire
931 2486 1015 2515 valcell,
1030 2487 1093 2516 quod
1110 2490 1132 2509 et

285 2527 395 2555 originale
412 2526 517 2554 exhibet,
536 2527 609 2548 maior
620 2532 674 2554 pars
686 2526 753 2548 codd.
767 2532 808 2548 nec
821 2532 865 2548 non
878 2526 931 2548 edd.
944 2526 1038 2556 aperire
1050 2525 1132 2549 voluit.

348 2566 358 2580 2
375 2565 419 2588 Ct'r.
437 2566 473 2588 IV.
491 2566 552 2588 Sent.
571 2565 592 2587 d.
614 2565 646 2587 15.
666 2571 685 2587 a.
708 2565 724 2587 l.
743 2571 764 2594 q.
783 2566 798 2593 l,
817 2565 857 2587 ubi
874 2565 1002 2593 specialiter
1015 2565 1042 2587 de
1061 2565 1131 2587 limbo

286 2608 393 2628 tractatur
411 2607 432 2627 et
448 2606 471 2627 in
497 2605 652 2627 testimonium
677 2605 726 2626 cius
752 2611 779 2626 ex
796 2607 840 2627 vet.
864 2604 924 2627 Test.
948 2605 1074 2627 afferuntur
1097 2605 1132 2626 illa

286 2644 358 2667 verba
381 2643 459 2672 iacob,
482 2644 537 2666 Gen.
562 2643 603 2671 37,
621 2643 661 2665 3:¹5:
683 2643 847 2665 «Descendam
868 2643 898 2665 ad
915 2643 987 2665 filium
1004 2649 1082 2665 meum
1101 2644 1133 2665 lu-

287 2690 343 2711 gens
360 2684 381 2705 in
399 2684 544 2710 infernorum
564 2688 605 2704 nec
622 2688 667 2704 non
684 2682 720 2704 illa
737 2682 853 2709 eiusdem,
871 2682 926 2704 ibid.
946 2682 987 2709 42,
1007 2682 1047 2704 38:
1069 2682 1131 2704 «Dc-

286 2722 374 2744 ducctis
392 2728 460 2744 canos
477 2728 541 2744 meos
559 2727 612 2743 cum
629 2721 708 2743 dolore
726 2721 755 2743 ad
773 2721 887 2748 int'eros»;
905 2723 926 2743 et
943 2720 1014 2743 verba
1033 2721 1071 2743 lob
1093 2721 1131 2749 l7,

288 2761 327 2783 Ἰ13ε
346 2761 368 2783 Si
385 2762 522 2789 susUnuero,
540 2761 641 2782 internus
659 2760 742 2782 domus
760 2766 810 2782 mea
829 2763 869 2782 est.
888 2773 918 2775 —
931 2760 981 2782 Post
999 2766 1071 2788 pauca
1090 2766 1131 2787 pro

286 2800 361 2823 ianua
379 2800 446 2822 codd,
464 2801 481 2821 A
492 2800 511 2821 K
526 2800 605 2829 porta.

349 2838 359 2853 ³
376 2839 422 2860 Gal.
441 2839 462 2866 2,
480 2839 517 2860 21.
535 2838 579 2861 Csr.
598 2844 668 2866 supra
686 2844 739 2866 pag.
758 2838 794 2866 66,
813 2841 865 2860 nota
883 2838 904 2860 7.

350 2876 358 2891 ⁴
377 2877 408 2899 De
426 2878 517 2899 Heuoeh
535 2877 589 2899 vide
606 2877 671 2899 Eccli.
692 2876 732 2904 Μ,
755 2877 787 2899 16.
805 2876 849 2899 cfr.
867 2877 922 2899 Gen.
942 2877 962 2899 5.
981 2876 1132 2904 <24‚etueh1·.

289 2916 329 2943 11,
347 2915 367 2937 5.
387 2916 418 2937 De
436 2916 481 2937 Elia
498 2916 552 2938 vide
578 2916 612 2938 lV.
640 2916 695 2943 Reg.
722 2916 742 2943 2,
766 2916 802 2943 ll;
829 2916 894 2937 Eccli.
922 2915 963 2942 48,
981 2916 1002 2937 9.
1020 2919 1042 2938 et
1063 2916 1098 2943 13;
1119 2916 1132 2937 l.

288 2954 358 2975 Mach.
377 2954 397 2981 2,
415 2954 451 2975 58.
469 2966 500 2970 —
518 2955 586 2976 Paulo
603 2955 696 2976 interius
715 2961 756 2982 pro
774 2954 801 2976 de
817 2960 856 2981 eo,
880 2954 944 2983 quod
966 2954 1050 2977 habent
1071 2954 1132 2982 cdd,

289 2991 355 3013 codd.
374 2991 400 3014 lle
418 2998 445 3014 ea
462 2991 616 3021 [clausurffl]⁷
637 2993 703 3015 codd.
722 2994 739 3014 Α
750 2993 769 3014 K
787 2992 814 3015 (Ie
832 2992 880 3016 illa.

1254 2486 1264 2500 ⁵
1281 2487 1385 2514 Magister
1402 2486 1438 2508 hic
1455 2486 1476 2508 in
1495 2486 1525 2508 lit.
1543 2491 1562 2507 c.
1581 2485 1607 2507 4:
1626 2485 1667 2507 Per
1681 2486 1813 2513 passionem
1832 2486 1862 2507 nil
1885 2485 1927 2508 sibi
1945 2486 2029 2508 meruit

1191 2525 1254 2554 quod
1272 2531 1316 2547 non
1334 2527 1384 2547 ante
1403 2531 1444 2553 per
1461 2525 1557 2547 virtutes
1574 2525 1665 2547 meruit.

1254 2564 1264 2578 ⁶
1279 2564 1332 2586 Luc.
1351 2563 1387 2591 24,
1406 2564 1445 2586 26:
1464 2563 1542 2585 Nonne
1560 2564 1615 2585 hacc
1633 2564 1734 2591 oportuit
1751 2564 1796 2591 pati
1815 2562 1930 2585 Christum
1949 2566 1990 2586 etc.
2008 2575 2040 2580 —

1191 2602 1222 2624 Dc
1239 2602 1327 2625 maiori
1343 2602 1383 2624 cfr.
1401 2608 1471 2630 supra
1488 2608 1542 2630 pag.
1561 2602 1612 2630 387,
1632 2604 1683 2624 nota
1703 2602 1724 2624 3.

1253 2641 1262 2655 ⁷
1280 2641 1412 2663 Secundum
1429 2641 1532 2669 August,
1551 2641 1587 2662 Xl.
1606 2641 1635 2663 de
1652 2641 1707 2663 Gen.
1725 2640 1755 2662 ad
1772 2641 1802 2663 lit.
1815 2646 1834 2663 c.
1854 2640 1890 2662 40.
1908 2647 1929 2662 n.
1943 2640 1979 2662 55.
1992 2640 2038 2663 Csr.

1192 2680 1214 2702 11.
1233 2680 1261 2702 de
1278 2681 1333 2702 Gen.
1352 2683 1429 2702 contra
1448 2680 1542 2702 Manieh.
1561 2686 1579 2702 c.
1598 2680 1634 2701 22.
1653 2686 1673 2701 n.
1693 2679 1801 2701 34.-Ιιι
1815 2679 1972 2707 propositione
1989 2685 2038 2707 seq.

1191 2720 1311 2747 respicitur
1328 2719 1384 2741 illud
1402 2719 1415 2741 l.
1434 2718 1484 2741 Cor.
1503 2719 1539 2747 13,
1559 2719 1598 2740 112ε
1618 2718 1751 2741 Videmus...
1771 2721 1823 2740 tunc
1842 2720 1919 2740 autem
1936 2718 1993 2740 faeie
2010 2717 2040 2739 ad

1191 2759 1279 2781 faciem.
1296 2771 1327 2775 —-
1343 2759 1365 2780 In
1384 2758 1464 2780 eadem
1483 2759 1638 2786 propositione
1656 2763 1698 2785 pro
1715 2757 1850 2780 decreverat
1861 2756 1914 2779 edd.
1932 2756 2040 2778 exhibent

1190 2797 1401 2825 determinaverat,
1421 2800 1442 2819 et
1459 2803 1501 2825 pro
1517 2796 1639 2819 admittere
1657 2796 1707 2819 cod.
1726 2796 1746 2818 X
1766 2795 1850 2819 venire.

1256 2835 1266 2850 ⁸
1283 2836 1327 2859 Ctr.
1347 2837 1382 2858 1V.
1401 2837 1461 2858 Sent.
1480 2836 1501 2858 d.
1520 2835 1555 2858 49.
1574 2842 1596 2864 p.
1610 2836 1623 2858 l.
1637 2841 1659 2864 q.
1677 2835 1703 2863 5,
1722 2835 1761 2857 ubi
1774 2835 1795 2856 in
1808 2835 1874 2856 solut.
1888 2833 1917 2856 ad
1934 2833 1950 2855 l.
1969 2834 2037 2855 etiam

1191 2876 1323 2904 explicatur,
1341 2876 1405 2904 quod
1422 2882 1489 2898 sensu
1507 2874 1564 2898 visio
1583 2875 1621 2897 Dei
1641 2877 1737 2896 vocetur
1755 2874 1803 2895 tota
1821 2878 1917 2895 merces.

1253 2915 1262 2929 ⁴³
1281 2915 1333 2937 Dist.
1356 2915 1388 2937 19.
1407 2921 1426 2936 a.
1449 2915 1465 2936 1.
1484 2921 1505 2943 (1.
1525 2915 1544 2936 rl.
1562 2920 1629 2942 seqq.
1645 2916 1666 2935 et
1685 2913 1706 2934 d.
1725 2912 1761 2934 20.
1780 2918 1802 2940 q.
1820 2911 1841 2933 ὅ.

1255 2953 1273 2967 ¹0
1291 2954 1331 2976 Hic
1349 2959 1367 2975 c.
1386 2954 1406 2975 5.
1426 2953 1483 2976 Vide
1502 2953 1602 2975 tundam.
1616 2953 1636 2974 2.
1649 2964 1679 2967 —
1691 2950 1793 2973 Subinde
1806 2956 1848 2977 pro
1861 2949 1957 2973 incincta
1969 2950 2039 2972 codd.

1193 2993 1209 3014 U
1220 2993 1240 3015 X
1257 2992 1421 3021 praeimlncta.
