2166 3366
746 155 828 183 DIST.
851 155 961 184 XXXIX.
983 155 1055 183 ART.
1078 156 1106 183 ll.
1129 156 1263 192 QUAEST.
1287 156 1315 184 ll.

240 231 310 260 Illud
335 239 401 261 vero
428 232 617 261 iuramentum
639 233 669 261 fit
690 240 740 269 per
762 232 850 269 ipsius
871 232 1002 261 Veritatis

53 284 120 303 Modus
132 284 149 302 2-
161 278 317 307 testimonii
336 279 562 312 invocationem,
588 279 701 316 quando
728 279 830 316 aliquis
852 280 925 308 iurat
952 287 1002 316 per

159 325 280 362 aliquem
302 325 335 354 ad
359 326 545 354 invocandum
568 325 647 354 illum
669 326 696 354 in
720 329 826 354 testem.
846 326 936 354 Potest
956 334 1002 354 au-

43 376 147 418 Duplicitgr
159 374 214 400 tem
236 375 366 400 creatura
388 371 537 408 dupliciter
564 372 694 400 advocari
709 372 716 385 ¹
747 372 772 400 in
795 372 1001 400 testimonium:

18 402 104 442 ῗέἶῖἷῗῦῗ
115 404 126 418 ³
139 409 148 414 ”
159 420 207 446 aut
227 418 387 446 secundum
401 426 444 451 se,
467 421 515 446 aut
530 418 556 446 in
572 422 708 455 quantum
725 422 766 447 est
783 418 937 456 vestigium
959 419 1003 447 Ve-

158 464 258 492 ritatis
279 464 405 492 divinae.
427 465 453 492 Si
474 465 634 492 sectandum
657 474 703 498 se,
726 465 777 494 hoc
792 465 875 493 modo
897 473 951 493 non
975 465 1002 493 li-

16 514 116 533 Conclusio
127 515 145 533 ²·
159 514 216 544 cet,
237 511 303 547 quia
324 510 362 539 sic
377 510 553 545 crederetur,
575 512 649 548 qnod
665 511 770 548 aliquid
793 512 916 540 numinis
930 515 1002 540 esset

159 556 185 584 in
207 564 255 591 ea,
276 557 382 585 ratione
403 557 484 586 cuius
506 557 608 586 veritas
629 557 693 586 dicti
722 558 808 595 possit
837 565 886 594 per
908 558 1002 586 huius-

159 602 232 630 modi
256 602 443 631 testimonium
470 602 637 631 confirmari.
660 603 787 632 Secundo
815 611 882 632 vero
902 604 1001 637 modo,

18 653 116 672 Conclusio
127 653 144 672 ³-
159 648 185 676 in
208 652 344 685 quantum
365 649 392 676 in
420 656 453 677 ea
474 649 580 677 relucet
609 649 761 687 vestigium
783 650 900 678 (livinae
927 650 1002 677 Veri-

159 695 244 728 tatis,
267 695 373 723 licitum
395 699 437 723 est
466 695 559 723 iurare
581 703 631 732 per
656 699 823 724 creaturam.
846 696 899 724 Hoc
927 696 1000 725 enim

157 741 226 769 nihil
248 741 325 770 aliud
347 744 389 769 est
412 749 498 778 quam
521 741 614 769 iurare
638 749 688 778 per
712 750 776 770 eum
809 742 856 778 qui
879 743 906 770 in
928 749 1002 770 crea-

157 791 221 816 tura
235 788 358 822 relucet;
379 790 406 816 et
422 791 487 816 tunc
508 796 562 816 non
577 791 727 817 veneratur
742 788 804 825 quis
826 792 984 817 creaturam
994 810 1001 822 ‚

157 833 206 862 sed
227 833 395 862 Creatorem.
423 834 500 862 Unde
528 835 600 863 sicut
626 834 751 869 «honor,
780 833 828 871 qui
849 834 1001 863 exhibetur

157 880 286 916 imagini,
308 880 429 909 refertur
450 880 484 909 ad
506 884 728 918 prototypum»,
750 881 776 909 id
799 881 889 910 estad
908 888 1002 909 exem-

156 926 218 963 plar
233 926 368 964 primum,
385 927 456 956 sicut
475 927 541 956 dicit
556 927 744 956 Damascenns
755 928 777 961 ἢ
799 927 836 955 ita
851 928 903 955 hoc
918 927 1001 955 modo

156 973 258 1002 iuratio
276 973 347 1002 sacta
361 981 412 1010 per
427 976 584 1002 creaturam
600 973 722 1001 refertur
736 973 771 1002 ad
788 974 911 1010 ipsarum
927 981 1002 1002 crea-

157 1023 287 1048 turarum
315 1023 467 1048 auctorem.
491 1019 522 1047 Et
549 1019 602 1047 hoc
622 1022 664 1047 est
684 1019 757 1055 quod
788 1019 890 1048 dicitur
911 1019 1001 1048 Causa

156 1066 290 1104 vigesima
311 1066 449 1099 secunda,
478 1066 638 1103 quaestione
667 1066 798 1103 prima³:
823 1066 1000 1095 «Sciendum

156 1117 213 1147 est,
235 1113 309 1150 quod
331 1113 421 1141 Sancti
444 1120 498 1141 non
528 1116 584 1141 tam
605 1120 655 1149 per
680 1116 825 1141 creaturas
845 1121 929 1150 quam
951 1121 1001 1149 per

157 1163 352 1189 creaturarum
380 1162 523 1188 auctorem
552 1159 699 1194 iurabant,
726 1168 776 1189 nec
806 1160 833 1188 in
864 1161 1001 1189 creaturis

157 1206 234 1235 aliud
255 1213 340 1243 quam
362 1206 487 1243 ipsarum
508 1206 667 1234 Creatorem
689 1206 915 1240 venerabantur,
930 1206 1003 1235 sicut

157 1252 271 1289 loseph,
292 1252 340 1289 qui
361 1259 412 1288 per
433 1252 604 1280 Pharaonem
625 1251 744 1280 iurando
772 1252 825 1281 hoc
857 1253 884 1280 in
905 1260 937 1281 eo
959 1260 1003 1281 ve-

159 1298 326 1333 nerabatur,
341 1298 416 1335 quod
431 1298 480 1327 Dei
497 1298 599 1327 iudicio
613 1298 721 1335 positus
735 1302 796 1327 erat
817 1299 844 1327 in
860 1299 963 1327 infimis
973 1309 1001 1326 ».

160 1345 190 1374 Et
204 1344 335 1382 quoniam
352 1345 378 1373 in
393 1345 467 1373 omni
483 1348 613 1373 creatura
628 1345 680 1373 isto
697 1345 778 1373 modo
793 1344 900 1374 relucet
914 1345 1001 1380 Deus,

17 1397 116 1417 Conclusio
126 1397 144 1416 ι.
158 1399 208 1429 per
229 1399 338 1420 omnem
369 1394 526 1419 creaturam
552 1391 626 1420 licite
647 1394 737 1428 potest
758 1391 817 1420 fieri
840 1392 892 1420 hoc
918 1392 1002 1420 modo

159 1439 347 1467 iuramentum
360 1438 379 1465 ⁴.
401 1438 472 1474 Quia
486 1445 553 1466 vero
569 1437 760 1474 principaliter
776 1437 882 1466 relucet
896 1438 924 1466 in
939 1439 1002 1466 San-

159 1484 224 1518 ctis,
245 1488 272 1512 et
300 1484 423 1512 maxime
451 1484 477 1512 in
506 1483 600 1512 verbis
627 1483 802 1521 evangelicae
830 1484 923 1521 Legis,
952 1492 1002 1521 per

159 1538 230 1568 quae
252 1530 347 1558 divina
361 1530 441 1558 nobis
460 1530 568 1559 Veritas
584 1529 695 1564 illuxit;
711 1530 775 1558 hinc
789 1533 846 1564 est,
861 1530 937 1567 quod
952 1538 1001 1567 per

159 1578 287 1611 Sanctos,
302 1581 329 1605 et
344 1577 466 1605 maxime
481 1584 530 1613 per
547 1576 690 1612 Evangelia
713 1577 858 1605 consuevit
876 1576 1003 1613 frequen-

159 1625 211 1653 tari
233 1624 323 1652 forma
344 1624 505 1656 iurationis,
520 1631 576 1660 qua
591 1623 703 1660 quidem
727 1623 837 1653 iuratur
859 1631 909 1660 per
929 1631 1004 1652 crea-

159 1675 261 1700 turam.
282 1686 322 1691 -—
341 1670 555 1699 Concedendum
577 1673 618 1698 est
639 1670 740 1706 igitur,
761 1670 835 1707 quod
859 1678 909 1706 per
930 1678 1000 1699 crea·

160 1720 250 1746 turam
284 1717 390 1745 licitum
421 1719 463 1745 est
494 1716 603 1750 iurare,
632 1716 690 1745 sive
719 1716 914 1753 imprecando,
945 1717 1003 1746 sive

159 1764 318 1792 Creatorem
338 1763 399 1792 eius
417 1763 444 1791 in
461 1762 649 1791 testimonium
665 1762 828 1791 invocando.
846 1763 875 1792 Et
889 1763 929 1792 sic
943 1771 1004 1800 pro-

159 1810 262 1839 cedunt
283 1809 404 1838 rationes
424 1808 460 1837 ad
482 1809 553 1837 hanc
574 1812 681 1845 partem
702 1809 832 1838 inductae
843 1810 861 1837 ⁵.

241 1857 265 1884 1.
287 1855 326 1884 Ad
348 1855 417 1884 illud
443 1863 510 1892 ergo
531 1855 605 1892 quod
627 1855 718 1892 primo
740 1855 870 1885 obiicitur
892 1856 920 1885 in
942 1864 1004 1885 con-

31 1909 104 1936 Sotmio
116 1903 296 1936 oia-narium,
317 1902 392 1939 quod
414 1902 549 1930 Dominus
577 1901 707 1938 prohibet
735 1901 924 1931 iuramentum
952 1911 1003 1940 per

33 1934 141 1956 mmmm
161 1953 321 1984 creaturas,
342 1951 370 1977 et
394 1948 490 1977 Glossa
517 1948 599 1982 dicit,
627 1948 697 1977 illud
725 1948 914 1977 iuramentum
942 1957 1003 1978 esse

161 1994 402 2032 superstitiosum;
424 1994 590 2029 dicendum,
611 1994 686 2031 quod
707 1994 760 2023 hoc
773 1994 950 2032 intelligitur,
965 2002 1004 2024 se-

160 2041 285 2071 cundum
306 2041 381 2078 quod
404 2041 480 2077 ipsae
501 2044 645 2069 creaturae
666 2041 821 2069 secundum
838 2049 867 2070 se
882 2041 1004 2070 conside-

161 2092 238 2117 ratae
260 2087 286 2116 in
316 2087 440 2116 veritatis
469 2086 658 2115 testimonium
685 2087 868 2122 invocantur3
896 2090 924 2116 et
951 2088 1004 2116 hoc

161 2134 244 2162 modo
265 2137 306 2162 est
327 2133 364 2162 ibi
386 2133 562 2170 superstitio,
584 2133 650 2170 quia
677 2133 717 2162 eis
745 2134 902 2162 reverentia
928 2134 1004 2163 ultra

161 2180 286 2210 debitum
308 2179 468 2208 exhibetur.
492 2179 521 2208 Et
533 2182 669 2216 quantum
691 2179 727 2208 ad
748 2180 800 2208 hoc
822 2180 936 2217 intelligi
958 2181 1005 2209 ha-

162 2227 230 2256 bet⁶
252 2227 348 2255 Glossa
369 2229 396 2255 et
418 2228 521 2255 textus.

241 2274 267 2301 2.
290 2273 328 2301 Ad
358 2272 426 2301 illud
455 2273 529 2309 quod
558 2272 688 2301 obiicitur
716 2273 751 2301 de
777 2272 942 2301 auctoritate
967 2272 1004 2300 Pii

163 2321 266 2357 Papae,
288 2319 454 2353 dicendum,
476 2319 551 2356 quod
573 2327 660 2347 canon
684 2319 806 2355 loquitur
828 2321 924 2346 contra
944 2318 1006 2347 illos

163 2366 210 2403 qui
232 2365 398 2399 credebant,
420 2365 508 2394 Deum
531 2365 686 2393 secundum
708 2364 879 2392 divinitatem
902 2363 1006 2392 hahere

227 2483 233 2496 ¹
252 2482 306 2505 Cod.
325 2483 342 2503 C
361 2480 474 2504 nit-ocari.
493 2481 586 2503 lutei-ius
604 2486 646 2508 pro
663 2480 768 2503 miminis
785 2480 838 2503 edd.
856 2480 970 2503 (licinum.

226 2522 235 2535 ἵ
254 2521 314 2543 Ltln.
333 2521 368 2542 lV.
386 2520 414 2542 de
439 2519 493 2542 Fide
518 2519 607 2541 orthod.
635 2526 653 2541 c.
680 2520 712 2541 16.
731 2519 774 2541 cfr.
793 2525 862 2546 supra
881 2525 933 2547 pag.
952 2519 1009 2547 202,

164 2564 213 2583 nota
232 2561 252 2582 2.
271 2573 300 2576 ——
319 2561 367 2582 Mox
385 2565 426 2586 pro
443 2559 566 2582 auctorem
583 2558 650 2581 codd.
673 2557 777 2580 scribunt
794 2558 899 2580 actorem
910 2576 917 2585 ‚
942 2557 1009 2580 codd.

163 2601 181 2622 Α
193 2600 209 2622 U
218 2600 233 2621 Z
244 2599 275 2621 bl)
296 2599 436 2621 substituunt
453 2597 595 2621 Creatorem.

227 2638 236 2652 ³
253 2638 307 2659 «Ian.
326 2637 402 2660 More!
419 2638 446 2659 te.
465 2636 478 2664 ζ]
497 2637 517 2658 2.
530 2635 577 2659 Sed
588 2635 719 2659 sciendum.
733 2637 775 2658 Pro
786 2634 943 2658 venerabatur
960 2635 1010 2657 cod.

183 2677 213 2699 bl)
231 2683 284 2699 cuin
309 2679 368 2698 textu
386 2676 490 2702 originali
510 2676 634 2697 venei-atus
652 2675 698 2702 cst,
718 2675 796 2702 plnres
813 2675 849 2696 alii
862 2674 928 2696 codd.
948 2680 1011 2697 reue-

166 2717 243 2738 rtitur.
262 2715 339 2737 Finem
358 2715 478 2737 testimonii
497 2714 603 2741 permulti
621 2713 688 2735 codd.
715 2717 822 2741 corrupte
847 2713 953 2736 exhibent
977 2714 1011 2735 liis

167 2754 244 2777 verbis
258 2753 409 2783 prnrpnsuus
425 2753 477 2775 ertit
494 2754 514 2775 rt
533 2752 629 2781 infimus
646 2752 722 2778 (aliast
740 2753 869 2780 lllempliis).

230 2792 238 2807 ⁴
258 2793 305 2814 lsai.
324 2792 366 2817 155,
389 2792 426 2813 lu:
444 2792 486 2819 Qui
505 2792 563 2812 iurat
581 2792 602 2812 in
629 2794 687 2812 terra
714 2790 796 2813 iurabit
814 2791 835 2812 in
853 2791 911 2812 Deo:
930 2791 1009 2813 Amen.

169 2843 197 2846 —-
214 2831 258 2853 (Jtr.
277 2831 312 2853 liic
331 2831 359 2852 lit.
379 2830 485 2857 Magistri,
505 2836 523 2851 (r.
541 2829 562 2851 ὅ.

231 2870 240 2884 ⁵
257 2869 329 2891 Codd.
348 2869 362 2891 1³
374 2869 388 2890 Ι.
400 2869 415 2890 U
428 2869 444 2890 V
455 2869 470 2889 Z
487 2867 609 2890 adductae.

230 2908 239 2922 ⁶
257 2908 311 2930 Cod.
329 2909 346 2929 C
363 2908 444 2936 pult-sl,
465 2907 515 2928 rod.
535 2907 551 2928 l<
571 2907 667 2935 oportet.

1845 159 1896 187 871

1059 236 1143 270 caput
1163 237 1191 262 et
1211 233 1326 270 capillos
1340 250 1378 254 —
1392 237 1419 262 et
1441 234 1509 263 tales
1530 238 1609 263 erant
1630 234 1784 272 blasphemi
1800 252 1839 255 —-
1853 239 1900 264 aut

1059 282 1134 307 certe
1154 282 1250 307 contra
1265 279 1326 308 illos
1341 280 1387 316 qui
1404 280 1591 309 irreverenter
1612 281 1756 310 nominant
1776 282 1900 310 membra

1059 324 1160 353 Christi
1182 328 1209 353 et
1230 326 1351 362 quodam
1376 326 1516 363 exquisito
1541 327 1623 355 modo
1645 327 1754 355 iurandi
1771 328 1900 356 dividunt

1059 370 1151 407 ipsum
1180 371 1259 407 quasi
1289 372 1485 405 membratim3
1514 372 1561 409 qui
1590 372 1671 402 valde
1700 373 1900 402 rationabiliter

1058 420 1124 444 sunt
1143 417 1288 453 arguendi.

1138 463 1163 491 3.
1186 463 1224 491 Ad
1247 463 1314 492 illud
1338 464 1412 500 quod
1428 465 1574 499 obiicitur,
1596 466 1670 502 quod
1693 467 1740 503 qui
1763 467 1835 495 iurat
1851 474 1901 504 per

1059 509 1164 546 aliquid
1195 509 1303 538 invocat
1334 511 1425 546 ipsum
1455 511 1481 539 in
1505 512 1712 547 testimonium3
1734 513 1899 547 dicendum,

1058 556 1133 592 quod
1155 556 1224 584 illud
1246 564 1299 584 non
1321 560 1363 584 est
1383 564 1494 593 semper
1515 565 1629 592 verum,
1652 559 1737 587 immo
1751 559 1901 596 aliquando

1058 602 1168 631 invocat
1187 602 1280 639 ipsum
1296 603 1322 630 in
1339 603 1545 638 testimonium,
1566 604 1717 642 aliquando
1738 614 1792 634 non
1808 607 1899 643 ipsum

1059 649 1186 682 invocat,
1209 649 1257 677 sed
1279 649 1348 677 illud
1366 650 1485 686 potius⁷,
1500 651 1534 679 ad
1556 652 1631 688 quod
1646 652 1738 689 ipsum
1761 653 1900 687 refertur;

1058 695 1102 723 vel
1123 695 1206 723 etiam
1228 695 1332 732 obligat
1352 699 1379 724 et
1403 696 1457 725 Deo
1482 698 1654 734 oppignerat.
1676 699 1707 727 Et
1729 699 1772 727 his
1796 700 1900 732 modis,

1057 749 1111 769 non
1133 742 1311 778 praemissis,
1334 742 1439 770 licitum
1461 747 1502 771 est
1516 747 1543 772 et
1557 752 1719 773 concessum
1742 746 1836 775 iurare
1850 755 1901 784 per

1058 787 1247 816 irrationalem
1270 791 1437 816 creaturam.

1137 833 1163 861 [ι.
1187 833 1225 862 Ad
1247 833 1316 862 illud
1333 835 1408 871 quod
1423 835 1568 871 obiicitur,
1589 838 1663 874 quod
1685 839 1732 875 qui
1755 839 1829 867 iurat
1850 847 1900 877 per

1058 879 1164 908 idolum
1186 884 1338 908 veneratur
1353 881 1465 918 ipsum;
1486 882 1653 918 dicendum,
1673 885 1747 921 quod
1770 886 1821 915 hoc
1845 890 1899 920 est,

1058 926 1123 962 quia
1145 926 1190 954 ille
1211 926 1258 963 qui
1281 927 1355 955 iurat
1376 936 1426 964 per
1448 928 1570 964 idolum,
1591 930 1699 959 invocat
1715 932 1806 968 ipsum
1823 933 1849 960 in
1864 937 1901 961 te-

1058 972 1218 1001 stimonium
1236 977 1370 1010 tanquam
1385 974 1489 1008 Deum;
1505 979 1531 1004 et
1547 980 1694 1013 propterea
1708 981 1750 1006 est
1765 978 1801 1006 ibi
1818 979 1901 1007 idolo-

1058 1019 1154 1047 latriae
1176 1023 1330 1056 peccatum.
1351 1020 1410 1048 Non
1430 1021 1470 1049 sic
1491 1025 1585 1050 autem
1606 1026 1663 1057 est,
1686 1024 1798 1060 quando
1827 1025 1901 1053 iurat

1057 1073 1108 1102 per
1129 1065 1198 1094 alias
1219 1069 1378 1100 creaturas,
1400 1066 1466 1103 quia
1487 1067 1676 1096 iuramentum
1693 1069 1762 1098 illud
1777 1070 1900 1099 refertur

1058 1115 1146 1140 totum
1168 1112 1203 1140 ad
1226 1112 1375 1141 Veritatem
1397 1117 1547 1142 aeternam.

1136 1159 1175 1187 Ad
1197 1159 1267 1188 illud
1295 1167 1362 1188 vero
1383 1160 1457 1196 quod
1479 1160 1598 1189 ulterius
1619 1162 1784 1198 quaeritur;
1813 1171 1901 1200 quare
1913 1167 2030 1210 fdiffigsss

1058 1205 1147 1242 magis
1178 1205 1289 1234 iuratur
1315 1214 1366 1243 per
1389 1207 1535 1243 Evangelia
1554 1215 1638 1244 quam
1660 1216 1711 1245 per
1731 1209 1800 1238 alias
1827 1217 1901 1238 crea·
1914 1206 1957 1234 ‹dm-

1060 1255 1156 1286 turas3
1178 1252 1232 1280 iam
1254 1256 1329 1289 patet
1350 1253 1494 1290 responsio
1514 1261 1565 1290 per
1585 1261 1618 1282 ea
1639 1263 1711 1292 quae
1733 1256 1806 1284 dicta
1826 1259 1900 1284 sunt.

1058 1298 1135 1327 Sicut
1155 1299 1228 1327 enim
1249 1307 1361 1328 crucem
1384 1299 1484 1329 Christi
1511 1301 1600 1337 magis
1628 1309 1811 1336 veneramur,
1839 1310 1902 1339 pro-

1058 1348 1120 1381 pter
1141 1345 1193 1373 hoc
1214 1345 1289 1381 quod
1312 1345 1399 1382 magis
1421 1346 1541 1375 refertur
1555 1346 1590 1374 ad
1606 1347 1697 1383 ipsum
1713 1347 1897 1383 Crucifixum;

1057 1394 1085 1419 et
1105 1391 1234 1426 Sanctos,
1263 1392 1329 1429 quia
1355 1392 1477 1429 quadam
1507 1393 1604 1422 maiori
1633 1395 1840 1431 propinquitate
1870 1402 1900 1424 se

1059 1437 1161 1466 habent
1182 1438 1216 1466 ad
1238 1438 1363 1467 Deums:
1393 1439 1431 1467 sic
1459 1439 1542 1467 etiam
1570 1440 1779 1477 intelligendum
1802 1445 1844 1470 est
1873 1441 1900 1470 in

1058 1483 1126 1520 ipsis
1148 1484 1317 1521 Evangeliis‚
1348 1493 1420 1522 qnae
1441 1485 1545 1515 directe
1566 1489 1593 1515 et
1613 1486 1772 1516 immediate
1793 1487 1901 1516 ducunt

1058 1530 1086 1558 in
1107 1530 1196 1566 ipsam
1217 1534 1358 1560 aeternam
1381 1532 1540 1561 Veritatem.
1561 1548 1601 1553 —
1621 1533 1652 1561 Et
1671 1533 1700 1561 si
1713 1537 1745 1561 tu
1759 1533 1899 1568 obiicias,

1059 1576 1134 1613 quod
1157 1576 1219 1605 licet
1239 1581 1368 1606 creatura
1389 1578 1473 1607 ducat
1487 1579 1514 1607 in
1534 1579 1709 1614 Creatorem,
1732 1583 1823 1608 tamen
1838 1588 1900 1617 pro-

1059 1625 1121 1658 pter
1142 1623 1194 1651 hoc
1215 1631 1268 1651 non
1290 1623 1430 1660 quaelibet
1457 1629 1587 1653 creatura
1607 1629 1649 1654 est
1670 1626 1829 1661 adoranda,
1851 1626 1899 1655 sed

1059 1668 1108 1696 illa
1128 1668 1202 1703 sola,
1224 1677 1295 1706 quae
1315 1673 1357 1698 est
1371 1671 1405 1699 ad
1422 1671 1473 1699 hoc
1489 1670 1629 1706 instituta,
1645 1672 1716 1701 sicut
1731 1672 1822 1709 imago
1836 1672 1902 1701 Cru-

1059 1715 1135 1743 cifixi
1147 1726 1154 1749 3
1176 1715 1343 1750 dicendum,
1374 1717 1449 1754 quod
1470 1725 1525 1746 non
1547 1721 1588 1747 est
1609 1718 1716 1747 simile:
1738 1719 1804 1756 quia
1824 1718 2028 1747 exhi-Notandum·

1059 1761 1127 1790 bitio
1154 1762 1267 1791 honoris
1288 1763 1335 1791 et⁰
1363 1763 1455 1792 cultus
1476 1763 1574 1793 latriae
1595 1765 1707 1801 respicit
1727 1764 1798 1794 illud
1825 1765 1901 1802 quod

1060 1808 1230 1843 honoratur,
1251 1809 1406 1838 secundum
1427 1810 1499 1839 illud
1513 1811 1588 1847 quod
1609 1814 1651 1840 est
1671 1811 1699 1839 in
1720 1819 1753 1840 eo
1774 1811 1899 1848 dignissi-

1060 1862 1154 1889 mum,
1176 1859 1203 1883 et
1223 1855 1276 1884 hoc
1296 1859 1338 1884 est
1358 1856 1505 1893 proprium
1527 1860 1554 1885 et
1575 1857 1734 1894 singulare3
1757 1858 1804 1887 sed
1827 1858 1902 1887 invo-

1059 1901 1130 1929 catio
1152 1901 1179 1929 in
1200 1901 1353 1931 assertione
1374 1903 1486 1940 respicit
1508 1903 1595 1940 ipsius
1616 1903 1747 1932 Veritatis
1775 1904 1902 1933 infallibi-

1060 1946 1166 1975 litatem
1186 1951 1212 1976 et
1235 1948 1472 1983 luminositatem;
1493 1952 1520 1978 et
1542 1949 1609 1979 haec
1631 1950 1659 1978 in
1684 1950 1801 1988 singulis
1828 1958 1901 1979 crea-

1059 1994 1131 2022 turis
1151 1994 1273 2029 relucet,
1295 1995 1343 2024 sed
1363 1996 1517 2024 secundum
1533 1996 1597 2033 plus
1611 2000 1638 2025 et
1654 1997 1754 2026 minus.
1769 1997 1833 2026 Ideo
1847 2005 1901 2026 non

1059 2043 1101 2069 est
1122 2040 1212 2069 simile
1233 2041 1297 2070 hinc
1318 2046 1344 2071 et
1365 2042 1437 2071 inde.

1137 2087 1176 2116 Ad
1199 2087 1267 2117 illud
1291 2089 1365 2125 quod
1387 2090 1550 2126 quaeritur,
1571 2093 1666 2118 utrum
1689 2090 1736 2119 ille
1757 2091 1804 2128 qui
1825 2090 1900 2119 iurat
1909 2101 2040 2125 Adquassst.2-

1060 2133 1162 2161 falsum
1184 2141 1234 2170 per
1256 2134 1392 2171 lapidem,
1414 2135 1449 2164 sit
1469 2136 1601 2172 periurus
1613 2146 1620 2170 ;
1640 2136 1804 2171 dicendum,
1825 2137 1900 2174 quod

1060 2178 1115 2212 sic,
1137 2179 1292 2208 secundum
1313 2181 1387 2217 quod
1414 2180 1480 2209 dicit
1499 2181 1687 2218 Augustinus:
1710 2182 1840 2218 quoniam
1860 2183 1900 2210 iu-

1061 2232 1126 2252 rans
1147 2232 1197 2261 per
1219 2225 1339 2261 lapidem
1360 2230 1409 2255 aut
1430 2227 1546 2255 intendit
1574 2228 1625 2263 ipsi
1654 2227 1749 2264 lapidi
1775 2235 1902 2257 reveren-

1061 2271 1126 2299 tiam
1148 2272 1298 2306 exhibere,
1319 2276 1368 2300 aut
1388 2273 1506 2301 auctori
1520 2273 1626 2310 lapidis.
1649 2274 1679 2302 Et
1700 2274 1721 2302 si
1738 2275 1789 2311 ipsi
1805 2274 1899 2311 lapidi

1062 2318 1186 2346 intendat
1211 2319 1393 2347 reverentiam
1416 2320 1566 2354 exhibere,
1588 2320 1736 2357 dupliciter
1756 2325 1851 2358 peccat
1862 2322 1898 2356 10;

1062 2364 1084 2392 si
1108 2372 1175 2392 vero
1196 2365 1314 2393 auctori
1329 2365 1442 2402 lapidis,
1464 2369 1529 2394 tunc
1550 2366 1656 2403 absque
1677 2367 1763 2396 dubio
1784 2368 1898 2404 peierat,

1128 2481 1138 2496 ⁷
1156 2482 1186 2504 lix
1203 2481 1270 2504 codd.
1287 2482 1329 2504 UZ
1346 2483 1506 2510 supplevimus
1527 2483 1624 2512 potius‚·
1648 2484 1712 2506 multi
1737 2483 1804 2506 codd.
1822 2484 1903 2507 substi-

1067 2523 1132 2543 tuunt
1147 2520 1188 2543 sed
1203 2522 1300 2550 propter
1311 2521 1443 2551 [proprict]
1454 2521 1528 2549 attach
1540 2522 1592 2544 edd.
1612 2523 1631 2550 l,
1647 2524 1659 2545 2
1672 2529 1724 2545 cnm
1738 2524 1819 2551 paucis
1835 2523 1902 2546 codd.

1067 2559 1146 2587 legunt
1162 2558 1291 2589 aliqnando
1309 2566 1363 2583 vero
1380 2559 1458 2589 ipsum
1475 2560 1579 2589 invocat,
1599 2561 1640 2584 sed
1654 2563 1752 2590 propter
1768 2561 1834 2585 illud.
1853 2563 1902 2585 Mox

1067 2603 1108 2624 pro
1125 2598 1146 2619 et
1163 2597 1210 2620 1)ιό
1227 2597 1278 2620 cod.
1297 2598 1313 2620 U
1331 2598 1394 2627 quod
1410 2598 1464 2621 Deo.
1482 2598 1584 2622 Subinde
1602 2606 1644 2627 pro
1656 2600 1685 2623 Et
1704 2599 1740 2623 his
1759 2600 1842 2629 modis,
1855 2607 1902 2624 ‘non

1067 2634 1146 2663 [codd.
1164 2636 1183 2658 K
1193 2636 1240 2658 ΜΟ
1257 2636 1333 2666 nime]
1350 2637 1486 2666 praemissis
1506 2638 1552 2660 Vat.
1568 2638 1607 2660 Ex
1619 2637 1654 2660 Itis
1666 2638 1742 2661 modis
1755 2638 1903 2668 praemissis.

1129 2673 1139 2688 ⁸
1155 2675 1200 2696 cn.
1217 2681 1285 2702 supra
1304 2675 1326 2698 d.
1352 2676 1373 2697 9.
1391 2683 1410 2697 a.
1433 2677 1450 2698 l.
1468 2683 1490 2705 q.
1516 2676 1537 2698 3.
1555 2682 1602 2705 seq.
1627 2689 1658 2693 —
1675 2677 1768 2700 Interius
1785 2677 1863 2700 verbis
1880 2677 1903 2700 t'n

1067 2712 1124 2741 ipsis
1141 2713 1276 2742 Evanqetits
1294 2714 1399 2741 permulti
1417 2715 1484 2737 codd.
1503 2715 1650 2742 praemittunt
1665 2716 1692 2737 et.

1129 2750 1138 2765 ⁹
1156 2752 1197 2773 1)ιό
1214 2752 1248 2779 et,
1268 2752 1330 2780 qnod
1348 2752 1400 2774 edd.
1417 2753 1534 2780 omittunt,
1552 2752 1602 2775 cod.
1621 2753 1641 2774 X
1659 2752 1701 2775 rel.

1131 2789 1148 2803 ¹⁰
1166 2790 1258 2812 Peccato
1270 2790 1316 2812 scil.
1330 2790 1468 2812 idololatriae
1485 2793 1506 2812 et
1523 2791 1624 2818 periurii.
1641 2790 1685 2812 Csr.
1704 2791 1739 2813 liic
1756 2791 1785 2813 tlt.
1798 2792 1904 2820 Magistri,

1067 2835 1087 2850 c.
1104 2829 1126 2850 7.
1144 2831 1165 2849 ct
1183 2829 1204 2856 S,
1222 2828 1260 2850 uhi
1278 2829 1345 2850 etiam
1364 2829 1434 2851 verba
1453 2830 1547 2856 August.
1565 2829 1698 2857 allegantur.
1712 2842 1741 2845 -
1759 2830 1906 2853 Athenienses

1069 2866 1175 2888 (licuntur
1192 2868 1339 2889 consuevisse
1364 2867 1392 2889 ad
1419 2867 1517 2894 lapidem
1544 2867 1659 2895 quendam
1677 2868 1801 2890 iuramenta
1820 2869 1904 2897 tacere,

1068 2906 1133 2927 entus
1151 2905 1322 2927 consuetudinis
1339 2906 1477 2928 mentionem
1495 2906 1546 2928 tacit
1564 2906 1738 2935 Demosthenes,
1751 2906 1810 2929 Orat.
1828 2908 1849 2929 in
1867 2908 1905 2929 Co-
