2166 3366
27 1147 131 1166 Conclusio.

27 1287 83 1306 Ratio
101 1287 134 1306 du-

38 1311 88 1335 plex.

16 2178 88 2197 solutio
100 2183 133 2202 op-

17 2203 124 2226 positorum.

4 2271 78 2298 Duplex
96 2272 132 2295 glo-

753 170 836 198 DIST.
859 170 947 198 xxxl.
970 170 1042 198 ART.
1065 170 1083 198 l.
1105 170 1241 207 QUAEST.
1264 171 1293 198 11.

144 248 333 278 communicat
355 248 458 277 homini
481 248 599 285 gratiam
615 252 641 277 et
656 248 813 279 caritatem,
835 248 990 277 secundum

144 296 220 333 quod
241 296 325 324 homo
345 299 387 324 est
408 295 560 332 dispositus
573 296 600 323 ¹:
624 295 750 329 videtur,
766 295 839 332 quod
858 295 990 324 maiorem

145 343 246 372 habeat
267 343 350 371 bomo
371 343 531 377 caritatem,
553 342 666 380 quando
687 346 756 377 stat,
778 351 862 379 quam
879 342 991 379 quando

145 390 282 426 resurgit:
305 398 372 426 ergo
400 390 527 424 videtur,
550 389 625 427 quod
659 397 712 418 non
735 389 821 426 possit
843 397 992 426 resurgere

145 436 171 465 in
193 436 308 465 caritate
330 436 449 473 aequali.

223 483 249 512 li.
275 483 351 517 ltem,
373 491 437 512 cum
453 484 488 512 sit
504 483 607 520 triplex
629 487 718 513 status
733 484 926 519 continentiae,
943 485 991 514 sci-

146 530 208 559 licet
240 531 399 567 virginalis,
431 530 553 559 vidualis
583 534 611 559 et
642 531 811 567 coniugalis,
844 531 947 560 cadens
976 540 992 560 a

144 577 235 615 primo
256 581 330 606 statu
352 585 495 614 nunquam
518 581 608 614 potest
628 578 664 606 ad
686 578 808 615 primum
831 582 934 607 statum
951 586 992 607 re-

145 624 296 661 surgere&
319 633 386 661 ergo
418 625 439 653 si
474 625 630 653 innocentia
662 625 836 662 baptismalis
857 629 898 655 est
919 627 991 655 sicut

143 670 311 699 continentia
334 671 492 708 virginalis,
516 671 643 705 videtur,
665 671 740 708 quod
763 673 865 701 cadens
887 672 922 701 ab
945 673 991 701 illo

143 721 217 747 statu
240 726 383 755 nunquam
407 718 508 755 poterit
539 718 565 746 in
594 719 703 756 aequali
738 727 901 756 resurgere:
924 728 991 757 ergo

144 773 196 793 non
219 769 308 802 potest
331 766 414 794 homo
437 773 584 802 resurgere
607 765 633 793 in
656 766 765 803 aequali
788 767 911 795 caritate.

459 867 672 889 CONCLUSIO.

211 952 354 981 Possz'bile
375 957 433 987 est,
456 953 533 991 quod
554 952 638 982 homo
656 958 723 990 post
744 954 932 982 amissionem

245 999 384 1028 caritatis
406 1004 544 1037 resaryat
568 1000 597 1028 in
619 1000 738 1038 aequali
757 1001 890 1029 caritate.

223 1093 398 1122 Respoxnssoz
423 1094 586 1129 Dicendum,
618 1095 692 1131 quod
716 1095 845 1131 possibile
867 1098 923 1126 est,
946 1095 992 1124 lio-

146 1141 248 1170 minem
278 1142 304 1169 in
333 1141 441 1178 aequali
471 1142 585 1170 caritate
615 1150 778 1179 resurgere,
811 1142 882 1171 sicut
918 1151 992 1171 mou-

144 1188 226 1217 strari
242 1192 332 1225 potest
345 1189 559 1217 auctoritatibus
580 1192 607 1217 et
628 1189 766 1226 exemplis
788 1193 815 1218 et
836 1190 991 1218 rationibus

144 1235 291 1272 congruis,
323 1236 478 1264 secundum
511 1236 586 1273 quod
617 1238 643 1264 in
672 1236 859 1273 opponendo³
886 1240 990 1266 tactum

146 1282 206 1311 fuit.
221 1299 259 1302 —
274 1283 336 1311 Sive
351 1283 423 1311 euim
441 1283 583 1317 dicamus,
600 1284 781 1320 quantitatem
798 1284 902 1320 gratiae
919 1292 991 1312 men-

144 1330 235 1359 surari
259 1330 414 1359 secundum
438 1330 571 1359 (timinam
600 1330 786 1367 laryitatcm,
816 1331 874 1359 sive
896 1339 991 1360 secun-

144 1377 211 1406 dum
233 1377 421 1414 suscipientis
444 1377 645 1412 idoneitatem,
670 1381 744 1407 recte
760 1378 893 1415 contingit
916 1379 992 1407 intel-

144 1425 245 1461 ligere,
267 1425 340 1462 quod
368 1424 485 1459 caritas,
509 1425 534 1452 in
557 1433 612 1462 qua
641 1425 704 1462 quis
736 1425 872 1461 resurgit,
903 1429 992 1462 potest

143 1479 204 1500 esse
224 1471 349 1507 aequalis
372 1471 409 1499 illi
433 1471 557 1505 caritati,
578 1479 594 1499 a
615 1480 671 1508 qua
694 1472 773 1508 prius
794 1471 901 1500 cecidit.
923 1471 990 1500 Nam

144 1526 179 1546 ex
203 1522 281 1555 parte
314 1517 431 1546 divinae
464 1517 614 1555 taryitatis
646 1518 762 1555 planum
791 1522 840 1547 est.
864 1519 901 1547 Ad
931 1519 991 1548 eius

144 1565 217 1593 enim
240 1564 509 1602 commendationem
533 1568 653 1601 spectat,
677 1569 707 1593 ut
729 1573 782 1593 non
807 1565 899 1594 minus
914 1565 991 1603 larga

144 1612 216 1641 dona
239 1612 344 1640 tribuat
377 1611 497 1645 liomini,
519 1620 603 1649 quam
626 1616 689 1640 ante
712 1612 868 1646 tribuebat,
897 1621 992 1642 secun-

144 1658 211 1687 dum
234 1658 308 1695 quod
325 1658 391 1686 dicit
413 1658 618 1694 AugusUnus‘,
648 1658 699 1687 nisi
730 1658 885 1695 ineptitudo
907 1659 992 1687 susci-

144 1705 243 1741 pientis
260 1704 400 1741 impediat.
413 1721 452 1724 —
466 1705 502 1732 Ex
527 1708 605 1741 parte
627 1712 693 1733 vero
715 1703 841 1733 hominis
855 1714 884 1733 se
899 1705 992 1742 dispo-

143 1752 237 1787 nentis
259 1752 326 1780 satis
343 1751 455 1788 planum
476 1754 537 1785 est;
553 1751 684 1788 possibile
700 1754 741 1780 est
756 1752 846 1785 enirn,
861 1756 892 1780 ut
909 1752 991 1780 homo

143 1802 205 1836 post
227 1802 370 1835 peccatum
393 1798 515 1835 amplius
541 1798 695 1827 detestetur
717 1798 821 1826 malum
845 1802 872 1827 et
892 1799 992 1827 ablior-

146 1849 205 1874 reat
226 1849 371 1882 pecratum
387 1853 470 1881 quam
488 1845 586 1882 prius3
605 1846 678 1874 sicut
694 1845 773 1874 multi
796 1845 921 1882 corrupti
936 1854 993 1874 am-

146 1892 219 1929 plius
241 1892 415 1920 detestantur
438 1896 582 1929 peccatum
605 1893 697 1921 carnis
719 1901 803 1930 quam
827 1892 923 1927 multi,
943 1893 990 1930 qui

147 1947 290 1976 nunquam
314 1939 429 1967 fuerunt
451 1939 622 1976 lapsi.—Et
644 1940 681 1968 sic
705 1939 905 1968 rationabiliter
928 1940 991 1976 poni

145 1990 234 2023 potest
254 1990 281 2014 et
303 1986 400 2019 debet,
423 1986 496 2023 quod
520 1986 660 2023 contingat
683 1986 822 2015 bominem
843 1994 991 2023 resurgere

146 2034 171 2062 in
193 2033 302 2070 aequali
327 2033 441 2061 caritate
455 2044 461 2066 ;
483 2037 510 2062 et
526 2034 662 2066 rationes,
677 2041 751 2070 quae
767 2034 818 2062 hoc
833 2034 992 2068 ostendunt,

145 2081 338 2109 concedendae
361 2083 433 2108 suut.

226 2128 250 2155 1.
272 2127 309 2155 Ad
333 2127 400 2155 illud
431 2127 506 2164 quod
536 2127 627 2164 primo
655 2127 801 2161 obiicitur,
827 2127 902 2164 quod
924 2135 993 2156 nun-

145 2182 229 2211 quam
253 2174 374 2210 resurgit
396 2174 475 2211 virgo
497 2182 546 2202 nec
569 2174 651 2203 habet
675 2178 777 2202 [alitam
794 2174 910 2211 gloriam
927 2181 991 2202 cum

144 2227 177 2249 eo
207 2221 255 2258 qui
288 2229 430 2257 uuumiam
463 2221 605 2257 peccavit3
641 2220 813 2255 dicendum,
844 2221 919 2258 quod
951 2224 993 2249 est

146 2268 232 2304 gloria
255 2268 391 2304 quaedam
414 2268 605 2296 accidentalis
627 2272 654 2297 et
675 2268 763 2305 gloria
784 2268 913 2305 praemii
929 2268 993 2296 sub-

145 2314 303 2342 stantialis.
325 2315 350 2342 Si
376 2315 524 2352 loquamur
546 2315 581 2343 de
613 2314 701 2351 gloria
732 2314 924 2347 accidentali,
954 2315 992 2343 sic

148 2362 242 2390 (nossa
266 2361 311 2389 illa
335 2361 417 2389 babet
440 2362 594 2390 veritatem.
624 2362 766 2398 Quaedam
799 2361 872 2389 enim
905 2361 993 2397 gloria

146 2411 202 2441 est,
225 2417 279 2445 qua
308 2408 371 2444 quis
402 2408 553 2445 gloriatur,
576 2416 604 2437 se
627 2416 770 2445 nimquam
794 2416 936 2444 peccasse,
966 2408 991 2435 in

146 2463 230 2492 quam
249 2463 300 2483 non
325 2455 425 2491 poterit
449 2463 595 2491 resurgere
611 2455 656 2492 qui
673 2455 824 2491 aliquando
839 2454 962 2491 peccavit
975 2455 992 2482 ⁵.

211 2656 215 2670 ¹
237 2656 301 2677 Mulli,
321 2656 359 2681 252,

146 2695 274 2717 sve-undum
294 2696 411 2722 proprium
430 2695 545 2716 virtutem.

211 2734 220 2748 ²
237 2735 375 2761 tti‹·1‹›=·yin.‚
395 2734 462 2761 lipia.
482 2734 517 2755 22.
535 2733 564 2755 nd
578 2734 682 2755 liustorli.
701 2740 722 2754 n.
741 2733 766 2755 li:
780 2733 837 2754 Cum
855 2734 930 2755 ummo
943 2740 992 2760 pos·

384 2655 419 2678 155:
442 2656 466 2677 lit
488 2656 525 2677 uui
543 2655 606 2677 dudit
627 2656 728 2684 quinqm·
748 2656 851 2678 talenta...
870 2656 992 2684 uuicuique

147 2774 175 2795 sit
193 2774 263 2799 Deus,
286 2774 395 2794 <nst-imin,—
419 2773 532 2799 xirgincin
556 2779 599 2794 mm
624 2775 697 2799 puli-<t
716 2776 765 2799 post
789 2772 886 2794 vinnam.
906 2784 932 2787 —
952 2772 992 2793 ΡΝ]

147 2811 179 2833 ml
194 2812 298 2840 prinlum
323 2812 373 2833 rod.
393 2812 408 2832 Κ
429 2811 461 2833 ml
476 2810 616 2839 pristinum,
636 2810 689 2832 odd.
713 2811 737 2837 l,
757 2811 768 2831 -2
787 2809 818 2832 ml
834 2809 923 2838 isteron,
944 2810 992 2831 Vnt.

147 2851 178 2873 ml
195 2851 270 2879 ipsum
289 2850 401 2879 primum.

209 2889 219 2903 ³
237 2891 287 2911 sril.
307 2891 327 2911 in
347 2890 506 2911 turnilann-ntis.

212 2929 220 2943 ⁴
238 2930 305 2956 lipist.
329 2929 375 2951 1553,
395 2930 463 2956 (nlius
481 2929 527 2955 lii.)
545 2936 564 2950 ι’.
584 2929 603 2950 3,
623 2935 643 2950 n.

150 2968 225 2994 gistri,
243 2968 264 2989 ιΙ,
284 2968 341 2989 MV.
359 2969 417 2989 vin-a
437 2968 512 2989 titivm.

663 2928 687 2954 7;
707 2928 758 2949 xidu·
777 2928 811 2949 tv.
826 2930 885 2950 st-m.
904 2928 932 2950 litv
952 2928 993 2949 Ma·-
1021 2899 1024 2993 1

1841 172 1896 200 677

1049 249 1073 277 Si
1098 249 1247 286 loquamur
1269 249 1303 277 de
1325 249 1413 286 gloria
1432 249 1563 286 praemii
1580 249 1803 283 substantialis,
1826 258 1897 287 quae

1049 296 1172 324 consistit
1188 296 1213 323 in
1231 296 1351 324 videndo
1372 300 1399 325 et
1420 296 1540 324 amando
1563 296 1667 331 Deum,
1686 305 1740 325 non
1758 297 1840 325 babet
1856 305 1898 326 ve-

1050 342 1173 376 ritatem;
1195 347 1221 371 et
1237 351 1321 380 penes
1338 343 1407 372 lianc
1426 344 1580 372 attenditur
1600 344 1740 381 quantitas
1762 344 1897 379 caritatis,

1049 397 1102 417 non
1125 397 1210 426 penes
1230 389 1322 417 aliam.
1347 390 1376 418 Et
1398 390 1459 419 ideo
1481 391 1551 419 ratio
1574 391 1620 419 illa
1642 399 1695 419 non
1717 392 1797 428 cogit.

1129 437 1154 464 ⁹2.
1177 436 1213 464 Ad
1238 436 1311 477 illud
1329 437 1403 473 quod
1426 437 1571 471 obiicitur,
1594 438 1668 475 quod
1693 439 1802 468 Levitae
1825 447 1898 468 rece-

1049 483 1146 512 dentes
1167 491 1183 511 a
1206 483 1322 512 Domino
1345 484 1428 520 inepti
1458 488 1537 512 erant
1565 485 1600 513 ad
1623 485 1786 522 dignitatem
1809 494 1897 515 sacer-

1049 529 1186 564 dotalem3
1208 530 1369 564 dicendum,
1391 531 1465 568 quod
1481 532 1674 560 sacerdotalis
1695 532 1825 570 diqnitas
1840 541 1895 562 non
1912 536 2026 556 Notaud'um·

1050 579 1158 604 tantum
1183 577 1295 613 respicit
1317 577 1518 605 rectitudinem
1542 578 1719 612 voluntatis,
1741 580 1789 608 sed
1812 580 1895 609 etiam

1050 623 1220 660 [liquitatem
1248 623 1402 651 exteriori-s
1434 624 1563 658 decoris,
1586 629 1700 663 propter
1722 635 1806 663 quam
1837 635 1898 656 con-

1050 670 1143 707 tingit,
1167 670 1307 699 bominem
1340 671 1423 699 etiam
1449 679 1503 699 non
1527 676 1685 709 peccantem
1709 673 1768 702 fieri
1792 674 1898 712 irregu-

1050 717 1136 745 larem
1148 717 1166 744 ⁶.
1190 717 1310 745 Caritas
1332 725 1398 746 vero
1413 718 1616 747 rectitudinem
1639 719 1797 748 uoluntatis
1812 722 1898 758 respi-

1049 764 1085 792 cit
1108 764 1219 801 proprie
1241 767 1267 792 et
1289 764 1422 801 praecise.
1453 765 1483 793 Et
1512 769 1660 802 propterea
1681 767 1751 795 ratio
1773 767 1820 796 illa
1842 776 1896 796 non

1050 811 1138 845 valet,
1161 811 1226 848 quia
1248 820 1302 840 non
1324 816 1366 841 est
1387 812 1477 841 simile
1500 813 1563 841 liinc
1586 813 1657 842 inde.

1129 857 1155 886 3.
1178 858 1215 887 Ad
1239 858 1307 887 illud
1331 859 1405 896 quod
1427 859 1573 894 obiicitur,
1593 861 1668 898 quod
1684 869 1827 898 nunquam
1845 862 1898 892 dis-

1049 904 1162 941 ponitur
1194 905 1277 933 bomo
1306 914 1355 942 per
1383 906 1500 943 gratiam
1524 906 1610 943 gratis
1631 907 1724 935 datam
1747 908 1819 937 sicut
1847 917 1897 945 per

1049 952 1166 987 gratiam
1189 956 1300 988 gratum
1323 952 1488 987 facientem3
1511 953 1678 989 dicendum,
1693 955 1767 991 quod
1784 955 1819 984 ad
1835 955 1896 989 hoc,

1049 999 1123 1036 quod
1156 999 1218 1036 quis
1251 1008 1279 1029 se
1311 1000 1455 1037 disponat,
1488 1000 1544 1029 duo
1576 1005 1763 1035 concurrunt,
1791 1002 2039 1053 Sssffioetpssffiigssedffi

1048 1046 1234 1075 adiutorium
1263 1047 1382 1084 yratiac
1403 1051 1429 1076 et
1451 1048 1616 1085 cooperatio
1639 1048 1724 1077 liberi
1743 1049 1867 1078 arbitrii
1877 1051 1894 1078 ⁷,
1904 1053 1990 1076 granam.

1049 1093 1199 1130 Loquendo
1220 1093 1254 1122 de
1286 1094 1481 1131 dispositione,
1512 1098 1649 1132 quantum
1678 1099 1720 1125 est
1751 1104 1787 1125 ex
1816 1101 1895 1134 parte

1049 1140 1137 1177 ipsius
1155 1141 1290 1177 qratiac,
1313 1142 1401 1178 magis
1433 1146 1475 1171 est
1505 1142 1657 1179 dispositus
1687 1143 1721 1172 ad
1747 1144 1897 1181 susceptio-

1049 1195 1110 1216 nem
1134 1188 1224 1216 omnis
1246 1188 1323 1221 boni,
1345 1189 1392 1226 qui
1414 1192 1456 1218 est
1477 1189 1505 1217 in
1527 1190 1616 1226 gratia
1637 1194 1747 1227 gratum
1770 1191 1895 1225 faciente,

1049 1242 1133 1271 quam
1156 1235 1203 1272 qui
1227 1234 1273 1263 illa
1295 1239 1379 1264 caret.
1402 1236 1452 1264 Sed
1479 1235 1617 1273 loquendo
1640 1236 1675 1265 de
1696 1237 1897 1274 cooperatione

1050 1281 1134 1310 liberi
1164 1282 1301 1316 arbitrii,
1325 1291 1377 1311 nou
1400 1291 1511 1320 semper
1533 1283 1616 1312 habet
1638 1284 1799 1319 veritatem,
1828 1285 1895 1322 quia

1049 1329 1075 1357 in
1098 1329 1216 1358 cadente
1237 1338 1252 1358 a
1281 1330 1395 1359 caritate
1418 1330 1537 1358 liberum
1560 1330 1708 1360 arbitrium
1731 1332 1838 1360 caritati
1869 1335 1896 1361 et

1050 1376 1154 1413 gratiae
1177 1384 1230 1404 non
1253 1381 1434 1413 cooperatur,
1458 1378 1542 1405 immo
1565 1377 1659 1414 potius
1680 1378 1848 1407 adversatur
1870 1383 1897 1408 et

1049 1423 1225 1452 adversando
1257 1424 1348 1460 potius
1370 1424 1491 1460 disponit
1512 1425 1547 1453 ad
1568 1425 1691 1454 caritatis
1713 1425 1895 1454 desectionem

1048 1479 1131 1507 quam
1154 1471 1188 1499 ad
1211 1471 1272 1499 eius
1294 1472 1497 1508 susceptionem
1510 1483 1517 1505 3
1539 1472 1588 1501 sed
1611 1472 1636 1500 in
1666 1476 1834 1510 resur-yeme
1855 1476 1896 1502 est

1049 1525 1064 1546 e
1086 1518 1240 1552 contrariO,
1263 1518 1334 1546 sicut
1354 1522 1436 1555 patet.
1455 1518 1484 1547 Et
1500 1519 1561 1547 ideo
1583 1519 1653 1548 ratio
1676 1519 1722 1548 illa
1744 1528 1797 1548 non
1814 1520 1895 1549 valet.

1129 1564 1155 1593 li.
1178 1565 1216 1593 Ad
1239 1565 1308 1593 illud
1341 1565 1415 1602 quod
1437 1565 1567 1594 obiicitur
1590 1566 1624 1595 de
1646 1567 1813 1595 continentia
1844 1567 1898 1595 vir-

1049 1611 1149 1648 ginali,
1172 1611 1337 1645 dicendum,
1364 1612 1437 1649 [μιοῖ]
1462 1613 1593 1641 meritum
1617 1613 1691 1641 illius
1713 1613 1896 1643 continentiae

1051 1658 1163 1695 respicit
1180 1658 1336 1695 praemium
1359 1659 1537 1687 accidentale
1558 1659 1593 1688 de
1614 1667 1662 1694 se,
1683 1663 1710 1689 et
1732 1660 1816 1689 simul
1831 1669 1895 1690 cum

1050 1705 1102 1734 hoc
1126 1706 1238 1742 respicit
1259 1706 1399 1742 quandam
1423 1706 1641 1743 dispositionem
1657 1707 1687 1735 in
1703 1716 1808 1741 carue,
1824 1716 1895 1745 quae

1049 1760 1112 1781 cum
1135 1752 1237 1781 amissa
1259 1756 1314 1785 est,
1340 1753 1501 1789 recuperari
1520 1761 1573 1781 non
1590 1757 1697 1790 potest;
1714 1754 1815 1783 caritas
1831 1763 1897 1783 vero

1050 1799 1206 1836 praemium
1229 1799 1422 1827 substantiale
1444 1800 1556 1836 respicit
1577 1804 1604 1829 et
1630 1801 1830 1830 rectitudinem
1855 1811 1898 1830 υο-

1049 1845 1189 1879 luntatis,
1206 1854 1291 1883 quae,
1306 1854 1369 1875 cum
1392 1846 1534 1883 obliquata
1555 1850 1612 1880 est,
1635 1847 1671 1875 ita
1687 1847 1756 1876 bene
1772 1852 1802 1876 ut
1819 1848 1897 1884 prius

1050 1901 1114 1921 cum
1136 1893 1276 1921 adiutorio
1305 1893 1409 1929 gratiae
1433 1893 1480 1922 Dei
1503 1897 1593 1931 potest
1615 1894 1770 1923 rectificari.
1800 1895 1830 1923 Et
1859 1895 1896 1924 sic

1051 1943 1140 1977 patet,
1163 1940 1237 1977 quod
1260 1948 1313 1968 non
1336 1944 1377 1969 est
1399 1940 1498 1969 simile.
1520 1957 1559 1961 —
1582 1941 1611 1969 Et
1643 1941 1663 1970 si
1697 1941 1808 1970 obiiciat
1830 1942 1898 1970 ulte-

1052 1987 1128 2020 rius,
1149 1987 1224 2024 quod
1257 1987 1412 2016 innocentia
1435 1987 1609 2025 baptismalis
1631 1988 1729 2017 similis
1750 1992 1792 2017 est
1813 1989 1897 2018 statui

1050 2033 1234 2062 continentiae
1257 2034 1414 2071 virginalis;
1438 2034 1604 2069 dicendum,
1619 2035 1694 2072 quod
1710 2038 1845 2072 quantum
1861 2035 1897 2064 ad

1050 2081 1191 2117 quandam
1214 2080 1330 2117 gloriam
1353 2081 1561 2110 accidentalem
1582 2082 1704 2119 quodam
1728 2082 1810 2111 modo
1825 2083 1899 2111 simi-

1052 2127 1084 2156 lis
1106 2131 1166 2162 est;
1188 2131 1214 2156 et
1237 2128 1271 2156 de
1294 2128 1340 2156 illa
1369 2131 1458 2165 potest
1490 2129 1619 2159 concedi.
1651 2129 1725 2166 quod
1759 2129 1841 2157 bomo
1870 2130 1897 2158 in

1050 2178 1126 2203 tanta
1148 2174 1236 2211 gloria
1258 2183 1310 2203 non
1335 2176 1474 2212 resurgit:
1497 2185 1531 2204 ex
1556 2176 1606 2204 boc
1631 2180 1720 2204 tamen
1745 2184 1797 2204 uon
1819 2184 1898 2213 opor-

1051 2225 1104 2256 tet,
1127 2221 1200 2258 quod
1223 2222 1324 2250 caritas
1345 2230 1399 2250 non
1419 2222 1453 2250 sit
1474 2223 1707 2259 aequalis-De
1732 2223 1781 2251 boc
1802 2227 1896 2251 autem

1050 2268 1148 2297 eodem
1172 2268 1343 2305 problemate
1365 2269 1485 2297 liabetur
1517 2270 1542 2297 in
1578 2269 1647 2297 libro
1678 2273 1778 2306 quarto
1804 2269 1898 2298 distin-

1050 2315 1140 2343 ctione
1162 2315 1267 2344 decima
1292 2316 1426 2352 q11ai¹ta⁸,
1449 2316 1496 2344 ubi
1520 2316 1677 2352 quaeritur.
1694 2319 1788 2344 utrum
1812 2316 1897 2353 perse-

1051 2365 1094 2390 cta
1120 2361 1286 2398 poenitentia
1319 2362 1345 2389 in
1377 2365 1479 2390 statum
1508 2362 1656 2399 pristinum
1687 2362 1826 2391 bominem
1857 2371 1897 2391 re-

1051 2408 1173 2436 stituaw.

1113 2656 1122 2670 5
1139 2655 1183 2677 cfr.
1197 2656 1209 2677 1.
1223 2657 1283 2678 Seni.
1297 2656 1318 2677 d.
1336 2655 1368 2678 ὀ-Ζ.
1382 2663 1404 2684 (1.
1418 2656 1438 2678 3.
1451 2668 1482 2672 -
1494 2658 1567 2684 supra
1585 2663 1626 2684 pro
1644 2656 1666 2679 iu
1686 2663 1757 2686 quum
1771 2657 1808 2685 (ita
1828 2657 1895 2679 codd.

1050 2696 1066 2716 A
1078 2695 1137 2716 titt<
1150 2694 1164 2715 L
1175 2694 1192 2716 'l'
1210 2698 1231 2716 et
1249 2694 1407 2723 Snpplvnwnt.
1426 2696 1489 2716 Sum.
1504 2695 1563 2717 ,tlt-x.
1578 2695 1623 2717 llal.
1642 2696 1714 2718 voltu.
1733 2696 1769 2718 72.
1788 2703 1806 2718 u.
1825 2696 1856 2721 2.)
1875 2697 1895 2718 in

1050 2734 1099 2755 ollis
1111 2733 1134 2756 in
1147 2739 1207 2762 ssim,
1226 2733 1323 2755 subinde
1342 2740 1383 2761 pro
1400 2740 1446 2756 non
1461 2733 1544 2762 pom-il
1561 2734 1611 2756 cod.
1630 2735 1645 2756 A
1665 2740 1788 2764 ηιιηιμιιιιιι-
1803 2734 1895 2763 polerit.

1112 2771 1121 2785 ⁶
1140 2772 1262 2794 incurritur
1279 2773 1434 2798 irrigata-iias
1456 2772 1486 2793 ol»
1504 2772 1617 2794 ‹lest-rium
1636 2777 1681 2795 tam
1705 2774 1808 2800 riu-poris
1825 2779 1895 2802 quum

1051 2811 1127 2831 animi.
1145 2822 1176 2826 —-
1194 2810 1235 2831 l’ro
1252 2810 1305 2839 ficri
1322 2810 1372 2832 eud.
1391 2810 1406 2831 Z
1423 2816 1478 2833 exse.

1114 2848 1123 2862 ⁷
1141 2848 1185 2870 ‹1ss,
1204 2849 1226 2870 ll.
1244 2850 1304 2870 Sciit.
1323 2849 1344 2870 il.
1364 2850 1399 2871 2⁸.
1418 2857 1438 2871 a.
1457 2850 1476 2871 ¹2.
1495 2857 1516 2878 (Ι.
1540 2850 1556 2871 Ι.
1575 2853 1594 2871 et
1613 2850 1634 2871 13.

1111 2888 1120 2901 ’⁵
1139 2888 1208 2909 l'urtis
1226 2888 1248 2909 ΙΙ.
1266 2895 1285 2909 a.
1305 2889 1317 2909 -2
1343 2895 1364 2916 ¹l·
1387 2888 1403 2909 1.
1424 2892 1445 2910 vt
1464 2888 1484 2910 ⁵2.
1498 2889 1647 2916 ——Superius
1665 2895 1707 2916 pru
1725 2889 1754 2911 131
1765 2888 1786 2911 si
1801 2888 1895 2912 obiit-tut

1052 2927 1119 2949 rodit.
1138 2927 1169 2948 ΙΙ,
1181 2927 1207 2948 W
1229 2927 1255 2949 li!
1276 2926 1296 2948 si
1312 2926 1414 2949 aliisi-ias.

1114 2966 1123 2979 ¹³
1144 2965 1200 2987 vide
1218 2966 1318 2988 scholion
1338 2966 1365 2987 :ul
1384 2966 1558 2994 prm-rodentem
1577 2971 1664 2995 «μιειοεῑ.
