2166 3366
127 180 143 189 «-

739 189 822 217 DIST.
844 189 933 217 xxxi.
955 189 1028 218 ART.
1050 189 1067 217 1.
1090 189 1226 226 QUAEST.
1248 189 1267 217 l.
1823 189 1878 218 673

123 268 175 295 dus
193 267 383 295 eliminabitur.
402 266 482 294 Fides
502 274 566 294 vero
592 269 618 292 et
645 274 704 301 spes
732 267 839 300 penitus
859 274 974 294 evacua·
1032 267 1143 294 vaverit.
1162 266 1238 298 Quod
1258 267 1279 293 si
1300 270 1354 300 est,
1374 274 1479 294 omnem
1500 267 1635 294 hominem
1655 267 1724 294 sicut
1744 275 1772 294 se
1793 267 1881 302 ipsum

123 312 237 343 buntur;
254 310 366 338 seientia
381 318 444 337 vero
457 310 605 337 secundum
620 313 707 336 actum
722 313 748 336 et
761 309 871 336 modum
886 318 974 343 suum,
1032 309 1134 336 dilexit.
1162 309 1292 336 Omnibus
1311 317 1374 343 ergo
1395 310 1475 336 vitam
1495 310 1609 344 optavit,
1630 318 1773 345 omnesque
1792 311 1882 337 saluos

123 355 170 389 qui
185 362 255 380 nunc
269 357 322 385 est,
336 361 388 380 nou
402 352 551 380 secundum
565 353 607 379 sui
621 351 764 378 essentiam
785 352 899 379 tolletur.
914 353 973 387 Ipsa
1029 352 1093 388 fieri
1110 352 1198 380 voluit
1207 364 1218 385 ,·
1239 353 1284 380 sed
1307 361 1358 380 non
1379 361 1471 380 omnes
1490 354 1557 380 salvi
1577 357 1656 380 sunt:
1676 357 1702 380 et
1722 354 1757 380 ita
1769 361 1820 381 non
1841 358 1881 381 est

122 398 192 424 enim
222 397 308 423 virtus
336 397 464 423 scientiae
492 395 657 427 remanebit,
686 395 732 422 sed
763 395 844 423 alium
875 396 974 422 tenebit
1033 397 1130 423 factum
1151 396 1222 431 quod
1243 397 1354 430 optavit.
1367 412 1403 416 —
1415 396 1467 423 Sed
1483 404 1533 423 non
1548 400 1588 423 est
1607 397 1796 432 ignorandum,
1811 398 1881 424 ineo
1895 400 1952 424 Resp-

123 447 202 467 usum
223 443 248 467 et
268 439 386 466 modum.
1032 438 1113 466 fuisse
1132 439 1271 465 caritatem
1291 439 1364 465 iuxta
1381 439 1490 466 modum
1510 440 1630 474 patriae,
1649 447 1700 466 non
1722 441 1790 471 viae,
1810 447 1882 467 eum-

1032 489 1084 516 que
1104 482 1225 508 ordinem
1245 481 1372 515 diligendi
1394 482 1533 516 implesse,
1548 483 1593 517 qui
1607 486 1730 510 servatur
1745 483 1769 510 in
1784 484 1882 518 patria,

491 524 552 551 Cer.
573 524 612 550 111.
1032 533 1083 551 non
1105 526 1129 551 in
1150 526 1199 551 via.
1220 524 1269 556 Qui
1290 526 1360 551 euim
1382 525 1407 551 in
1428 526 1515 559 patria
1534 529 1610 557 sunt,
1631 526 1657 552 id
1678 530 1716 553 est
1743 526 1796 553 iam
1819 526 1882 553 bea-

1033 568 1124 594 tificati
1154 571 1229 599 suut,
1259 567 1327 595 adeo
1348 568 1463 595 iustitiae
1484 569 1530 595 Dei
1551 569 1651 596 addicti
1671 573 1747 602 sunt,
1767 573 1796 596 ut
1815 570 1880 596 niliil

148 612 179 639 Sz'
197 611 321 639 Christus
341 611 466 638 ordinem
487 610 624 646 diligendi
640 611 775 642 serravit,
795 619 872 647 quem
892 620 950 638 nos.
1032 611 1070 638 eis
1090 611 1208 645 placeat,
1228 611 1278 637 nisi
1298 611 1370 645 quod
1391 611 1445 637 Deo
1465 611 1567 646 placet;
1588 619 1620 639 ac
1640 620 1688 647 per
1707 613 1759 639 hoc
1774 613 1879 640 illorum

1032 658 1132 682 tantum
1153 654 1266 681 salutem
1286 654 1400 688 diligunt
1419 654 1464 681 et²
1487 655 1592 688 volunt,
1612 664 1680 690 quos
1697 657 1768 683 lteus
1781 657 1879 684 salvari

194 698 271 725 Nunc
292 698 343 725 iam
358 701 482 732 superest
496 698 670 731 investigare,
691 698 711 724 si
732 697 868 730 Christus,
882 705 974 725 secun-
1032 697 1102 729 vult,
1122 704 1222 731 eosque
1250 697 1322 724 solos
1349 698 1419 724 sicut
1448 705 1476 724 se
1505 698 1626 732 diligunt.
1656 699 1692 725 Ita
1712 702 1738 726 et
1758 699 1879 727 Christus
1893 706 1975 725 nubium
1989 707 2008 725 3.

122 741 186 768 dum
207 741 280 776 quod
300 741 394 772 homo,
412 740 533 767 ordinem
547 741 673 775 diligendi
689 742 886 776 praescriptum
899 741 906 754 ¹
921 748 974 767 ser·
1031 740 1131 767 electos
1145 743 1246 766 tantum
1261 741 1331 767 sicut
1341 748 1369 767 se
1379 740 1473 767 dilexit
1484 748 1632 776 eorumque
1643 742 1755 769 salutem
1770 743 1879 777 optavit.

398 830 837 879 COMMENTARIUS
872 831 934 879 IN
967 830 1408 879 DISTINGTIONEM
1441 831 1601 879 XXXI.

686 936 730 968 De
749 935 872 969 caritate
890 940 1039 980 quantum
1057 935 1096 968 ad
1115 935 1317 969 durationem.

621 1030 697 1058 Illud
724 1039 836 1069 quoque
860 1030 1153 1067 praetermittemlmn
1182 1039 1241 1059 ozon
1268 1033 1310 1059 esc
1334 1034 1386 1059 etc.

862 1117 985 1146 DIVISIO
1007 1117 1144 1147 TEXTUS.

201 1205 292 1242 Supra
313 1204 369 1242 egit
391 1205 521 1242 Magister
542 1205 577 1233 de
596 1204 710 1233 caritate
725 1208 863 1242 quantum
878 1205 913 1233 ad
930 1205 975 1233 de·
1029 1204 1101 1242 fides
1116 1209 1141 1233 et
1155 1213 1220 1242 spes
1234 1208 1286 1234 etc.
1302 1205 1329 1233 ln
1346 1205 1428 1234 tertia
1443 1208 1521 1243 parte
1533 1205 1665 1243 inquirit,
1680 1209 1777 1235 utrum
1793 1207 1878 1242 ordo,

121 1251 275 1281 finitionem
304 1255 331 1280 et
356 1251 534 1288 diligibilium
563 1252 768 1280 distinctionem
791 1255 817 1280 et
839 1252 973 1288 diligendi
1030 1252 1078 1288 qui
1101 1251 1171 1280 inest
1192 1251 1300 1280 caritati
1322 1252 1349 1280 in
1372 1252 1432 1287 via,
1454 1252 1481 1280 in
1503 1252 1614 1281 Christo
1634 1256 1661 1281 et
1683 1253 1709 1281 in
1731 1253 1794 1282 aliis
1816 1254 1879 1283 Bea-

120 1299 248 1328 ordinem
269 1302 296 1328 et
319 1299 409 1328 meriti
432 1299 647 1336 perfectionem;
668 1299 695 1327 in
718 1299 770 1328 hac
792 1306 859 1327 vero
875 1299 972 1336 quinta
1031 1299 1065 1327 tis
1087 1299 1188 1328 habeat
1210 1300 1344 1334 inveniri,
1366 1300 1422 1328 ibi:
1446 1299 1532 1328 Nunc
1563 1300 1625 1329 z'am
1652 1305 1786 1338 superest
1805 1301 1880 1329 inve-

120 1349 200 1384 parte
220 1346 277 1384 agit
298 1346 333 1375 de
354 1346 478 1375 caritatis
510 1346 665 1375 duratione.
696 1346 727 1374 Et
752 1346 883 1384 quoniam
912 1354 974 1375 con·
1029 1347 1141 1384 stiyare
1162 1350 1212 1376 etc.

121 1393 202 1431 tingit
223 1393 370 1430 tripliciter
396 1393 472 1430 loqui
494 1393 528 1422 de
551 1393 699 1422 duratione
718 1393 857 1428 caritatiS,
879 1393 973 1422 videli—
1110 1393 1200 1422 Prima
1221 1402 1287 1431 pars
1308 1394 1445 1423 dividitur
1466 1395 1493 1423 in
1516 1398 1610 1432 partes
1629 1398 1695 1424 tres.
1712 1395 1740 1423 ln
1755 1403 1878 1432 quarum

121 1443 164 1470 cet
186 1448 236 1477 per
257 1441 494 1478 comparationem
510 1440 544 1469 ad
561 1444 706 1478 peccatum
729 1440 780 1469 sibi
803 1441 972 1477 oppositum,
1030 1441 1121 1478 prima
1151 1441 1267 1470 adducit
1294 1441 1474 1470 auctoritates
1495 1442 1530 1470 ad
1552 1442 1774 1477 ostendendum,
1802 1443 1878 1480 quod

121 1490 148 1516 et
169 1495 220 1524 per
241 1487 478 1524 comparationem
493 1487 528 1515 ad
544 1487 657 1515 habitus
678 1487 797 1515 aliarum
820 1486 972 1521 virtutum,
1030 1488 1131 1517 caritas
1153 1496 1207 1516 non
1228 1488 1315 1525 possit
1344 1488 1402 1516 tolli
1430 1496 1480 1525 per
1510 1492 1665 1526 peccatum.
1698 1489 1726 1517 ln
1756 1490 1880 1518 secunda

120 1537 148 1563 et
169 1542 220 1571 per
241 1535 478 1571 comparationem
500 1534 533 1562 ad
558 1537 661 1563 statum
694 1534 798 1571 gloriae
827 1534 972 1567 futurum,
1029 1542 1097 1564 vero
1126 1534 1232 1563 inducit
1262 1535 1445 1564 auctoritates
1466 1536 1500 1564 ad
1524 1536 1699 1573 oppositum,
1721 1536 1776 1565 ibi:
1799 1536 1878 1565 Haec

121 1581 149 1609 in
171 1589 228 1619 quo
260 1585 334 1610 statu
365 1582 464 1610 hahuit
494 1589 555 1610 eam
582 1581 729 1614 Christns;
752 1581 814 1610 ideo
836 1581 972 1610 dividitur
1030 1582 1152 1610 innuere
1172 1581 1327 1616 videntur,
1349 1582 1427 1620 quod
1447 1583 1561 1612 caritas
1582 1587 1633 1612 etc.
1657 1583 1685 1611 ln
1709 1583 1789 1612 tertia
1811 1592 1878 1612 vero

120 1636 188 1666 pars
219 1628 270 1657 ista
292 1629 319 1657 in
345 1632 439 1665 partes
461 1632 525 1657 tres.
549 1629 576 1656 ln
599 1636 720 1665 quarum
743 1629 834 1665 prima
856 1628 971 1665 inquirit
1030 1628 1174 1665 subiungit
1205 1628 1417 1666 explanationes
1448 1629 1562 1658 illarum
1598 1630 1813 1664 auctoritatum,
1842 1638 1879 1659 ex

122 1675 266 1712 Magister.
288 1678 384 1704 utrum
408 1675 510 1704 caritas
532 1676 617 1711 possit
640 1683 690 1712 per
711 1678 857 1712 peccatum
873 1675 970 1704 amitti.
1029 1675 1133 1712 quihus
1148 1675 1369 1704 concludebatur
1384 1676 1485 1705 falsum
1501 1680 1616 1713 propter
1632 1677 1802 1706 intellectum
1819 1686 1880 1715 per-

121 1722 148 1750 ln
172 1722 295 1751 secunda
317 1722 499 1756 determinat,
526 1722 647 1759 qualiter
679 1730 742 1759 spes
764 1724 791 1750 et
813 1721 902 1751 fides¹
926 1722 973 1750 ha-
1030 1730 1161 1755 versum,
1184 1722 1239 1750 ibi:
1264 1722 1348 1758 Quod
1369 1732 1435 1751 vero
1451 1722 1607 1760 Apostolus
1622 1724 1665 1752 ait
1680 1728 1731 1753 etc.
1754 1725 1877 1753 Aliarum

121 1769 205 1798 beant
235 1769 383 1803 evacuari,
406 1769 461 1797 ibi:
485 1769 704 1797 Advertemlztm
737 1772 795 1802 est,
828 1769 971 1806 qitornodo
1030 1777 1096 1798 vero
1112 1769 1235 1806 partium
1257 1769 1412 1798 subdivisio
1427 1770 1494 1799 satis
1509 1771 1655 1799 manifesta
1670 1774 1712 1800 est
1733 1771 1760 1800 in
1776 1771 1877 1800 littera.

776 1844 926 1872 TRACTAT
929 1844 962 1872 10
984 1844 1227 1881 QUAESTIONUM.

200 1920 238 1948 Ad
261 1920 469 1957 intelligentiam
493 1923 586 1948 autem
610 1919 696 1948 huius
710 1920 798 1957 partis
814 1919 909 1948 incidit
925 1920 969 1948 hic

120 1967 248 2005 quaestio
269 1967 342 1996 circa
375 1967 427 1995 tria
456 1966 612 1996 secundum
646 1967 714 2001 tria,
746 1974 818 2004 quae
841 1966 969 2003 Magister

120 2013 296 2042 determinat.

199 2060 291 2088 Primo
312 2060 385 2088 enim
408 2059 554 2097 quaeritur
570 2059 604 2088 de
619 2060 767 2089 duratione
782 2060 905 2089 caritatis
920 2068 970 2096 per

120 2107 355 2144 comparationem
378 2107 413 2135 ad
436 2110 580 2143 peccatum
603 2106 655 2135 sibi
677 2107 846 2144 oppositum.

199 2154 327 2183 Secundo
345 2162 411 2183 vero
432 2154 579 2191 quaeritur
600 2153 635 2182 de
663 2154 761 2183 eadem
788 2162 838 2191 per
860 2162 969 2192 compa-

121 2200 256 2230 rationem
278 2200 313 2229 ad
336 2200 448 2229 habitus
469 2200 589 2229 aliarum
612 2200 758 2229 virtutum.

200 2248 292 2276 Tertio
313 2248 460 2284 quaeritur
481 2247 516 2276 de
538 2247 597 2284 ipsa
618 2256 668 2285 per
683 2248 919 2285 comparationem
935 2248 969 2277 ad

1028 1923 1130 1948 statum
1154 1920 1259 1957 gloriae
1280 1919 1418 1948 futurum.

1106 1966 1185 1995 Circa
1206 1967 1329 2004 primum
1352 1970 1530 2004 quaeruntur
1551 1968 1612 1997 tria.

1106 2013 1230 2041 Primum
1252 2016 1309 2048 est,
1331 2017 1427 2042 utrum
1450 2015 1551 2044 caritas
1572 2015 1659 2044 semel
1675 2016 1770 2045 habita
1791 2017 1879 2054 possit

1027 2060 1125 2089 amitti.

1106 2108 1234 2137 Secundo
1265 2107 1420 2145 quaeritur,
1441 2112 1538 2145 utrum
1571 2109 1701 2138 amittens
1733 2110 1877 2140 caritatem

1027 2155 1114 2192 possit
1135 2163 1284 2192 resurgere
1306 2155 1333 2183 in
1356 2155 1471 2184 caritate
1492 2156 1610 2193 aequali.

1106 2202 1199 2231 Tertio
1230 2203 1392 2240 quaeritur,
1424 2206 1521 2231 utrum
1555 2204 1641 2240 possit
1672 2212 1823 2241 resurgere
1849 2205 1876 2233 in

1029 2256 1138 2277 minori.

855 2335 1091 2369 ARTICULUS
1117 2336 1139 2368 l.

390 2416 428 2444 De
449 2416 606 2445 ‹lm-atione
627 2417 765 2445 caritatis
783 2425 837 2454 per
858 2417 1108 2454 comparationem
1128 2417 1169 2446 (td
1186 2421 1340 2454 peccatum
1361 2417 1419 2446 sibi
1439 2418 1612 2455 opposctmn.

900 2492 1063 2528 QUAESTIO
1086 2492 1103 2519 l.

647 2565 751 2594 Utrum
773 2566 887 2594 cariats-
907 2566 993 2594 semet
1015 2565 1115 2594 liubila
1136 2566 1227 2603 pot-stc
1248 2567 1354 2595 (wilm.

201 2640 281 2668 Cirra
296 2640 418 2677 primum
435 2640 473 2668 sic
490 2640 650 2677 proceditur
661 2643 688 2669 ct
703 2641 859 2677 quaeritur,
872 2644 967 2668 utrum

124 2687 225 2716 caritas
256 2688 341 2715 semel
375 2687 468 2715 linbila
501 2687 585 2724 possit
607 2687 703 2715 amitti.
730 2687 758 2715 Et
790 2688 863 2724 quo-d
898 2696 969 2719 non,

124 2734 238 2762 adducit
261 2734 388 2771 Magister
412 2734 514 2762 iniiltas
535 2734 727 2762 atra-toricatos
750 2734 775 2762 in
799 2734 889 2762 littera
903 2735 928 2768 ²3
943 2738 970 2763 ct

123 2781 176 2810 hoc
198 2781 289 2819 ipsum
312 2782 468 2810 ostenditur
490 2781 611 2809 racione.

1113 2642 1132 2668 l.
1155 2641 1224 2669 llaec
1245 2641 1317 2669 enim
1341 2645 1382 2670 est
1399 2650 1447 2678 pcr
1462 2651 1490 2671 sc
1507 2651 1587 2671 vcra:
1603 2652 1682 2671 atuor
1698 2644 1757 2672 unit
1770 2644 1793 2678 ³¹,
1809 2653 1875 2681 ergo
1889 2655 1917 2673 Ad
1932 2656 2006 2678 oppon<

1030 2687 1116 2715 maior
1138 2696 1217 2715 amor
1240 2688 1327 2729 inagis
1349 2688 1424 2719 uuit:
1448 2689 1495 2717 sed
1517 2697 1596 2717 :uuor
1617 2690 1739 2719 raritatis
1761 2694 1802 2719 cst
1828 2699 1875 2720 ex·
1924 2681 1969 2697 ''¹¹¹''

1028 2734 1171 2763 cellcutior
1192 2743 1288 2769 amor,
1309 2744 1391 2772 quam
1416 2736 1449 2764 sit
1470 2744 1549 2764 amor
1572 2737 1722 2765 naturalis:
1746 2746 1812 2774 crgo
1827 2747 1874 2766 ex-

1028 2781 1174 2809 cellentius
1189 2782 1265 2816 iniit.
1286 2782 1337 2810 Sed
1361 2783 1497 2811 naturalis
1518 2792 1596 2811 atuor
1619 2784 1679 2812 uuit
1699 2784 1874 2814 indissolubi-

189 2876 194 2890 ¹
213 2876 258 2898 (tir.
276 2883 345 2904 supra
365 2876 386 2898 tl.
406 2876 488 2898 xxix.
509 2889 536 2891 —
555 2876 611 2898 lut'ra
630 2876 738 2898 alluditur
755 2877 782 2898 ati
797 2877 809 2898 1.
828 2877 887 2898 Titii.
906 2878 930 2903 2,
954 2876 970 2898 1.
1246 2875 1340 2899 NOTAE
1358 2876 1394 2899 AD
1412 2876 1659 2901 COMMENTARIUM.

125 2927 155 2930 -
173 2915 214 2936 Pro
231 2914 292 2937 sulci
309 2916 364 2937 sunt
382 2915 431 2937 Vnt.
449 2919 469 2936 νι
488 2915 540 2936 «niul,
564 2915 583 2939 ί,
603 2916 628 2939 t}v
649 2916 661 2935 {t
679 2915 741 2937 salt-i
756 2915 823 2944 finnl.
999 2878 1002 3017 γ
1094 2915 1098 2929 ¹
1119 2916 1173 2937 1ἰι1ι1,
1192 2916 1335 2943 suliiuugunt
1352 2918 1372 2939 rt
1389 2916 1494 2939 seientia.
1733 2918 1743 2932 ‘²
1760 2919 1800 2940 llil·
1817 2926 1835 2940 ν.
1858 2920 1876 2941 1.

188 2954 197 2967 ‘²
216 2953 270 2975 Edit.
294 2954 310 2980 Ι,
328 2957 340 2973 >⁴
359 2957 379 2975 vt
398 2954 465 2976 «wald.
485 2954 526 2975 1)Ιᾶ
544 2955 649 2976 omittunt
662 2953 763 2982 diliymat
780 2955 814 2979 vl,-
833 2954 916 2975 dvindv
930 2961 971 2981 pru
1092 2954 1100 2968 Ί
1117 2955 1249 2977 Swtiiuluui
1268 2956 1367 2983 Dionys„
1386 2956 1413 2977 ιΙι·
1433 2956 1481 2978 tiit.
1500 2957 1564 2979 λιιιιι.
1583 2964 1601 2979 r,
1621 2957 1640 2979 4.
1659 2959 1672 2984 ·,’,
1694 2958 1726 2979 Ιίἱ.
1741 2970 1769 2974 ψ-
1782 2959 1876 2980 lutei-ius

126 2992 176 3014 (full
192 2993 244 3014 cdiii
267 2993 284 3017 1,
303 2994 315 3013 8
334 2993 414 3016 voluit.

252 3044 275 3065 S.
296 3043 383 3066 Bonan.
406 3056 434 3059 —
452 3045 517 3066 ’1“ιιιιι.
537 3044 568 3066 111.
1219 3044 1231 3055 “
1720 3049 1748 3069 855

1030 3001 1071 3021 [ιι-ι»
1088 2993 1240 3017 tur-vallantibu-
1256 3001 1326 3017 ttmm·
1343 2995 1395 3017 1·‹l‹l.
1414 2995 1566 3018 ursulentium
1584 2996 1692 3019 mullum.
