2166 3366
258 191 295 218 ⁶24

259 267 339 305 spicit
351 267 498 305 qratiam,
515 266 581 303 quia
596 265 623 294 111
640 265 828 294 incarnatione
846 263 964 292 assumit
978 262 1105 291 Christus

257 315 409 343 humanam
432 316 574 346 naturam,
600 312 706 339 ratione
731 311 812 339 cuius
834 310 914 346 plene
937 308 1020 337 habet
1044 316 1104 337 esse

257 364 341 398 caput
364 361 447 388 totius
470 358 618 392 Ecclesiae,
641 358 721 386 cuius
742 357 866 393 corporis
889 356 1016 384 membra
1030 355 1104 383 uniri

258 408 362 436 habent
384 407 489 435 ratione
505 404 628 434 caritatis
649 407 676 433 et
691 404 804 441 gratiae.
822 403 852 432 Et
867 403 951 432 simul
974 410 1038 431 cum
1053 403 1106 431 hoc

256 454 320 482 facit
342 454 376 482 ad
393 452 590 490 perfectionem
607 450 712 486 meriti,
735 451 800 488 quia
814 450 907 478 omnia
929 449 1029 478 merita
1043 457 1107 485 pen-

258 501 324 530 dent
350 504 376 528 et
397 499 581 528 meliorantur
611 499 711 527 merito
732 497 842 526 Christi.
862 513 897 517 —
921 496 994 525 Facit
1022 496 1104 524 etiam

115 555 248 578 referoquoad
258 548 293 576 ad
316 547 512 584 perfectionem
532 545 646 583 gloriae
668 545 695 573 in
722 552 769 579 eo,
792 544 866 581 quod
895 544 979 572 homo
1001 544 1028 571 in
1049 542 1106 571 Deo

127 579 211 602 gloriam.

127 742 208 769 Additur

127 771 146 783 1*ss
150 768 181 784 [10.

145 1872 213 1895 Opinio
227 1872 245 1891 Ε’-

257 602 308 623 5110
330 593 435 622 invenit
456 600 561 630 pascua
583 595 718 629 quantum
740 591 776 620 ad
802 593 910 628 partem
932 589 1105 626 corporalem

259 645 286 670 et
312 644 449 678 quantum
475 640 509 669 ad
532 643 640 677 partem
667 638 855 676 spiritualem,
878 638 936 667 sive
962 636 1108 675 ingredict-

258 692 317 722 tur,
345 687 402 716 sive
428 687 608 724 egrediatur,
638 686 735 723 quod¹
763 694 818 714 non
846 685 961 719 faceret,
983 684 1005 713 si
1032 684 1107 712 Deus

225 742 242 760 1.
260 742 315 762 000
337 738 409 763 esset
430 734 600 762 incarnatus.
616 750 654 753 —
669 732 829 769 Completus
851 731 934 760 etiam
961 733 1002 759 est
1024 731 1108 759 totius

257 781 398 809 humanae
420 783 538 809 naturae
554 780 713 817 appetam,
736 779 805 808 dum
825 786 876 815 per
892 786 963 815 opus
985 777 1109 806 incarna-

258 828 339 857 tionis
368 828 541 857 nobilissima
570 827 717 861 idoneitas,
746 834 818 864 quae
839 829 899 855 erat
926 826 954 853 in
983 825 1108 853 humana

260 880 378 910 natura,
401 875 556 904 secundum
579 883 663 912 quam
693 874 808 902 unibilis
829 876 889 902 erat
918 872 1044 906 divinae,
1073 871 1108 900 ad

258 926 351 951 actum
373 922 529 959 perfectum
544 921 699 950 reducitur.
711 938 749 941 -
762 921 793 949 Et
811 920 917 948 ratione
938 919 1024 948 huius
1038 918 1108 947 01111-

258 970 359 1007 tiplicis
384 969 577 1006 perfectionis,
604 976 676 1006 quae
701 968 792 1005 surgit
811 975 848 996 ex
873 974 957 1004 opere
984 967 1108 995 incarna-

258 1016 352 1050 tionis,
375 1024 530 1053 congruum
553 1016 605 1044 suit
626 1016 715 1044 Deum
738 1015 885 1043 incarnari.
906 1014 937 1042 Et
959 1013 1024 1051 quia
1038 1014 1107 1042 baec

257 1063 407 1100 multiplex
422 1063 554 1100 perfectio
575 1071 630 1091 non
646 1065 753 1091 tantum
769 1061 882 1098 respicit
904 1064 1007 1090 statum
1030 1063 1107 1089 natu-

259 1118 305 1139 rae
327 1110 434 1147 lapsaefl
458 1110 543 1138 immo
565 1110 647 1138 etiam
671 1109 783 1146 respicit
805 1112 908 1137 statum
931 1111 1048 1136 naturae
1064 1108 1108 1136 be-

257 1157 310 1186 002
327 1157 481 1191 1051111110ος
498 1157 573 1192 ideo,
589 1157 612 1185 si
627 1157 711 1185 homo
727 1156 822 1194 lapsus
836 1164 890 1184 000
907 1155 1017 1189 suisset,
1039 1155 1108 1183 nihi-

258 1204 382 1233 lominus
397 1204 471 1233 Deus
494 1204 655 1233 incarnatus
670 1207 755 1237 esset,
777 1203 843 1240 quia
861 1203 898 1231 ita
921 1202 1108 1239 competebat,

257 1251 400 1280 hominem
422 1251 577 1288 perfectum
599 1259 659 1280 esse
687 1255 713 1279 et
735 1250 890 1279 secundum
922 1253 1052 1278 naturam
1081 1253 1107 1278 et

261 1299 417 1327 secundum
449 1299 566 1335 gratiam
593 1302 619 1327 et
648 1298 802 1327 secundum
826 1297 956 1334 gloriam,
985 1297 1057 1325 sicut
1085 1297 1107 1326 si

260 1349 334 1375 esset
356 1346 383 1374 in
406 1348 480 1374 statu
502 1345 593 1382 lapso>
615 1348 641 1374 et
663 1345 785 1382 quodam
802 1345 884 1373 modo
900 1344 1037 1381 amplius,
1060 1344 1107 1373 et³

261 1392 418 1422 secundum
441 1393 521 1421 istam
552 1392 719 1429 opinionem.
735 1408 773 1412 —
791 1391 820 1419 Et
841 1391 888 1428 qui
912 1391 983 1419 hanc
1008 1391 1110 1428 opinio-

259 1448 322 1468 nem
346 1443 504 1476 sequuntur
533 1439 689 1468 concedunt
711 1439 845 1473 rationes.
874 1446 945 1475 quae
974 1438 1008 1466 ad
1038 1438 1109 1466 hanc

260 1491 368 1524 partem
390 1487 581 1515 adducuntur.
605 1486 731 1515 Rationes
758 1493 824 1514 vero
845 1486 880 1514 ad
903 1485 1061 1522 oppositum
1084 1487 1110 1513 et

259 1534 439 1563 auctoritates
460 1541 510 1570 per
533 1534 585 1562 1100
607 1533 759 1570 effugiunt.
782 1533 848 1570 quia
870 1532 978 1567 (1101101,
1005 1540 1052 1561 eas
1073 1532 1111 1560 in-

259 1581 359 1617 telligi,
375 1580 530 1609 secundum
551 1581 626 1617 quod
642 1580 796 1609 incarnatio
812 1580 914 1608 dicitur
934 1580 1026 1608 carnis
1040 1587 1111 1608 mor-

266 1627 329 1656 talis
344 1631 370 1656 et
391 1627 531 1665 passibilis
546 1628 690 1656 assumtio.
712 1627 847 1664 Loquitur
862 1627 935 1655 011101
958 1626 1111 1663 Scriptura,

262 1678 289 1703 et
311 1675 424 1704 Sancti*
447 1675 482 1703 de
506 1675 695 1704 incarnatione
717 1674 873 1704 secundum
896 1681 961 1703 eum
980 1674 1112 1708 modum,

268 1723 313 1759 qui
337 1722 389 1751 fuit
410 1725 472 1759 post
487 1722 611 1759 lapsum,
626 1730 680 1750 non
695 1729 746 1759 per
761 1729 825 1750 eum
846 1721 971 1755 modum,
987 1721 1035 1758 qui
1050 1720 1114 1749 fuis·

266 1772 319 1803 set,
342 1769 454 1798 homine
475 1769 641 1806 persistente
662 1769 689 1797 in
712 1772 786 1797 statu
808 1768 988 1796 innocentiae.

339 1816 463 1845 Aliorum
486 1824 554 1845 vero
578 1816 671 1853 opinio
693 1816 757 1850 fuit,
773 1815 848 1852 quod
861 1815 1029 1852 praecipita
1044 1814 1114 1843 ratio

263 1863 461 1892 incarnationis
484 1866 525 1892 est
547 1863 686 1900 reparatio
709 1862 824 1891 humani
841 1862 972 1899 generis..
985 1862 1114 1898 quamvis

258 1911 331 1939 aliae
344 1911 449 1939 multae
464 1911 519 1939 sint
530 1911 654 1939 rationes
666 1909 864 1947 congruentiae
879 1909 945 1938 111110
958 1917 1084 1938 annexae
1093 1909 1112 1933 ⁵-

258 1958 312 1987 Ista
335 1958 408 1987 enim
431 1962 472 1987 est
488 1958 646 1995 praecipua
668 1960 797 1994 respectu
813 1957 952 1991 00101001,
975 1956 1048 1993 quia,
1063 1956 1116 1985 nisi

324 2208 329 2222 ¹
348 2207 403 2231 Cod.
422 2208 453 2230 bb
471 2208 568 2229 annectit
585 2207 685 2237 quidem.

322 2248 330 2261 Ξ
349 2248 371 2269 ln
390 2247 442 2269 edd.
461 2247 524 2269 deest
543 2246 609 2275 bene,
630 2247 695 2269 cuius
721 2247 770 2269 1000
796 2246 846 2269 cod.
873 2246 904 2269 bb
923 2246 1015 2269 exhibet
1033 2245 1108 2269 condi-

259 2288 296 2310 tae
313 2288 340 2309 et.

323 2326 332 2340 ³
351 2327 373 2348 111
391 2326 441 2348 cod.
460 2326 479 2354 Q
496 2325 560 2348 deest
583 2326 619 2353 et;
644 2325 694 2347 Vat.
712 2325 809 2347 10011100
826 2326 854 2353 et,
869 2330 911 2352 pro
932 2331 976 2353 qua
995 2331 1006 2346 a
1025 2324 1076 2347 cod.
1095 2325 1110 2346 S

261 2366 354 2393 ponitur
372 2364 455 2393 etiam,
475 2364 580 2392 adiungit
602 2364 666 2387 haec.
690 2364 758 2386 Paulo
780 2364 887 2391 superius
909 2367 962 2391 post
979 2363 1110 2386 secundum

262 2403 366 2433 aleriam
384 2404 434 2426 cod.
455 2404 470 2425 Z
490 2404 582 2432 supplet
599 2403 624 2426 itt
643 2404 705 2426 stulu
724 2404 778 2426 ante
795 2402 897 2432 lapsum.
922 2402 991 2424 Paulo
1015 2402 1109 2424 inferius

262 2449 304 2471 pro
322 2443 353 2466 Et
368 2443 409 2473 qui
426 2443 493 2465 codd.
512 2443 526 2465 Ρ
544 2443 576 2465 bb
594 2442 679 2465 habent
696 2441 735 2465 Illi
750 2442 797 2472 qui.

324 2483 332 2497 ⁴
351 2483 393 2505 Pro
410 2482 494 2506 Sancti
508 2483 530 2504 in
558 2482 611 2505 edd.
638 2483 721 2510 legitur
736 2481 830 2505 ,littera
855 2481 911 2504 Cod.
929 2482 947 2503 A
964 2481 1109 2511 Loquwztm‘

262 2521 322 2545 euim
342 2521 481 2551 Scriptw’ue
497 2523 518 2545 et
534 2520 624 2545 Sancti.

322 2560 332 2575 ⁵
350 2560 377 2583 Ut
394 2561 499 2583 exaltatio
518 2562 612 2582 naturae
631 2560 757 2587 humanae,
775 2559 906 2587 exemplum
928 2565 970 2587 pro
994 2558 1061 2581 nobis
1076 2565 1109 2581 10-

263 2602 298 2622 010
320 2599 426 2627 vivendi,
452 2599 570 2628 quoddam
594 2599 789 2627 complementum
812 2599 912 2621 universi
930 2602 972 2621 etc.
990 2611 1021 2614 —
1042 2598 1110 2621 Paulo

263 2639 357 2660 Interius
382 2644 424 2666 pro
442 2637 647 2667 supereoecedentis
664 2637 714 2660 eod.
732 2639 750 2659 A
768 2637 982 2666 szmereoecelIentz's.

324 2676 333 2691 ⁶
351 2677 480 2705 Respicitur
493 2677 568 2700 Matth.
590 2677 623 2705 15,
642 2676 686 2705 <243
700 2677 736 2699 ig,
758 2677 790 2704 12,
802 2683 879 2705 seqq.;
892 2676 946 2699 Luc.
965 2676 997 2704 15,
1011 2676 1031 2698 4.
1045 2682 1109 2705 seqq.

261 2728 293 2733 —
310 2716 359 2738 Mox
377 2722 419 2744 pro
438 2716 516 2739 verior
532 2716 585 2739 edd.
603 2716 693 2739 melior.

322 2754 332 2769 ⁷
350 2754 394 2777 Cfr.
414 2758 504 2782 praeter
521 2755 577 2777 locc.
595 2756 617 2777 in
636 2758 687 2777 noto
706 2755 812 2783 praeced.
830 2757 852 2777 et
869 2755 890 2776 in
914 2755 930 2777 1.
949 2754 1051 2777 fundam.
1065 2755 1109 2777 citt.

264 2794 299 2816 Ps.
313 2794 349 2822 39,
365 2794 387 2816 7.
400 2800 464 2822 seqq.
482 2794 619 2822 (respective
635 2794 703 2816 Hebr.
727 2794 758 2822 10,
780 2793 824 2823 5.);
845 2794 919 2816 Matth.
945 2794 962 2822 1,
976 2794 1012 2822 21;
1034 2794 1055 2822 9,
1072 2793 1109 2821 ¹33

260 2834 317 2856 Luc.
339 2834 372 2861 to,
394 2833 431 2861 10;
450 2833 509 2855 1000.
532 2833 570 2861 10,
593 2833 630 2861 10;
649 2833 663 2854 1.
682 2833 742 2855 Tim.
764 2833 780 2861 1,
803 2832 835 2855 15.
858 2845 890 2849 —
912 2833 981 2855 Paulo
1003 2833 1110 2860 superius

261 2872 312 2895 cod.
326 2872 347 2894 x
364 2871 437 2897 verbo
454 2871 583 2895 concordat
599 2872 723 2899 praemittit
740 2872 854 2894 consonat
870 2877 918 2894 seit.

325 2911 335 2925 8
352 2911 452 2939 Dionys.y
470 2910 499 2933 de
516 2910 566 2933 Div.
584 2910 649 2932 Nom.
668 2916 686 2933 c.
709 2911 726 2932 1.
742 2910 755 2938 Ξ
777 2911 801 2933 1:
819 2910 867 2933 Non
885 2914 918 2933 est
931 2914 1009 2933 autem
1026 2910 1111 2933 auden-

259 2951 316 2973 dum
335 2950 421 2979 aliquid
439 2951 515 2973 dicere
532 2950 568 2972 vel
587 2951 688 2978 cogitare
706 2950 734 2972 de
751 2950 965 2978 supersubstantiali
982 2952 1004 2972 et
1021 2950 1110 2972 occulta

260 2990 383 3012 Divinitate
401 2993 492 3017 praeter
509 2995 534 3011 ea
553 2995 613 3018 quae
631 2988 697 3011 nohis
714 2994 755 3017 per
776 2995 853 3011 sacras
870 2989 1000 3017 Scripturas
1018 2988 1047 3011 de
1064 2989 1110 3011 Deo

933 184 1187 225 sENTENTIARUtt
1208 183 1267 212 LlB.
1290 183 1330 211 111.

1161 269 1249 299 genus
1277 262 1434 290 humanum
1455 261 1554 289 suisset
1581 260 1704 296 lapsum,
1726 259 1851 288 Verbum
1879 259 1928 288 Dei
1954 267 2007 287 non

1160 308 1259 337 fuisset
1280 308 1463 336 incarnatum.
1486 323 1524 327 -—
1547 307 1576 335 Et
1598 306 1668 334 ratio
1692 306 1778 334 huius
1800 309 1856 340 est,
1882 305 1948 343 quia
1969 306 2080 334 111-113110.

1162 355 1285 383 carnatio
1300 354 1349 383 Dei
1364 358 1406 383 est
1420 353 1669 391 superexcedentis
1691 353 1870 389 dignationis;
1892 355 1918 381 et
1932 352 2007 387 ideo,

1162 409 1225 429 011111
1249 401 1284 429 511
1304 401 1341 429 ibi
1371 401 1486 437 quidam
1508 408 1657 435 excessus,
1686 408 1741 428 non
1762 399 1861 428 fuisset
1883 400 2009 428 introdu-

1162 451 1239 476 ctum
1260 447 1458 477 incarnationis
1478 447 1657 484 mysterium,
1672 447 1724 475 0151
1746 447 1943 484 praecessisset
1964 454 2010 475 ex-

1164 502 1259 523 cessus
1284 494 1428 532 oppositus
1450 502 1500 531 per
1529 494 1622 531 ipsum
1644 494 1829 531 corrigendus
1857 497 1884 522 et
1905 497 2010 522 restau-

1164 542 1277 571 randus.
1294 542 1370 571 Unde
1392 542 1444 570 nisi
1460 542 1534 571 Deus
1556 550 1635 570 ovem
1649 550 1737 570 suam
1749 541 1939 578 perdidisset,
1955 549 2009 569 non

1163 589 1197 618 de
1219 589 1295 618 caelo
1316 589 1351 617 ad
1373 592 1479 617 terram
1500 589 1689 617 descendisset
1701 588 1719 616 θ.

1243 635 1311 672 Quis
1325 638 1419 664 autem
1435 635 1538 664 horum
1560 635 1708 664 modorum
1724 636 1834 664 dicendi
1852 635 1946 664 verior
1962 635 2008 670 sit,
2020 642 2109 661 1ud1eium
2119 648 2148 662 au-

1163 682 1239 711 novit
1261 682 1307 710 ille
1326 682 1374 719 qui
1395 690 1446 719 pro
1471 682 1551 711 nobis
1572 682 1711 711 incarnari
1726 683 1857 720 dignatus
1878 686 1927 711 est.
1943 682 2010 719 Quis

1164 730 1246 758 etiam
1269 730 1373 758 horum
1388 730 1468 758 alteri
1490 730 1705 767 praeponendus
1721 730 1768 765 sit,
1784 730 1896 759 difficile
1918 734 1960 759 est
1975 731 2012 759 vi-

1165 777 1244 811 dere,
1267 785 1318 814 pro
1339 785 1371 806 eo
1393 777 1468 814 quod
1490 780 1609 814 uterque
1631 778 1732 806 modus
1754 778 1908 807 catholicus
1930 781 1972 807 est
1986 781 2013 807 et

1164 833 1180 853 a
1202 824 1269 853 viris
1298 824 1441 853 catholicis
1470 824 1633 853 sustinetur.
1657 825 1777 862 Uterque
1805 825 1887 853 etiam
1912 825 2012 853 modus

1165 871 1268 900 excitat
1289 871 1411 900 animam
1440 871 1476 900 ad
1498 871 1675 900 devotionem
1704 872 1859 900 secundum
1887 872 2013 900 diversas

1165 918 1409 947 considerationes.

1242 965 1359 994 Videtur
1381 968 1476 993 autem
1496 965 1606 1002 primus
1629 965 1729 994 modus
1751 966 1839 1002 magis
1861 973 2013 994 consonare

1165 1012 1268 1041 iudicio
1290 1012 1421 1047 rationisg
1443 1012 1583 1041 secundus
1607 1016 1711 1047 tamen,
1733 1016 1764 1041 ut
1789 1015 1920 1050 apparet,
1948 1013 2012 1050 plus

1165 1062 1296 1088 consonat
1311 1059 1406 1096 pietati
1425 1059 1503 1088 fidei:
1518 1060 1622 1096 prime,
1641 1060 1706 1096 quia
1721 1060 1935 1088 auctoritatibus
1950 1060 2013 1088 San-

1164 1109 1274 1135 ctorum
1295 1110 1322 1135 et
1348 1114 1443 1135 sacrae
1465 1106 1624 1143 Scripturae
1651 1107 1739 1144 magis
1766 1107 1923 1136 concordat.
1944 1107 2011 1135 Nam

1163 1156 1220 1182 tam
1242 1161 1347 1182 novum
1369 1161 1453 1190 quam
1475 1156 1556 1182 vetus
1578 1154 1819 1189 Testamentuin⁷‚
1834 1154 1882 1183 ubi
1898 1154 1932 1183 de
1954 1154 2011 1183 Filii

1164 1201 1213 1230 Dei
1229 1201 1366 1229 descensu
1382 1201 1545 1238 loquuntur,
1565 1200 1680 1229 humaui
1696 1201 1805 1238 generis
1820 1201 2013 1230 liberationem

1165 1248 1301 1276 rationem
1317 1247 1449 1281 reddunt,
1461 1247 1535 1284 quod
1551 1250 1626 1284 patet
1637 1255 1687 1284 per
1699 1247 1808 1284 singula
1820 1247 2012 1277 discurrendo.

1165 1295 1256 1324 Sancti
1278 1295 1361 1323 etiam
1378 1295 1430 1323 hoc
1452 1295 1561 1329 dicunt,
1577 1295 1649 1323 510111
1663 1297 1738 1332 patet
1753 1295 1779 1323 in
1801 1296 2015 1325 auctoritatibus

1166 1350 1252 1379 supra
1268 1342 1371 1379 positis.
1388 1342 1419 1370 Et
1438 1341 1512 1376 ideo,
1534 1342 1555 1370 si
1572 1342 1667 1370 divina
1681 1342 1792 1379 eloquia
1814 1342 2013 1371 nobilissimam

1165 1393 1192 1418 et
1218 1389 1398 1426 praecipuam
1428 1389 1626 1418 incarnationis
1651 1389 1788 1418 rationem
1810 1389 1967 1426 assignant,
1989 1394 2015 1419 et

1166 1436 1235 1464 nihil
1256 1436 1340 1465 etiam
1361 1444 1377 1464 a
1406 1436 1486 1464 nobis
1508 1436 1658 1465 dicendum
1680 1440 1722 1465 est
1751 1440 1862 1473 praeter
1883 1445 1915 1466 ea
1944 1445 2015 1475 quae

1166 1483 1246 1512 nobis
1261 1491 1297 1512 ex
1320 1483 1407 1512 sacris
1427 1483 1549 1520 Eloquiis
1577 1483 1741 1511 claruerunt
1754 1483 1776 1517 ⁸3
1793 1484 1882 1521 magis
1903 1484 2015 1513 videtur

1166 1530 1261 1568 pietati
1284 1530 1349 1559 fidei
1364 1538 1530 1564 consonum,
1553 1530 1627 1567 quod
1647 1531 1799 1568 praecipua
1820 1531 2017 1561 incarnationis

1167 1578 1238 1606 ratio
1260 1577 1294 1607 sit
1316 1577 1444 1606 liberatio
1465 1577 1581 1606 humani
1604 1577 1727 1614 generis,
1750 1586 1834 1615 quam
1856 1578 1937 1607 aliter
1959 1586 2016 1607 500-

1168 1625 1228 1653 tire.
1251 1624 1281 1653 Et
1296 1624 1348 1653 hoc
1369 1627 1465 1661 aperte
1487 1624 1553 1653 dicit
1568 1624 1739 1661 Augustinus
1761 1624 1788 1652 in
1809 1624 1881 1653 libro
1903 1625 1937 1654 de
1952 1625 2017 1654 Ver-

1168 1672 1210 1700 bis
1231 1671 1367 1708 Apostoli,
1390 1679 1519 1700 sermone
1540 1672 1747 1708 septuagesimo
1760 1671 1779 1706 9,
1802 1674 1924 1701 tractans
1946 1672 2016 1701 illud

1168 1718 1298 1748 Matthaei
1319 1719 1427 1747 decimo
1443 1722 1554 1747 octavo:
1584 1718 1664 1747 Venit
1684 1718 1760 1747 enim
1776 1718 1872 1747 Fatus
1891 1718 2017 1748 hominis

1168 1766 1284 1795 salvum
1299 1765 1398 1803 facere
1420 1766 1497 1804 1111011
1507 1766 1659 1802 perierat.-
1677 1777 1691 1791 «
1706 1766 1731 1793 Si
1748 1766 1831 1795 homo
1847 1774 1900 1795 non
1923 1767 2018 1804 periis-

1169 1817 1226 1848 set,
1257 1813 1342 1842 Filius
1375 1812 1495 1841 hominis
1522 1821 1576 1841 non
1608 1813 1771 1842 venisset».
1795 1813 1825 1841 Et
1855 1814 2017 1851 expressius

1170 1861 1283 1895 ibidem,
1296 1863 1417 1889 tractans
1432 1860 1502 1899 illud
1518 1860 1624 1896 primae
1640 1860 1675 1888 ad
1691 1860 1867 1889 Timotheum
1884 1861 1975 1898 primo
1986 1862 2016 1889 ¹⁰:

1176 1909 1256 1937 Vertit
1276 1908 1306 1936 iu
1329 1907 1406 1936 1111110
1427 1907 1571 1935 0111011001
1594 1910 1762 1944 peccatores
1783 1907 1880 1935 salvos
1901 1906 2016 1945 facere:

1177 1955 1314 1984 «Nullam
1336 1955 1419 1983 aliam
1448 1954 1483 1982 ob
1515 1962 1628 1983 causam
1656 1954 1706 1982 nisi
1733 1958 1900 1991 peccatores
1921 1954 2018 1983 salvos

1166 2206 1275 2229 divinitus
1292 2208 1344 2228 sunt
1361 2212 1468 2234 expressa
1486 2206 1572 2234 (versio
1590 2205 1679 2227 abbatis
1705 2204 1875 2233 Vei-cellensis).
1898 2216 1929 2220 —
1946 2205 2014 2227 Paulo

1166 2247 1273 2274 superius
1298 2248 1350 2273 post
1375 2244 1500 2274 assfyttant
1524 2244 1576 2267 edd.
1600 2245 1616 2273 1,
1635 2245 1648 2266 2
1671 2244 1779 2272 supplent
1804 2243 1897 2273 qenert's
1916 2243 2018 2266 1111111αηὶ

1167 2284 1335 2307 liberationem.

1227 2323 1237 2338 ⁹
1254 2324 1318 2346 Nunc
1335 2323 1408 2345 Serm.
1430 2322 1478 2345 174..
1493 2323 1556 2350 [alias
1573 2323 1605 2344 ts.
1624 2322 1652 2344 de
1671 2322 1753 2344 Verbis
1766 2322 1878 2350 Apostoli)
1892 2328 1910 2344 c.
1926 2322 1946 2343 2.
1961 2328 1981 2343 0.
1996 2322 2016 2343 2.

1165 2374 1197 2378 -
1213 2362 1287 2384 Locus
1304 2362 1385 2389 Script.
1403 2364 1437 2384 est
1454 2362 1496 2383 loc.
1514 2362 1550 2383 cit.
1568 2367 1590 2383 v.
1613 2361 1646 2389 11,
1664 2360 1703 2383 ubi
1723 2360 1791 2388 Vulg.
1811 2366 1853 2388 pre
1872 2359 1968 2383 salvam
1983 2359 2017 2389 fu-

1166 2407 1217 2425 cere
1234 2401 1325 2424 exhibet
1342 2400 1444 2424 sulcare.
1462 2400 1507 2423 Cfr.
1525 2401 1579 2423 Luc.
1602 2401 1634 2428 19,
1655 2401 1689 2422 10.

1229 2440 1247 2454 ¹0
1265 2440 1330 2462 Vers.
1349 2440 1385 2462 15.
1398 2452 1429 2456 —
1442 2440 1518 2462 Verba
1537 2441 1632 2468 August.
1652 2440 1707 2461 haec
1725 2443 1777 2462 sunt
1795 2439 1847 2467 (loc.
1867 2439 1902 2461 cit.
1921 2445 1940 2461 0.
1958 2439 1980 2461 7.
1994 2445 2014 2461 n.

1167 2480 1209 2509 8.):
1231 2488 1241 2500 «ι
1252 2480 1328 2508 Quare
1344 2480 1407 2501 venit
1425 2480 1447 2501 in
1467 2479 1600 2501 mundum?
1618 2479 1755 2502 Peccatores
1774 2477 1853 2501 salvos
1870 2478 2015 2507 facere.A1ia

1165 2525 1234 2541 causa
1253 2525 1297 2541 non
1315 2519 1368 2547 fuit,
1387 2525 1461 2547 quare
1478 2519 1567 2540 veniret
1583 2519 1605 2540 in
1623 2514 1745 2540 mundum.
1765 2517 1812 2539 Non
1837 2523 1891 2539 eum
1909 2517 1938 2539 de
1955 2517 2017 2539 caelo

1166 2558 1195 2580 ad
1213 2561 1296 2581 terram
1314 2559 1394 2580 merita
1415 2560 1490 2580 nostra
1508 2557 1581 2585 bona,
1599 2557 1640 2579 secl
1658 2560 1751 2585 peccata
1771 2556 1893 2579 duxerunt.
1912 2556 1972 2578 Haec
1984 2559 2017 2578 est

1167 2603 1247 2625 causa,
1271 2603 1312 2619 cur
1329 2597 1429 2624 veniret,
1445 2597 1581 2625 peccatores
1598 2595 1677 2619 salvos
1694 2595 1773 2625 fucere
1783 2602 1803 2617 11.
1817 2595 1879 2617 Idem
1890 2595 1950 2617 elicit
1962 2594 2016 2617 ibid.

1166 2642 1192 2658 ex
1210 2636 1375 2664 significatione
1394 2635 1492 2657 nominis
1504 2635 1553 2657 lesu
1566 2635 1626 2663 (ipse
1638 2635 1699 2657 enim
1711 2634 1801 2656 salvum
1820 2633 1887 2655 faciet
1903 2633 2016 2661 populum

1166 2681 1235 2697 suum
1252 2681 1265 2697 0
1283 2675 1381 2702 peccatis
1398 2680 1491 2702 eorum,
1510 2674 1584 2695 lilatth.
1607 2674 1624 2701 1,
1643 2674 1696 2701 at).
1715 2673 1822 2695 Siiniliter
1837 2673 1859 2694 in
1873 2673 1945 2694 Serm.
1965 2672 2016 2694 175.

1167 2714 1231 2742 (alias
1243 2714 1263 2736 9.
1277 2713 1306 2736 de
1318 2713 1401 2735 Verbis
1418 2713 1529 2741 Apostoli)
1542 2719 1561 2735 e.
1578 2713 1594 2735 1.
1613 2719 1634 2734 n.
1648 2713 1669 2734 11.
1681 2712 1723 2735 ait:
1741 2720 1750 2732 a
1761 2712 1824 2733 Nulla
1838 2717 1906 2734 causa
1922 2711 1964 2734 fuit
1980 2717 2018 2733 vc-

1166 2753 1242 2775 niendi
1260 2752 1348 2775 Christo
1374 2753 1484 2780 Domino,
1511 2753 1552 2774 nisi
1578 2754 1709 2780 peccatores
1735 2751 1812 2773 salvos
1831 2751 1905 2773 facere
1918 2757 1937 2779 »ς
1956 2756 2015 2779 quac

1166 2792 1238 2814 verba
1255 2792 1308 2815 edd.
1326 2793 1363 2814 hie
1380 2792 1478 2814 afferunt
1495 2792 1545 2814 loeo
1570 2797 1651 2814 eorum
1676 2796 1736 2819 quae
1764 2796 1805 2812 nos
1826 2796 1880 2812 cum
1898 2789 1965 2812 codd.
1983 2796 2018 2812 ex-

1167 2831 1280 2853 hibemus.
1298 2831 1358 2853 Libr.
1376 2831 1390 2853 l.
1408 2831 1437 2853 de
1456 2831 1542 2853 Peccat.
1568 2831 1654 2853 meritis
1675 2833 1697 2852 et
1721 2830 1810 2852 remiss.
1828 2831 1878 2857 etc.‚
1897 2834 1916 2851 0.
1936 2829 1973 2851 26.
1992 2835 2013 2850 n.

1168 2871 1203 2892 39.
1221 2870 1281 2899 dicit,
1300 2869 1415 2893 Christum
1441 2876 1487 2892 non
1512 2870 1578 2892 aliam
1604 2869 1634 2892 ob
1660 2875 1753 2891 causam
1771 2869 1793 2890 in
1812 2874 1881 2891 earne
1900 2869 2014 2890 venisse...

1167 2910 1209 2931 nisi
1226 2912 1272 2932 ut...
1290 2915 1393 2931 omnes...
1411 2908 1549 2936 vivificaret,
1567 2908 1643 2930 salvos
1661 2908 1756 2936 faceret,
1775 2907 1895 2935 liberaret,
1918 2907 2017 2929 redime-

1166 2951 1200 2971 ret
1217 2952 1259 2971 etc.
1277 2960 1308 2964 -
1326 2948 1367 2970 Pro
1386 2947 1485 2976 ibidem,
1506 2948 1612 2970 tractans
1632 2950 1654 2969 et
1671 2947 1740 2974 paulo
1760 2946 1856 2969 inferius
1872 2952 1915 2974 pro
1933 2944 2017 2968 ibidem

1168 2987 1242 3018 plura
1258 2988 1310 3010 edd.
1329 2987 1470 3010 substituunt
1488 2986 1548 3009 idem
1566 2986 1672 3009 mactans
1689 2988 1712 3008 et
1728 2984 1789 3008 idem
1805 2984 1885 3014 plura.

2023 666 2085 684 010115.

2040 1018 2077 1044 l’ijo
2093 1017 2109 1035 Ξ.
2123 1023 2140 1036 o-

2025 1046 2101 1064 pinione
2114 1046 2140 1060 ra-

2026 1065 2052 1083 tio
2066 1065 2082 1082 ⁴l.
