2166 3366
13 1160 140 1179 mdamenta.

770 190 853 218 DIST.
875 191 917 218 lx.
939 191 1011 219 ΛΒΤ.
1033 191 1062 219 ll.
1084 192 1219 228 QUAEST.
1242 192 1282 220 Ill.

151 267 197 296 sed
221 270 369 304 praecepta
401 267 508 304 primae
530 267 641 295 tabulae
663 267 816 303 implentur
844 268 997 297 virtutibus

150 314 312 351 theologicis
324 314 340 346 ¹,
362 314 434 343 sicut
455 318 530 351 patet
551 314 586 342 de
608 314 743 347 secundo,
765 314 841 350 quod
863 314 997 351 impletur

150 369 200 398 per
215 361 298 389 fidem
309 383 316 395 ‚
330 364 357 389 et
372 361 407 389 de
422 361 516 395 tertio,
530 361 606 397 quod
622 360 754 397 impletur
769 368 819 397 per
834 361 977 389 caritatem
990 372 996 389 z

149 416 216 444 ergo
237 408 358 441 videtur,
380 407 481 444 quodsi
501 407 624 444 primum
647 406 780 444 impletur
801 415 850 443 per
870 407 996 441 latriam,

149 454 224 492 quod
246 455 282 483 sit
304 454 395 483 virtus
417 454 580 491 theologica.

228 503 253 530 ὃ.
275 501 358 535 ltem,
381 501 449 529 haec
470 504 512 529 est
532 500 689 529 differentia
711 501 783 529 inter
799 500 918 529 virtutes
939 509 997 529 car-

148 548 255 577 dinales
276 551 303 577 et
323 548 509 585 theologicas,
531 547 606 584 quod
627 547 785 576 cardinales
800 547 995 576 consistuntin

147 595 241 624 medio
263 595 336 624 circa
357 594 533 632 superfluum
560 598 587 622 et
608 594 778 623 diminutum
792 594 811 627 ²,
841 594 867 622 in
893 594 997 622 theolo-

148 642 215 679 gicis
236 645 330 670 autem
353 650 407 669 non
428 645 470 669 est
491 641 616 678 reperire
637 640 833 678 superfluum;
855 641 904 669 sed
920 641 995 669 circa

147 689 271 722 latriam,
291 696 347 725 qua
367 692 409 717 est
431 688 518 716 Deum
541 688 649 722 colere,
675 696 729 716 non
751 691 793 716 est
814 687 992 724 superfluum

148 736 287 765 iuvenire:
309 743 376 772 ergo
406 735 534 767 videtur,
556 735 631 772 quod
664 735 746 763 latria
768 742 821 763 non
844 734 879 762 sit
900 734 927 762 in
952 742 996 771 ge-

147 790 214 811 nere
235 783 372 811 virtutum
394 781 593 815 cardinalium,
615 781 664 810 sed
685 781 915 818 theologicarum.

226 830 252 858 6.
273 830 353 861 Item,
376 829 467 857 virtus
499 829 653 865 theologica
685 828 802 862 dicitur,
822 828 888 865 quia
909 828 994 856 habet

146 876 236 906 Deum
257 885 309 913 pro
330 876 449 909 obiecto:
471 876 518 904 sed
542 876 623 904 latria
646 875 729 904 habet
744 875 832 904 Deum
855 883 907 912 pro
921 875 995 903 obie-

146 927 189 952 cto
211 939 249 943 —
270 923 342 951 sicut
362 923 436 951 enim
463 922 533 951 tides
565 922 654 950 credit
686 921 807 958 primam
831 921 993 955 veritatem,

146 974 172 999 et
193 970 294 999 caritas
309 969 400 1006 diligit
414 977 554 998 summam
575 969 739 1002 bonitatem,
761 969 800 997 sic
816 968 897 997 latria
917 976 994 997 reve-

145 1020 224 1045 retur
245 1020 271 1045 et
286 1016 351 1045 colit
366 1023 505 1044 summam
523 1016 696 1044 maiestatem
712 1032 749 1036 —-—
764 1015 876 1043 videtur
893 1015 992 1051 igitur,

145 1063 219 1101 quod
243 1063 322 1091 latria
345 1064 380 1091 sit
400 1063 491 1091 virtus
513 1062 676 1098 theologica.

226 1110 278 1138 Seu
299 1117 422 1138 CONTRA:
450 1110 472 1137 t.
499 1108 633 1146 «Religio
654 1112 696 1137 est
725 1108 830 1142 virtus,
852 1116 908 1145 qua
929 1108 993 1137 coli-

148 1160 194 1185 tur
215 1157 260 1185 ille
285 1157 333 1194 qui
355 1159 397 1185 est
417 1155 572 1193 superioris
597 1159 752 1189 naturae»,
775 1155 847 1183 sicut
868 1155 929 1183 vult
943 1156 993 1183 Au-

147 1204 275 1241 gustinus
296 1203 404 1232 decimo
426 1203 461 1231 de
492 1202 607 1231 Civitate
636 1203 701 1235 Dei,
723 1205 750 1231 et
772 1202 881 1231 Tullius
904 1202 929 1230 in
952 1211 992 1231 se-

145 1251 237 1280 cundo
258 1250 450 1283 Rhetoricae³;
473 1250 521 1278 sed
543 1249 645 1286 religio
660 1252 702 1278 est
717 1249 822 1285 species
844 1249 991 1283 iustitiae,

145 1301 176 1326 ut
197 1297 263 1326 dicit
285 1297 394 1325 Tullius
415 1297 535 1331 ibidem,
566 1300 594 1325 et
615 1296 731 1324 iustitia
762 1300 804 1325 est
825 1297 914 1325 virtus
936 1305 993 1325 car-

145 1345 260 1373 dinalis:
283 1345 305 1373 si
327 1352 394 1381 ergo
416 1344 497 1372 latria
518 1344 677 1373 continetur
692 1344 745 1373 suh
767 1344 858 1381 specie
880 1343 993 1381 religio-

146 1392 208 1426 nis,
231 1392 313 1420 latria
333 1395 375 1420 est
396 1392 431 1420 de
453 1399 554 1428 genere
578 1391 688 1419 virtutis
709 1391 868 1420 cardinalis.

223 1440 249 1467 2.
272 1438 351 1471 Item,
373 1438 445 1467 sicut
466 1438 626 1466 obediencia
648 1438 761 1475 respicit
776 1438 901 1466 debitum
919 1446 992 1466 man-

144 1486 215 1519 dati,
236 1485 275 1514 sic
297 1485 389 1514 latria
411 1486 523 1522 respicit
538 1485 663 1514 debitum
680 1485 794 1513 honoris
809 1485 905 1515 divini.
926 1489 992 1514 «est

144 1532 217 1562 enim
241 1533 322 1561 latria
342 1532 437 1561 cultus
467 1532 523 1560 Deo
545 1532 718 1566 debitus⁴»;
740 1532 787 1561 sed
810 1531 990 1565 obedientia,

145 1579 211 1617 quia
231 1580 343 1616 respicit
364 1579 490 1608 debitum
517 1579 670 1616 praecepti,
691 1582 733 1607 est
755 1579 845 1607 virtus
867 1579 992 1607 cardina-

145 1626 179 1655 lis
199 1630 328 1655 contenta
349 1626 401 1654 sub
423 1626 516 1654 debita
531 1626 647 1660 iustitia,
663 1634 716 1653 non
732 1625 901 1662 theologica:
924 1634 991 1663 ergo

144 1673 202 1710 pari
226 1674 332 1701 ratione
353 1676 380 1702 et
402 1673 461 1709 ipsa
484 1672 573 1701 latria.

222 1719 248 1748 3.
270 1720 352 1753 ltem,
373 1720 479 1748 nullius
495 1719 606 1748 virtutis
622 1719 793 1756 theologicae
815 1723 895 1747 actus
916 1720 990 1748 cadit

142 1767 195 1795 sub
217 1767 357 1795 coactione
377 1782 416 1786 —
437 1766 553 1795 credere
574 1766 646 1795 enim
664 1774 717 1794 non
740 1769 831 1803 potest
851 1766 914 1803 quis
935 1775 988 1794 non

142 1814 258 1842 volens⁵
278 1830 317 1834 —
337 1813 387 1842 sed
407 1817 487 1842 actus
509 1813 606 1841 latriae
628 1813 702 1841 cadit
724 1813 777 1841 sub
793 1813 943 1847 coactione,
959 1816 989 1841 ut

142 1861 260 1889 adorare
281 1864 309 1889 et
329 1860 414 1888 thura
434 1867 549 1897 ponere:
572 1867 639 1896 ergo
654 1859 735 1888 latria
751 1868 804 1888 non
828 1860 986 1888 continetur

143 1908 195 1937 sub
217 1915 318 1945 genere
339 1907 451 1936 virtutis
472 1907 653 1944 theologicae.
806 1912 809 1917 '

219 1955 246 1983 lt.
269 1955 352 1989 ltem,
374 1955 464 1983 omnis
486 1954 576 1982 virtus
598 1954 751 1991 theologica
774 1953 815 1982 vel
838 1958 881 1983 est
902 1954 987 1988 fides,

142 2001 185 2030 vel
207 2009 284 2038 spes,
307 2001 349 2029 vel
372 2001 489 2033 caritas;
511 2001 559 2029 sed
581 2000 662 2029 latria
684 2008 738 2028 non
761 2004 803 2029 est
825 2001 910 2034 fides,
936 2009 988 2038 pro

141 2055 174 2076 eo
195 2047 270 2085 quod
292 2055 345 2075 non
368 2047 526 2076 considerat
550 2054 690 2075 summam
722 2047 868 2076 veritatem
891 2054 987 2075 secun-

1839 195 1895 222 217

1053 269 1121 297 dum
1143 278 1188 302 se;
1210 278 1260 299 nec
1281 271 1398 301 caritas.
1420 271 1485 308 quia
1507 279 1560 299 non
1584 271 1740 300 considerat
1759 280 1898 300 summam

1055 315 1224 351 bonitatem,
1256 317 1304 345 sed
1338 318 1426 354 magis
1458 326 1596 346 summam
1625 319 1816 353 maiestatem3
1848 327 1899 348 nec

1054 369 1132 397 spes,
1155 362 1206 391 hoc
1228 367 1349 392 constat:
1372 372 1439 401 ergo
1460 368 1511 393 etc.

1369 450 1580 471 CONCLUSIO.

1054 516 1179 550 Lao-ia,
1199 519 1320 555 proprie
1342 519 1438 553 dicta,
1465 524 1505 548 est
1529 521 1625 548 virtus
1654 521 1836 555 cardinalis,
1865 522 1897 550 in

1130 572 1234 600 periero
1263 565 1427 603 propinquo
1457 567 1585 595 tusticz'ae
1617 571 1642 596 et
1668 568 1806 605 proximo
1834 569 1898 597 reli-

1129 619 1234 647 ytonzs.

1132 689 1307 717 Respoxnsso:
1331 690 1368 718 Ati
1391 691 1596 726 praedictorum
1624 693 1833 730 intelligentiam
1855 698 1896 723 est

1052 736 1218 769 notandum,
1241 737 1314 773 quod
1340 737 1402 765 licet
1423 737 1515 766 latria
1537 739 1694 768 notificetur
1710 748 1759 776 per
1774 741 1896 775 cultum,

1051 782 1109 809 sive
1131 790 1182 819 per
1209 783 1391 817 servitutem,
1424 787 1454 812 ut
1486 785 1595 813 dicatur
1618 786 1697 813 latria
1726 795 1786 815 esse
1804 788 1813 801 ⁶
1841 796 1896 816 ser-

1051 829 1141 863 vitus,
1173 829 1231 857 sive
1253 830 1346 858 cultus
1378 830 1434 858 Deo
1466 831 1591 865 debitus,
1613 836 1640 860 et
1666 833 1717 861 ista
1739 834 1795 861 duo
1816 835 1895 870 quasi

1050 883 1101 912 pro
1122 876 1220 904 eodem
1242 877 1432 913 accipiantur;
1453 877 1586 906 disserunt
1615 882 1706 908 tamen
1739 881 1894 909 secundum
1908 913 1913 918 g
1929 909 1932 925 Ι
1946 885 2037 917 Differunt

1050 923 1191 960 propriam
1227 924 1424 960 acceptionem.
1462 924 1563 953 Cultus
1598 926 1671 954 enim
1705 927 1756 954 Dei
1783 910 2039 964 rgs[)50it‡;¹,‡¹g†⁹²³⁰s·

1049 972 1142 998 actum
1166 969 1335 998 interiorem
1364 975 1391 999 et
1418 972 1608 1005 exteriorem,
1630 977 1656 1001 et
1679 973 1766 1009 magis
1789 974 1898 1002 interio-

1050 1024 1109 1044 rem
1138 1024 1223 1053 quam
1245 1017 1432 1051 exteriorem3
1463 1018 1591 1046 serviens
1623 1027 1689 1047 vero
1711 1021 1823 1057 proprie
1857 1029 1897 1049 re-

1050 1063 1129 1099 spicit
1150 1067 1243 1091 actum
1266 1064 1447 1092 exteriorem.
1471 1065 1501 1093 Et
1523 1065 1584 1093 ideo
1606 1074 1668 1094 cum
1692 1066 1784 1095 latria
1800 1068 1833 1095 de
1856 1076 1897 1095 ra-

1050 1110 1123 1138 tione
1150 1111 1192 1139 sui
1226 1111 1354 1139 vocabuli
1387 1111 1461 1140 idem
1484 1112 1519 1140 sit
1540 1113 1614 1149 quod
1636 1113 1777 1147 seruitus,
1800 1122 1896 1142 secun-

1049 1157 1117 1185 dum
1139 1158 1213 1195 quod
1237 1158 1353 1194 exponit
1368 1159 1538 1195 Augustinus
1554 1160 1579 1187 in
1598 1160 1668 1188 libro
1685 1160 1718 1189 de
1734 1161 1896 1195 Trinitate7.

1049 1204 1142 1233 latria
1162 1205 1282 1242 proprie
1303 1205 1415 1241 respicit
1430 1210 1523 1234 actum
1539 1207 1730 1240 exterabrenu
1752 1207 1893 1237 theosebia
1907 1211 1989 1253 Q''t³‡¹.a⁵⁵²
2000 1212 2026 1230 ¹³-

1050 1259 1131 1285 vero,
1165 1252 1207 1280 vel
1229 1251 1344 1280 eusebia
1376 1252 1448 1281 idem
1477 1254 1614 1290 estquod
1645 1254 1739 1282 cultus
1765 1254 1894 1289 divinus,
1970 1250 1973 1253 ’

1048 1299 1107 1326 sive
1129 1298 1219 1327 bonus
1250 1299 1358 1331 cultus,
1380 1302 1407 1327 et
1439 1299 1500 1327 ideo
1533 1300 1645 1336 proprie
1668 1301 1780 1337 respicit
1800 1305 1893 1330 actum

1048 1345 1225 1373 interiorem.
1248 1346 1279 1374 Et
1300 1347 1431 1383 quoniam
1455 1347 1559 1380 virtus,
1574 1355 1645 1383 quae
1669 1348 1780 1384 respicit
1801 1352 1893 1376 actum

1048 1391 1238 1425 exteriorem,
1261 1396 1389 1421 versatur
1414 1393 1536 1429 quodam
1560 1394 1642 1422 modo
1663 1394 1737 1422 circa
1758 1395 1893 1423 actionem

1047 1442 1074 1467 et
1095 1442 1137 1467 est
1159 1439 1183 1466 in
1207 1447 1308 1475 genere
1324 1439 1435 1467 virtutis
1455 1440 1639 1473 cardinalis³;
1663 1440 1726 1469 hinc
1747 1445 1797 1471 est.
1819 1442 1894 1477 quod
1909 1446 2035 1464 Conciusiot-

1049 1485 1128 1513 latria
1164 1488 1206 1514 est
1237 1485 1326 1514 virtus
1361 1486 1534 1514 cardinalis.
1572 1487 1602 1515 Et
1636 1488 1701 1524 qnia
1736 1488 1893 1517 considerat

1047 1536 1140 1561 actum
1173 1533 1341 1561 exteriorem
1375 1533 1428 1561 sub
1453 1534 1559 1562 ratione
1581 1533 1669 1562 ctebz'tz·
1689 1538 1715 1563 et
1738 1535 1763 1563 in
1786 1543 1894 1572 compa-

1048 1579 1153 1607 ratione
1175 1579 1216 1607 acl
1236 1579 1379 1613 alterum,
1401 1583 1428 1608 et
1443 1580 1494 1609 hoc
1509 1584 1550 1609 est
1572 1581 1658 1617 ipsius
1675 1581 1810 1616 iustitiae;
1833 1583 1894 1611 ideo
1908 1586 2006 1605 Conetusio
2016 1587 2034 1604 2-

1048 1626 1128 1654 latria
1149 1627 1306 1655 continetur
1327 1627 1380 1655 sub
1396 1627 1499 1655 virtute
1514 1628 1664 1662 cardinali,
1686 1637 1757 1665 qnae
1779 1629 1891 1666 quidem

1046 1675 1087 1701 est
1109 1672 1231 1701 iustitia.
1255 1689 1291 1692 —
1307 1673 1423 1707 Rursus,
1445 1674 1511 1710 quia
1525 1675 1631 1710 species
1649 1675 1781 1709 iustitiae,
1798 1684 1894 1704 secun-

1046 1719 1113 1747 dum
1137 1727 1220 1756 quam
1244 1720 1413 1748 ordinatur⁹
1435 1720 1468 1748 ad
1493 1721 1680 1749 venerandam
1703 1725 1831 1750 naturam
1848 1731 1892 1751 su-

1047 1766 1201 1802 periorem,
1223 1770 1265 1795 est
1286 1766 1346 1803 ipsa
1366 1766 1484 1804 religio,
1507 1767 1578 1796 sicut
1593 1768 1660 1796 dicit
1682 1769 1805 1802 Tullius;
1828 1769 1891 1798 hinc
1906 1773 2005 1809 Qvndusif·
2015 1774 2032 1795 ³,

1046 1816 1107 1847 est,
1129 1813 1202 1849 quod
1237 1812 1329 1841 latria
1350 1822 1404 1841 nou
1427 1814 1517 1842 solum
1540 1818 1582 1842 est
1604 1815 1630 1842 in
1652 1823 1753 1851 genere
1774 1798 2005 1844 vz'rczttz's‘fflmm'

1045 1863 1179 1896 tanquam
1202 1859 1226 1887 in
1256 1868 1358 1896 genere
1389 1865 1516 1894 remoto,
1534 1861 1581 1889 sed
1607 1861 1632 1889 in
1655 1869 1757 1897 genere
1780 1863 1892 1892 virtutis

1044 1906 1211 1935 cardinalis
1234 1909 1363 1944 tanquam
1381 1907 1407 1935 in
1422 1915 1523 1943 genere
1544 1907 1726 1942 suhalim-nm
1749 1909 1774 1936 in
1791 1917 1892 1945 genere

1045 1961 1112 1982 vero
1133 1953 1280 1987 iustitiae,
1302 1954 1374 1982 sicut
1406 1955 1432 1982 in
1464 1962 1566 1990 genere
1595 1955 1779 1993 propinquo:
1803 1956 1827 1984 in
1850 1964 1894 1993 ge-

1044 2007 1110 2027 nere
1134 2007 1199 2027 vero
1220 1999 1387 2037 religionis,
1412 2001 1483 2029 sicut
1505 2001 1530 2029 iu
1553 2009 1655 2037 genere
1673 2002 1821 2038 prot-imo.

1123 2046 1154 2075 Et
1176 2047 1227 2075 hoc
1248 2050 1291 2075 est
1310 2047 1385 2084 quod
1408 2047 1498 2076 innuit
1519 2049 1691 2085 Augustinus
1719 2049 1753 2078 de
1775 2049 1890 2078 Civitate
1902 2054 2031 2072 Confirwatur-

143 2193 178 2214 Η.
190 2195 212 2215 et
228 2192 288 2214 XlX.
305 2193 326 2214 in
344 2193 412 2220 Epist.
425 2192 454 2214 ad
472 2192 525 2214 Phil.
538 2199 557 2214 c.
570 2192 595 2220 3,
610 2193 630 2214 3.
641 2192 795 2215 -Httdriam
814 2193 827 2215 l.
842 2194 864 2215 in
875 2194 943 2221 Epist.
956 2193 984 2215 ad

140 2230 247 2254 Carnium
265 2231 372 2259 Magnum
390 2237 432 2260 pro
450 2231 547 2253 Nicnena
564 2225 654 2260 s'ynodo
668 2232 754 2259 pluries
766 2232 849 2260 allegat
866 2233 934 2260 Epist.
948 2232 985 2254 52.

141 2271 205 2295 (alias
222 2270 269 2298 54.)
286 2271 382 2298 Gregor.
400 2270 427 2292 Μ.
444 2270 474 2293 ad
492 2270 661 2298 Secundinum,
679 2272 701 2292 in
719 2271 785 2293 cuius
803 2271 847 2293 flue
864 2272 940 2299 agitur
957 2271 985 2293 de

140 2310 273 2332 adoratione
291 2310 434 2338 imaginum:
452 2309 516 2332 Unde
534 2310 601 2332 valde
619 2310 685 2332 nobis
702 2312 738 2332 tun
753 2311 873 2338 postulatio
885 2311 984 2338 placuit,

140 2350 193 2378 quia
211 2348 280 2372 illum
296 2350 343 2372 toto
355 2348 438 2376 corde,
458 2350 506 2372 tota
518 2348 644 2372 intentione
656 2349 765 2379 quaeris,
781 2351 846 2372 cuius
859 2350 983 2378 imaginem

141 2393 196 2416 prae
213 2389 285 2410 oculis
303 2388 387 2410 habere
405 2388 545 2411 desideras...
563 2389 626 2411 illum
639 2389 774 2417 adoramus,
792 2395 862 2418 quein
877 2395 917 2417 per
929 2390 985 2411 ima-

141 2428 217 2455 ginem
235 2430 274 2449 aut
291 2431 381 2455 natum,
404 2430 442 2449 aut
465 2433 583 2456 passum...
606 2427 763 2450 recordamur.
777 2440 806 2443 —
820 2428 861 2450 Pro
881 2427 985 2451 adorare

140 2466 173 2489 est
192 2472 246 2488 eum
263 2465 315 2488 edd.
333 2472 386 2488 cum
405 2466 518 2488 nonnullis
535 2466 602 2489 codd.
621 2466 724 2489 adorare
740 2468 774 2489 est
792 2466 874 2489 Deum.

203 2504 211 2519 ¹
228 2505 299 2532 Nam,
320 2508 344 2527 ut
361 2505 418 2527 infra
436 2505 458 2528 d.
477 2505 513 2528 37.
531 2512 551 2527 a.
570 2506 590 2527 2.
603 2512 625 2534 q.
649 2506 665 2528 Ι.
683 2512 730 2534 seq.
743 2507 875 2534 exponitur,
894 2513 984 2534 praece-

140 2547 177 2573 pta
196 2545 284 2572 primae
301 2544 391 2567 tabulae
408 2545 524 2566 hominem
547 2545 653 2567 ordinant
669 2544 702 2567 ad
723 2545 805 2568 Deum.
822 2558 852 2561 —
870 2545 923 2567 Dein
943 2552 984 2573 pro

140 2583 167 2606 (le
183 2583 284 2607 secundo
302 2583 369 2606 codd.
386 2589 440 2606 cum
458 2583 510 2606 edd.
532 2584 555 2612 t,
573 2584 586 2605 2
605 2590 726 2612 perperam
744 2583 771 2607 tle
785 2584 878 2613 primo,
903 2588 925 2607 ct
943 2591 985 2612 pro

140 2622 168 2645 ‹le
184 2622 251 2645 tercio
268 2622 319 2644 rod.
337 2623 352 2643 S
369 2622 396 2645 de
413 2622 522 2645 secundo.

202 2661 211 2676 ²
230 2661 256 2684 Ut
273 2661 339 2684 docet
355 2662 455 2689 Ariston,
474 2662 495 2683 ll.
509 2662 577 2684 Ethic.
595 2668 614 2684 c.
628 2663 648 2684 6.
666 2662 710 2684 Cl'r.
729 2663 785 2684 intra
798 2662 820 2684 d.
839 2663 875 2684 26.
888 2669 908 2684 a.
930 2663 947 2684 l.
962 2669 984 2691 q.

141 2701 161 2722 3.
179 2712 209 2716 --
227 2700 275 2722 Mox
293 2707 335 2728 pro
352 2706 400 2730 qua
416 2701 451 2723 est
466 2700 518 2722 edd.
536 2707 597 2729 quae
613 2702 653 2723 est.

201 2738 211 2753 ³
228 2738 283 2766 Cap.
301 2738 345 2761 54:
363 2738 454 2761 lustitia
471 2743 505 2761 est
531 2739 621 2761 habitus
643 2740 726 2766 animi,
749 2740 865 2761 communi
892 2740 985 2762 utilitate

140 2780 284 2804 conservata,
302 2783 367 2799 suam
380 2778 464 2806 cuique
481 2778 583 2800 tribuens
601 2778 757 2806 dignitatem...
776 2778 872 2801 Natura
890 2779 925 2799 ius
938 2781 983 2805 nst,

140 2817 202 2846 quod
220 2823 264 2839 non
282 2818 360 2845 opinio
378 2818 468 2845 genuit,
485 2817 526 2839 sod
544 2817 657 2846 quaedum
676 2818 750 2839 innata
775 2818 810 2839 vis
828 2818 936 2843 inseruit,
961 2820 984 2838 ut

141 2857 286 2884 religionem,
305 2857 434 2884 pietatem...
460 2856 547 2886 lielt'tst'o
570 2859 605 2878 est
630 2863 689 2885 quae
711 2857 838 2884 superioris
863 2856 983 2878 cuiusdam

141 2899 244 2923 naturae,
263 2901 332 2924 quam
350 2895 451 2917 divinam
470 2898 566 2923 vocant,
584 2902 663 2917 curam
681 2896 891 2923 cavrimontamque
913 2895 982 2916 alit-rt.

139 2934 242 2956 —tdem
259 2934 313 2956 dicit
330 2936 433 2962 August..
455 2935 496 2956 loc.
515 2935 550 2956 cit.
568 2941 587 2956 c.
609 2934 626 2956 1.
645 2940 666 2956 n.
688 2934 705 2956 1.
723 2938 745 2956 et
763 2934 783 2955 3.
801 2936 823 2955 ct
839 2940 858 2955 ι’.
876 2934 897 2955 3.
916 2940 936 2955 n.
956 2934 984 2960 2,

141 2973 213 2995 Deum
232 2979 312 2995 verum
331 2974 462 3000 respicii-ns.

266 3023 290 3046 S.
309 3024 397 3046 Bonan.
416 3036 445 3039 —
463 3023 529 3045 Tom.
549 3024 582 3045 lll.

1106 2192 1115 2207 ⁴
1133 2193 1265 2215 Secundum
1288 2194 1392 2221 August,
1411 2193 1439 2216 X.
1452 2193 1480 2216 de
1492 2193 1540 2216 Civ.
1560 2194 1612 2221 Dei,
1631 2200 1650 2216 c.
1673 2194 1690 2216 i.
1709 2200 1729 2216 n.
1748 2195 1768 2216 ⁴2.
1788 2195 1848 2216 Libr.
1867 2195 1890 2217 ΙΙ,

1042 2232 1071 2254 de
1089 2232 1175 2255 peccat.
1193 2233 1266 2254 merit.
1284 2235 1305 2254 ct
1317 2233 1405 2255 remiss.
1421 2236 1463 2255 etc.
1476 2239 1494 2254 c.
1508 2233 1544 2255 21.
1563 2239 1584 2254 n.
1598 2233 1634 2254 35.
1647 2233 1707 2254 idom
1725 2240 1743 2255 s.
1758 2233 1840 2255 Ductor
1857 2234 1890 2256 di-

1042 2272 1082 2299 cit,
1106 2272 1193 2299 primos
1215 2274 1321 2299 parentes
1339 2272 1385 2293 Deo
1408 2272 1515 2294 serviisse
1542 2280 1552 2291 κ
1565 2273 1647 2299 pietate
1668 2272 1825 2300 obedientiae,
1844 2279 1888 2301 qua

1042 2317 1085 2333 una
1104 2311 1184 2332 colitur
1202 2310 1262 2332 Deus
1275 2317 1295 2332 »a
1307 2323 1338 2326 ——
1356 2311 1397 2333 l’ro
1414 2310 1523 2333 mandati
1539 2311 1588 2332 Vat.
1607 2310 1724 2333 substituit
1740 2311 1888 2334 πιπιιάιιίιιηι.

1042 2351 1091 2372 lilox
1109 2357 1151 2378 pro
1168 2349 1224 2379 quia
1242 2350 1309 2372 codd.
1328 2350 1346 2372 K
1357 2350 1374 2371 U
1391 2349 1498 2372 exhibent
1514 2356 1587 2379 quae,
1607 2353 1628 2372 et
1640 2349 1738 2372 subinde
1755 2351 1806 2372 voci
1821 2356 1889 2379 prae-

1042 2388 1101 2418 cepti
1116 2390 1178 2411 solus
1195 2389 1246 2411 cod.
1265 2389 1282 2410 U
1300 2389 1423 2416 praemittit
1440 2388 1548 2410 mandati
1564 2388 1605 2411 vel.

1104 2428 1114 2442 ⁵
1131 2429 1233 2455 August..
1253 2428 1266 2449 Ι.
1285 2427 1380 2450 [lotroci.
1403 2434 1422 2449 c.
1441 2428 1477 2449 23.
1495 2434 1517 2449 n.
1536 2428 1564 2449 3:
1589 2427 1715 2456 Utrumque
1733 2427 1844 2457 [credero
1867 2433 1887 2451 et

1042 2465 1117 2495 velle]
1130 2469 1231 2488 nostrum
1245 2465 1321 2495 [es-11,
1335 2467 1386 2494 quia
1401 2472 1444 2487 non
1464 2466 1498 2493 fii,
1511 2467 1551 2487 nisi
1569 2466 1699 2488 volentibus
1717 2466 1789 2488 nohis.
1802 2478 1833 2482 —
1846 2467 1887 2488 l'ro

1041 2511 1089 2528 non
1110 2505 1191 2528 volens
1213 2505 1280 2527 codd.
1299 2505 1316 2527 U
1334 2504 1367 2533 (Κ
1392 2512 1404 2527 a
1422 2505 1522 2527 secunda
1547 2506 1630 2533 manu)
1652 2504 1700 2527 71t'si
1721 2505 1812 2533 volens,
1837 2506 1887 2527 cod.

1042 2544 1073 2566 bh
1091 2544 1181 2567 voleus.

1103 2583 1113 2597 ⁶
1131 2583 1190 2605 Multi
1215 2582 1282 2605 codd.
1305 2583 1345 2605 est.
1369 2583 1419 2605 l‘ost
1443 2582 1575 2611 Respondeo
1597 2583 1665 2605 codd.
1688 2583 1775 2606 ATbb
1801 2584 1887 2606 addunt

1041 2622 1173 2645 (licendum.

1104 2662 1113 2676 ⁷
1131 2661 1190 2683 Libr.
1210 2661 1223 2683 Ι.
1241 2668 1260 2683 ‹·.
1279 2662 1299 2682 6.
1318 2668 1338 2682 n.
1361 2661 1393 2682 13.
1415 2660 1460 2683 Ct'r.
1479 2661 1528 2682 XV.
1546 2664 1623 2683 contra
1648 2662 1766 2690 Faustum,
1784 2669 1803 2684 (τ.
1822 2664 1842 2685 9.
1866 2667 1887 2685 ct

1041 2708 1110 2729 snpra
1130 2707 1181 2728 pag.
1201 2701 1252 2726 ‘200v
1272 2704 1322 2722 nota
1343 2701 1363 2722 ⁵2..

1103 2739 1113 2753 ⁸
1132 2739 1187 2761 vitto.
1204 2745 1273 2766 supr-‘i
1292 2745 1314 2767 (1.
1335 2739 1353 2760 1.
1372 2738 1474 2761 fundam.
1498 2742 1519 2761 et
1542 2740 1597 2761 insi-a
1622 2739 1643 2761 (l.
1669 2740 1704 2761 33.
1727 2747 1749 2768 (1.
1776 2741 1793 2762 1.
1812 2741 1840 2762 ad
1865 2741 1886 2764 4.

1042 2779 1096 2800 ibid.
1117 2778 1172 2800 dul).
1194 2779 1211 2799 1.
1229 2779 1304 2805 agitur
1322 2778 1349 2799 ‹lt-
1368 2778 1457 2800 iustitia.
1477 2779 1588 2806 August,
1610 2778 1638 2800 ‹lt¹
1656 2779 1737 2801 Natura
1759 2782 1781 2801 ct
1803 2780 1885 2808 gratia,

1042 2821 1118 2839 contra
1138 2817 1211 2844 l’olng.
1229 2823 1248 2838 r.
1271 2818 1307 2838 62.
1333 2823 1354 2838 u.
1377 2816 1413 2838 72,
1431 2823 1458 2838 vx
1480 2817 1562 2844 Pelagii
1586 2817 1642 2839 libro
1665 2818 1729 2840 affirm
1751 2819 1809 2840 hanc
1831 2819 1886 2840 iiilu-

1042 2857 1066 2878 rii
1090 2857 1240 2878 senti-utinm:
1267 2856 1338 2878 Deum
1364 2859 1440 2877 autem
1466 2856 1540 2878 colere
1568 2857 1664 2879 iustitiae
1691 2858 1810 2885 proprium
1836 2859 1885 2880 oili—

1041 2892 1103 2917 cium'
1120 2898 1159 2916 vsi.

1103 2933 1112 2947 ⁰
1130 2933 1185 2955 lidii.
1208 2933 1337 2956 secitmlum
1360 2933 1428 2963 quod.
1450 2933 1553 2956 Subinde
1574 2938 1625 2962 post
1645 2934 1773 2958 ordinatur
1795 2935 1846 2957 cod.
1866 2937 1883 2964 Q

1041 2972 1133 3000 supplet
1150 2971 1226 2995 homo.

1731 3025 1759 3046 ‘28
