2166 3366
30 383 70 402 Atia
83 385 135 401 ratio.

35 714 101 739 Opinio
119 713 136 732 2⁷.

21 738 121 757 haeretica.

0 1192 1 1195 ,
22 1181 47 1200 ne
61 1181 136 1200 robatur

0 1210 3 1217 r
17 1204 48 1228 inp
58 1205 116 1224 miter.

4 1833 5 1852 ἶ
37 1837 134 1856 Sententia

3 1860 97 1880 inathen-:a
114 1864 132 1880 et

4 1885 105 1903 :conctusia

3 1923 6 1952 i
21 1929 91 1957 Duplex
103 1937 132 1951 ra-

784 157 867 185 DlST.
890 157 918 185 tt.
941 158 1013 186 ART.
1036 157 1065 185 ll.
1093 158 1229 194 QUAEST.
1251 159 1268 187 l.
1866 162 1903 191 45

152 240 201 265 ter.
234 236 336 264 Ponere
367 236 457 269 enim,
489 235 564 272 quod
595 235 722 263 Christus
744 242 856 264 carnem
878 235 994 264 habuit¹

151 283 361 320 phantasticam,
377 286 418 311 est
433 282 554 320 perfecto
569 282 722 311 attribuere
739 281 994 320 imperfectionem,

151 334 177 359 et
199 330 305 359 veritati
329 329 527 366 deceptionem.
549 329 576 357 Si
597 329 671 358 enim
695 337 792 358 verum
816 337 918 366 corpus
940 337 994 358 non

151 377 263 411 habuit,
285 377 425 414 perlectus
447 376 530 404 homo
557 384 610 405 non
632 376 841 410 fuit—Item,
858 377 880 405 si
896 384 996 405 verum

151 432 253 461 corpus
275 432 329 452 non
352 424 464 457 habuit,
488 431 552 452 vere
574 431 674 460 passus
696 431 749 451 non
766 423 834 452 fuit:
850 431 917 460 ergo
932 432 998 452 cun-

150 475 208 500 ctos
229 471 373 500 credentes
402 471 428 499 in
450 478 514 499 eum
537 470 652 507 decepit.
675 471 701 498 Si
724 470 808 507 igitur
830 471 880 499 hoc
904 470 996 499 dicere

150 522 191 548 est
212 518 300 547 Deum
326 518 409 555 impie
439 517 654 554 blasphemare,
676 520 765 554 patet,
788 517 863 554 quod
886 517 997 547 manite-

150 570 210 595 stus
230 573 309 594 error
330 568 372 594 est
393 572 510 601 ponere,
532 564 607 601 quod
635 572 732 593 verum
755 572 857 601 corpus
879 573 934 593 non
955 572 995 593 as—

150 613 295 642 sumsisset
307 611 325 639 ².

229 659 259 688 Et
280 659 341 688 ideo
363 659 408 687 alii
425 659 574 692 dixerunt,
590 658 665 696 quod
681 658 807 688 Christus
824 667 923 688 verum
939 667 997 687 cor-

150 714 203 743 pus
224 705 321 734 hahuit
343 709 369 734 et
392 713 486 734 veram
509 713 640 739 carnem;
663 705 711 734 sed
733 714 797 734 caro
814 705 860 734 illa
875 705 996 734 nonfuit

149 753 304 787 terrestris,
326 752 375 782 sed
397 753 532 782 caelestis.
555 753 592 782 De
611 753 687 782 caelo
702 753 775 781 enim
791 760 903 781 carnem
919 752 995 780 illam

148 800 274 830 attulisse
289 799 431 828 Christum
447 799 596 834 dixerunt,
612 800 677 837 quia
692 807 746 828 non
762 799 877 828 decebat
902 799 994 836 ipsum

149 847 252 876 habere
274 855 387 875 carnem
409 847 607 884 peccatricem,
640 850 698 875 tum
731 846 796 883 quia
825 846 995 882 concupiscit

149 894 285 923 adversus
307 894 456 931 spiritum,
480 897 538 923 tum
561 895 643 923 etiam
666 893 731 930 quia
752 896 895 922 auctorem
912 892 995 921 habet

148 941 300 971 diabolum.
324 942 354 970 Et
375 941 450 970 hunc
466 949 550 970 suum
565 948 690 969 errorem
707 940 816 969 munire
832 940 929 969 volunt
945 948 993 977 per

149 989 218 1018 illud
241 988 347 1026 primae
368 988 403 1017 ad
426 988 582 1016 Corinthios
597 987 705 1016 decimo
719 987 853 1024 quintoss:
871 986 995 1015 Primus

149 1035 231 1065 homo
253 1036 286 1064 de
308 1039 389 1064 terra
418 1039 567 1068 terrentis,
589 1034 734 1062 secundus
756 1033 839 1062 laonio
861 1033 894 1062 cte
915 1033 993 1062 caeto

148 1082 297 1116 caelestis;
325 1085 351 1111 et
374 1090 423 1119 pet·
445 1081 514 1110 illud
537 1081 611 1118 quod
633 1081 736 1109 dicitur
764 1081 871 1109 loannis
897 1081 993 1109 tertio:

150 1130 208 1166 ini
227 1130 261 1158 de
282 1129 359 1158 caelo
382 1129 457 1157 venit
476 1137 565 1165 super
587 1136 684 1156 omnes
705 1132 754 1156 est.
769 1145 807 1148 —
822 1128 874 1157 Sed
894 1128 938 1156 liic
953 1135 994 1156 er-

149 1185 196 1206 ror
216 1177 355 1214 pessimus
377 1179 514 1213 repugnat
536 1175 654 1203 veritati
675 1174 892 1203 incarnationis
911 1177 938 1203 et
954 1183 994 1202 re—

147 1223 332 1262 parationis:
363 1222 481 1251 veritati
503 1221 740 1255 zucco-nationi&
762 1222 827 1259 quia
849 1221 994 1255 Christus,

151 1271 304 1300 secundum
326 1270 400 1307 quod
422 1277 501 1298 sacra
519 1269 647 1306 Eloquia⁴
662 1272 815 1299 testantur.
838 1268 889 1297 fnit
905 1277 939 1297 ex
954 1277 994 1297 se-

149 1318 225 1347 mine
253 1317 350 1346 David
369 1316 529 1345 secundum
552 1324 682 1349 carnem,
704 1316 752 1353 qui
775 1320 857 1344 natus
879 1315 930 1344 fuit
958 1315 993 1344 de

149 1365 233 1394 Maria
254 1365 377 1402 Virgine,
394 1372 465 1402 quae
481 1364 531 1392 tuit
546 1363 580 1392 de
597 1363 683 1401 stirpe
699 1363 842 1391 David.—-
851 1363 994 1400 Repugnat

148 1417 242 1442 autem
264 1411 382 1440 veritati
402 1410 620 1448 reparationis,
652 1410 733 1447 quia,
765 1410 787 1438 si
820 1418 873 1438 non
897 1409 994 1438 habuit

149 1467 261 1488 carnem
283 1461 460 1491 terrestrem,
484 1457 530 1486 sed
555 1457 718 1491 caelestem,
740 1465 793 1485 non
816 1456 913 1485 habuit
935 1464 994 1494 pas-

149 1506 276 1537 sibilem:
308 1505 329 1534 si
352 1505 435 1534 etiam
457 1513 511 1533 non
534 1504 632 1533 habuit
652 1512 765 1533 carnem
788 1507 949 1532 terrestrem
964 1503 993 1538 ⁵,

148 1561 202 1582 non
235 1552 331 1581 habuit
361 1559 473 1580 carnem
504 1551 538 1580 de
571 1554 664 1579 nostro
690 1558 810 1588 genere,
832 1554 858 1579 et
880 1551 901 1579 si
924 1551 992 1579 haec

148 1608 214 1629 vera
235 1603 314 1634 sunt,
336 1607 386 1628 nec
401 1607 466 1627 vere
483 1598 656 1635 patiebatur,
672 1606 721 1627 uec
737 1598 820 1626 homo
836 1606 885 1635 pet·
901 1598 992 1635 ipsum

146 1655 212 1676 vere
234 1646 432 1676 redimebatur.
455 1646 480 1674 Si
503 1653 569 1682 ergo
591 1645 658 1673 haec
680 1645 736 1673 duo
759 1645 907 1682 impietatis
929 1648 994 1674 sunt

146 1698 173 1724 et
193 1693 394 1731 blasphemiae,
426 1692 541 1730 planum
570 1695 626 1727 est,
656 1692 730 1729 quod
754 1692 803 1721 iste
825 1692 926 1721 modus
955 1692 993 1720 di-

145 1741 223 1771 cendi
246 1741 333 1770 salsus
354 1743 396 1769 est
417 1744 444 1769 et
465 1740 622 1768 haereticus
633 1739 650 1767 ὓ.

224 1788 254 1816 Et
276 1787 337 1816 ideo
359 1791 401 1816 est
422 1787 522 1815 tertius
544 1786 644 1815 modus
666 1786 775 1815 dicendi
798 1794 882 1815 verus
903 1788 929 1814 et
951 1794 992 1814 ca-

146 1834 282 1868 tholicus,
314 1833 388 1871 quod
421 1833 548 1862 Christus
581 1841 675 1862 veram
705 1833 857 1861 humanam
879 1840 991 1861 carnem

145 1881 257 1915 habuit,
290 1881 327 1909 ita
348 1880 421 1917 quod
445 1888 509 1908 caro
533 1879 578 1908 illa
600 1883 626 1908 et
648 1887 747 1908 verum
769 1887 871 1917 corpus
892 1880 944 1908 suit
965 1883 991 1909 et

144 1935 209 1957 vere
224 1927 298 1956 carni
315 1930 426 1956 nostrae
449 1927 474 1955 in
498 1930 598 1955 natura
619 1927 779 1955 consimilis.
794 1943 833 1947 -
844 1926 901 1955 Non
916 1927 990 1955 enim

145 1975 259 2004 decebat
281 1975 308 2003 in
330 1975 388 2012 ipsa
411 1974 526 2003 veritate
543 1973 667 2003 invenire
683 1974 873 2010 deceptionem
888 1977 915 2003 et
929 1982 992 2003 ocu-

147 2022 238 2051 lorum
260 2022 493 2055 ludificationem,
515 2021 581 2058 quia
601 2021 704 2050 veritas
719 2029 773 2049 non
789 2021 865 2049 novit
886 2021 990 2050 fallere.

146 2069 197 2098 Nec
229 2069 343 2098 decebat
364 2069 392 2096 in
415 2068 615 2105 perfectissimo
637 2068 684 2097 Dei
708 2068 772 2096 Filio
794 2067 919 2097 invenire
941 2068 991 2096 im-

144 2115 364 2154 perfectionem,
380 2116 446 2153 quia
462 2115 683 2152 perfectissimus
698 2123 751 2143 non
767 2115 843 2143 novit
858 2114 990 2148 deficere,

144 2167 170 2192 et
192 2163 266 2194 ideo,
282 2162 353 2191 sicut
367 2162 534 2199 apparebat.
557 2162 595 2190 sic
619 2169 716 2190 verum
733 2170 834 2199 corpus
856 2165 883 2190 et
904 2162 991 2199 perfe-

145 2209 241 2239 ctum⁷
263 2210 296 2238 de
319 2213 413 2238 nostro
434 2217 534 2246 genere
558 2213 583 2237 et
600 2209 633 2237 de
649 2213 729 2238 utero
752 2209 847 2238 beatae
871 2210 990 2247 Virginis

205 2438 213 2453 ¹
230 2438 286 2461 Cod.
304 2439 321 2461 [ἕ
339 2438 454 2462 habuerit.
474 2440 522 2462 Mox
545 2446 586 2467 pro
601 2439 704 2469 perfecto
727 2440 795 2462 codd.
813 2440 828 2462 F
841 2441 858 2462 tt
871 2440 889 2462 Ο
903 2441 918 2462 U
935 2447 988 2469 per-

143 2478 244 2508 fectioni.

203 2517 212 2531 ²
230 2517 285 2540 Edd.
299 2517 357 2540 bene
369 2517 516 2544 assumserit,
532 2517 582 2539 cod.
598 2517 629 2540 bb
641 2517 836 2540 assumsit—tic
850 2519 884 2540 tiis
897 2518 988 2540 duabus

143 2556 278 2584 rationibus,
302 2556 387 2585 quibus
410 2556 528 2578 Marcionis
547 2556 647 2578 doctrina
677 2557 787 2579 haeretica
806 2557 924 2585 rvt'ettstur,
948 2557 987 2579 cfr.

142 2596 205 2623 lren.,
223 2596 254 2617 111.
272 2599 348 2618 contra
368 2595 459 2617 llaeres.
477 2602 496 2617 c.
515 2596 550 2617 22.
564 2596 628 2619 (alias
641 2596 687 2623 32.)
701 2602 721 2618 ti.
744 2596 760 2617 1.
779 2598 800 2618 ct
813 2596 838 2618 V.
852 2602 870 2618 c.
894 2596 910 2618 l.
927 2602 947 2618 n.
967 2597 987 2619 2.

144 2640 185 2657 nec
197 2640 240 2656 nott
259 2634 359 2662 Tei-tuit,
379 2635 433 2656 tocc.
452 2635 498 2656 citt.
713 2660 717 2662 .

203 2672 213 2688 3
231 2673 295 2696 Vers.
314 2673 349 2696 47.
363 2685 393 2689 -
405 2674 456 2702 Seq.
480 2673 562 2701 Script.
588 2674 628 2695 loc.
646 2677 680 2696 ost
704 2674 763 2696 toan.
787 2674 811 2701 3,
836 2673 873 2696 31.
892 2686 920 2689 -
938 2674 986 2697 Mox

143 2715 193 2739 post
209 2718 278 2735 error
294 2711 410 2741 pessimus
433 2712 500 2735 codd.
519 2714 535 2734 Α
550 2712 567 2734 t<
583 2711 600 2734 U
613 2712 642 2733 W
664 2711 786 2734 subiiciunt
803 2713 837 2735 est
854 2713 881 2735 et.

205 2750 214 2765 ⁴
231 2751 295 2773 Rom.
318 2752 334 2778 1,
353 2752 377 2778 3;
397 2752 455 2773 ioan.
474 2751 495 2779 7,
515 2751 554 2779 42;
574 2751 647 2773 itata).
671 2752 688 2779 t,
705 2751 737 2774 16,
756 2757 832 2780 s‹·qq.;
851 2751 903 2774 Luc.
919 2753 936 2779 l,
950 2752 985 2774 27.

142 2796 206 2819 seqq.
217 2802 249 2807 -
261 2791 328 2813 t'auto
346 2791 439 2813 interius
458 2797 500 2818 pro
517 2791 640 2820 Reptiymtl
657 2792 736 2814 (tutem
757 2791 824 2814 codd.
843 2792 859 2813 ὓ
872 2792 888 2814 11
899 2792 917 2814 Κ
929 2792 944 2814 Ζ
955 2791 986 2815 bb

143 2830 264 2859 Repuynat
279 2829 355 2852 elilim.

202 2868 211 2883 ⁵
228 2868 283 2891 Cod.
302 2869 318 2891 Κ
339 2869 402 2892 addit
419 2868 459 2892 set]
476 2868 606 2892 caelestem.

202 2907 211 2922 ⁶
228 2907 272 2930 Ctr.
296 2908 358 2935 iren.y
384 2908 414 2930 111.
433 2912 509 2931 contra
529 2908 618 2931 linet-es.
637 2915 656 2930 c.
685 2909 716 2931 16,
736 2908 800 2934 (alias
822 2909 864 2937 17.)
882 2915 945 2938 seqq.
964 2912 985 2931 ct

142 2946 233 2969 Tertitll.
252 2947 306 2969 loc-c.
322 2948 366 2970 citt.

1051 237 1183 265 assumsit
1206 237 1360 266 verissime.
1376 238 1457 266 —Et
1480 239 1674 268 concedendae
1697 243 1761 268 sunt
1783 240 1904 269 rationes

1054 284 1105 312 hoc
1127 284 1313 313 ostendentes.

1136 331 1158 358 l.
1181 331 1220 359 Ad
1250 331 1319 360 illud
1341 339 1408 368 ergo
1429 332 1505 369 quod
1527 332 1618 369 primo
1640 332 1769 362 obiicitur
1790 333 1817 361 in
1840 339 2035 366 con-sotmtoop-

1054 377 1174 406 trarium
1185 377 1209 411 ⁸,
1226 377 1391 413 dicendum,
1407 379 1481 416 quod
1496 379 1566 408 illud
1584 387 1681 408 verum
1697 384 1738 409 est
1753 380 1787 409 de
1802 388 1899 415 carne,
1916 365 2026 387 ‘mmmmm'

1054 425 1081 453 in
1101 433 1157 462 qua
1179 425 1252 462 viget
1274 426 1361 454 fomes
1382 426 1637 463 concupiscentiae,
1658 430 1684 456 et
1701 427 1763 456 talis
1778 435 1842 456 caro
1857 431 1901 457 est

1056 472 1217 508 peccatrix;
1239 470 1302 501 talis
1329 475 1423 501 autem
1446 481 1511 501 caro
1532 473 1584 502 suit
1606 474 1632 502 in
1655 474 1739 502 Adam
1762 477 1823 511 post
1845 482 1905 511 pec-

1055 523 1148 547 catum
1171 523 1198 548 et
1221 519 1248 547 in
1270 520 1389 556 posteris
1411 521 1699 557 concupiscentialiter
1721 521 1828 558 genitis.
1851 522 1904 550 Sed

1057 565 1118 594 talis
1139 574 1204 594 caro
1226 574 1281 594 non
1307 565 1359 594 suit
1380 566 1407 594 in
1430 567 1514 595 Adam
1536 570 1599 596 ante
1621 571 1781 604 peccatum,
1804 576 1854 597 nec
1876 568 1904 597 in

1055 612 1180 646 Christo,
1202 612 1249 649 qui
1273 621 1327 641 non
1350 613 1401 642 fuit
1422 617 1573 650 conceptus
1595 614 1622 642 in
1644 614 1767 650 libidine,
1783 615 1832 644 sed
1847 615 1904 653 Spi-

1055 659 1126 688 ritus
1148 659 1234 688 sancti
1269 660 1391 695 virtute;
1412 663 1439 689 et
1461 669 1511 698 pro
1534 664 1609 689 tanto
1631 662 1734 691 dicitur
1756 662 1816 691 eius
1838 671 1903 691 caro

1054 714 1115 735 esse
1136 706 1262 735 caelestis
1291 709 1318 735 et
1340 707 1434 736 venire
1456 707 1623 742 desursum,
1645 709 1710 746 quia
1731 709 1903 738 assimilatur

1054 752 1193 781 altitudini
1216 753 1356 782 humanae
1371 756 1505 788 naturae,
1520 762 1592 792 quae
1608 755 1659 783 suit
1674 755 1701 783 in
1717 756 1803 784 Adam
1817 764 1902 794 quan-

1055 802 1114 827 tum
1136 799 1171 828 ad
1193 800 1377 836 privationem
1398 801 1489 829 omnis
1511 801 1704 831 immunditiae
1716 803 1733 830 ⁹.

1133 848 1159 874 ⁹2.
1184 847 1213 875 Et
1234 854 1284 884 pet·
1300 847 1351 875 hoc
1366 850 1441 884 patet
1464 849 1607 885 responsio
1628 849 1663 877 ad
1686 857 1806 887 sequens
1828 850 1903 879 obie-

1054 896 1139 922 ctum.
1156 893 1212 922 Non
1229 894 1302 922 enim
1318 894 1421 924 dicitur
1436 894 1562 924 Christus
1578 896 1672 924 venire
1688 896 1722 925 de
1738 897 1822 931 caelo,
1838 897 1904 934 quia

1054 948 1119 968 caro
1133 940 1193 969 eius
1215 940 1391 969 descenderit
1412 941 1447 970 de
1462 942 1554 976 caelo,
1569 943 1618 971 sed
1633 943 1699 980 quia
1714 944 1817 974 missus
1832 949 1873 974 est
1888 953 1904 974 a

1055 987 1133 1015 Patre
1146 998 1152 1021 ;
1168 995 1232 1015 caro
1247 987 1321 1016 enim
1337 988 1454 1017 formata
1470 992 1511 1018 est
1526 990 1682 1018 secundum
1697 990 1820 1020 divinam
1842 1000 1904 1029 ope-

1053 1034 1189 1063 rationem
1211 1042 1309 1063 carens
1330 1035 1457 1072 originali
1473 1039 1585 1073 peccato
1600 1040 1626 1065 et
1641 1038 1715 1066 omni
1739 1038 1899 1069 rebellione.

1055 1081 1084 1109 Et
1106 1081 1132 1108 in
1156 1081 1206 1109 hoc
1222 1085 1389 1110 erraverunt
1405 1082 1479 1119 impii
1497 1083 1663 1118 Manichaei,
1680 1085 1751 1113 sicut
1766 1087 1898 1123 superius
1924 1095 1951 1114 ne
1963 1120 1965 1122 ι
1976 1096 2032 1114 iiam-

1052 1131 1195 1156 ostensum
1217 1131 1258 1157 est
1281 1129 1306 1157 in
1329 1129 1452 1158 secundo
1475 1130 1594 1164 libro¹⁰;
1617 1131 1682 1168 quia
1703 1132 1898 1168 crediderunt,
1913 1119 1983 1138 ‘mm‘

1053 1175 1128 1211 quod
1157 1183 1222 1203 caro
1253 1176 1393 1204 terrestris
1415 1176 1449 1205 de
1471 1177 1513 1205 sui
1536 1181 1637 1206 natura
1659 1184 1829 1216 repugnaret
1851 1181 1903 1218 spi-

1054 1222 1135 1256 ritui,
1168 1226 1299 1260 tanquam
1331 1223 1446 1252 liaberet
1467 1227 1559 1252 ortum
1583 1233 1598 1253 a
1621 1225 1677 1254 Deo
1700 1226 1791 1260 malo;
1819 1230 1846 1255 et
1875 1227 1902 1256 in

1053 1269 1127 1298 hunc
1160 1278 1285 1299 errorem
1318 1270 1494 1305 inciderunt,
1526 1272 1591 1309 quia
1622 1273 1781 1302 nescierunt
1807 1274 1902 1303 distin-

1054 1324 1139 1353 guere
1162 1316 1233 1345 inter
1255 1317 1359 1345 vitium
1380 1321 1407 1346 et
1430 1322 1580 1346 naturam.

1132 1363 1158 1391 3.
1180 1363 1218 1392 Ad
1241 1364 1309 1392 illud
1332 1365 1406 1401 quod
1428 1365 1574 1400 obiicitur,
1590 1366 1664 1403 quod
1680 1367 1746 1395 unio
1768 1376 1900 1406 praesup—

1053 1409 1129 1447 ponit
1152 1410 1288 1439 rationem
1319 1411 1446 1447 imaginis
1468 1411 1493 1439 in
1517 1420 1568 1440 suo
1590 1412 1707 1447 unibili;
1730 1414 1899 1450 dicendum,

1053 1457 1127 1494 quod
1151 1457 1202 1486 hoc
1223 1465 1324 1486 verum
1346 1461 1387 1486 est
1410 1458 1452 1486 vel
1475 1458 1506 1486 in
1526 1468 1573 1492 sc,
1596 1459 1639 1487 vel
1662 1460 1692 1488 in
1713 1461 1828 1489 ratione
1849 1471 2020 1490 art-nanneno.

1052 1504 1141 1538 mm,-
1173 1508 1200 1533 et
1232 1505 1360 1542 quamvis
1386 1514 1451 1534 caro
1477 1506 1600 1535 humana.
1621 1506 1652 1535 iit
1672 1516 1702 1535 se
1723 1516 1777 1537 non
1800 1509 1900 1538 habeat

1053 1551 1188 1580 rationem
1220 1551 1363 1588 imaginis,
1397 1555 1488 1581 tamen
1516 1553 1600 1581 unita
1621 1556 1662 1582 est
1683 1554 1792 1584 animae
1813 1556 1900 1585 factae

1052 1598 1087 1626 ad
1110 1598 1258 1635 imaginem
1281 1599 1338 1628 Dei.

1130 1646 1157 1673 lt.
1179 1645 1217 1674 Ad
1240 1645 1308 1674 illud
1331 1646 1405 1683 quod
1432 1646 1577 1681 obiicitur,
1610 1648 1685 1685 quod
1717 1649 1899 1678 excellentior

1051 1696 1092 1721 est
1114 1693 1202 1729 gratia
1224 1692 1334 1722 unionis
1356 1702 1440 1731 quam
1463 1694 1620 1728 fruitionis;
1642 1695 1801 1731 dicendum,
1824 1697 1899 1734 quod

1052 1747 1151 1768 verum
1172 1742 1213 1768 est
1236 1748 1285 1776 per
1313 1741 1548 1777 comparationem
1573 1742 1606 1770 ad
1631 1741 1720 1776 idem,
1742 1746 1837 1780 utpote
1863 1744 1898 1773 ad
1914 1753 2026 1772 Notandum.

1050 1787 1188 1820 animam,
1211 1794 1283 1824 quae
1304 1787 1360 1815 Deo
1381 1787 1485 1815 fruitur
1507 1791 1534 1816 et
1556 1788 1612 1817 Deo
1634 1789 1745 1823 unitur,
1768 1790 1833 1827 quia
1852 1798 1900 1819 ex-

1050 1833 1193 1862 cellentior
1215 1837 1257 1862 est
1279 1834 1368 1871 gratia
1391 1835 1501 1863 unionis
1523 1843 1607 1872 quam
1630 1836 1768 1865 fruitionis
1790 1840 1816 1865 et
1837 1845 1898 1866 eam

1050 1881 1269 1918 praesupponit3
1299 1884 1391 1910 tamen
1425 1886 1552 1919 respectu
1575 1883 1700 1920 corporis
1729 1892 1809 1912 secus
1838 1888 1897 1919 est,

1050 1928 1116 1965 quia
1147 1928 1235 1964 gratia
1263 1928 1402 1958 fruitionis
1425 1937 1478 1958 non
1500 1932 1541 1958 est
1565 1934 1628 1958 nata
1649 1938 1709 1959 esse
1732 1931 1758 1959 in
1781 1939 1898 1968 corpore

1050 1976 1108 2004 sive
1131 1975 1204 2004 circa
1226 1984 1344 2012 corpus,
1370 1984 1433 2004 cum
1455 1980 1540 2013 ponat
1561 1977 1652 2005 solum
1677 1977 1802 2006 habitum
1824 1986 1898 2007 crea-

1051 2025 1125 2057 tum,
1148 2023 1196 2059 qui
1227 2023 1311 2051 babet
1332 2022 1477 2051 habilitare
1499 2023 1650 2060 potentiam
1673 2025 1895 2061 cognoscitivam.

1049 2070 1102 2098 Sed
1125 2070 1213 2107 gratia
1236 2070 1345 2099 unionis
1366 2070 1393 2098 in
1415 2078 1532 2107 corpore
1554 2079 1608 2099 non
1624 2071 1701 2108 ponit
1714 2072 1833 2101 alicuius
1849 2071 1897 2101 litt-

1050 2116 1126 2145 bittts
1148 2116 1346 2151 collationem,
1379 2117 1428 2146 sed
1461 2117 1552 2146 solum
1585 2118 1896 2155 substantificationem

1049 2163 1137 2201 ipsius
1158 2164 1283 2200 corporis
1305 2165 1421 2193 assumti
1444 2165 1471 2193 in
1494 2166 1637 2202 persona¹¹
1654 2166 1760 2200 divina,
1783 2166 1854 2195 sicut
1869 2166 1896 2195 in

1049 2210 1204 2248 hypostasi,
1227 2218 1299 2248 quae
1320 2211 1433 2248 quidem
1453 2215 1494 2240 est
1515 2219 1549 2240 ex
1575 2219 1651 2240 mera
1672 2215 1698 2241 et
1714 2213 1834 2249 gratuita
1850 2213 1895 2241 bo-

1109 2441 1118 2455 ⁷
1137 2441 1187 2463 Post
1202 2440 1331 2470 perfectam
1346 2441 1412 2463 codd.
1426 2442 1443 2463 G
1454 2441 1471 2463 Η
1482 2441 1500 2463 tt
1512 2441 1527 2462 Z
1546 2442 1648 2463 inserunt
1665 2442 1693 2464 et.

1108 2479 1117 2493 8
1134 2479 1188 2502 flod.
1208 2479 1239 2502 bb
1256 2480 1348 2507 supplet
1365 2479 1428 2509 quod
1445 2485 1503 2503 caro
1522 2479 1666 2509 concupiscit
1683 2481 1725 2503 etc.

1108 2518 1117 2532 ⁰
1135 2518 1179 2540 tltr.
1198 2518 1254 2540 inti-a
1273 2518 1294 2540 d.
1313 2518 1333 2540 3.
1352 2525 1373 2546 p.
1393 2519 1417 2540 tt.
1435 2525 1454 2541 a.
1474 2519 1494 2540 2.
1512 2525 1534 2547 q.
1557 2519 1574 2547 l,
1592 2522 1613 2541 ct
1630 2520 1733 2547 August„
1752 2520 1851 2542 Emit-rat.
1871 2521 1893 2542 in

1046 2557 1080 2579 Ps.
1098 2557 1134 2579 50.
1154 2563 1173 2579 u.
1197 2558 1234 2585 10;
1253 2557 1279 2579 V.
1295 2561 1372 2579 contra
1393 2558 1469 2579 Iulian.
1490 2558 1601 2586 t'clogian.
1621 2564 1639 2580 c.
1667 2558 1698 2580 l5.
1721 2565 1741 2580 n.
1760 2558 1796 2580 554,
1820 2565 1891 2588 seqq„

1045 2595 1082 2618 ubi
1101 2597 1168 2617 ctiam
1187 2596 1272 2618 videsis
1285 2596 1313 2618 tle
1331 2597 1480 2624 responsione
1498 2596 1525 2619 ad
1544 2603 1592 2626 seq.
1610 2596 1734 2620 obiectum.

1109 2634 1127 2648 ¹⁰
1144 2635 1197 2657 Dist.
1221 2635 1237 2657 1.
1252 2642 1273 2663 p.
1292 2635 1306 2657 1.
1324 2642 1343 2657 n.
1362 2636 1382 2658 2.
1400 2642 1422 2664 q.
1446 2636 1466 2663 l,
1479 2635 1502 2658 d.
1518 2636 1556 2658 31.
1574 2643 1594 2658 a.
1610 2637 1628 2658 1.
1642 2643 1663 2665 q.
1686 2637 1702 2658 t.
1721 2637 1742 2659 iti
1760 2643 1823 2665 corp.
1836 2640 1858 2659 ct
1870 2637 1891 2660 d.

1045 2673 1081 2696 34.
1095 2681 1113 2696 a.
1133 2674 1152 2696 rt.
1170 2681 1191 2703 q.
1215 2675 1232 2696 1.
1244 2687 1272 2690 -
1283 2675 1331 2697 Mox
1349 2681 1390 2703 pro
1403 2674 1430 2698 de
1446 2674 1485 2698 siti
1500 2676 1589 2698 natura
1602 2675 1670 2698 codd.
1688 2676 1703 2697 F
1713 2676 1729 2698 G
1741 2676 1758 2698 li
1770 2677 1786 2698 tt
1799 2677 1814 2698 L
1825 2677 1867 2705 DQ
1877 2677 1892 2699 Z

1045 2713 1071 2736 cle
1088 2714 1177 2737 natura
1195 2720 1249 2736 sitit.

1109 2752 1124 2766 ¹¹
1146 2753 1194 2775 Vnt.
1211 2753 1308 2775 natura.
1327 2753 1395 2775 Paulo
1407 2754 1513 2781 superius
1530 2754 1611 2776 carlom
1630 2754 1679 2776 Vnt.
1698 2761 1740 2782 pro
1757 2754 1890 2784 coquos-etti-

1044 2798 1098 2814 rttm
1115 2791 1230 2814 substituit
1248 2790 1412 2815 intellectivam
1424 2795 1444 2814 et
1459 2792 1511 2815 dein
1530 2792 1762 2823 sustentifictttt'onrm
1780 2800 1822 2822 pro
1839 2793 1890 2817 siti)-

1043 2829 1254 2860 stautt'fientimiem.
1270 2831 1338 2853 t‘auto
1351 2831 1444 2853 inivi-ius
1462 2837 1503 2859 pro
1515 2831 1576 2855 sicut
1588 2831 1611 2855 in
1626 2831 1747 2862 hypostasi
1763 2833 1830 2855 codd.
1844 2833 1861 2854 Μ
1873 2833 1891 2855 Ο

1043 2869 1090 2893 sire
1108 2869 1130 2892 in
1143 2869 1271 2899 hypostasi.
1283 2882 1315 2887 -—
1326 2870 1357 2893 De
1375 2870 1453 2894 habitu
1467 2875 1554 2900 creato,
1573 2872 1696 2899 potentiam
1710 2873 1889 2900 cognosiritivam

1043 2908 1183 2936 habilitanto,
1203 2909 1255 2931 vido
1274 2910 1330 2932 itist'tt
1348 2910 1369 2932 d.
1392 2909 1424 2932 lsi.
1444 2917 1462 2932 a.
1486 2911 1502 2933 1.
1521 2918 1543 2940 q.
1565 2912 1582 2933 1.
1601 2917 1666 2940 seqq.
