2166 3366
739 223 820 250 DtST.
843 223 907 251 XlX.
930 224 1002 252 ΛΒΤ.
1026 223 1042 252 i.
1064 224 1198 260 Qttxtts'r.
1222 225 1238 252 l.
1808 227 1864 257 309

414 352 850 402 COMMENTARIUS
885 355 945 402 IN
979 330 1416 405 DISTINOTIONEM
1450 358 1566 406 XIX.

226 468 269 500 De
295 467 500 512 redemptione
527 473 651 504 nostra,
679 468 754 519 sarta
782 481 835 514 per
860 471 1033 514 passionem
1061 472 1193 512 Christi⁷
1221 472 1322 517 quoad
1348 473 1511 506 ellicaciam
1539 479 1566 507 et
1594 474 1759 509 utilitatem.

502 573 587 602 Nune
609 574 701 611 vyitnr
723 584 920 612 quaeramus,
943 578 1084 614 quomodo
1105 586 1156 614 per
1178 582 1297 606 mortem
1321 579 1415 615 amitas·
1436 583 1486 608 etc.

851 675 972 703 DlVlSlO
994 675 1130 705 TEXTUS.

196 782 286 820 Supra
308 782 362 818 egit
384 782 511 818 Magister
533 782 567 811 de
589 783 689 811 Christi
724 784 910 814 incarnatione
936 789 962 814 et

119 829 154 858 de
176 829 234 863 his,
256 828 411 857 secundum
435 836 506 866 quae
530 829 681 858 incarnatio
697 830 816 859 hahebat
837 832 960 860 ordinari

117 876 151 905 ad
175 879 296 904 nostram
321 875 535 912 reparationem.
559 876 585 903 ln
602 876 653 904 hac
669 884 735 905 vero
757 881 834 914 parte
856 879 912 914 agit
927 879 961 907 de

118 922 309 959 redemptione
331 926 440 953 nostra.
461 930 533 959 quae
555 923 625 950 t'aota
647 927 688 951 est
717 932 766 960 per
795 925 960 961 passionem.

117 968 257 998 Dividitur
277 971 371 997 antem
402 968 452 996 ista
485 976 550 1005 pars
583 969 608 996 iu
631 969 702 998 duas
723 974 824 1006 partes.
847 971 874 999 ln
897 979 961 1007 qua-

118 1023 180 1044 rum
203 1015 294 1053 prima
314 1015 370 1052 agit
391 1015 425 1044 de
447 1015 548 1043 Christi
573 1016 707 1052 passione.
732 1017 759 1044 ln
781 1018 904 1045 secunda
926 1018 960 1046 de

118 1066 221 1097 morte,
243 1070 314 1099 quae
336 1066 481 1090 consecuta
509 1066 550 1090 est
583 1063 754 1098 passionem,
786 1063 960 1093 distinction«,-

117 1109 250 1146 vigesima
272 1108 378 1146 prima:
394 1109 465 1136 Post
478 1109 632 1145 praedicta
647 1109 894 1138 eonsttteramtmn
910 1115 960 1143 est,

116 1160 219 1184 utrum
245 1155 276 1184 in
298 1159 388 1184 morte
409 1158 460 1183 etc.
484 1155 574 1183 Prima
596 1164 661 1192 pars
683 1156 819 1184 dividitur
841 1157 866 1184 in
890 1157 961 1185 duas

115 1205 218 1240 partes.
247 1202 275 1231 ln
301 1210 421 1239 quarum
444 1202 534 1239 prima
555 1202 666 1239 agitur¹
690 1203 723 1231 de
755 1203 875 1232 efficacia
901 1205 961 1233 eius

116 1252 143 1278 et
172 1248 299 1278 utilitate.
322 1249 349 1277 ln
372 1248 495 1277 secunda
518 1256 583 1277 vero
611 1250 703 1286 agitur
725 1250 759 1278 de
781 1252 960 1287 congruentia

115 1299 142 1324 et
163 1295 342 1330 necessitate,
365 1295 433 1324 intra
456 1295 631 1324 distinetione
655 1296 801 1332 vigesima:
834 1297 868 1325 ,st
895 1306 960 1325 vero

115 1341 289 1380 quaeritur,
313 1345 414 1370 utrum
435 1341 494 1370 atio
516 1342 600 1370 modo
618 1342 712 1378 possit
732 1347 782 1371 etc.

194 1389 285 1417 l'rima
301 1396 378 1425 pars,
393 1396 465 1426 quae
486 1389 607 1417 continet
623 1393 796 1425 praesentem
812 1390 961 1419 distinetio-

115 1442 195 1470 nem,
217 1435 353 1464 dividitur
375 1435 400 1464 in
433 1435 504 1463 duas
532 1438 633 1472 partes.
667 1436 693 1464 ln
727 1444 846 1473 quarum
870 1437 959 1474 prima

114 1482 207 1519 agitur
228 1482 262 1511 de
284 1481 405 1511 efficacia
427 1482 570 1519 passionis.
593 1483 620 1510 ln
643 1483 764 1511 secunda
781 1491 846 1512 vero
867 1484 959 1521 agitur

115 1528 149 1557 de
172 1536 289 1566 persona
311 1528 512 1566 redemptoris,
535 1529 586 1566 ibi:
615 1529 693 1558 l'mle
721 1530 779 1567 ipse
807 1539 869 1558 vere
890 1531 959 1559 diei-

115 1579 165 1605 tur
186 1576 292 1605 mundi
313 1576 485 1613 redemptor.
508 1576 597 1604 Prima
614 1585 680 1614 pars
695 1577 830 1605 dividitur
845 1578 870 1605 in
894 1586 959 1614 qna-

1021 788 1084 814 tuor
1107 789 1207 822 partes.
1230 786 1256 815 ln
1279 786 1369 823 prima
1400 788 1520 816 ostendit
1553 787 1703 817 efficaciam
1727 790 1863 826 passionis

1020 833 1046 860 in
1070 833 1231 861 remissione
1253 837 1438 869 peccatorum.
1461 834 1487 861 ln
1510 834 1632 863 secunda
1655 843 1721 864 vero
1743 836 1769 864 in
1792 837 1864 865 [lele-

1020 878 1091 908 tione
1113 879 1383 917 chirographorum,
1407 880 1458 909 ihi:
1483 881 1582 919 ltaque
1610 882 1641 909 in
1664 881 1775 911 Clo-isli
1797 892 1863 912 sccu-

1016 926 1122 963 gyaine,
1144 927 1196 964 (μα’
1216 927 1300 955 soluit
1330 936 1405 965 quae
1436 936 1493 956 non
1524 928 1626 965 rapuit
1648 933 1698 957 etc.
1722 929 1748 957 lu
1783 930 1861 958 tertia

1020 981 1086 1001 vero
1112 973 1138 1001 in
1162 973 1322 1002 liberatione
1343 982 1360 1002 a
1385 977 1518 1011 potestate
1540 975 1659 1007 diaboli,
1680 976 1729 1004 ibi:
1752 977 1862 1005 Faetus

1018 1023 1058 1046 est
1080 1019 1171 1056 z'qttur
1193 1019 1275 1048 liomo
1296 1021 1438 1049 mortalis.
1462 1021 1488 1049 ln
1511 1025 1610 1058 quarta
1637 1022 1662 1050 in
1688 1023 1862 1052 absolutione

1019 1066 1122 1103 percuti
1134 1067 1151 1101 ²,
1175 1067 1226 1095 ibi:
1244 1068 1266 1095 A
1285 1076 1344 1105 qua
1357 1068 1476 1104 poena?
1507 1068 1673 1106 'temporali
1689 1073 1714 1097 et
1733 1073 1862 1098 aeterna.

1097 1112 1229 1141 Similiter
1244 1114 1365 1142 secunda
1386 1122 1452 1151 pars
1468 1115 1628 1151 principalis
1642 1118 1763 1153 quatuor
1779 1116 1862 1145 habet

1020 1162 1120 1195 partes.
1137 1158 1165 1187 ln
1182 1167 1302 1196 quarum
1320 1160 1409 1196 prima
1424 1161 1591 1189 determinat
1606 1162 1742 1198 Magister,
1758 1162 1863 1200 quare³

1018 1204 1120 1232 dicitur
1144 1205 1312 1243 redemptor.
1334 1206 1360 1234 ln
1394 1207 1533 1238 secunda.
1566 1216 1653 1245 quare
1684 1208 1787 1237 dicitur
1808 1217 1862 1238 me-

1019 1251 1124 1285 diator,
1157 1251 1212 1280 ibi:
1237 1253 1296 1288 Qui
1324 1253 1404 1282 solus
1435 1254 1545 1283 dieitur
1576 1255 1720 1284 mediator
1752 1259 1802 1284 etc.
1834 1257 1860 1284 ln

1019 1298 1099 1326 tertia
1121 1306 1201 1333 vero,
1223 1307 1310 1336 quare
1332 1300 1409 1329 solus
1424 1300 1508 1330 Filius
1523 1301 1625 1330 dicitur
1641 1301 1785 1336 mediator,
1808 1302 1860 1331 ibi:

1018 1345 1074 1373 Sed
1093 1354 1159 1373 eam
1180 1350 1300 1382 peecata
1321 1346 1412 1376 deleat
1445 1356 1502 1376 non
1530 1348 1610 1376 solus
1639 1348 1734 1377 Filius
1759 1354 1810 1378 ete.
1833 1350 1861 1378 ln

1017 1395 1132 1428 quarta,
1155 1393 1309 1421 secundnm
1329 1401 1413 1430 quam
1435 1398 1564 1423 naturam
1586 1395 1687 1424 dicitnr
1709 1396 1860 1431 mediator,

1019 1438 1070 1467 ibi:
1098 1439 1177 1467 Unde
1197 1444 1222 1467 et
1243 1440 1387 1468 mediator
1408 1441 1518 1469 dieitur
1545 1442 1706 1470 seeundum
1728 1442 1862 1472 humani-

1018 1488 1112 1513 tatem.
1137 1486 1346 1516 Subdivisiones
1366 1491 1459 1516 autem
1482 1489 1603 1525 partium
1626 1489 1652 1517 in
1682 1489 1771 1528 littera
1794 1491 1861 1519 satis

1016 1535 1159 1569 apparent.

764 1675 948 1703 TRtCTA'rtO
970 1676 1211 1712 QUxilsrioxtiM.

193 1773 231 1802 Ad
254 1773 463 1809 intelligentiam
486 1777 579 1802 autem
603 1774 687 1802 huius
703 1774 789 1810 partis
804 1774 898 1803 incidit
915 1774 957 1803 hie

114 1820 239 1857 quaestio
260 1820 334 1849 circa
356 1820 420 1849 duo.

194 1867 285 1895 Primo
306 1868 379 1896 enim
402 1867 548 1905 quaeritur
569 1868 603 1896 de
625 1867 746 1896 efficacia
768 1868 910 1904 passionis.

193 1913 320 1942 Secundo
342 1921 408 1942 vero
430 1914 576 1951 quaeritur
604 1914 638 1943 de
667 1922 784 1951 persona
806 1915 959 1951 redempto-

114 1960 154 1989 ris
174 1964 202 1989 et
223 1960 392 1989 mediatoris.

194 2007 271 2036 Circa
284 2007 407 2044 primum
421 2011 597 2045 quaeruntur
612 2012 733 2045 quatuor
748 2008 824 2036 iuxta
841 2016 873 2036 ea
888 2016 958 2045 quae

115 2054 214 2092 prius*
237 2058 308 2083 tacta
329 2057 402 2083 sunt.

195 2101 286 2129 Primo
307 2101 469 2139 quaeritur,
492 2105 587 2130 utrum
605 2109 654 2138 per
669 2101 823 2138 passionem
840 2101 887 2129 siat
901 2108 961 2137 pec-

1015 1778 1140 1803 catorum
1163 1775 1297 1804 remissio.

1093 1822 1220 1851 Secundo
1252 1831 1318 1852 vero
1349 1824 1509 1860 quaeritur.
1535 1829 1630 1854 utrum
1654 1826 1700 1854 siat
1722 1827 1861 1864 chirogra-

1016 1868 1134 1905 phorum
1157 1869 1266 1897 deletio.

1094 1915 1185 1944 Tertio
1205 1916 1365 1952 quaeritur,
1388 1921 1482 1946 utrum
1513 1926 1563 1955 per
1585 1920 1671 1956 ipsam
1694 1920 1741 1949 fiat
1764 1921 1861 1950 libera-

1017 1961 1053 1989 tio
1074 1969 1090 1989 a
1112 1965 1245 1998 potestate
1267 1963 1377 1992 diaboli.

1094 2009 1198 2045 Quarto
1218 2010 1379 2046 quaeritur,
1408 2014 1503 2039 utrum
1530 2020 1579 2049 per
1605 2012 1692 2050 ipsam
1716 2014 1762 2043 fiat
1783 2015 1861 2043 ahso-

1017 2054 1085 2082 lutio
1106 2062 1122 2082 a
1143 2063 1231 2092 poena
1253 2056 1365 2092 peccati.

847 2199 1081 2232 ARTICULUS
1107 2200 1128 2232 I.

737 2306 776 2333 De
798 2305 929 2342 efficacia
948 2305 1098 2341 passionis
1120 2305 1237 2334 Christi.

888 2402 1049 2438 Qoxesrio
1070 2402 1087 2430 ι.

522 2503 626 2531 Utrum
646 2511 697 2539 per
716 2501 882 2538 passionem
906 2499 1016 2529 Clo-isa
1035 2500 1089 2537 fiat
1110 2501 1243 2529 remissio
1257 2507 1454 2538 pec-eatorwn.

195 2600 272 2629 Circa
289 2601 410 2637 primum
426 2601 465 2630 sic
482 2601 642 2637 proceditur
653 2604 678 2628 et
694 2599 847 2637 quaeritur,
862 2602 957 2627 utrum

116 2654 166 2683 per
188 2646 343 2683 passionem
367 2647 466 2676 Christi
490 2647 536 2675 liat
558 2647 684 2675 remissio
713 2649 899 2682 peccatorum.
929 2645 959 2673 Et

115 2693 190 2730 quod
212 2694 266 2728 sic,
289 2694 407 2723 videtur.

198 2741 221 2768 t.
244 2740 420 2778 Apocalypsis
451 2740 582 2777 primo⁵:
611 2739 693 2767 Lavit
720 2747 773 2766 *nos
797 2747 816 2766 a
833 2738 960 2775 peccatis

1015 2599 1124 2626 nostris
1145 2599 1174 2627 in
1196 2600 1340 2637 sanquine
1360 2609 1434 2633 suo:
1455 2601 1503 2630 sed
1522 2606 1642 2639 peecata
1663 2603 1780 2632 abluere
1801 2613 1854 2633 non
1864 2616 1997 2636 rur-ameum.

1017 2649 1058 2673 est
1086 2646 1160 2674 aliud
1184 2655 1267 2683 quam
1295 2652 1415 2684 peecata
1436 2649 1580 2677 remittere
1607 2650 1665 2679 sive
1689 2651 1856 2680 iustificare:

1017 2700 1083 2729 ergo
1110 2700 1125 2720 a
1154 2693 1280 2729 passione
1309 2698 1349 2722 est
1377 2699 1553 2731 peccatorum
1582 2697 1708 2726 remissio
1733 2701 1759 2726 et.
1784 2697 1860 2727 iusti-

1017 2738 1115 2767 ficatio.

180 2885 187 2899 ¹
206 2884 262 2908 Cod.
279 2886 298 2907 G
316 2886 363 2914 hic,
380 2889 402 2908 et
419 2887 440 2908 in
458 2892 523 2914 seqq.
536 2891 588 2907 enm
602 2884 651 2906 rod.
664 2885 681 2905 ti
695 2885 762 2906 etiam
774 2884 810 2906 alii
822 2883 889 2906 codd.
901 2883 957 2913 ayit.

178 2923 188 2938 ²
205 2924 260 2946 Edd.
279 2923 302 2946 in
319 2924 435 2947 solutione
451 2924 525 2953 pretii.

179 2962 189 2976 ³
207 2962 262 2984 Eud.
281 2963 387 2991 supplent
405 2963 512 2986 Christus
529 2966 549 2985 et
573 2962 641 2990 pzmlo
663 2962 756 2983 interius
779 2967 820 2989 pro
837 2961 903 2984 solus
920 2961 958 2984 Fi-

117 3001 163 3024 lius
180 3002 286 3024 exhibent
303 3002 368 3025 solus
386 3002 500 3025 ctu-istus.

1078 2883 1086 2898 ⁴
1105 2885 1125 2906 ln
1145 2885 1255 2907 divisione
1274 2889 1346 2908 textus
1371 2888 1438 2909 huius
1456 2887 1507 2909 dist.
1525 2900 1556 2904 —
1573 2888 1621 2910 Mox
1647 2890 1697 2911 voci
1722 2889 1857 2918 passionem

1014 2923 1068 2945 edd.
1085 2923 1212 2950 adiungunt
1230 2923 1322 2947 Clo-isti.

1078 2961 1087 2975 ⁵
1104 2963 1167 2984 Yet-s.
1184 2962 1206 2984 5.
1223 2975 1252 2978 -
1271 2963 1291 2985 ln
1309 2963 1398 2986 'minori
1414 2970 1456 2992 pro
1473 2964 1568 2988 abluere
1583 2965 1636 2988 rod.
1654 2966 1671 2988 U
1685 2965 1773 2994 lavare,
1788 2967 1855 2989 codd.

1014 3003 1031 3023 (i
1044 3001 1060 3023 ll
1072 3001 1077 3022 l
1088 3001 1103 3022 L
1114 3001 1131 3022 T
1143 3001 1161 3023 V
1171 3001 1187 3022 Z
1204 3008 1229 3023 aa
1248 3001 1374 3025 absolvere.
