<?xml version="1.0" encoding="UTF-8"?>
<!DOCTYPE html PUBLIC "-//W3C//DTD XHTML 1.0 Transitional//EN"
    "http://www.w3.org/TR/xhtml1/DTD/xhtml1-transitional.dtd">
<html xmlns="http://www.w3.org/1999/xhtml" xml:lang="en" lang="en">
 <head>
  <title>
</title>
<meta http-equiv="Content-Type" content="text/html;charset=utf-8" />
  <meta name='ocr-system' content='tesseract 3.04.00' />
  <meta name='ocr-capabilities' content='ocr_page ocr_carea ocr_par ocr_line ocrx_word'/>
</head>
<body>
  <div class='ocr_page' id='page_1' title='image "./doctorisseraphic03bona_0016.png"; bbox 0 0 2166 3366; ppageno 0'>
   <div class='ocr_carea' id='block_1_1' title="bbox 294 177 1283 209">
    <p class='ocr_par' dir='ltr' id='par_1_1' title="bbox 294 177 1283 209">
     <span class='ocr_line' id='line_1_1' title="bbox 294 177 1283 209; baseline -0.011 8"><span class='ocrx_word' id='word_1_1' title='bbox 294 182 326 209; x_wconf 85' lang='lat' dir='ltr'>tv</span> <span class='ocrx_word' id='word_1_2' title='bbox 1041 177 1283 206; x_wconf 67' lang='lat' dir='ltr'>PROLEGOMENA</span> 
     </span>
    </p>
   </div>
   <div class='ocr_carea' id='block_1_2' title="bbox 285 256 1135 1084">
    <p class='ocr_par' dir='ltr' id='par_1_2' title="bbox 288 256 1135 666">
     <span class='ocr_line' id='line_1_2' title="bbox 291 256 1135 286; baseline -0.006 -5"><span class='ocrx_word' id='word_1_3' title='bbox 291 259 420 286; x_wconf 83' lang='lat' dir='ltr'>praedictas</span> <span class='ocrx_word' id='word_1_4' title='bbox 436 259 604 281; x_wconf 76' lang='lat' dir='ltr'>controversias</span> <span class='ocrx_word' id='word_1_5' title='bbox 625 258 739 280; x_wconf 82' lang='lat' dir='ltr'>interdum</span> <span class='ocrx_word' id='word_1_6' title='bbox 758 258 873 285; x_wconf 81' lang='lat' dir='ltr'>spinosas,</span> <span class='ocrx_word' id='word_1_7' title='bbox 892 262 990 285; x_wconf 86' lang='lat' dir='ltr'>quarum</span> <span class='ocrx_word' id='word_1_8' title='bbox 1009 256 1086 278; x_wconf 90' lang='lat' dir='ltr'>notitia</span> <span class='ocrx_word' id='word_1_9' title='bbox 1103 261 1135 277; x_wconf 87' lang='lat' dir='ltr'>re-</span> 
     </span>
     <span class='ocr_line' id='line_1_3' title="bbox 291 301 1134 335; baseline -0.007 -7"><span class='ocrx_word' id='word_1_10' title='bbox 291 307 399 335; x_wconf 81' lang='lat' dir='ltr'>quiritur,</span> <span class='ocrx_word' id='word_1_11' title='bbox 418 309 443 329; x_wconf 90' lang='lat' dir='ltr'>ut</span> <span class='ocrx_word' id='word_1_12' title='bbox 459 310 519 329; x_wconf 87' lang='lat' dir='ltr'>recte</span> <span class='ocrx_word' id='word_1_13' title='bbox 538 306 565 328; x_wconf 86' lang='lat' dir='ltr'>de</span> <span class='ocrx_word' id='word_1_14' title='bbox 583 305 684 327; x_wconf 82' lang='lat' dir='ltr'>doctrina</span> <span class='ocrx_word' id='word_1_15' title='bbox 703 305 724 326; x_wconf 99' lang='lat' dir='ltr'>S.</span> <span class='ocrx_word' id='word_1_16' title='bbox 748 304 852 325; x_wconf 88' lang='lat' dir='ltr'>Doctoris</span> <span class='ocrx_word' id='word_1_17' title='bbox 876 302 1003 328; x_wconf 77' lang='lat' dir='ltr'>iudicetur3</span> <span class='ocrx_word' id='word_1_18' title='bbox 1029 301 1090 323; x_wconf 87' lang='lat' dir='ltr'>unde</span> <span class='ocrx_word' id='word_1_19' title='bbox 1112 302 1134 322; x_wconf 94' lang='lat' dir='ltr'>in</span> 
     </span>
     <span class='ocr_line' id='line_1_4' title="bbox 290 348 1135 380; baseline -0.009 -4"><span class='ocrx_word' id='word_1_20' title='bbox 290 354 382 376; x_wconf 80' lang='lat' dir='ltr'>scholiis</span> <span class='ocrx_word' id='word_1_21' title='bbox 398 356 420 376; x_wconf 86' lang='lat' dir='ltr'>et</span> <span class='ocrx_word' id='word_1_22' title='bbox 438 354 496 375; x_wconf 85' lang='lat' dir='ltr'>notis</span> <span class='ocrx_word' id='word_1_23' title='bbox 513 353 599 380; x_wconf 86' lang='lat' dir='ltr'>passim</span> <span class='ocrx_word' id='word_1_24' title='bbox 622 350 785 379; x_wconf 73' lang='lat' dir='ltr'>praecedentes</span> <span class='ocrx_word' id='word_1_25' title='bbox 802 349 831 371; x_wconf 89' lang='lat' dir='ltr'>de</span> <span class='ocrx_word' id='word_1_26' title='bbox 848 348 997 375; x_wconf 81' lang='lat' dir='ltr'>Christologia</span> <span class='ocrx_word' id='word_1_27' title='bbox 1015 348 1135 375; x_wconf 73' lang='lat' dir='ltr'>opiniones</span> 
     </span>
     <span class='ocr_line' id='line_1_5' title="bbox 290 394 1134 429; baseline -0.009 -6"><span class='ocrx_word' id='word_1_28' title='bbox 290 402 414 429; x_wconf 75' lang='lat' dir='ltr'>tetigimus.</span> <span class='ocrx_word' id='word_1_29' title='bbox 432 401 475 428; x_wconf 79' lang='lat' dir='ltr'>Qui</span> <span class='ocrx_word' id='word_1_30' title='bbox 494 400 559 428; x_wconf 88' lang='lat' dir='ltr'>plura</span> <span class='ocrx_word' id='word_1_31' title='bbox 577 398 692 421; x_wconf 77' lang='lat' dir='ltr'>desiderat</span> <span class='ocrx_word' id='word_1_32' title='bbox 713 397 779 419; x_wconf 83' lang='lat' dir='ltr'>adeat</span> <span class='ocrx_word' id='word_1_33' title='bbox 804 396 942 418; x_wconf 71' lang='lat' dir='ltr'>recentiores</span> <span class='ocrx_word' id='word_1_34' title='bbox 962 394 991 417; x_wconf 89' lang='lat' dir='ltr'>de</span> <span class='ocrx_word' id='word_1_35' title='bbox 1008 395 1078 417; x_wconf 88' lang='lat' dir='ltr'>rebus</span> <span class='ocrx_word' id='word_1_36' title='bbox 1101 400 1134 416; x_wconf 87' lang='lat' dir='ltr'>ec-</span> 
     </span>
     <span class='ocr_line' id='line_1_6' title="bbox 290 442 1134 472; baseline -0.011 -1"><span class='ocrx_word' id='word_1_37' title='bbox 290 449 420 471; x_wconf 86' lang='lat' dir='ltr'>clesiasticis</span> <span class='ocrx_word' id='word_1_38' title='bbox 438 447 506 469; x_wconf 88' lang='lat' dir='ltr'>medii</span> <span class='ocrx_word' id='word_1_39' title='bbox 524 447 575 468; x_wconf 82' lang='lat' dir='ltr'>aevi</span> <span class='ocrx_word' id='word_1_40' title='bbox 593 448 709 471; x_wconf 74' lang='lat' dir='ltr'>auctores,</span> <span class='ocrx_word' id='word_1_41' title='bbox 728 445 785 466; x_wconf 87' lang='lat' dir='ltr'>inter</span> <span class='ocrx_word' id='word_1_42' title='bbox 803 449 862 472; x_wconf 86' lang='lat' dir='ltr'>quos</span> <span class='ocrx_word' id='word_1_43' title='bbox 874 449 929 471; x_wconf 86' lang='lat' dir='ltr'>prae</span> <span class='ocrx_word' id='word_1_44' title='bbox 943 442 1024 464; x_wconf 78' lang='lat' dir='ltr'>ceteris</span> <span class='ocrx_word' id='word_1_45' title='bbox 1041 442 1134 469; x_wconf 87' lang='lat' dir='ltr'>copiose</span> 
     </span>
     <span class='ocr_line' id='line_1_7' title="bbox 289 488 1133 524; baseline -0.015 -2"><span class='ocrx_word' id='word_1_46' title='bbox 289 499 318 522; x_wconf 90' lang='lat' dir='ltr'>de</span> <span class='ocrx_word' id='word_1_47' title='bbox 335 498 421 521; x_wconf 83' lang='lat' dir='ltr'>eisdem</span> <span class='ocrx_word' id='word_1_48' title='bbox 440 499 548 524; x_wconf 83' lang='lat' dir='ltr'>tanquam</span> <span class='ocrx_word' id='word_1_49' title='bbox 560 495 697 521; x_wconf 84' lang='lat' dir='ltr'>argumento</span> <span class='ocrx_word' id='word_1_50' title='bbox 710 491 828 519; x_wconf 87' lang='lat' dir='ltr'>proposito</span> <span class='ocrx_word' id='word_1_51' title='bbox 841 492 918 512; x_wconf 86' lang='lat' dir='ltr'>tractat</span> <span class='ocrx_word' id='word_1_52' title='bbox 931 495 991 516; x_wconf 86' lang='lat' dir='ltr'>opus</span> <span class='ocrx_word' id='word_1_53' title='bbox 1006 488 1133 510; x_wconf 80' lang='lat' dir='ltr'>eruditione</span> 
     </span>
     <span class='ocr_line' id='line_1_8' title="bbox 288 533 1133 573; baseline -0.015 -6"><span class='ocrx_word' id='word_1_54' title='bbox 288 545 381 573; x_wconf 86' lang='lat' dir='ltr'>plenum</span> <span class='ocrx_word' id='word_1_55' title='bbox 400 544 427 565; x_wconf 88' lang='lat' dir='ltr'>cl.</span> <span class='ocrx_word' id='word_1_56' title='bbox 445 542 541 564; x_wconf 77' lang='lat' dir='ltr'>Protess.</span> <span class='ocrx_word' id='word_1_57' title='bbox 557 541 579 562; x_wconf 92' lang='lat' dir='ltr'>in</span> <span class='ocrx_word' id='word_1_58' title='bbox 598 539 749 561; x_wconf 84' lang='lat' dir='ltr'>Universitate</span> <span class='ocrx_word' id='word_1_59' title='bbox 766 536 893 559; x_wconf 81' lang='lat' dir='ltr'>Monacensi</span> <span class='ocrx_word' id='word_1_60' title='bbox 911 535 947 557; x_wconf 88' lang='lat' dir='ltr'>Dr.</span> <span class='ocrx_word' id='word_1_61' title='bbox 966 535 980 556; x_wconf 92' lang='grc'>1.</span> <span class='ocrx_word' id='word_1_62' title='bbox 998 534 1072 556; x_wconf 86' lang='lat' dir='ltr'>Bach:</span> <span class='ocrx_word' id='word_1_63' title='bbox 1093 533 1133 555; x_wconf 88' lang='lat' dir='ltr'>Die</span> 
     </span>
     <span class='ocr_line' id='line_1_9' title="bbox 288 580 1134 619; baseline -0.015 -5"><span class='ocrx_word' id='word_1_64' title='bbox 288 589 524 619; x_wconf 72' lang='lat' dir='ltr'>Dogmengcschiehte</span> <span class='ocrx_word' id='word_1_65' title='bbox 541 588 582 609; x_wconf 80' lang='lat' dir='ltr'>des</span> <span class='ocrx_word' id='word_1_66' title='bbox 599 586 735 608; x_wconf 77' lang='lat' dir='ltr'>lilittelalters</span> <span class='ocrx_word' id='word_1_67' title='bbox 753 589 807 606; x_wconf 75' lang='lat' dir='ltr'>vom</span> <span class='ocrx_word' id='word_1_68' title='bbox 825 582 1031 609; x_wconf 73' lang='lat' dir='ltr'>Christologischen</span> <span class='ocrx_word' id='word_1_69' title='bbox 1052 580 1134 602; x_wconf 71' lang='grc'>5111001-</span> 
     </span>
     <span class='ocr_line' id='line_1_10' title="bbox 289 630 921 666; baseline -0.017 -5"><span class='ocrx_word' id='word_1_70' title='bbox 289 641 385 666; x_wconf 71' lang='lat' dir='ltr'>puncto,</span> <span class='ocrx_word' id='word_1_71' title='bbox 398 637 465 659; x_wconf 84' lang='lat' dir='ltr'>Wieu</span> <span class='ocrx_word' id='word_1_72' title='bbox 487 633 599 661; x_wconf 79' lang='grc'>1873-75,</span> <span class='ocrx_word' id='word_1_73' title='bbox 615 631 769 659; x_wconf 77' lang='grc' dir='ltr'>Β1011111111101,</span> <span class='ocrx_word' id='word_1_74' title='bbox 788 633 842 652; x_wconf 86' lang='lat' dir='ltr'>tom.</span> <span class='ocrx_word' id='word_1_75' title='bbox 865 630 882 651; x_wconf 94' lang='grc'>1.</span> <span class='ocrx_word' id='word_1_76' title='bbox 901 630 921 651; x_wconf 90' lang='lat'>2.</span> 
     </span>
    </p>

    <p class='ocr_par' dir='ltr' id='par_1_3' title="bbox 285 674 1132 991">
     <span class='ocr_line' id='line_1_11' title="bbox 350 674 1132 707; baseline -0.015 0"><span class='ocrx_word' id='word_1_77' title='bbox 350 685 407 707; x_wconf 89' lang='lat' dir='ltr'>lnter</span> <span class='ocrx_word' id='word_1_78' title='bbox 424 684 457 705; x_wconf 85' lang='lat' dir='ltr'>Ss.</span> <span class='ocrx_word' id='word_1_79' title='bbox 476 683 585 704; x_wconf 78' lang='lat' dir='ltr'>Doctores</span> <span class='ocrx_word' id='word_1_80' title='bbox 603 681 717 702; x_wconf 84' lang='lat' dir='ltr'>Thomam</span> <span class='ocrx_word' id='word_1_81' title='bbox 735 681 757 700; x_wconf 86' lang='lat' dir='ltr'>et</span> <span class='ocrx_word' id='word_1_82' title='bbox 773 678 957 699; x_wconf 84' lang='lat' dir='ltr'>Bonaventuram</span> <span class='ocrx_word' id='word_1_83' title='bbox 979 676 1017 697; x_wconf 77' lang='lat' dir='ltr'>vix</span> <span class='ocrx_word' id='word_1_84' title='bbox 1033 676 1068 697; x_wconf 85' lang='lat' dir='ltr'>est</span> <span class='ocrx_word' id='word_1_85' title='bbox 1089 674 1132 696; x_wconf 88' lang='lat' dir='ltr'>dis-</span> 
     </span>
     <span class='ocr_line' id='line_1_12' title="bbox 286 721 1132 755; baseline -0.015 0"><span class='ocrx_word' id='word_1_86' title='bbox 286 733 370 755; x_wconf 81' lang='lat' dir='ltr'>sidium</span> <span class='ocrx_word' id='word_1_87' title='bbox 388 731 483 753; x_wconf 85' lang='lat' dir='ltr'>alicuius</span> <span class='ocrx_word' id='word_1_88' title='bbox 506 728 616 751; x_wconf 83' lang='lat' dir='ltr'>momenti</span> <span class='ocrx_word' id='word_1_89' title='bbox 641 728 746 754; x_wconf 75' lang='lat' dir='ltr'>respectu</span> <span class='ocrx_word' id='word_1_90' title='bbox 773 724 941 753; x_wconf 81' lang='lat' dir='ltr'>praedictarum</span> <span class='ocrx_word' id='word_1_91' title='bbox 967 721 1132 744; x_wconf 78' lang='lat' dir='ltr'>controversia-</span> 
     </span>
     <span class='ocr_line' id='line_1_13' title="bbox 286 768 1130 808; baseline -0.017 -6"><span class='ocrx_word' id='word_1_92' title='bbox 286 786 349 808; x_wconf 85' lang='lat' dir='ltr'>rum,</span> <span class='ocrx_word' id='word_1_93' title='bbox 367 782 392 801; x_wconf 89' lang='lat' dir='ltr'>ut</span> <span class='ocrx_word' id='word_1_94' title='bbox 408 779 453 799; x_wconf 84' lang='lat' dir='ltr'>iam</span> <span class='ocrx_word' id='word_1_95' title='bbox 471 778 533 805; x_wconf 83' lang='lat' dir='ltr'>patet</span> <span class='ocrx_word' id='word_1_96' title='bbox 549 782 575 797; x_wconf 85' lang='lat' dir='ltr'>ex</span> <span class='ocrx_word' id='word_1_97' title='bbox 593 774 687 796; x_wconf 81' lang='lat' dir='ltr'>elencho</span> <span class='ocrx_word' id='word_1_98' title='bbox 704 773 809 800; x_wconf 82' lang='lat' dir='ltr'>antiquo,</span> <span class='ocrx_word' id='word_1_99' title='bbox 822 771 860 799; x_wconf 84' lang='lat' dir='ltr'>qui</span> <span class='ocrx_word' id='word_1_100' title='bbox 873 769 1005 792; x_wconf 76' lang='lat' dir='ltr'>immediate</span> <span class='ocrx_word' id='word_1_101' title='bbox 1016 768 1130 796; x_wconf 78' lang='lat' dir='ltr'>sequitur,</span> 
     </span>
     <span class='ocr_line' id='line_1_14' title="bbox 286 815 1130 855; baseline -0.017 -6"><span class='ocrx_word' id='word_1_102' title='bbox 286 826 421 855; x_wconf 84' lang='lat' dir='ltr'>praesertim</span> <span class='ocrx_word' id='word_1_103' title='bbox 447 830 500 846; x_wconf 89' lang='lat' dir='ltr'>cum</span> <span class='ocrx_word' id='word_1_104' title='bbox 521 823 587 851; x_wconf 86' lang='lat' dir='ltr'>plura</span> <span class='ocrx_word' id='word_1_105' title='bbox 604 823 626 843; x_wconf 91' lang='lat' dir='ltr'>in</span> <span class='ocrx_word' id='word_1_106' title='bbox 644 827 671 843; x_wconf 91' lang='lat' dir='ltr'>eo</span> <span class='ocrx_word' id='word_1_107' title='bbox 690 822 764 842; x_wconf 84' lang='lat' dir='ltr'>notata</span> <span class='ocrx_word' id='word_1_108' title='bbox 781 818 818 840; x_wconf 85' lang='lat' dir='ltr'>vel</span> <span class='ocrx_word' id='word_1_109' title='bbox 835 817 913 840; x_wconf 77' lang='lat' dir='ltr'>reduci</span> <span class='ocrx_word' id='word_1_110' title='bbox 932 817 1019 844; x_wconf 79' lang='lat' dir='ltr'>possint</span> <span class='ocrx_word' id='word_1_111' title='bbox 1035 815 1065 837; x_wconf 84' lang='lat' dir='ltr'>ad</span> <span class='ocrx_word' id='word_1_112' title='bbox 1083 821 1130 836; x_wconf 87' lang='lat' dir='ltr'>me-</span> 
     </span>
     <span class='ocr_line' id='line_1_15' title="bbox 285 862 1130 899; baseline -0.017 -2"><span class='ocrx_word' id='word_1_113' title='bbox 285 881 337 897; x_wconf 91' lang='lat' dir='ltr'>rum</span> <span class='ocrx_word' id='word_1_114' title='bbox 356 873 450 896; x_wconf 83' lang='lat' dir='ltr'>modum</span> <span class='ocrx_word' id='word_1_115' title='bbox 469 870 588 899; x_wconf 88' lang='lat' dir='ltr'>loquendi,</span> <span class='ocrx_word' id='word_1_116' title='bbox 606 868 681 895; x_wconf 78' lang='lat' dir='ltr'>magis</span> <span class='ocrx_word' id='word_1_117' title='bbox 697 867 839 894; x_wconf 84' lang='lat' dir='ltr'>disparatum</span> <span class='ocrx_word' id='word_1_118' title='bbox 852 870 921 893; x_wconf 84' lang='lat' dir='ltr'>quam</span> <span class='ocrx_word' id='word_1_119' title='bbox 934 863 1081 890; x_wconf 84' lang='lat' dir='ltr'>contrarium,</span> <span class='ocrx_word' id='word_1_120' title='bbox 1093 862 1130 884; x_wconf 86' lang='lat' dir='ltr'>vc]</span> 
     </span>
     <span class='ocr_line' id='line_1_16' title="bbox 285 909 1129 949; baseline -0.015 -6"><span class='ocrx_word' id='word_1_121' title='bbox 285 921 408 949; x_wconf 70' lang='lat' dir='ltr'>respiciant</span> <span class='ocrx_word' id='word_1_122' title='bbox 428 921 514 941; x_wconf 87' lang='lat' dir='ltr'>tantum</span> <span class='ocrx_word' id='word_1_123' title='bbox 537 916 641 946; x_wconf 63' lang='lat' dir='ltr'>oraclum</span> <span class='ocrx_word' id='word_1_124' title='bbox 659 915 752 937; x_wconf 84' lang='lat' dir='ltr'>maioris</span> <span class='ocrx_word' id='word_1_125' title='bbox 777 913 813 935; x_wconf 89' lang='lat' dir='ltr'>vel</span> <span class='ocrx_word' id='word_1_126' title='bbox 839 912 933 934; x_wconf 86' lang='lat' dir='ltr'>minoris</span> <span class='ocrx_word' id='word_1_127' title='bbox 951 909 1129 938; x_wconf 68' lang='lat' dir='ltr'>probabilitatis,</span> 
     </span>
     <span class='ocr_line' id='line_1_17' title="bbox 285 958 1022 991; baseline -0.018 -1"><span class='ocrx_word' id='word_1_128' title='bbox 285 971 309 990; x_wconf 92' lang='lat' dir='ltr'>ut</span> <span class='ocrx_word' id='word_1_129' title='bbox 326 968 347 989; x_wconf 91' lang='lat' dir='ltr'>in</span> <span class='ocrx_word' id='word_1_130' title='bbox 365 966 457 988; x_wconf 78' lang='lat' dir='ltr'>scholiis</span> <span class='ocrx_word' id='word_1_131' title='bbox 474 964 560 986; x_wconf 81' lang='lat' dir='ltr'>eisdem</span> <span class='ocrx_word' id='word_1_132' title='bbox 579 960 752 991; x_wconf 81' lang='lat' dir='ltr'>quaestionibus</span> <span class='ocrx_word' id='word_1_133' title='bbox 769 958 862 981; x_wconf 84' lang='lat' dir='ltr'>adiectis</span> <span class='ocrx_word' id='word_1_134' title='bbox 879 960 963 980; x_wconf 84' lang='lat' dir='ltr'>tactum</span> <span class='ocrx_word' id='word_1_135' title='bbox 981 959 1022 978; x_wconf 79' lang='lat' dir='ltr'>cst.</span> 
     </span>
    </p>

    <p class='ocr_par' dir='ltr' id='par_1_4' title="bbox 287 1000 1129 1084">
     <span class='ocr_line' id='line_1_18' title="bbox 347 1000 1129 1041; baseline -0.015 -6"><span class='ocrx_word' id='word_1_136' title='bbox 347 1013 360 1041; x_wconf 62' lang='lat' dir='ltr'>*J</span> <span class='ocrx_word' id='word_1_137' title='bbox 378 1013 399 1034; x_wconf 86' lang='grc'>2.</span> <span class='ocrx_word' id='word_1_138' title='bbox 417 1010 535 1039; x_wconf 73' lang='lat' dir='ltr'>Antiquus</span> <span class='ocrx_word' id='word_1_139' title='bbox 559 1008 632 1031; x_wconf 62' lang='lat' dir='ltr'>indam</span> <span class='ocrx_word' id='word_1_140' title='bbox 650 1007 769 1033; x_wconf 82' lang='lat' dir='ltr'>Iocorum,</span> <span class='ocrx_word' id='word_1_141' title='bbox 788 1004 813 1026; x_wconf 69' lang='lat' dir='ltr'>iit</span> <span class='ocrx_word' id='word_1_142' title='bbox 830 1003 915 1033; x_wconf 77' lang='lat' dir='ltr'>quibus</span> <span class='ocrx_word' id='word_1_143' title='bbox 935 1001 1076 1025; x_wconf 70' lang='lat' dir='ltr'>dissentiam</span> <span class='ocrx_word' id='word_1_144' title='bbox 1092 1000 1129 1024; x_wconf 79' lang='lat' dir='ltr'>Ss.</span> 
     </span>
     <span class='ocr_line' id='line_1_19' title="bbox 287 1048 1129 1084; baseline -0.018 0"><span class='ocrx_word' id='word_1_145' title='bbox 287 1060 388 1084; x_wconf 80' lang='lat' dir='ltr'>Thomas</span> <span class='ocrx_word' id='word_1_146' title='bbox 405 1060 427 1081; x_wconf 80' lang='lat' dir='ltr'>et</span> <span class='ocrx_word' id='word_1_147' title='bbox 443 1057 612 1081; x_wconf 78' lang='lat' dir='ltr'>Bonoventura</span> <span class='ocrx_word' id='word_1_148' title='bbox 628 1054 653 1077; x_wconf 82' lang='lat' dir='ltr'>in</span> <span class='ocrx_word' id='word_1_149' title='bbox 670 1053 720 1076; x_wconf 77' lang='lat' dir='ltr'>suis</span> <span class='ocrx_word' id='word_1_150' title='bbox 747 1049 928 1075; x_wconf 74' lang='lat' dir='ltr'>Commentariis</span> <span class='ocrx_word' id='word_1_151' title='bbox 948 1055 1021 1079; x_wconf 65' lang='lat' dir='ltr'>super</span> <span class='ocrx_word' id='word_1_152' title='bbox 1042 1048 1129 1071; x_wconf 78' lang='lat' dir='ltr'>tibrum</span> 
     </span>
    </p>
   </div>
   <div class='ocr_carea' id='block_1_3' title="bbox 284 1103 1130 1178">
    <p class='ocr_par' dir='ltr' id='par_1_5' title="bbox 284 1103 1130 1178">
     <span class='ocr_line' id='line_1_20' title="bbox 284 1103 581 1130; baseline -0.02 0"><span class='ocrx_word' id='word_1_153' title='bbox 284 1106 379 1130; x_wconf 73' lang='lat' dir='ltr'>tertium</span> <span class='ocrx_word' id='word_1_154' title='bbox 395 1103 581 1128; x_wconf 76' lang='lat' dir='ltr'>Sententiarum.</span> 
     </span>
     <span class='ocr_line' id='line_1_21' title="bbox 347 1142 1130 1178; baseline -0.017 -2"><span class='ocrx_word' id='word_1_155' title='bbox 347 1154 388 1176; x_wconf 83' lang='grc'>1110</span> <span class='ocrx_word' id='word_1_156' title='bbox 404 1152 473 1175; x_wconf 85' lang='lat' dir='ltr'>index</span> <span class='ocrx_word' id='word_1_157' title='bbox 490 1151 643 1178; x_wconf 89' lang='lat' dir='ltr'>depromptus</span> <span class='ocrx_word' id='word_1_158' title='bbox 660 1150 694 1170; x_wconf 84' lang='lat' dir='ltr'>est</span> <span class='ocrx_word' id='word_1_159' title='bbox 710 1153 737 1169; x_wconf 85' lang='lat' dir='ltr'>ex</span> <span class='ocrx_word' id='word_1_160' title='bbox 762 1145 881 1168; x_wconf 82' lang='lat' dir='ltr'>codicibus</span> <span class='ocrx_word' id='word_1_161' title='bbox 905 1144 1056 1166; x_wconf 82' lang='lat' dir='ltr'>bibliothecae</span> <span class='ocrx_word' id='word_1_162' title='bbox 1074 1142 1130 1163; x_wconf 83' lang='lat' dir='ltr'>Bur-</span> 
     </span>
    </p>
   </div>
   <div class='ocr_carea' id='block_1_4' title="bbox 282 1190 1129 1412">
    <p class='ocr_par' dir='ltr' id='par_1_6' title="bbox 282 1190 1129 1412">
     <span class='ocr_line' id='line_1_22' title="bbox 283 1190 1129 1230; baseline -0.018 -6"><span class='ocrx_word' id='word_1_163' title='bbox 283 1202 405 1230; x_wconf 78' lang='lat' dir='ltr'>ghesianae</span> <span class='ocrx_word' id='word_1_164' title='bbox 423 1199 452 1221; x_wconf 87' lang='lat' dir='ltr'>de</span> <span class='ocrx_word' id='word_1_165' title='bbox 468 1198 529 1221; x_wconf 82' lang='lat' dir='ltr'>Urbe</span> <span class='ocrx_word' id='word_1_166' title='bbox 547 1200 568 1219; x_wconf 83' lang='lat' dir='ltr'>et</span> <span class='ocrx_word' id='word_1_167' title='bbox 589 1196 686 1218; x_wconf 83' lang='lat' dir='ltr'>civitatis</span> <span class='ocrx_word' id='word_1_168' title='bbox 710 1193 843 1220; x_wconf 67' lang='lat' dir='ltr'>Luneburgi</span> <span class='ocrx_word' id='word_1_169' title='bbox 869 1192 891 1213; x_wconf 94' lang='lat' dir='ltr'>in</span> <span class='ocrx_word' id='word_1_170' title='bbox 913 1190 1046 1216; x_wconf 76' lang='lat' dir='ltr'>Germania,</span> <span class='ocrx_word' id='word_1_171' title='bbox 1070 1193 1129 1216; x_wconf 84' lang='lat' dir='ltr'>quos</span> 
     </span>
     <span class='ocr_line' id='line_1_23' title="bbox 282 1236 1129 1274; baseline -0.018 -3"><span class='ocrx_word' id='word_1_172' title='bbox 282 1250 328 1271; x_wconf 86' lang='lat' dir='ltr'>iarn</span> <span class='ocrx_word' id='word_1_173' title='bbox 345 1247 512 1274; x_wconf 80' lang='lat' dir='ltr'>descripsimus</span> <span class='ocrx_word' id='word_1_174' title='bbox 529 1248 584 1266; x_wconf 87' lang='lat' dir='ltr'>tom.</span> <span class='ocrx_word' id='word_1_175' title='bbox 601 1242 616 1264; x_wconf 93' lang='lat' dir='ltr'>l.</span> <span class='ocrx_word' id='word_1_176' title='bbox 633 1247 687 1269; x_wconf 60' lang='lat' dir='ltr'>pag.</span> <span class='ocrx_word' id='word_1_177' title='bbox 705 1239 775 1262; x_wconf 81' lang='lat' dir='ltr'>Lxx.</span> <span class='ocrx_word' id='word_1_178' title='bbox 794 1238 838 1261; x_wconf 86' lang='lat' dir='ltr'>sub</span> <span class='ocrx_word' id='word_1_179' title='bbox 855 1244 877 1259; x_wconf 89' lang='grc'>11.</span> <span class='ocrx_word' id='word_1_180' title='bbox 896 1237 932 1259; x_wconf 76' lang='grc'>35,</span> <span class='ocrx_word' id='word_1_181' title='bbox 950 1236 1013 1258; x_wconf 85' lang='lat' dir='ltr'>Sicut</span> <span class='ocrx_word' id='word_1_182' title='bbox 1029 1236 1051 1257; x_wconf 91' lang='lat' dir='ltr'>in</span> <span class='ocrx_word' id='word_1_183' title='bbox 1064 1240 1129 1263; x_wconf 88' lang='lat' dir='ltr'>prae-</span> 
     </span>
     <span class='ocr_line' id='line_1_24' title="bbox 282 1281 1129 1320; baseline -0.019 -2"><span class='ocrx_word' id='word_1_184' title='bbox 282 1294 417 1318; x_wconf 78' lang='lat' dir='ltr'>cedentibus</span> <span class='ocrx_word' id='word_1_185' title='bbox 433 1292 512 1320; x_wconf 78' lang='lat' dir='ltr'>tomis,</span> <span class='ocrx_word' id='word_1_186' title='bbox 530 1292 559 1313; x_wconf 87' lang='lat' dir='ltr'>ita</span> <span class='ocrx_word' id='word_1_187' title='bbox 576 1290 645 1312; x_wconf 85' lang='lat' dir='ltr'>etiam</span> <span class='ocrx_word' id='word_1_188' title='bbox 662 1289 699 1310; x_wconf 86' lang='lat' dir='ltr'>hic</span> <span class='ocrx_word' id='word_1_189' title='bbox 715 1286 850 1309; x_wconf 78' lang='lat' dir='ltr'>exhibemus</span> <span class='ocrx_word' id='word_1_190' title='bbox 862 1285 981 1306; x_wconf 85' lang='lat' dir='ltr'>lectionem</span> <span class='ocrx_word' id='word_1_191' title='bbox 1000 1282 1086 1304; x_wconf 82' lang='lat' dir='ltr'>codicis</span> <span class='ocrx_word' id='word_1_192' title='bbox 1098 1281 1129 1303; x_wconf 88' lang='lat' dir='ltr'>bi-</span> 
     </span>
     <span class='ocr_line' id='line_1_25' title="bbox 282 1329 1129 1366; baseline -0.018 -2"><span class='ocrx_word' id='word_1_193' title='bbox 282 1342 408 1365; x_wconf 83' lang='lat' dir='ltr'>bliothecae</span> <span class='ocrx_word' id='word_1_194' title='bbox 427 1338 598 1366; x_wconf 78' lang='lat' dir='ltr'>Burghesianae</span> <span class='ocrx_word' id='word_1_195' title='bbox 614 1338 636 1358; x_wconf 90' lang='lat' dir='ltr'>et</span> <span class='ocrx_word' id='word_1_196' title='bbox 653 1335 709 1357; x_wconf 80' lang='lat' dir='ltr'>intra</span> <span class='ocrx_word' id='word_1_197' title='bbox 728 1333 824 1355; x_wconf 88' lang='lat' dir='ltr'>uncinos</span> <span class='ocrx_word' id='word_1_198' title='bbox 842 1331 950 1360; x_wconf 83' lang='lat' dir='ltr'>ponimus</span> <span class='ocrx_word' id='word_1_199' title='bbox 967 1329 1075 1351; x_wconf 86' lang='lat' dir='ltr'>lectiones</span> <span class='ocrx_word' id='word_1_200' title='bbox 1091 1334 1129 1350; x_wconf 84' lang='lat' dir='ltr'>va-</span> 
     </span>
     <span class='ocr_line' id='line_1_26' title="bbox 282 1375 1129 1412; baseline -0.018 -1"><span class='ocrx_word' id='word_1_201' title='bbox 282 1390 366 1412; x_wconf 85' lang='lat' dir='ltr'>riantes</span> <span class='ocrx_word' id='word_1_202' title='bbox 383 1387 475 1409; x_wconf 85' lang='lat' dir='ltr'>alterius</span> <span class='ocrx_word' id='word_1_203' title='bbox 492 1384 589 1411; x_wconf 83' lang='lat' dir='ltr'>codicis,</span> <span class='ocrx_word' id='word_1_204' title='bbox 616 1388 675 1412; x_wconf 84' lang='lat' dir='ltr'>quae</span> <span class='ocrx_word' id='word_1_205' title='bbox 692 1381 788 1403; x_wconf 81' lang='lat' dir='ltr'>alicuius</span> <span class='ocrx_word' id='word_1_206' title='bbox 809 1381 862 1401; x_wconf 91' lang='lat' dir='ltr'>sunt</span> <span class='ocrx_word' id='word_1_207' title='bbox 886 1377 1007 1404; x_wconf 79' lang='lat' dir='ltr'>momenti,</span> <span class='ocrx_word' id='word_1_208' title='bbox 1026 1375 1129 1397; x_wconf 84' lang='lat' dir='ltr'>numeris</span> 
     </span>
    </p>
   </div>
   <div class='ocr_carea' id='block_1_5' title="bbox 281 1424 1047 1459">
    <p class='ocr_par' dir='ltr' id='par_1_7' title="bbox 281 1424 1047 1459">
     <span class='ocr_line' id='line_1_27' title="bbox 281 1424 1047 1459; baseline -0.018 -1"><span class='ocrx_word' id='word_1_209' title='bbox 281 1436 414 1459; x_wconf 85' lang='lat' dir='ltr'>citationum</span> <span class='ocrx_word' id='word_1_210' title='bbox 432 1432 546 1455; x_wconf 88' lang='lat' dir='ltr'>interdum</span> <span class='ocrx_word' id='word_1_211' title='bbox 564 1431 625 1452; x_wconf 82' lang='lat' dir='ltr'>salsis</span> <span class='ocrx_word' id='word_1_212' title='bbox 643 1436 654 1451; x_wconf 83' lang='lat' dir='ltr'>a</span> <span class='ocrx_word' id='word_1_213' title='bbox 673 1428 739 1451; x_wconf 88' lang='lat' dir='ltr'>nobis</span> <span class='ocrx_word' id='word_1_214' title='bbox 756 1427 864 1449; x_wconf 87' lang='lat' dir='ltr'>correctis</span> <span class='ocrx_word' id='word_1_215' title='bbox 881 1429 903 1447; x_wconf 87' lang='lat' dir='ltr'>et</span> <span class='ocrx_word' id='word_1_216' title='bbox 920 1424 1047 1452; x_wconf 87' lang='lat' dir='ltr'>completis.</span> 
     </span>
    </p>
   </div>
   <div class='ocr_carea' id='block_1_6' title="bbox 289 1515 1120 1597">
    <p class='ocr_par' dir='ltr' id='par_1_8' title="bbox 289 1515 1120 1597">
     <span class='ocr_line' id='line_1_28' title="bbox 289 1515 1120 1554; baseline -0.016 -4"><span class='ocrx_word' id='word_1_217' title='bbox 289 1526 319 1550; x_wconf 84' lang='lat' dir='ltr'>Hi</span> <span class='ocrx_word' id='word_1_218' title='bbox 336 1525 390 1549; x_wconf 68' lang='lat' dir='ltr'>sunit</span> <span class='ocrx_word' id='word_1_219' title='bbox 407 1523 518 1554; x_wconf 70' lang='lat' dir='ltr'>articuli,</span> <span class='ocrx_word' id='word_1_220' title='bbox 535 1523 560 1546; x_wconf 86' lang='lat' dir='ltr'>in</span> <span class='ocrx_word' id='word_1_221' title='bbox 577 1522 657 1553; x_wconf 81' lang='lat' dir='ltr'>quibus</span> <span class='ocrx_word' id='word_1_222' title='bbox 674 1519 816 1544; x_wconf 71' lang='lat' dir='ltr'>dissentiunt</span> <span class='ocrx_word' id='word_1_223' title='bbox 832 1518 857 1541; x_wconf 88' lang='lat' dir='ltr'>in</span> <span class='ocrx_word' id='word_1_224' title='bbox 873 1516 943 1540; x_wconf 66' lang='lat' dir='ltr'>tertio</span> <span class='ocrx_word' id='word_1_225' title='bbox 959 1515 1120 1539; x_wconf 79' lang='lat' dir='ltr'>Bonaventura</span> 
     </span>
     <span class='ocr_line' id='line_1_29' title="bbox 511 1563 890 1597; baseline -0.018 -4"><span class='ocrx_word' id='word_1_226' title='bbox 511 1570 534 1593; x_wconf 80' lang='lat' dir='ltr'>et</span> <span class='ocrx_word' id='word_1_227' title='bbox 552 1569 647 1592; x_wconf 72' lang='lat' dir='ltr'>Thomas</span> <span class='ocrx_word' id='word_1_228' title='bbox 664 1567 706 1597; x_wconf 80' lang='lat' dir='ltr'>[De</span> <span class='ocrx_word' id='word_1_229' title='bbox 723 1565 794 1589; x_wconf 68' lang='lat' dir='ltr'>tertio</span> <span class='ocrx_word' id='word_1_230' title='bbox 810 1563 890 1594; x_wconf 67' lang='lat' dir='ltr'>libro}</span> 
     </span>
    </p>
   </div>
   <div class='ocr_carea' id='block_1_7' title="bbox 280 1656 1126 1784">
    <p class='ocr_par' dir='ltr' id='par_1_9' title="bbox 280 1656 1126 1784">
     <span class='ocr_line' id='line_1_30' title="bbox 344 1656 1126 1691; baseline -0.018 -2"><span class='ocrx_word' id='word_1_231' title='bbox 344 1667 364 1688; x_wconf 81' lang='grc'>1.</span> <span class='ocrx_word' id='word_1_232' title='bbox 382 1666 462 1688; x_wconf 87' lang='lat' dir='ltr'>Utrum</span> <span class='ocrx_word' id='word_1_233' title='bbox 481 1667 526 1687; x_wconf 88' lang='lat' dir='ltr'>tres</span> <span class='ocrx_word' id='word_1_234' title='bbox 544 1668 655 1691; x_wconf 75' lang='lat' dir='ltr'>personae</span> <span class='ocrx_word' id='word_1_235' title='bbox 673 1661 761 1688; x_wconf 82' lang='lat' dir='ltr'>possint</span> <span class='ocrx_word' id='word_1_236' title='bbox 778 1664 846 1681; x_wconf 88' lang='lat' dir='ltr'>unam</span> <span class='ocrx_word' id='word_1_237' title='bbox 864 1660 886 1679; x_wconf 91' lang='lat' dir='ltr'>et</span> <span class='ocrx_word' id='word_1_238' title='bbox 903 1656 1001 1678; x_wconf 83' lang='lat' dir='ltr'>eandem</span> <span class='ocrx_word' id='word_1_239' title='bbox 1021 1658 1126 1677; x_wconf 83' lang='lat' dir='ltr'>naturam</span> 
     </span>
     <span class='ocr_line' id='line_1_31' title="bbox 280 1702 1094 1737; baseline -0.017 0"><span class='ocrx_word' id='word_1_240' title='bbox 280 1716 405 1737; x_wconf 84' lang='lat' dir='ltr'>humanam</span> <span class='ocrx_word' id='word_1_241' title='bbox 423 1713 444 1734; x_wconf 89' lang='lat' dir='ltr'>in</span> <span class='ocrx_word' id='word_1_242' title='bbox 462 1717 560 1734; x_wconf 87' lang='lat' dir='ltr'>numero</span> <span class='ocrx_word' id='word_1_243' title='bbox 576 1714 709 1735; x_wconf 75' lang='lat' dir='ltr'>assumere,</span> <span class='ocrx_word' id='word_1_244' title='bbox 727 1706 872 1729; x_wconf 84' lang='lat' dir='ltr'>distinctione</span> <span class='ocrx_word' id='word_1_245' title='bbox 891 1705 910 1726; x_wconf 88' lang='grc'>1.</span> <span class='ocrx_word' id='word_1_246' title='bbox 929 1704 958 1731; x_wconf 88' lang='lat' dir='ltr'>(a.</span> <span class='ocrx_word' id='word_1_247' title='bbox 978 1704 997 1725; x_wconf 81' lang='lat' dir='ltr'>i.</span> <span class='ocrx_word' id='word_1_248' title='bbox 1015 1709 1037 1731; x_wconf 85' lang='lat' dir='ltr'>q.</span> <span class='ocrx_word' id='word_1_249' title='bbox 1056 1702 1094 1730; x_wconf 86' lang='lat'>3.).</span> 
     </span>
     <span class='ocr_line' id='line_1_32' title="bbox 343 1750 1126 1784; baseline -0.018 -1"><span class='ocrx_word' id='word_1_250' title='bbox 343 1762 363 1783; x_wconf 90' lang='lat'>2.</span> <span class='ocrx_word' id='word_1_251' title='bbox 381 1760 462 1782; x_wconf 90' lang='lat' dir='ltr'>Utrum</span> <span class='ocrx_word' id='word_1_252' title='bbox 480 1758 545 1780; x_wconf 82' lang='lat' dir='ltr'>beata</span> <span class='ocrx_word' id='word_1_253' title='bbox 563 1757 635 1784; x_wconf 84' lang='lat' dir='ltr'>Virgo</span> <span class='ocrx_word' id='word_1_254' title='bbox 652 1753 738 1783; x_wconf 83' lang='lat' dir='ltr'>aliquid</span> <span class='ocrx_word' id='word_1_255' title='bbox 764 1753 831 1775; x_wconf 87' lang='lat' dir='ltr'>suerit</span> <span class='ocrx_word' id='word_1_256' title='bbox 855 1752 977 1779; x_wconf 75' lang='lat' dir='ltr'>cooperata</span> <span class='ocrx_word' id='word_1_257' title='bbox 1003 1750 1024 1770; x_wconf 91' lang='lat' dir='ltr'>in</span> <span class='ocrx_word' id='word_1_258' title='bbox 1047 1753 1126 1770; x_wconf 87' lang='lat' dir='ltr'>conee-</span> 
     </span>
    </p>
   </div>
   <div class='ocr_carea' id='block_1_8' title="bbox 280 1800 1124 1870">
    <p class='ocr_par' dir='ltr' id='par_1_10' title="bbox 280 1800 1124 1870">
     <span class='ocr_line' id='line_1_33' title="bbox 280 1800 759 1837; baseline -0.019 -6"><span class='ocrx_word' id='word_1_259' title='bbox 280 1809 357 1837; x_wconf 89' lang='lat' dir='ltr'>ptione</span> <span class='ocrx_word' id='word_1_260' title='bbox 375 1807 422 1829; x_wconf 87' lang='lat' dir='ltr'>Filii</span> <span class='ocrx_word' id='word_1_261' title='bbox 439 1806 494 1833; x_wconf 87' lang='lat' dir='ltr'>Dei;</span> <span class='ocrx_word' id='word_1_262' title='bbox 514 1805 535 1827; x_wconf 87' lang='lat' dir='ltr'>d.</span> <span class='ocrx_word' id='word_1_263' title='bbox 555 1804 575 1826; x_wconf 81' lang='lat'>4.</span> <span class='ocrx_word' id='word_1_264' title='bbox 593 1804 623 1832; x_wconf 86' lang='lat' dir='ltr'>(a.</span> <span class='ocrx_word' id='word_1_265' title='bbox 642 1803 662 1824; x_wconf 90' lang='lat'>3.</span> <span class='ocrx_word' id='word_1_266' title='bbox 680 1809 702 1830; x_wconf 90' lang='lat' dir='ltr'>q.</span> <span class='ocrx_word' id='word_1_267' title='bbox 722 1800 759 1829; x_wconf 83' lang='grc'>1,).</span> 
     </span>
     <span class='ocr_line' id='line_1_34' title="bbox 343 1834 1124 1870; baseline -0.018 -1"><span class='ocrx_word' id='word_1_268' title='bbox 343 1848 363 1868; x_wconf 85' lang='grc'>3.</span> <span class='ocrx_word' id='word_1_269' title='bbox 382 1846 462 1868; x_wconf 88' lang='lat' dir='ltr'>Utrum</span> <span class='ocrx_word' id='word_1_270' title='bbox 480 1845 515 1866; x_wconf 91' lang='lat' dir='ltr'>illa</span> <span class='ocrx_word' id='word_1_271' title='bbox 533 1842 653 1870; x_wconf 85' lang='lat' dir='ltr'>conceptio</span> <span class='ocrx_word' id='word_1_272' title='bbox 670 1837 827 1869; x_wconf 87' lang='lat' dir='ltr'>[cooperatio]</span> <span class='ocrx_word' id='word_1_273' title='bbox 845 1838 912 1860; x_wconf 84' lang='lat' dir='ltr'>suerit</span> <span class='ocrx_word' id='word_1_274' title='bbox 928 1835 1075 1862; x_wconf 84' lang='lat' dir='ltr'>miraculosa,</span> <span class='ocrx_word' id='word_1_275' title='bbox 1088 1834 1124 1855; x_wconf 67' lang='lat' dir='ltr'>vel</span> 
     </span>
    </p>
   </div>
   <div class='ocr_carea' id='block_1_9' title="bbox 279 1888 1125 1962">
    <p class='ocr_par' dir='ltr' id='par_1_11' title="bbox 279 1888 1125 1962">
     <span class='ocr_line' id='line_1_35' title="bbox 279 1888 667 1920; baseline -0.018 -4"><span class='ocrx_word' id='word_1_276' title='bbox 279 1893 401 1920; x_wconf 70' lang='lat' dir='ltr'>naturalis,</span> <span class='ocrx_word' id='word_1_277' title='bbox 420 1892 442 1914; x_wconf 87' lang='lat' dir='ltr'>d.</span> <span class='ocrx_word' id='word_1_278' title='bbox 461 1892 481 1913; x_wconf 84' lang='lat'>3.</span> <span class='ocrx_word' id='word_1_279' title='bbox 500 1891 529 1916; x_wconf 86' lang='lat' dir='ltr'>(a.</span> <span class='ocrx_word' id='word_1_280' title='bbox 548 1890 568 1911; x_wconf 84' lang='lat'>3.</span> <span class='ocrx_word' id='word_1_281' title='bbox 587 1895 608 1917; x_wconf 84' lang='lat' dir='ltr'>q.</span> <span class='ocrx_word' id='word_1_282' title='bbox 627 1888 667 1916; x_wconf 88' lang='grc'>2.).</span> 
     </span>
     <span class='ocr_line' id='line_1_36' title="bbox 343 1929 1125 1962; baseline -0.015 0"><span class='ocrx_word' id='word_1_283' title='bbox 343 1940 362 1962; x_wconf 83' lang='lat'>4.</span> <span class='ocrx_word' id='word_1_284' title='bbox 382 1939 460 1961; x_wconf 86' lang='lat' dir='ltr'>Utrum</span> <span class='ocrx_word' id='word_1_285' title='bbox 479 1937 582 1960; x_wconf 85' lang='lat' dir='ltr'>Christus</span> <span class='ocrx_word' id='word_1_286' title='bbox 599 1934 727 1957; x_wconf 82' lang='lat' dir='ltr'>secundum</span> <span class='ocrx_word' id='word_1_287' title='bbox 746 1932 809 1962; x_wconf 85' lang='lat' dir='ltr'>quod</span> <span class='ocrx_word' id='word_1_288' title='bbox 827 1933 896 1954; x_wconf 86' lang='lat' dir='ltr'>homo</span> <span class='ocrx_word' id='word_1_289' title='bbox 914 1931 986 1959; x_wconf 82' lang='lat' dir='ltr'>possit</span> <span class='ocrx_word' id='word_1_290' title='bbox 1002 1929 1047 1952; x_wconf 91' lang='lat' dir='ltr'>dici</span> <span class='ocrx_word' id='word_1_291' title='bbox 1065 1929 1125 1950; x_wconf 86' lang='lat' dir='ltr'>filius</span> 
     </span>
    </p>
   </div>
   <div class='ocr_carea' id='block_1_10' title="bbox 278 1978 1124 2059">
    <p class='ocr_par' dir='ltr' id='par_1_12' title="bbox 278 1978 1124 2059">
     <span class='ocr_line' id='line_1_37' title="bbox 278 1978 743 2015; baseline -0.017 -6"><span class='ocrx_word' id='word_1_292' title='bbox 278 1978 375 2015; x_wconf 73' lang='lat' dir='ltr'>Spiritus</span> <span class='ocrx_word' id='word_1_293' title='bbox 393 1985 478 2011; x_wconf 89' lang='lat' dir='ltr'>sancti;</span> <span class='ocrx_word' id='word_1_294' title='bbox 496 1984 518 2005; x_wconf 90' lang='lat' dir='ltr'>d.</span> <span class='ocrx_word' id='word_1_295' title='bbox 538 1983 557 2005; x_wconf 98' lang='lat'>4.</span> <span class='ocrx_word' id='word_1_296' title='bbox 577 1983 606 2009; x_wconf 68' lang='lat' dir='ltr'>(a.</span> <span class='ocrx_word' id='word_1_297' title='bbox 625 1982 645 2003; x_wconf 76' lang='grc' dir='ltr'>Ι1.</span> <span class='ocrx_word' id='word_1_298' title='bbox 664 1988 685 2010; x_wconf 85' lang='lat' dir='ltr'>q.</span> <span class='ocrx_word' id='word_1_299' title='bbox 704 1980 743 2008; x_wconf 88' lang='lat'>2.).</span> 
     </span>
     <span class='ocr_line' id='line_1_38' title="bbox 341 2023 1124 2059; baseline -0.014 -4"><span class='ocrx_word' id='word_1_300' title='bbox 341 2034 362 2056; x_wconf 80' lang='lat'>5.</span> <span class='ocrx_word' id='word_1_301' title='bbox 380 2033 474 2059; x_wconf 87' lang='lat' dir='ltr'>Utrum,</span> <span class='ocrx_word' id='word_1_302' title='bbox 492 2036 545 2053; x_wconf 89' lang='lat' dir='ltr'>cum</span> <span class='ocrx_word' id='word_1_303' title='bbox 562 2029 659 2052; x_wconf 87' lang='lat' dir='ltr'>dicitur:</span> <span class='ocrx_word' id='word_1_304' title='bbox 678 2028 739 2050; x_wconf 85' lang='lat' dir='ltr'>Deus</span> <span class='ocrx_word' id='word_1_305' title='bbox 755 2030 789 2049; x_wconf 91' lang='lat' dir='ltr'>est</span> <span class='ocrx_word' id='word_1_306' title='bbox 806 2027 888 2053; x_wconf 85' lang='lat' dir='ltr'>horno,</span> <span class='ocrx_word' id='word_1_307' title='bbox 901 2025 930 2047; x_wconf 88' lang='lat' dir='ltr'>sit</span> <span class='ocrx_word' id='word_1_308' title='bbox 941 2023 1080 2052; x_wconf 84' lang='lat' dir='ltr'>praedicatio</span> <span class='ocrx_word' id='word_1_309' title='bbox 1092 2028 1124 2044; x_wconf 90' lang='lat' dir='ltr'>es-</span> 
     </span>
    </p>
   </div>
   <div class='ocr_carea' id='block_1_11' title="bbox 277 2076 1124 2200">
    <p class='ocr_par' dir='ltr' id='par_1_13' title="bbox 277 2076 1124 2200">
     <span class='ocr_line' id='line_1_39' title="bbox 278 2076 659 2106; baseline -0.013 -4"><span class='ocrx_word' id='word_1_310' title='bbox 278 2080 393 2106; x_wconf 77' lang='lat' dir='ltr'>sentialis3</span> <span class='ocrx_word' id='word_1_311' title='bbox 412 2079 433 2100; x_wconf 91' lang='grc'>(1.</span> <span class='ocrx_word' id='word_1_312' title='bbox 450 2078 472 2100; x_wconf 92' lang='lat'>7.</span> <span class='ocrx_word' id='word_1_313' title='bbox 491 2078 520 2103; x_wconf 90' lang='lat' dir='ltr'>(a.</span> <span class='ocrx_word' id='word_1_314' title='bbox 541 2077 560 2099; x_wconf 84' lang='lat' dir='ltr'>i.</span> <span class='ocrx_word' id='word_1_315' title='bbox 579 2083 600 2105; x_wconf 85' lang='lat' dir='ltr'>q.</span> <span class='ocrx_word' id='word_1_316' title='bbox 620 2076 659 2103; x_wconf 80' lang='grc'>1.),</span> 
     </span>
     <span class='ocr_line' id='line_1_40' title="bbox 339 2116 1124 2149; baseline -0.013 -1"><span class='ocrx_word' id='word_1_317' title='bbox 339 2127 360 2148; x_wconf 99' lang='lat'>6.</span> <span class='ocrx_word' id='word_1_318' title='bbox 379 2126 459 2148; x_wconf 88' lang='lat' dir='ltr'>Utrum</span> <span class='ocrx_word' id='word_1_319' title='bbox 477 2125 533 2146; x_wconf 86' lang='lat' dir='ltr'>hace</span> <span class='ocrx_word' id='word_1_320' title='bbox 550 2122 715 2145; x_wconf 75' lang='lat' dir='ltr'>demonstratio</span> <span class='ocrx_word' id='word_1_321' title='bbox 733 2120 799 2149; x_wconf 78' lang='lat' dir='ltr'>(sict)</span> <span class='ocrx_word' id='word_1_322' title='bbox 817 2120 846 2142; x_wconf 86' lang='lat' dir='ltr'>sit</span> <span class='ocrx_word' id='word_1_323' title='bbox 862 2125 917 2140; x_wconf 79' lang='lat' dir='ltr'>vera</span> <span class='ocrx_word' id='word_1_324' title='bbox 930 2117 1022 2147; x_wconf 88' lang='lat' dir='ltr'>[Utrum</span> <span class='ocrx_word' id='word_1_325' title='bbox 1035 2116 1124 2139; x_wconf 89' lang='lat' dir='ltr'>Christo</span> 
     </span>
     <span class='ocr_line' id='line_1_41' title="bbox 277 2162 1124 2200; baseline -0.014 -4"><span class='ocrx_word' id='word_1_326' title='bbox 277 2174 445 2200; x_wconf 83' lang='lat' dir='ltr'>demonstrato,</span> <span class='ocrx_word' id='word_1_327' title='bbox 462 2173 518 2194; x_wconf 88' lang='lat' dir='ltr'>haec</span> <span class='ocrx_word' id='word_1_328' title='bbox 535 2171 564 2193; x_wconf 92' lang='lat' dir='ltr'>sit</span> <span class='ocrx_word' id='word_1_329' title='bbox 580 2168 662 2198; x_wconf 80' lang='lat' dir='ltr'>vera]:</span> <span class='ocrx_word' id='word_1_330' title='bbox 675 2169 715 2190; x_wconf 89' lang='lat' dir='ltr'>iste</span> <span class='ocrx_word' id='word_1_331' title='bbox 733 2169 802 2189; x_wconf 90' lang='lat' dir='ltr'>homo</span> <span class='ocrx_word' id='word_1_332' title='bbox 819 2167 898 2194; x_wconf 89' lang='lat' dir='ltr'>incipit</span> <span class='ocrx_word' id='word_1_333' title='bbox 914 2171 978 2192; x_wconf 76' lang='lat' dir='ltr'>esse,</span> <span class='ocrx_word' id='word_1_334' title='bbox 998 2164 1021 2187; x_wconf 91' lang='lat' dir='ltr'>d.</span> <span class='ocrx_word' id='word_1_335' title='bbox 1040 2164 1075 2185; x_wconf 89' lang='grc'>11.</span> <span class='ocrx_word' id='word_1_336' title='bbox 1094 2162 1124 2191; x_wconf 87' lang='lat' dir='ltr'>(a.</span> 
     </span>
    </p>
   </div>
   <div class='ocr_carea' id='block_1_12' title="bbox 277 2220 1124 2288">
    <p class='ocr_par' dir='ltr' id='par_1_14' title="bbox 277 2220 1124 2288">
     <span class='ocr_line' id='line_1_42' title="bbox 277 2220 397 2249; baseline -0.017 -5"><span class='ocrx_word' id='word_1_337' title='bbox 277 2222 298 2244; x_wconf 88' lang='lat'>2.</span> <span class='ocrx_word' id='word_1_338' title='bbox 316 2227 338 2249; x_wconf 79' lang='lat' dir='ltr'>q.</span> <span class='ocrx_word' id='word_1_339' title='bbox 356 2220 397 2248; x_wconf 87' lang='grc'>2.).</span> 
     </span>
     <span class='ocr_line' id='line_1_43' title="bbox 340 2256 1124 2288; baseline -0.014 0"><span class='ocrx_word' id='word_1_340' title='bbox 340 2266 362 2288; x_wconf 85' lang='grc'>7.</span> <span class='ocrx_word' id='word_1_341' title='bbox 380 2266 460 2288; x_wconf 88' lang='lat' dir='ltr'>Utrum</span> <span class='ocrx_word' id='word_1_342' title='bbox 480 2265 539 2286; x_wconf 79' lang='lat' dir='ltr'>Beati</span> <span class='ocrx_word' id='word_1_343' title='bbox 557 2263 650 2285; x_wconf 90' lang='lat' dir='ltr'>videant</span> <span class='ocrx_word' id='word_1_344' title='bbox 668 2261 771 2284; x_wconf 83' lang='lat' dir='ltr'>Verbum</span> <span class='ocrx_word' id='word_1_345' title='bbox 788 2260 904 2282; x_wconf 87' lang='lat' dir='ltr'>mediante</span> <span class='ocrx_word' id='word_1_346' title='bbox 924 2259 1000 2286; x_wconf 85' lang='lat' dir='ltr'>aliqua</span> <span class='ocrx_word' id='word_1_347' title='bbox 1023 2256 1124 2279; x_wconf 87' lang='lat' dir='ltr'>similitu-</span> 
     </span>
    </p>
   </div>
   <div class='ocr_carea' id='block_1_13' title="bbox 277 2309 1124 2621">
    <p class='ocr_par' dir='ltr' id='par_1_15' title="bbox 277 2309 624 2341">
     <span class='ocr_line' id='line_1_44' title="bbox 277 2309 624 2341; baseline -0.014 -5"><span class='ocrx_word' id='word_1_348' title='bbox 277 2314 343 2341; x_wconf 69' lang='lat' dir='ltr'>dine,</span> <span class='ocrx_word' id='word_1_349' title='bbox 361 2312 383 2335; x_wconf 94' lang='lat' dir='ltr'>d.</span> <span class='ocrx_word' id='word_1_350' title='bbox 403 2311 438 2334; x_wconf 72' lang='lat' dir='ltr'>tt.</span> <span class='ocrx_word' id='word_1_351' title='bbox 457 2311 485 2339; x_wconf 87' lang='lat' dir='ltr'>(a.</span> <span class='ocrx_word' id='word_1_352' title='bbox 505 2311 525 2332; x_wconf 86' lang='grc'>1.</span> <span class='ocrx_word' id='word_1_353' title='bbox 544 2316 566 2338; x_wconf 88' lang='lat' dir='ltr'>q.</span> <span class='ocrx_word' id='word_1_354' title='bbox 585 2309 624 2338; x_wconf 80' lang='lat'>3.).</span> 
     </span>
    </p>

    <p class='ocr_par' dir='ltr' id='par_1_16' title="bbox 277 2350 1124 2435">
     <span class='ocr_line' id='line_1_45' title="bbox 340 2350 1124 2382; baseline -0.011 -2"><span class='ocrx_word' id='word_1_355' title='bbox 340 2361 361 2382; x_wconf 61' lang='grc' dir='ltr'>Β.</span> <span class='ocrx_word' id='word_1_356' title='bbox 379 2360 459 2381; x_wconf 82' lang='lat' dir='ltr'>Utrum</span> <span class='ocrx_word' id='word_1_357' title='bbox 477 2358 507 2380; x_wconf 88' lang='lat' dir='ltr'>ad</span> <span class='ocrx_word' id='word_1_358' title='bbox 524 2358 636 2379; x_wconf 84' lang='lat' dir='ltr'>visionem</span> <span class='ocrx_word' id='word_1_359' title='bbox 655 2354 724 2377; x_wconf 82' lang='lat' dir='ltr'>Verbi</span> <span class='ocrx_word' id='word_1_360' title='bbox 751 2355 856 2382; x_wconf 83' lang='lat' dir='ltr'>oporteat</span> <span class='ocrx_word' id='word_1_361' title='bbox 879 2352 939 2374; x_wconf 90' lang='lat' dir='ltr'>uniri</span> <span class='ocrx_word' id='word_1_362' title='bbox 960 2350 1081 2373; x_wconf 87' lang='lat' dir='ltr'>intellectui</span> <span class='ocrx_word' id='word_1_363' title='bbox 1100 2353 1124 2371; x_wconf 89' lang='lat' dir='ltr'>ut</span> 
     </span>
     <span class='ocr_line' id='line_1_46' title="bbox 277 2395 1122 2435; baseline -0.014 -5"><span class='ocrx_word' id='word_1_364' title='bbox 277 2408 365 2435; x_wconf 76' lang='lat' dir='ltr'>forma,</span> <span class='ocrx_word' id='word_1_365' title='bbox 385 2407 406 2429; x_wconf 84' lang='lat' dir='ltr'>d.</span> <span class='ocrx_word' id='word_1_366' title='bbox 426 2405 462 2428; x_wconf 75' lang='lat' dir='ltr'>v14.</span> <span class='ocrx_word' id='word_1_367' title='bbox 481 2405 510 2431; x_wconf 85' lang='lat' dir='ltr'>(a.</span> <span class='ocrx_word' id='word_1_368' title='bbox 529 2405 550 2427; x_wconf 82' lang='lat'>2.</span> <span class='ocrx_word' id='word_1_369' title='bbox 569 2411 590 2433; x_wconf 88' lang='lat' dir='ltr'>q.</span> <span class='ocrx_word' id='word_1_370' title='bbox 610 2404 630 2425; x_wconf 81' lang='lat' dir='ltr'>i.</span> <span class='ocrx_word' id='word_1_371' title='bbox 648 2404 669 2424; x_wconf 93' lang='lat' dir='ltr'>in</span> <span class='ocrx_word' id='word_1_372' title='bbox 687 2402 755 2424; x_wconf 89' lang='lat' dir='ltr'>solut.</span> <span class='ocrx_word' id='word_1_373' title='bbox 771 2400 863 2429; x_wconf 86' lang='lat' dir='ltr'>oppos.)</span> <span class='ocrx_word' id='word_1_374' title='bbox 879 2399 947 2428; x_wconf 82' lang='lat' dir='ltr'>[alter</span> <span class='ocrx_word' id='word_1_375' title='bbox 959 2398 1009 2421; x_wconf 87' lang='lat' dir='ltr'>cod.</span> <span class='ocrx_word' id='word_1_376' title='bbox 1022 2395 1122 2425; x_wconf 77' lang='lat' dir='ltr'>omittit]</span> 
     </span>
    </p>

    <p class='ocr_par' dir='ltr' id='par_1_17' title="bbox 278 2443 1124 2528">
     <span class='ocr_line' id='line_1_47' title="bbox 340 2443 1124 2478; baseline -0.014 -2"><span class='ocrx_word' id='word_1_377' title='bbox 340 2456 361 2476; x_wconf 74' lang='lat'>9.</span> <span class='ocrx_word' id='word_1_378' title='bbox 379 2454 459 2476; x_wconf 87' lang='lat' dir='ltr'>Utrum</span> <span class='ocrx_word' id='word_1_379' title='bbox 477 2452 580 2474; x_wconf 83' lang='lat' dir='ltr'>Christus</span> <span class='ocrx_word' id='word_1_380' title='bbox 592 2454 642 2473; x_wconf 80' lang='lat' dir='ltr'>actu</span> <span class='ocrx_word' id='word_1_381' title='bbox 656 2451 791 2478; x_wconf 83' lang='lat' dir='ltr'>cognoscat,</span> <span class='ocrx_word' id='word_1_382' title='bbox 809 2446 923 2476; x_wconf 83' lang='lat' dir='ltr'>quidquid</span> <span class='ocrx_word' id='word_1_383' title='bbox 940 2445 1057 2473; x_wconf 77' lang='lat' dir='ltr'>cognoscit</span> <span class='ocrx_word' id='word_1_384' title='bbox 1074 2443 1124 2474; x_wconf 83' lang='lat' dir='ltr'>[ad-</span> 
     </span>
     <span class='ocr_line' id='line_1_48' title="bbox 278 2495 728 2528; baseline -0.013 -5"><span class='ocrx_word' id='word_1_385' title='bbox 278 2501 323 2523; x_wconf 87' lang='lat' dir='ltr'>dit:</span> <span class='ocrx_word' id='word_1_386' title='bbox 342 2499 448 2528; x_wconf 81' lang='lat' dir='ltr'>habitu];</span> <span class='ocrx_word' id='word_1_387' title='bbox 466 2499 488 2521; x_wconf 90' lang='lat' dir='ltr'>d.</span> <span class='ocrx_word' id='word_1_388' title='bbox 507 2498 543 2520; x_wconf 74' lang='lat' dir='ltr'>ili.</span> <span class='ocrx_word' id='word_1_389' title='bbox 562 2498 591 2523; x_wconf 91' lang='lat' dir='ltr'>(a.</span> <span class='ocrx_word' id='word_1_390' title='bbox 610 2498 631 2519; x_wconf 83' lang='lat'>2.</span> <span class='ocrx_word' id='word_1_391' title='bbox 650 2502 671 2525; x_wconf 84' lang='lat' dir='ltr'>q.</span> <span class='ocrx_word' id='word_1_392' title='bbox 690 2495 728 2523; x_wconf 85' lang='lat'>2.).</span> 
     </span>
    </p>

    <p class='ocr_par' dir='ltr' id='par_1_18' title="bbox 278 2537 1123 2621">
     <span class='ocr_line' id='line_1_49' title="bbox 344 2537 1123 2568; baseline -0.013 0"><span class='ocrx_word' id='word_1_393' title='bbox 344 2547 377 2568; x_wconf 88' lang='grc'>10.</span> <span class='ocrx_word' id='word_1_394' title='bbox 397 2546 476 2568; x_wconf 86' lang='lat' dir='ltr'>Utrum</span> <span class='ocrx_word' id='word_1_395' title='bbox 502 2545 605 2567; x_wconf 79' lang='lat' dir='ltr'>Christus</span> <span class='ocrx_word' id='word_1_396' title='bbox 622 2543 650 2565; x_wconf 84' lang='lat' dir='ltr'>ab</span> <span class='ocrx_word' id='word_1_397' title='bbox 668 2542 757 2564; x_wconf 89' lang='lat' dir='ltr'>instanti</span> <span class='ocrx_word' id='word_1_398' title='bbox 775 2547 831 2563; x_wconf 76' lang='lat' dir='ltr'>suae</span> <span class='ocrx_word' id='word_1_399' title='bbox 848 2539 1003 2566; x_wconf 82' lang='lat' dir='ltr'>conceptionis</span> <span class='ocrx_word' id='word_1_400' title='bbox 1020 2537 1123 2567; x_wconf 88' lang='lat' dir='ltr'>[instanti</span> 
     </span>
     <span class='ocr_line' id='line_1_50' title="bbox 278 2584 1122 2621; baseline -0.012 -5"><span class='ocrx_word' id='word_1_401' title='bbox 278 2592 411 2621; x_wconf 83' lang='lat' dir='ltr'>creationis]</span> <span class='ocrx_word' id='word_1_402' title='bbox 429 2592 538 2614; x_wconf 80' lang='lat' dir='ltr'>meruerit</span> <span class='ocrx_word' id='word_1_403' title='bbox 555 2597 597 2618; x_wconf 82' lang='lat' dir='ltr'>per</span> <span class='ocrx_word' id='word_1_404' title='bbox 614 2593 690 2612; x_wconf 88' lang='lat' dir='ltr'>actum</span> <span class='ocrx_word' id='word_1_405' title='bbox 707 2589 743 2610; x_wconf 78' lang='lat' dir='ltr'>vel</span> <span class='ocrx_word' id='word_1_406' title='bbox 761 2594 803 2616; x_wconf 83' lang='lat' dir='ltr'>per</span> <span class='ocrx_word' id='word_1_407' title='bbox 820 2593 887 2609; x_wconf 90' lang='lat' dir='ltr'>usum</span> <span class='ocrx_word' id='word_1_408' title='bbox 905 2587 1032 2613; x_wconf 76' lang='lat' dir='ltr'>virtutum;</span> <span class='ocrx_word' id='word_1_409' title='bbox 1050 2584 1072 2606; x_wconf 87' lang='lat' dir='ltr'>d.</span> <span class='ocrx_word' id='word_1_410' title='bbox 1087 2584 1122 2606; x_wconf 72' lang='lat'>118.</span> 
     </span>
    </p>
   </div>
   <div class='ocr_carea' id='block_1_14' title="bbox 278 2639 1121 2709">
    <p class='ocr_par' dir='ltr' id='par_1_19' title="bbox 278 2639 1121 2709">
     <span class='ocr_line' id='line_1_51' title="bbox 278 2639 442 2667; baseline -0.012 -6"><span class='ocrx_word' id='word_1_411' title='bbox 278 2640 306 2667; x_wconf 88' lang='lat' dir='ltr'>(a.</span> <span class='ocrx_word' id='word_1_412' title='bbox 326 2640 345 2660; x_wconf 88' lang='grc'>1.</span> <span class='ocrx_word' id='word_1_413' title='bbox 364 2645 385 2667; x_wconf 83' lang='lat' dir='ltr'>q.</span> <span class='ocrx_word' id='word_1_414' title='bbox 406 2639 442 2665; x_wconf 89' lang='grc'>1.).</span> 
     </span>
     <span class='ocr_line' id='line_1_52' title="bbox 342 2677 1121 2709; baseline -0.01 -3"><span class='ocrx_word' id='word_1_415' title='bbox 342 2685 377 2706; x_wconf 91' lang='grc'>11.</span> <span class='ocrx_word' id='word_1_416' title='bbox 396 2685 476 2706; x_wconf 91' lang='lat' dir='ltr'>Utrum</span> <span class='ocrx_word' id='word_1_417' title='bbox 495 2683 552 2705; x_wconf 82' lang='lat' dir='ltr'>tides</span> <span class='ocrx_word' id='word_1_418' title='bbox 569 2683 596 2704; x_wconf 86' lang='lat' dir='ltr'>sit</span> <span class='ocrx_word' id='word_1_419' title='bbox 621 2683 643 2704; x_wconf 88' lang='lat' dir='ltr'>in</span> <span class='ocrx_word' id='word_1_420' title='bbox 669 2683 769 2709; x_wconf 87' lang='lat' dir='ltr'>ratione,</span> <span class='ocrx_word' id='word_1_421' title='bbox 791 2680 827 2703; x_wconf 79' lang='lat' dir='ltr'>vel</span> <span class='ocrx_word' id='word_1_422' title='bbox 845 2680 866 2701; x_wconf 86' lang='lat' dir='ltr'>in</span> <span class='ocrx_word' id='word_1_423' title='bbox 884 2679 1015 2705; x_wconf 69' lang='lat' dir='ltr'>voluntate,</span> <span class='ocrx_word' id='word_1_424' title='bbox 1039 2677 1060 2699; x_wconf 90' lang='lat' dir='ltr'>d.</span> <span class='ocrx_word' id='word_1_425' title='bbox 1085 2677 1121 2699; x_wconf 97' lang='lat'>23.</span> 
     </span>
    </p>
   </div>
   <div class='ocr_carea' id='block_1_15' title="bbox 278 2732 1122 2849">
    <p class='ocr_par' dir='ltr' id='par_1_20' title="bbox 278 2732 1122 2849">
     <span class='ocr_line' id='line_1_53' title="bbox 278 2732 443 2761; baseline -0.012 -6"><span class='ocrx_word' id='word_1_426' title='bbox 278 2733 307 2761; x_wconf 81' lang='lat' dir='ltr'>(a.</span> <span class='ocrx_word' id='word_1_427' title='bbox 327 2734 347 2755; x_wconf 85' lang='grc'>1.</span> <span class='ocrx_word' id='word_1_428' title='bbox 365 2739 386 2761; x_wconf 83' lang='lat' dir='ltr'>q.</span> <span class='ocrx_word' id='word_1_429' title='bbox 405 2732 443 2760; x_wconf 90' lang='lat'>2.).</span> 
     </span>
     <span class='ocr_line' id='line_1_54' title="bbox 342 2771 1100 2802; baseline -0.009 -2"><span class='ocrx_word' id='word_1_430' title='bbox 342 2780 377 2800; x_wconf 89' lang='grc'>12.</span> <span class='ocrx_word' id='word_1_431' title='bbox 395 2778 475 2800; x_wconf 84' lang='lat' dir='ltr'>Utrum</span> <span class='ocrx_word' id='word_1_432' title='bbox 494 2777 551 2799; x_wconf 75' lang='lat' dir='ltr'>fides</span> <span class='ocrx_word' id='word_1_433' title='bbox 567 2777 672 2799; x_wconf 84' lang='lat' dir='ltr'>informis</span> <span class='ocrx_word' id='word_1_434' title='bbox 688 2777 717 2797; x_wconf 88' lang='lat' dir='ltr'>sit</span> <span class='ocrx_word' id='word_1_435' title='bbox 733 2776 819 2802; x_wconf 68' lang='lat' dir='ltr'>virtus,</span> <span class='ocrx_word' id='word_1_436' title='bbox 839 2774 862 2796; x_wconf 90' lang='lat' dir='ltr'>d.</span> <span class='ocrx_word' id='word_1_437' title='bbox 879 2774 915 2796; x_wconf 83' lang='grc'>23.</span> <span class='ocrx_word' id='word_1_438' title='bbox 934 2773 963 2801; x_wconf 83' lang='lat' dir='ltr'>(a.</span> <span class='ocrx_word' id='word_1_439' title='bbox 982 2773 1002 2794; x_wconf 86' lang='lat'>2.</span> <span class='ocrx_word' id='word_1_440' title='bbox 1021 2778 1043 2800; x_wconf 87' lang='lat' dir='ltr'>q.</span> <span class='ocrx_word' id='word_1_441' title='bbox 1066 2771 1100 2799; x_wconf 88' lang='lat' dir='ltr'>l.).</span> 
     </span>
     <span class='ocr_line' id='line_1_55' title="bbox 341 2819 1122 2849; baseline -0.01 -1"><span class='ocrx_word' id='word_1_442' title='bbox 341 2827 377 2848; x_wconf 85' lang='grc'>13.</span> <span class='ocrx_word' id='word_1_443' title='bbox 396 2826 476 2848; x_wconf 89' lang='lat' dir='ltr'>Utrum</span> <span class='ocrx_word' id='word_1_444' title='bbox 503 2824 560 2846; x_wconf 84' lang='lat' dir='ltr'>fides</span> <span class='ocrx_word' id='word_1_445' title='bbox 585 2824 613 2845; x_wconf 86' lang='lat' dir='ltr'>sit</span> <span class='ocrx_word' id='word_1_446' title='bbox 639 2823 667 2845; x_wconf 84' lang='lat' dir='ltr'>de</span> <span class='ocrx_word' id='word_1_447' title='bbox 692 2823 747 2844; x_wconf 78' lang='lat' dir='ltr'>visis</span> <span class='ocrx_word' id='word_1_448' title='bbox 771 2823 821 2843; x_wconf 68' lang='lat' dir='ltr'>visu</span> <span class='ocrx_word' id='word_1_449' title='bbox 846 2826 972 2849; x_wconf 70' lang='lat' dir='ltr'>corporeo,</span> <span class='ocrx_word' id='word_1_450' title='bbox 991 2820 1012 2842; x_wconf 91' lang='lat' dir='ltr'>d.</span> <span class='ocrx_word' id='word_1_451' title='bbox 1031 2819 1067 2841; x_wconf 88' lang='lat'>24.</span> <span class='ocrx_word' id='word_1_452' title='bbox 1092 2819 1122 2845; x_wconf 86' lang='lat' dir='ltr'>(a.</span> 
     </span>
    </p>
   </div>
   <div class='ocr_carea' id='block_1_16' title="bbox 278 2873 1120 2942">
    <p class='ocr_par' dir='ltr' id='par_1_21' title="bbox 278 2873 1120 2942">
     <span class='ocr_line' id='line_1_56' title="bbox 278 2873 396 2902; baseline -0.017 -6"><span class='ocrx_word' id='word_1_453' title='bbox 278 2874 298 2896; x_wconf 83' lang='lat'>2.</span> <span class='ocrx_word' id='word_1_454' title='bbox 317 2880 338 2902; x_wconf 83' lang='lat' dir='ltr'>q.</span> <span class='ocrx_word' id='word_1_455' title='bbox 358 2873 396 2901; x_wconf 81' lang='grc'>1.).</span> 
     </span>
     <span class='ocr_line' id='line_1_57' title="bbox 345 2913 1120 2942; baseline -0.008 -1"><span class='ocrx_word' id='word_1_456' title='bbox 345 2918 378 2941; x_wconf 79' lang='grc'>14.</span> <span class='ocrx_word' id='word_1_457' title='bbox 396 2918 476 2941; x_wconf 88' lang='lat' dir='ltr'>Utrum</span> <span class='ocrx_word' id='word_1_458' title='bbox 498 2917 555 2939; x_wconf 81' lang='lat' dir='ltr'>tides</span> <span class='ocrx_word' id='word_1_459' title='bbox 577 2917 605 2939; x_wconf 89' lang='lat' dir='ltr'>sit</span> <span class='ocrx_word' id='word_1_460' title='bbox 627 2916 655 2938; x_wconf 80' lang='lat' dir='ltr'>de</span> <span class='ocrx_word' id='word_1_461' title='bbox 678 2916 733 2937; x_wconf 87' lang='lat' dir='ltr'>visis</span> <span class='ocrx_word' id='word_1_462' title='bbox 754 2915 790 2937; x_wconf 77' lang='lat' dir='ltr'>vel</span> <span class='ocrx_word' id='word_1_463' title='bbox 813 2914 841 2936; x_wconf 86' lang='lat' dir='ltr'>de</span> <span class='ocrx_word' id='word_1_464' title='bbox 858 2915 933 2937; x_wconf 86' lang='lat' dir='ltr'>scitis:</span> <span class='ocrx_word' id='word_1_465' title='bbox 951 2913 973 2936; x_wconf 76' lang='lat' dir='ltr'>d.</span> <span class='ocrx_word' id='word_1_466' title='bbox 992 2913 1028 2936; x_wconf 83' lang='lat'>24.</span> <span class='ocrx_word' id='word_1_467' title='bbox 1046 2913 1076 2942; x_wconf 91' lang='lat' dir='ltr'>(a.</span> <span class='ocrx_word' id='word_1_468' title='bbox 1100 2913 1120 2935; x_wconf 85' lang='lat'>2.</span> 
     </span>
    </p>
   </div>
   <div class='ocr_carea' id='block_1_17' title="bbox 278 2965 356 2994">
    <p class='ocr_par' dir='ltr' id='par_1_22' title="bbox 278 2965 356 2994">
     <span class='ocr_line' id='line_1_58' title="bbox 278 2965 356 2994; baseline 0 -7"><span class='ocrx_word' id='word_1_469' title='bbox 278 2972 299 2994; x_wconf 86' lang='lat' dir='ltr'>q.</span> <span class='ocrx_word' id='word_1_470' title='bbox 318 2965 356 2993; x_wconf 83' lang='lat'>3.).</span> 
     </span>
    </p>
   </div>
   <div class='ocr_carea' id='block_1_18' title="bbox 1147 256 1167 2990">
    <p class='ocr_par' dir='ltr' id='par_1_23' title="bbox 1147 256 1167 2990">
     <span class='ocr_line' id='line_1_59' title="bbox 1147 256 1167 2990; baseline 0 0"><span class='ocrx_word' id='word_1_471' title='bbox 1147 256 1167 2990; x_wconf 95' lang='lat' dir='ltr'> </span> 
     </span>
    </p>
   </div>
   <div class='ocr_carea' id='block_1_19' title="bbox 1177 257 2035 2990">
    <p class='ocr_par' dir='ltr' id='par_1_24' title="bbox 1192 257 2034 334">
     <span class='ocr_line' id='line_1_60' title="bbox 1260 257 2034 290; baseline 0.005 -12"><span class='ocrx_word' id='word_1_472' title='bbox 1260 257 1292 279; x_wconf 73' lang='lat'>15.</span> <span class='ocrx_word' id='word_1_473' title='bbox 1311 257 1391 279; x_wconf 87' lang='lat' dir='ltr'>Utrum</span> <span class='ocrx_word' id='word_1_474' title='bbox 1408 264 1462 285; x_wconf 83' lang='lat' dir='ltr'>spes</span> <span class='ocrx_word' id='word_1_475' title='bbox 1479 259 1507 280; x_wconf 86' lang='lat' dir='ltr'>sit</span> <span class='ocrx_word' id='word_1_476' title='bbox 1523 259 1545 279; x_wconf 92' lang='lat' dir='ltr'>in</span> <span class='ocrx_word' id='word_1_477' title='bbox 1563 260 1627 286; x_wconf 86' lang='lat' dir='ltr'>parte</span> <span class='ocrx_word' id='word_1_478' title='bbox 1644 259 1778 281; x_wconf 76' lang='lat' dir='ltr'>intellectiva</span> <span class='ocrx_word' id='word_1_479' title='bbox 1792 259 1886 288; x_wconf 88' lang='lat' dir='ltr'>[omittit</span> <span class='ocrx_word' id='word_1_480' title='bbox 1897 260 2034 290; x_wconf 61' lang='lat' dir='ltr'>sequentia]</span> 
     </span>
     <span class='ocr_line' id='line_1_61' title="bbox 1192 302 1878 334; baseline 0.007 -11"><span class='ocrx_word' id='word_1_481' title='bbox 1192 302 1254 330; x_wconf 85' lang='lat' dir='ltr'>quod</span> <span class='ocrx_word' id='word_1_482' title='bbox 1273 304 1373 325; x_wconf 84' lang='lat' dir='ltr'>nominat</span> <span class='ocrx_word' id='word_1_483' title='bbox 1391 305 1595 332; x_wconf 75' lang='lat' dir='ltr'>compositionem,</span> <span class='ocrx_word' id='word_1_484' title='bbox 1616 304 1637 326; x_wconf 92' lang='lat' dir='ltr'>d.</span> <span class='ocrx_word' id='word_1_485' title='bbox 1657 305 1692 326; x_wconf 73' lang='lat'>26.</span> <span class='ocrx_word' id='word_1_486' title='bbox 1712 306 1740 331; x_wconf 93' lang='lat' dir='ltr'>(a.</span> <span class='ocrx_word' id='word_1_487' title='bbox 1760 306 1780 326; x_wconf 90' lang='lat'>2.</span> <span class='ocrx_word' id='word_1_488' title='bbox 1798 312 1820 334; x_wconf 85' lang='lat' dir='ltr'>q.</span> <span class='ocrx_word' id='word_1_489' title='bbox 1839 306 1878 333; x_wconf 76' lang='grc'>5.).</span> 
     </span>
    </p>

    <p class='ocr_par' dir='ltr' id='par_1_25' title="bbox 1191 349 2035 425">
     <span class='ocr_line' id='line_1_62' title="bbox 1258 349 2035 380; baseline 0.005 -10"><span class='ocrx_word' id='word_1_490' title='bbox 1258 349 1291 371; x_wconf 84' lang='grc'>16.</span> <span class='ocrx_word' id='word_1_491' title='bbox 1310 350 1389 371; x_wconf 90' lang='lat' dir='ltr'>Utrum</span> <span class='ocrx_word' id='word_1_492' title='bbox 1408 351 1522 378; x_wconf 84' lang='lat' dir='ltr'>appetitus</span> <span class='ocrx_word' id='word_1_493' title='bbox 1548 351 1664 374; x_wconf 71' lang='lat' dir='ltr'>dividatur</span> <span class='ocrx_word' id='word_1_494' title='bbox 1689 352 1711 374; x_wconf 89' lang='lat' dir='ltr'>in</span> <span class='ocrx_word' id='word_1_495' title='bbox 1736 352 1873 374; x_wconf 81' lang='lat' dir='ltr'>irascibilem</span> <span class='ocrx_word' id='word_1_496' title='bbox 1891 354 1913 374; x_wconf 90' lang='lat' dir='ltr'>et</span> <span class='ocrx_word' id='word_1_497' title='bbox 1928 353 2035 380; x_wconf 85' lang='lat' dir='ltr'>coucupi-</span> 
     </span>
     <span class='ocr_line' id='line_1_63' title="bbox 1191 394 1587 425; baseline 0.01 -10"><span class='ocrx_word' id='word_1_498' title='bbox 1191 394 1308 423; x_wconf 89' lang='lat' dir='ltr'>seibilem;</span> <span class='ocrx_word' id='word_1_499' title='bbox 1327 395 1349 417; x_wconf 90' lang='lat' dir='ltr'>d.</span> <span class='ocrx_word' id='word_1_500' title='bbox 1368 396 1404 418; x_wconf 81' lang='lat'>26.</span> <span class='ocrx_word' id='word_1_501' title='bbox 1422 397 1451 423; x_wconf 87' lang='lat' dir='ltr'>(a.</span> <span class='ocrx_word' id='word_1_502' title='bbox 1469 397 1490 418; x_wconf 81' lang='grc'>2.</span> <span class='ocrx_word' id='word_1_503' title='bbox 1508 403 1530 425; x_wconf 85' lang='lat' dir='ltr'>q.</span> <span class='ocrx_word' id='word_1_504' title='bbox 1549 396 1587 425; x_wconf 79' lang='grc'>5.).</span> 
     </span>
    </p>

    <p class='ocr_par' dir='ltr' id='par_1_26' title="bbox 1191 441 2034 519">
     <span class='ocr_line' id='line_1_64' title="bbox 1256 441 2034 474; baseline 0.005 -11"><span class='ocrx_word' id='word_1_505' title='bbox 1256 441 1291 463; x_wconf 52' lang='grc'>117.</span> <span class='ocrx_word' id='word_1_506' title='bbox 1309 442 1376 470; x_wconf 87' lang='lat' dir='ltr'>Quod</span> <span class='ocrx_word' id='word_1_507' title='bbox 1394 442 1496 472; x_wconf 88' lang='lat' dir='ltr'>[utrum]</span> <span class='ocrx_word' id='word_1_508' title='bbox 1514 443 1600 465; x_wconf 91' lang='lat' dir='ltr'>bonum</span> <span class='ocrx_word' id='word_1_509' title='bbox 1618 444 1662 466; x_wconf 87' lang='lat' dir='ltr'>sub</span> <span class='ocrx_word' id='word_1_510' title='bbox 1679 446 1766 467; x_wconf 87' lang='lat' dir='ltr'>ratione</span> <span class='ocrx_word' id='word_1_511' title='bbox 1783 444 1836 467; x_wconf 88' lang='lat' dir='ltr'>boni</span> <span class='ocrx_word' id='word_1_512' title='bbox 1855 447 1888 467; x_wconf 88' lang='lat' dir='ltr'>est</span> <span class='ocrx_word' id='word_1_513' title='bbox 1905 444 1956 474; x_wconf 87' lang='lat' dir='ltr'>[sit]</span> <span class='ocrx_word' id='word_1_514' title='bbox 1974 445 2034 467; x_wconf 82' lang='lat' dir='ltr'>obie-</span> 
     </span>
     <span class='ocr_line' id='line_1_65' title="bbox 1191 488 1612 519; baseline 0.007 -10"><span class='ocrx_word' id='word_1_515' title='bbox 1191 490 1252 509; x_wconf 86' lang='lat' dir='ltr'>ctum</span> <span class='ocrx_word' id='word_1_516' title='bbox 1270 489 1334 516; x_wconf 71' lang='lat' dir='ltr'>spei,</span> <span class='ocrx_word' id='word_1_517' title='bbox 1352 488 1374 510; x_wconf 89' lang='lat' dir='ltr'>d.</span> <span class='ocrx_word' id='word_1_518' title='bbox 1393 490 1429 511; x_wconf 83' lang='lat'>26.</span> <span class='ocrx_word' id='word_1_519' title='bbox 1447 490 1476 517; x_wconf 87' lang='lat' dir='ltr'>(a.</span> <span class='ocrx_word' id='word_1_520' title='bbox 1495 490 1516 511; x_wconf 91' lang='lat'>2.</span> <span class='ocrx_word' id='word_1_521' title='bbox 1533 497 1555 518; x_wconf 83' lang='lat' dir='ltr'>q.</span> <span class='ocrx_word' id='word_1_522' title='bbox 1575 490 1612 519; x_wconf 77' lang='grc'>4.).</span> 
     </span>
    </p>

    <p class='ocr_par' dir='ltr' id='par_1_27' title="bbox 1189 535 2035 613">
     <span class='ocr_line' id='line_1_66' title="bbox 1255 535 2035 566; baseline 0.005 -10"><span class='ocrx_word' id='word_1_523' title='bbox 1255 535 1291 556; x_wconf 88' lang='grc'>18.</span> <span class='ocrx_word' id='word_1_524' title='bbox 1310 535 1389 557; x_wconf 89' lang='lat' dir='ltr'>Utrum</span> <span class='ocrx_word' id='word_1_525' title='bbox 1407 536 1568 559; x_wconf 81' lang='lat' dir='ltr'>irrationabilia</span> <span class='ocrx_word' id='word_1_526' title='bbox 1593 538 1638 559; x_wconf 90' lang='lat' dir='ltr'>sint</span> <span class='ocrx_word' id='word_1_527' title='bbox 1662 537 1778 566; x_wconf 80' lang='lat' dir='ltr'>diligenda</span> <span class='ocrx_word' id='word_1_528' title='bbox 1803 544 1830 560; x_wconf 88' lang='lat' dir='ltr'>ex</span> <span class='ocrx_word' id='word_1_529' title='bbox 1852 538 1944 560; x_wconf 83' lang='lat' dir='ltr'>caritate</span> <span class='ocrx_word' id='word_1_530' title='bbox 1961 539 2035 566; x_wconf 87' lang='lat' dir='ltr'>impe-</span> 
     </span>
     <span class='ocr_line' id='line_1_67' title="bbox 1189 582 1735 613; baseline 0.005 -10"><span class='ocrx_word' id='word_1_531' title='bbox 1189 584 1268 609; x_wconf 82' lang='lat' dir='ltr'>rante,</span> <span class='ocrx_word' id='word_1_532' title='bbox 1286 582 1321 604; x_wconf 88' lang='lat' dir='ltr'>vel</span> <span class='ocrx_word' id='word_1_533' title='bbox 1340 582 1455 610; x_wconf 76' lang='lat' dir='ltr'>eliciente,</span> <span class='ocrx_word' id='word_1_534' title='bbox 1474 583 1496 604; x_wconf 89' lang='grc'>(1.</span> <span class='ocrx_word' id='word_1_535' title='bbox 1515 584 1551 605; x_wconf 75' lang='lat'>28.</span> <span class='ocrx_word' id='word_1_536' title='bbox 1569 583 1598 612; x_wconf 80' lang='lat' dir='ltr'>(a.</span> <span class='ocrx_word' id='word_1_537' title='bbox 1618 585 1637 606; x_wconf 86' lang='grc'>1.</span> <span class='ocrx_word' id='word_1_538' title='bbox 1656 591 1677 612; x_wconf 92' lang='lat' dir='ltr'>q.</span> <span class='ocrx_word' id='word_1_539' title='bbox 1697 584 1735 613; x_wconf 82' lang='lat' dir='ltr'>i.).</span> 
     </span>
    </p>

    <p class='ocr_par' dir='ltr' id='par_1_28' title="bbox 1189 628 2035 709">
     <span class='ocr_line' id='line_1_68' title="bbox 1255 628 2035 659; baseline 0.006 -10"><span class='ocrx_word' id='word_1_540' title='bbox 1255 629 1290 650; x_wconf 72' lang='grc'>19,</span> <span class='ocrx_word' id='word_1_541' title='bbox 1308 628 1387 650; x_wconf 88' lang='lat' dir='ltr'>Utrum</span> <span class='ocrx_word' id='word_1_542' title='bbox 1405 631 1469 656; x_wconf 82' lang='lat' dir='ltr'>pater</span> <span class='ocrx_word' id='word_1_543' title='bbox 1486 636 1576 652; x_wconf 83' lang='lat' dir='ltr'>summe</span> <span class='ocrx_word' id='word_1_544' title='bbox 1594 630 1723 658; x_wconf 81' lang='lat' dir='ltr'>diligendus</span> <span class='ocrx_word' id='word_1_545' title='bbox 1741 632 1768 653; x_wconf 89' lang='lat' dir='ltr'>sit</span> <span class='ocrx_word' id='word_1_546' title='bbox 1785 638 1811 654; x_wconf 84' lang='lat' dir='ltr'>ex</span> <span class='ocrx_word' id='word_1_547' title='bbox 1829 633 1935 659; x_wconf 85' lang='lat' dir='ltr'>caritate;</span> <span class='ocrx_word' id='word_1_548' title='bbox 1955 632 1975 654; x_wconf 85' lang='lat' dir='ltr'>d.</span> <span class='ocrx_word' id='word_1_549' title='bbox 1995 632 2035 655; x_wconf 81' lang='grc'>29.</span> 
     </span>
     <span class='ocr_line' id='line_1_69' title="bbox 1189 673 2033 709; baseline 0.007 -14"><span class='ocrx_word' id='word_1_550' title='bbox 1189 673 1219 702; x_wconf 88' lang='lat' dir='ltr'>(a.</span> <span class='ocrx_word' id='word_1_551' title='bbox 1239 676 1258 696; x_wconf 82' lang='grc'>1.</span> <span class='ocrx_word' id='word_1_552' title='bbox 1277 681 1298 703; x_wconf 89' lang='lat' dir='ltr'>q.</span> <span class='ocrx_word' id='word_1_553' title='bbox 1318 674 1348 703; x_wconf 86' lang='lat'>4.)</span> <span class='ocrx_word' id='word_1_554' title='bbox 1367 675 1459 702; x_wconf 84' lang='lat' dir='ltr'>(rectius</span> <span class='ocrx_word' id='word_1_555' title='bbox 1471 682 1514 703; x_wconf 90' lang='lat' dir='ltr'>pro</span> <span class='ocrx_word' id='word_1_556' title='bbox 1530 682 1622 699; x_wconf 78' lang='lat' dir='ltr'>summe</span> <span class='ocrx_word' id='word_1_557' title='bbox 1639 677 1764 700; x_wconf 87' lang='lat' dir='ltr'>diceretur:</span> <span class='ocrx_word' id='word_1_558' title='bbox 1779 678 1855 707; x_wconf 70' lang='lat' dir='ltr'>mayz&#39;s</span> <span class='ocrx_word' id='word_1_559' title='bbox 1866 685 1938 708; x_wconf 77' lang='lat' dir='ltr'>quom</span> <span class='ocrx_word' id='word_1_560' title='bbox 1949 678 2033 709; x_wconf 76' lang='lat' dir='ltr'>filios).</span> 
     </span>
    </p>

    <p class='ocr_par' dir='ltr' id='par_1_29' title="bbox 1188 722 2035 797">
     <span class='ocr_line' id='line_1_70' title="bbox 1252 722 2035 754; baseline 0.006 -11"><span class='ocrx_word' id='word_1_561' title='bbox 1252 722 1288 743; x_wconf 91' lang='lat'>20.</span> <span class='ocrx_word' id='word_1_562' title='bbox 1307 722 1387 744; x_wconf 86' lang='lat' dir='ltr'>Utrum</span> <span class='ocrx_word' id='word_1_563' title='bbox 1405 722 1462 744; x_wconf 90' lang='lat' dir='ltr'>ordo</span> <span class='ocrx_word' id='word_1_564' title='bbox 1480 723 1588 751; x_wconf 80' lang='lat' dir='ltr'>caritatis,</span> <span class='ocrx_word' id='word_1_565' title='bbox 1606 724 1644 751; x_wconf 86' lang='lat' dir='ltr'>qui</span> <span class='ocrx_word' id='word_1_566' title='bbox 1663 730 1724 746; x_wconf 90' lang='lat' dir='ltr'>nunc</span> <span class='ocrx_word' id='word_1_567' title='bbox 1740 728 1774 746; x_wconf 89' lang='lat' dir='ltr'>est</span> <span class='ocrx_word' id='word_1_568' title='bbox 1790 724 1824 754; x_wconf 93' lang='lat' dir='ltr'>[in</span> <span class='ocrx_word' id='word_1_569' title='bbox 1842 724 1925 754; x_wconf 85' lang='lat' dir='ltr'>terra]‚</span> <span class='ocrx_word' id='word_1_570' title='bbox 1944 729 2035 748; x_wconf 85' lang='lat' dir='ltr'>maneat</span> 
     </span>
     <span class='ocr_line' id='line_1_71' title="bbox 1188 768 1596 797; baseline 0.005 -8"><span class='ocrx_word' id='word_1_571' title='bbox 1188 768 1209 789; x_wconf 90' lang='lat' dir='ltr'>in</span> <span class='ocrx_word' id='word_1_572' title='bbox 1228 769 1314 796; x_wconf 72' lang='lat' dir='ltr'>patria,</span> <span class='ocrx_word' id='word_1_573' title='bbox 1334 768 1354 790; x_wconf 90' lang='lat' dir='ltr'>d.</span> <span class='ocrx_word' id='word_1_574' title='bbox 1374 769 1410 790; x_wconf 81' lang='lat'>31.</span> <span class='ocrx_word' id='word_1_575' title='bbox 1429 770 1458 795; x_wconf 89' lang='lat' dir='ltr'>(a.</span> <span class='ocrx_word' id='word_1_576' title='bbox 1477 769 1497 790; x_wconf 85' lang='lat'>3.</span> <span class='ocrx_word' id='word_1_577' title='bbox 1516 775 1538 797; x_wconf 83' lang='lat' dir='ltr'>q.</span> <span class='ocrx_word' id='word_1_578' title='bbox 1557 769 1596 797; x_wconf 76' lang='lat'>3.).</span> 
     </span>
    </p>

    <p class='ocr_par' dir='ltr' id='par_1_30' title="bbox 1188 814 2033 891">
     <span class='ocr_line' id='line_1_72' title="bbox 1251 814 2033 846; baseline 0.005 -10"><span class='ocrx_word' id='word_1_579' title='bbox 1251 815 1288 836; x_wconf 91' lang='grc'>21.</span> <span class='ocrx_word' id='word_1_580' title='bbox 1307 815 1386 837; x_wconf 91' lang='lat' dir='ltr'>Utrum</span> <span class='ocrx_word' id='word_1_581' title='bbox 1404 815 1479 842; x_wconf 70' lang='lat' dir='ltr'>flego:</span> <span class='ocrx_word' id='word_1_582' title='bbox 1494 814 1626 843; x_wconf 71' lang='lat' dir='ltr'>Quomodo)</span> <span class='ocrx_word' id='word_1_583' title='bbox 1644 815 1705 838; x_wconf 89' lang='lat' dir='ltr'>dona</span> <span class='ocrx_word' id='word_1_584' title='bbox 1721 820 1743 839; x_wconf 88' lang='lat' dir='ltr'>et</span> <span class='ocrx_word' id='word_1_585' title='bbox 1754 815 1906 840; x_wconf 82' lang='lat' dir='ltr'>beatitudines</span> <span class='ocrx_word' id='word_1_586' title='bbox 1917 817 2033 846; x_wconf 79' lang='lat' dir='ltr'>differant;</span> 
     </span>
     <span class='ocr_line' id='line_1_73' title="bbox 1188 861 1522 891; baseline 0.003 -8"><span class='ocrx_word' id='word_1_587' title='bbox 1188 861 1209 883; x_wconf 87' lang='lat' dir='ltr'>d.</span> <span class='ocrx_word' id='word_1_588' title='bbox 1228 862 1264 883; x_wconf 85' lang='lat'>34.</span> <span class='ocrx_word' id='word_1_589' title='bbox 1283 862 1315 890; x_wconf 85' lang='lat' dir='ltr'>(p.</span> <span class='ocrx_word' id='word_1_590' title='bbox 1334 863 1348 884; x_wconf 95' lang='grc'>1.</span> <span class='ocrx_word' id='word_1_591' title='bbox 1366 869 1386 884; x_wconf 88' lang='grc'>11.</span> <span class='ocrx_word' id='word_1_592' title='bbox 1408 863 1426 885; x_wconf 67' lang='grc'>1.</span> <span class='ocrx_word' id='word_1_593' title='bbox 1443 869 1465 891; x_wconf 93' lang='lat' dir='ltr'>q.</span> <span class='ocrx_word' id='word_1_594' title='bbox 1485 863 1522 891; x_wconf 84' lang='lat' dir='ltr'>i.).</span> 
     </span>
    </p>

    <p class='ocr_par' dir='ltr' id='par_1_31' title="bbox 1187 910 2033 986">
     <span class='ocr_line' id='line_1_74' title="bbox 1250 910 2033 939; baseline 0.005 -8"><span class='ocrx_word' id='word_1_595' title='bbox 1250 910 1286 931; x_wconf 88' lang='grc'>22.</span> <span class='ocrx_word' id='word_1_596' title='bbox 1312 910 1392 932; x_wconf 89' lang='lat' dir='ltr'>Utrum</span> <span class='ocrx_word' id='word_1_597' title='bbox 1417 911 1513 932; x_wconf 83' lang='lat' dir='ltr'>virtutes</span> <span class='ocrx_word' id='word_1_598' title='bbox 1538 910 1664 933; x_wconf 84' lang='lat' dir='ltr'>cardinales</span> <span class='ocrx_word' id='word_1_599' title='bbox 1689 911 1733 933; x_wconf 92' lang='lat' dir='ltr'>sint</span> <span class='ocrx_word' id='word_1_600' title='bbox 1757 911 1779 932; x_wconf 90' lang='lat' dir='ltr'>in</span> <span class='ocrx_word' id='word_1_601' title='bbox 1806 914 1870 939; x_wconf 83' lang='lat' dir='ltr'>parte</span> <span class='ocrx_word' id='word_1_602' title='bbox 1898 912 2033 935; x_wconf 78' lang='lat' dir='ltr'>intellectiva</span> 
     </span>
     <span class='ocr_line' id='line_1_75' title="bbox 1187 955 1954 986; baseline 0.003 -8"><span class='ocrx_word' id='word_1_603' title='bbox 1187 955 1282 985; x_wconf 88' lang='lat' dir='ltr'>[omittit</span> <span class='ocrx_word' id='word_1_604' title='bbox 1299 956 1441 986; x_wconf 85' lang='lat' dir='ltr'>sequentia],</span> <span class='ocrx_word' id='word_1_605' title='bbox 1459 957 1494 979; x_wconf 77' lang='lat' dir='ltr'>vel</span> <span class='ocrx_word' id='word_1_606' title='bbox 1513 958 1534 979; x_wconf 90' lang='lat' dir='ltr'>in</span> <span class='ocrx_word' id='word_1_607' title='bbox 1552 958 1674 985; x_wconf 69' lang='lat' dir='ltr'>sensitiva,</span> <span class='ocrx_word' id='word_1_608' title='bbox 1693 957 1715 979; x_wconf 89' lang='lat' dir='ltr'>d.</span> <span class='ocrx_word' id='word_1_609' title='bbox 1733 958 1770 979; x_wconf 84' lang='lat'>33.</span> <span class='ocrx_word' id='word_1_610' title='bbox 1789 957 1818 985; x_wconf 87' lang='lat' dir='ltr'>(a.</span> <span class='ocrx_word' id='word_1_611' title='bbox 1840 959 1857 979; x_wconf 96' lang='grc'>1.</span> <span class='ocrx_word' id='word_1_612' title='bbox 1876 964 1897 986; x_wconf 84' lang='lat' dir='ltr'>q.</span> <span class='ocrx_word' id='word_1_613' title='bbox 1916 959 1954 986; x_wconf 89' lang='lat'>3.).</span> 
     </span>
    </p>

    <p class='ocr_par' dir='ltr' id='par_1_32' title="bbox 1250 1002 2033 1034">
     <span class='ocr_line' id='line_1_76' title="bbox 1250 1002 2033 1034; baseline 0.004 -10"><span class='ocrx_word' id='word_1_614' title='bbox 1250 1003 1286 1024; x_wconf 87' lang='grc'>23.</span> <span class='ocrx_word' id='word_1_615' title='bbox 1305 1002 1398 1032; x_wconf 89' lang='lat' dir='ltr'>[Utrum</span> <span class='ocrx_word' id='word_1_616' title='bbox 1416 1004 1526 1030; x_wconf 82' lang='lat' dir='ltr'>sapientia</span> <span class='ocrx_word' id='word_1_617' title='bbox 1545 1004 1573 1025; x_wconf 89' lang='lat' dir='ltr'>sit</span> <span class='ocrx_word' id='word_1_618' title='bbox 1590 1004 1611 1025; x_wconf 89' lang='lat' dir='ltr'>in</span> <span class='ocrx_word' id='word_1_619' title='bbox 1630 1004 1757 1031; x_wconf 73' lang='lat' dir='ltr'>intellectu,</span> <span class='ocrx_word' id='word_1_620' title='bbox 1776 1004 1798 1026; x_wconf 88' lang='lat' dir='ltr'>d.</span> <span class='ocrx_word' id='word_1_621' title='bbox 1816 1003 1866 1033; x_wconf 57' lang='lat'>35]</span> <span class='ocrx_word' id='word_1_622' title='bbox 1883 1005 1912 1032; x_wconf 85' lang='lat' dir='ltr'>(a.</span> <span class='ocrx_word' id='word_1_623' title='bbox 1926 1005 1946 1026; x_wconf 66' lang='lat'>1¹.</span> <span class='ocrx_word' id='word_1_624' title='bbox 1959 1011 1981 1033; x_wconf 87' lang='lat' dir='ltr'>q.</span> <span class='ocrx_word' id='word_1_625' title='bbox 1995 1005 2033 1034; x_wconf 74' lang='lat'>¹1.).</span> 
     </span>
    </p>

    <p class='ocr_par' dir='ltr' id='par_1_33' title="bbox 1187 1048 2033 1126">
     <span class='ocr_line' id='line_1_77' title="bbox 1250 1048 2033 1079; baseline 0.005 -9"><span class='ocrx_word' id='word_1_626' title='bbox 1250 1048 1286 1070; x_wconf 91' lang='lat'>24.</span> <span class='ocrx_word' id='word_1_627' title='bbox 1305 1049 1385 1071; x_wconf 86' lang='lat' dir='ltr'>Utrum</span> <span class='ocrx_word' id='word_1_628' title='bbox 1402 1055 1470 1071; x_wconf 87' lang='lat' dir='ltr'>omne</span> <span class='ocrx_word' id='word_1_629' title='bbox 1488 1050 1634 1072; x_wconf 83' lang='lat' dir='ltr'>mendacium</span> <span class='ocrx_word' id='word_1_630' title='bbox 1653 1051 1759 1078; x_wconf 77' lang='lat' dir='ltr'>(supplez</span> <span class='ocrx_word' id='word_1_631' title='bbox 1777 1050 1893 1079; x_wconf 73' lang='lat' dir='ltr'>perfectis)</span> <span class='ocrx_word' id='word_1_632' title='bbox 1911 1052 1939 1073; x_wconf 92' lang='lat' dir='ltr'>sit</span> <span class='ocrx_word' id='word_1_633' title='bbox 1955 1057 2033 1079; x_wconf 78' lang='lat' dir='ltr'>pecca·</span> 
     </span>
     <span class='ocr_line' id='line_1_78' title="bbox 1187 1097 1644 1126; baseline 0.007 -9"><span class='ocrx_word' id='word_1_634' title='bbox 1187 1098 1233 1118; x_wconf 88' lang='lat' dir='ltr'>tum</span> <span class='ocrx_word' id='word_1_635' title='bbox 1253 1097 1362 1124; x_wconf 81' lang='lat' dir='ltr'>mortale;</span> <span class='ocrx_word' id='word_1_636' title='bbox 1382 1097 1403 1118; x_wconf 93' lang='lat' dir='ltr'>d.</span> <span class='ocrx_word' id='word_1_637' title='bbox 1421 1097 1457 1119; x_wconf 79' lang='lat'>38.</span> <span class='ocrx_word' id='word_1_638' title='bbox 1477 1097 1505 1123; x_wconf 85' lang='lat' dir='ltr'>(a.</span> <span class='ocrx_word' id='word_1_639' title='bbox 1525 1098 1545 1119; x_wconf 65' lang='lat' dir='ltr'>ri.</span> <span class='ocrx_word' id='word_1_640' title='bbox 1564 1104 1586 1126; x_wconf 86' lang='lat' dir='ltr'>q.</span> <span class='ocrx_word' id='word_1_641' title='bbox 1605 1097 1644 1125; x_wconf 75' lang='lat'>4-.).</span> 
     </span>
    </p>

    <p class='ocr_par' dir='ltr' id='par_1_34' title="bbox 1185 1142 2033 1265">
     <span class='ocr_line' id='line_1_79' title="bbox 1249 1142 2033 1175; baseline 0.006 -11"><span class='ocrx_word' id='word_1_642' title='bbox 1249 1142 1262 1170; x_wconf 66' lang='lat' dir='ltr'>S</span> <span class='ocrx_word' id='word_1_643' title='bbox 1281 1143 1301 1164; x_wconf 90' lang='lat'>3.</span> <span class='ocrx_word' id='word_1_644' title='bbox 1321 1142 1405 1170; x_wconf 80' lang='lat' dir='ltr'>Quoad</span> <span class='ocrx_word' id='word_1_645' title='bbox 1421 1144 1550 1166; x_wconf 75' lang='lat' dir='ltr'>tractatum</span> <span class='ocrx_word' id='word_1_646' title='bbox 1567 1143 1594 1166; x_wconf 80' lang='lat' dir='ltr'>de</span> <span class='ocrx_word' id='word_1_647' title='bbox 1610 1143 1737 1167; x_wconf 67' lang='lat' dir='ltr'>virtutibus</span> <span class='ocrx_word' id='word_1_648' title='bbox 1757 1144 1892 1174; x_wconf 67' lang='lat' dir='ltr'>tlteoloqz&#39;cz&#39;s</span> <span class='ocrx_word' id='word_1_649' title='bbox 1916 1145 2033 1175; x_wconf 75' lang='lat' dir='ltr'>quaedam</span> 
     </span>
     <span class='ocr_line' id='line_1_80' title="bbox 1185 1188 2033 1220; baseline 0.004 -9"><span class='ocrx_word' id='word_1_650' title='bbox 1185 1188 1292 1211; x_wconf 71' lang='lat' dir='ltr'>notanda</span> <span class='ocrx_word' id='word_1_651' title='bbox 1309 1191 1365 1212; x_wconf 69' lang='lat' dir='ltr'>siml</span> <span class='ocrx_word' id='word_1_652' title='bbox 1382 1189 1409 1212; x_wconf 78' lang='lat' dir='ltr'>sle</span> <span class='ocrx_word' id='word_1_653' title='bbox 1426 1189 1541 1213; x_wconf 75' lang='lat' dir='ltr'>relatione</span> <span class='ocrx_word' id='word_1_654' title='bbox 1557 1190 1629 1213; x_wconf 74' lang='lat' dir='ltr'>liuius</span> <span class='ocrx_word' id='word_1_655' title='bbox 1648 1189 1818 1213; x_wconf 75' lang='lat' dir='ltr'>Commentariz&#39;</span> <span class='ocrx_word' id='word_1_656' title='bbox 1833 1191 1865 1213; x_wconf 78' lang='lat' dir='ltr'>acl</span> <span class='ocrx_word' id='word_1_657' title='bbox 1880 1190 2033 1220; x_wconf 79' lang='lat' dir='ltr'>Supplemen-</span> 
     </span>
     <span class='ocr_line' id='line_1_81' title="bbox 1186 1235 1787 1265; baseline 0.002 -7"><span class='ocrx_word' id='word_1_658' title='bbox 1186 1236 1236 1258; x_wconf 79' lang='lat' dir='ltr'>tum</span> <span class='ocrx_word' id='word_1_659' title='bbox 1254 1235 1373 1265; x_wconf 77' lang='lat' dir='ltr'>quoddam</span> <span class='ocrx_word' id='word_1_660' title='bbox 1390 1236 1505 1259; x_wconf 76' lang='lat' dir='ltr'>Summae</span> <span class='ocrx_word' id='word_1_661' title='bbox 1521 1236 1655 1259; x_wconf 63' lang='lat' dir='ltr'>Aleoeandri</span> <span class='ocrx_word' id='word_1_662' title='bbox 1672 1236 1787 1260; x_wconf 72' lang='lat' dir='ltr'>Halensz&#39;s.</span> 
     </span>
    </p>

    <p class='ocr_par' dir='ltr' id='par_1_35' title="bbox 1180 1283 2033 2011">
     <span class='ocr_line' id='line_1_82' title="bbox 1250 1283 2033 1311; baseline 0.004 -7"><span class='ocrx_word' id='word_1_663' title='bbox 1250 1283 1280 1304; x_wconf 89' lang='lat' dir='ltr'>De</span> <span class='ocrx_word' id='word_1_664' title='bbox 1299 1286 1426 1305; x_wconf 84' lang='lat' dir='ltr'>memorato</span> <span class='ocrx_word' id='word_1_665' title='bbox 1444 1283 1515 1311; x_wconf 86' lang='lat' dir='ltr'>libro,</span> <span class='ocrx_word' id='word_1_666' title='bbox 1532 1283 1576 1305; x_wconf 83' lang='lat' dir='ltr'>sub</span> <span class='ocrx_word' id='word_1_667' title='bbox 1594 1284 1657 1305; x_wconf 89' lang='lat' dir='ltr'>titulo</span> <span class='ocrx_word' id='word_1_668' title='bbox 1674 1283 1776 1306; x_wconf 80' lang='lat' dir='ltr'>Summo</span> <span class='ocrx_word' id='word_1_669' title='bbox 1793 1283 1820 1307; x_wconf 75' lang='lat' dir='ltr'>cle</span> <span class='ocrx_word' id='word_1_670' title='bbox 1837 1283 1963 1307; x_wconf 72' lang='lat' dir='ltr'>virtutibus</span> <span class='ocrx_word' id='word_1_671' title='bbox 1980 1284 2033 1307; x_wconf 82' lang='lat' dir='ltr'>Ale-</span> 
     </span>
     <span class='ocr_line' id='line_1_83' title="bbox 1184 1328 2033 1359; baseline 0.004 -8"><span class='ocrx_word' id='word_1_672' title='bbox 1184 1328 1276 1351; x_wconf 72' lang='lat' dir='ltr'>oeamlri</span> <span class='ocrx_word' id='word_1_673' title='bbox 1291 1328 1400 1352; x_wconf 74' lang='lat' dir='ltr'>Halensz‘s</span> <span class='ocrx_word' id='word_1_674' title='bbox 1416 1329 1517 1357; x_wconf 85' lang='lat' dir='ltr'>famoso,</span> <span class='ocrx_word' id='word_1_675' title='bbox 1536 1330 1617 1352; x_wconf 79' lang='lat' dir='ltr'>diffuse</span> <span class='ocrx_word' id='word_1_676' title='bbox 1640 1331 1684 1352; x_wconf 90' lang='lat' dir='ltr'>iam</span> <span class='ocrx_word' id='word_1_677' title='bbox 1702 1331 1793 1358; x_wconf 86' lang='lat' dir='ltr'>egimus</span> <span class='ocrx_word' id='word_1_678' title='bbox 1817 1331 1839 1352; x_wconf 90' lang='lat' dir='ltr'>in</span> <span class='ocrx_word' id='word_1_679' title='bbox 1862 1331 2033 1359; x_wconf 79' lang='lat' dir='ltr'>Prolegomenis</span> 
     </span>
     <span class='ocr_line' id='line_1_84' title="bbox 1185 1375 2032 1405; baseline 0.002 -8"><span class='ocrx_word' id='word_1_680' title='bbox 1185 1375 1215 1397; x_wconf 78' lang='lat' dir='ltr'>ad</span> <span class='ocrx_word' id='word_1_681' title='bbox 1233 1376 1246 1397; x_wconf 94' lang='grc'>1.</span> <span class='ocrx_word' id='word_1_682' title='bbox 1266 1379 1354 1398; x_wconf 88' lang='lat' dir='ltr'>tomum</span> <span class='ocrx_word' id='word_1_683' title='bbox 1373 1382 1426 1404; x_wconf 82' lang='lat' dir='ltr'>pag.</span> <span class='ocrx_word' id='word_1_684' title='bbox 1444 1376 1509 1398; x_wconf 84' lang='lat' dir='ltr'>LVlll</span> <span class='ocrx_word' id='word_1_685' title='bbox 1527 1382 1604 1405; x_wconf 67' lang='lat' dir='ltr'>seqq,</span> <span class='ocrx_word' id='word_1_686' title='bbox 1620 1376 1650 1398; x_wconf 86' lang='lat' dir='ltr'>ad</span> <span class='ocrx_word' id='word_1_687' title='bbox 1667 1383 1736 1405; x_wconf 82' lang='lat' dir='ltr'>quem</span> <span class='ocrx_word' id='word_1_688' title='bbox 1756 1377 1831 1399; x_wconf 85' lang='lat' dir='ltr'>locum</span> <span class='ocrx_word' id='word_1_689' title='bbox 1849 1377 1988 1399; x_wconf 85' lang='lat' dir='ltr'>benevolum</span> <span class='ocrx_word' id='word_1_690' title='bbox 2001 1377 2032 1399; x_wconf 89' lang='lat' dir='ltr'>le-</span> 
     </span>
     <span class='ocr_line' id='line_1_85' title="bbox 1184 1423 2030 1451; baseline 0.004 -8"><span class='ocrx_word' id='word_1_691' title='bbox 1184 1424 1271 1444; x_wconf 86' lang='lat' dir='ltr'>ctorem</span> <span class='ocrx_word' id='word_1_692' title='bbox 1288 1423 1435 1450; x_wconf 80' lang='lat' dir='ltr'>remittimus,</span> <span class='ocrx_word' id='word_1_693' title='bbox 1453 1428 1527 1450; x_wconf 87' lang='lat' dir='ltr'>pauca</span> <span class='ocrx_word' id='word_1_694' title='bbox 1546 1425 1632 1445; x_wconf 86' lang='lat' dir='ltr'>tantum</span> <span class='ocrx_word' id='word_1_695' title='bbox 1646 1424 1682 1445; x_wconf 81' lang='lat' dir='ltr'>liic·</span> <span class='ocrx_word' id='word_1_696' title='bbox 1694 1427 1823 1451; x_wconf 89' lang='lat' dir='ltr'>opportune</span> <span class='ocrx_word' id='word_1_697' title='bbox 1841 1424 1979 1446; x_wconf 82' lang='lat' dir='ltr'>adiicientes.</span> <span class='ocrx_word' id='word_1_698' title='bbox 1999 1425 2030 1446; x_wconf 88' lang='lat' dir='ltr'>in-</span> 
     </span>
     <span class='ocr_line' id='line_1_86' title="bbox 1184 1469 2032 1498; baseline 0.004 -8"><span class='ocrx_word' id='word_1_699' title='bbox 1184 1469 1262 1491; x_wconf 84' lang='lat' dir='ltr'>stituto</span> <span class='ocrx_word' id='word_1_700' title='bbox 1287 1469 1348 1491; x_wconf 88' lang='lat' dir='ltr'>enim</span> <span class='ocrx_word' id='word_1_701' title='bbox 1373 1469 1518 1496; x_wconf 75' lang='lat' dir='ltr'>diligentiore</span> <span class='ocrx_word' id='word_1_702' title='bbox 1542 1469 1646 1491; x_wconf 85' lang='lat' dir='ltr'>eiusdem</span> <span class='ocrx_word' id='word_1_703' title='bbox 1672 1469 1723 1491; x_wconf 91' lang='lat' dir='ltr'>libri</span> <span class='ocrx_word' id='word_1_704' title='bbox 1748 1471 1862 1498; x_wconf 74' lang='lat' dir='ltr'>examine,</span> <span class='ocrx_word' id='word_1_705' title='bbox 1882 1471 1948 1493; x_wconf 91' lang='lat' dir='ltr'>novis</span> <span class='ocrx_word' id='word_1_706' title='bbox 1965 1477 2032 1498; x_wconf 82' lang='lat' dir='ltr'>argu-</span> 
     </span>
     <span class='ocr_line' id='line_1_87' title="bbox 1184 1516 2032 1545; baseline 0.001 -7"><span class='ocrx_word' id='word_1_707' title='bbox 1184 1517 1267 1538; x_wconf 88' lang='lat' dir='ltr'>mentis</span> <span class='ocrx_word' id='word_1_708' title='bbox 1284 1516 1421 1539; x_wconf 77' lang='lat' dir='ltr'>confirmare</span> <span class='ocrx_word' id='word_1_709' title='bbox 1446 1523 1507 1539; x_wconf 87' lang='lat' dir='ltr'>nunc</span> <span class='ocrx_word' id='word_1_710' title='bbox 1530 1523 1655 1545; x_wconf 85' lang='lat' dir='ltr'>possumus</span> <span class='ocrx_word' id='word_1_711' title='bbox 1672 1523 1732 1545; x_wconf 85' lang='lat' dir='ltr'>quae</span> <span class='ocrx_word' id='word_1_712' title='bbox 1749 1516 1780 1538; x_wconf 93' lang='lat' dir='ltr'>ibi</span> <span class='ocrx_word' id='word_1_713' title='bbox 1797 1518 1950 1545; x_wconf 82' lang='lat' dir='ltr'>asseruimus,</span> <span class='ocrx_word' id='word_1_714' title='bbox 1968 1523 2032 1545; x_wconf 87' lang='lat' dir='ltr'>prae-</span> 
     </span>
     <span class='ocr_line' id='line_1_88' title="bbox 1183 1563 2031 1592; baseline 0.001 -7"><span class='ocrx_word' id='word_1_715' title='bbox 1183 1564 1261 1585; x_wconf 87' lang='lat' dir='ltr'>sertim</span> <span class='ocrx_word' id='word_1_716' title='bbox 1280 1564 1367 1591; x_wconf 89' lang='lat' dir='ltr'>primo,</span> <span class='ocrx_word' id='word_1_717' title='bbox 1386 1563 1449 1592; x_wconf 83' lang='lat' dir='ltr'>quod</span> <span class='ocrx_word' id='word_1_718' title='bbox 1468 1564 1621 1591; x_wconf 80' lang='lat' dir='ltr'>fragmentum</span> <span class='ocrx_word' id='word_1_719' title='bbox 1640 1564 1701 1586; x_wconf 84' lang='lat' dir='ltr'>istud</span> <span class='ocrx_word' id='word_1_720' title='bbox 1717 1570 1745 1586; x_wconf 78' lang='lat' dir='ltr'>eo</span> <span class='ocrx_word' id='word_1_721' title='bbox 1763 1564 1807 1586; x_wconf 81' lang='lat' dir='ltr'>tine</span> <span class='ocrx_word' id='word_1_722' title='bbox 1824 1564 1936 1591; x_wconf 86' lang='lat' dir='ltr'>scriptum</span> <span class='ocrx_word' id='word_1_723' title='bbox 1953 1564 1991 1592; x_wconf 84' lang='lat' dir='ltr'>sit,</span> <span class='ocrx_word' id='word_1_724' title='bbox 2005 1566 2031 1586; x_wconf 85' lang='lat' dir='ltr'>ut</span> 
     </span>
     <span class='ocr_line' id='line_1_89' title="bbox 1183 1609 2032 1638; baseline 0.001 -7"><span class='ocrx_word' id='word_1_725' title='bbox 1183 1609 1313 1637; x_wconf 80' lang='lat' dir='ltr'>expleretur</span> <span class='ocrx_word' id='word_1_726' title='bbox 1331 1610 1449 1632; x_wconf 82' lang='lat' dir='ltr'>manifesta</span> <span class='ocrx_word' id='word_1_727' title='bbox 1468 1612 1489 1632; x_wconf 89' lang='lat' dir='ltr'>et</span> <span class='ocrx_word' id='word_1_728' title='bbox 1506 1610 1606 1632; x_wconf 83' lang='lat' dir='ltr'>maxima</span> <span class='ocrx_word' id='word_1_729' title='bbox 1623 1610 1716 1637; x_wconf 88' lang='lat' dir='ltr'>lacuna,</span> <span class='ocrx_word' id='word_1_730' title='bbox 1735 1616 1795 1638; x_wconf 87' lang='lat' dir='ltr'>quae</span> <span class='ocrx_word' id='word_1_731' title='bbox 1812 1611 1834 1632; x_wconf 92' lang='lat' dir='ltr'>in</span> <span class='ocrx_word' id='word_1_732' title='bbox 1846 1612 1911 1638; x_wconf 87' lang='lat' dir='ltr'>parte</span> <span class='ocrx_word' id='word_1_733' title='bbox 1922 1609 1954 1632; x_wconf 91' lang='lat' dir='ltr'>lll.</span> <span class='ocrx_word' id='word_1_734' title='bbox 1967 1615 2032 1638; x_wconf 82' lang='lat' dir='ltr'>prae-</span> 
     </span>
     <span class='ocr_line' id='line_1_90' title="bbox 1184 1656 2031 1685; baseline 0.002 -8"><span class='ocrx_word' id='word_1_735' title='bbox 1184 1656 1257 1678; x_wconf 81' lang='lat' dir='ltr'>dictae</span> <span class='ocrx_word' id='word_1_736' title='bbox 1280 1656 1389 1678; x_wconf 82' lang='lat' dir='ltr'>Summae</span> <span class='ocrx_word' id='word_1_737' title='bbox 1414 1659 1467 1684; x_wconf 88' lang='lat' dir='ltr'>post</span> <span class='ocrx_word' id='word_1_738' title='bbox 1487 1663 1509 1685; x_wconf 91' lang='lat' dir='ltr'>q.</span> <span class='ocrx_word' id='word_1_739' title='bbox 1527 1657 1564 1678; x_wconf 86' lang='lat'>63.</span> <span class='ocrx_word' id='word_1_740' title='bbox 1583 1657 1674 1684; x_wconf 86' lang='lat' dir='ltr'>hiascit;</span> <span class='ocrx_word' id='word_1_741' title='bbox 1692 1658 1745 1679; x_wconf 84' lang='lat' dir='ltr'>item</span> <span class='ocrx_word' id='word_1_742' title='bbox 1771 1657 1886 1684; x_wconf 86' lang='lat' dir='ltr'>secundo,</span> <span class='ocrx_word' id='word_1_743' title='bbox 1903 1657 1966 1685; x_wconf 86' lang='lat' dir='ltr'>quod</span> <span class='ocrx_word' id='word_1_744' title='bbox 1984 1657 2031 1679; x_wconf 87' lang='lat' dir='ltr'>Ale-</span> 
     </span>
     <span class='ocr_line' id='line_1_91' title="bbox 1183 1703 2031 1732; baseline 0.001 -7"><span class='ocrx_word' id='word_1_745' title='bbox 1183 1703 1270 1725; x_wconf 85' lang='lat' dir='ltr'>xander</span> <span class='ocrx_word' id='word_1_746' title='bbox 1287 1709 1331 1725; x_wconf 91' lang='lat' dir='ltr'>non</span> <span class='ocrx_word' id='word_1_747' title='bbox 1349 1704 1377 1725; x_wconf 86' lang='lat' dir='ltr'>sit</span> <span class='ocrx_word' id='word_1_748' title='bbox 1395 1704 1463 1725; x_wconf 86' lang='lat' dir='ltr'>huius</span> <span class='ocrx_word' id='word_1_749' title='bbox 1480 1704 1638 1731; x_wconf 74' lang='lat' dir='ltr'>supplementi</span> <span class='ocrx_word' id='word_1_750' title='bbox 1655 1706 1735 1726; x_wconf 89' lang='lat' dir='ltr'>auctor</span> <span class='ocrx_word' id='word_1_751' title='bbox 1752 1704 1814 1732; x_wconf 86' lang='lat' dir='ltr'>(licet</span> <span class='ocrx_word' id='word_1_752' title='bbox 1829 1703 1979 1731; x_wconf 84' lang='lat' dir='ltr'>probabiliter</span> <span class='ocrx_word' id='word_1_753' title='bbox 1990 1704 2031 1726; x_wconf 84' lang='lat' dir='ltr'>sal-</span> 
     </span>
     <span class='ocr_line' id='line_1_92' title="bbox 1182 1749 2030 1778; baseline 0 -7"><span class='ocrx_word' id='word_1_754' title='bbox 1182 1752 1227 1771; x_wconf 88' lang='lat' dir='ltr'>tem</span> <span class='ocrx_word' id='word_1_755' title='bbox 1245 1749 1364 1778; x_wconf 77' lang='lat' dir='ltr'>dispositio</span> <span class='ocrx_word' id='word_1_756' title='bbox 1389 1750 1536 1772; x_wconf 85' lang='lat' dir='ltr'>materiarum</span> <span class='ocrx_word' id='word_1_757' title='bbox 1562 1749 1590 1772; x_wconf 83' lang='lat' dir='ltr'>ad</span> <span class='ocrx_word' id='word_1_758' title='bbox 1608 1750 1684 1777; x_wconf 84' lang='lat' dir='ltr'>ipsum</span> <span class='ocrx_word' id='word_1_759' title='bbox 1702 1753 1806 1777; x_wconf 83' lang='lat' dir='ltr'>spectare</span> <span class='ocrx_word' id='word_1_760' title='bbox 1829 1749 1963 1778; x_wconf 83' lang='lat' dir='ltr'>videatur),</span> <span class='ocrx_word' id='word_1_761' title='bbox 1988 1750 2030 1772; x_wconf 91' lang='lat' dir='ltr'>sed</span> 
     </span>
     <span class='ocr_line' id='line_1_93' title="bbox 1181 1796 2030 1824; baseline 0 -6"><span class='ocrx_word' id='word_1_762' title='bbox 1181 1797 1258 1824; x_wconf 85' lang='lat' dir='ltr'>potius</span> <span class='ocrx_word' id='word_1_763' title='bbox 1275 1796 1401 1820; x_wconf 80' lang='lat' dir='ltr'>Gulielmus</span> <span class='ocrx_word' id='word_1_764' title='bbox 1413 1796 1441 1818; x_wconf 83' lang='lat' dir='ltr'>de</span> <span class='ocrx_word' id='word_1_765' title='bbox 1454 1796 1568 1824; x_wconf 80' lang='lat' dir='ltr'>Melitona,</span> <span class='ocrx_word' id='word_1_766' title='bbox 1580 1796 1616 1818; x_wconf 75' lang='lat' dir='ltr'>vel</span> <span class='ocrx_word' id='word_1_767' title='bbox 1629 1796 1708 1818; x_wconf 82' lang='lat' dir='ltr'>saltem</span> <span class='ocrx_word' id='word_1_768' title='bbox 1725 1796 1818 1823; x_wconf 82' lang='lat' dir='ltr'>ignotus</span> <span class='ocrx_word' id='word_1_769' title='bbox 1835 1796 1903 1818; x_wconf 81' lang='lat' dir='ltr'>trater</span> <span class='ocrx_word' id='word_1_770' title='bbox 1919 1802 1946 1818; x_wconf 87' lang='lat' dir='ltr'>ex</span> <span class='ocrx_word' id='word_1_771' title='bbox 1962 1797 2030 1818; x_wconf 88' lang='lat' dir='ltr'>sociis</span> 
     </span>
     <span class='ocr_line' id='line_1_94' title="bbox 1182 1842 2028 1871; baseline 0 -6"><span class='ocrx_word' id='word_1_772' title='bbox 1182 1842 1211 1865; x_wconf 85' lang='lat' dir='ltr'>ad</span> <span class='ocrx_word' id='word_1_773' title='bbox 1229 1842 1392 1870; x_wconf 81' lang='lat' dir='ltr'>perficiendam</span> <span class='ocrx_word' id='word_1_774' title='bbox 1411 1842 1471 1864; x_wconf 89' lang='lat' dir='ltr'>illam</span> <span class='ocrx_word' id='word_1_775' title='bbox 1490 1843 1610 1864; x_wconf 84' lang='lat' dir='ltr'>Summam</span> <span class='ocrx_word' id='word_1_776' title='bbox 1623 1843 1666 1870; x_wconf 89' lang='lat' dir='ltr'>ipsi</span> <span class='ocrx_word' id='word_1_777' title='bbox 1678 1843 1813 1870; x_wconf 82' lang='lat' dir='ltr'>assignatis;</span> <span class='ocrx_word' id='word_1_778' title='bbox 1832 1842 1931 1871; x_wconf 85' lang='lat' dir='ltr'>denique</span> <span class='ocrx_word' id='word_1_779' title='bbox 1948 1843 2028 1871; x_wconf 84' lang='lat' dir='ltr'>tertio,</span> 
     </span>
     <span class='ocr_line' id='line_1_95' title="bbox 1182 1889 2030 1918; baseline 0 -7"><span class='ocrx_word' id='word_1_780' title='bbox 1182 1890 1245 1918; x_wconf 88' lang='lat' dir='ltr'>quod</span> <span class='ocrx_word' id='word_1_781' title='bbox 1258 1892 1337 1912; x_wconf 87' lang='lat' dir='ltr'>auctor</span> <span class='ocrx_word' id='word_1_782' title='bbox 1355 1890 1512 1917; x_wconf 84' lang='lat' dir='ltr'>Supplcmenti</span> <span class='ocrx_word' id='word_1_783' title='bbox 1529 1890 1551 1911; x_wconf 92' lang='lat' dir='ltr'>in</span> <span class='ocrx_word' id='word_1_784' title='bbox 1569 1889 1742 1911; x_wconf 84' lang='lat' dir='ltr'>transcribendo</span> <span class='ocrx_word' id='word_1_785' title='bbox 1755 1895 1810 1912; x_wconf 85' lang='lat' dir='ltr'>usus</span> <span class='ocrx_word' id='word_1_786' title='bbox 1821 1890 1849 1911; x_wconf 89' lang='lat' dir='ltr'>sit</span> <span class='ocrx_word' id='word_1_787' title='bbox 1861 1889 2030 1912; x_wconf 81' lang='lat' dir='ltr'>Commentario</span> 
     </span>
     <span class='ocr_line' id='line_1_96' title="bbox 1181 1936 2029 1964; baseline 0 -6"><span class='ocrx_word' id='word_1_788' title='bbox 1181 1937 1202 1958; x_wconf 86' lang='lat' dir='ltr'>S.</span> <span class='ocrx_word' id='word_1_789' title='bbox 1228 1937 1402 1959; x_wconf 83' lang='lat' dir='ltr'>Bonaventurae</span> <span class='ocrx_word' id='word_1_790' title='bbox 1425 1936 1456 1964; x_wconf 88' lang='lat' dir='ltr'>(d.</span> <span class='ocrx_word' id='word_1_791' title='bbox 1480 1936 1579 1964; x_wconf 65' lang='lat'>2333),</span> <span class='ocrx_word' id='word_1_792' title='bbox 1601 1942 1645 1958; x_wconf 90' lang='lat' dir='ltr'>non</span> <span class='ocrx_word' id='word_1_793' title='bbox 1671 1939 1747 1959; x_wconf 84' lang='lat' dir='ltr'>autem</span> <span class='ocrx_word' id='word_1_794' title='bbox 1770 1937 1791 1958; x_wconf 91' lang='lat' dir='ltr'>S.</span> <span class='ocrx_word' id='word_1_795' title='bbox 1809 1937 1969 1959; x_wconf 82' lang='lat' dir='ltr'>Bonaventura</span> <span class='ocrx_word' id='word_1_796' title='bbox 1992 1937 2029 1959; x_wconf 88' lang='lat' dir='ltr'>illo</span> 
     </span>
     <span class='ocr_line' id='line_1_97' title="bbox 1180 1984 1353 2011; baseline 0 -6"><span class='ocrx_word' id='word_1_797' title='bbox 1180 1984 1353 2011; x_wconf 86' lang='lat' dir='ltr'>Supplemento.</span> 
     </span>
    </p>

    <p class='ocr_par' dir='ltr' id='par_1_36' title="bbox 1179 2029 2030 2617">
     <span class='ocr_line' id='line_1_98' title="bbox 1245 2029 2029 2059; baseline 0 -7"><span class='ocrx_word' id='word_1_798' title='bbox 1245 2030 1312 2059; x_wconf 87' lang='lat' dir='ltr'>Quod</span> <span class='ocrx_word' id='word_1_799' title='bbox 1329 2033 1406 2052; x_wconf 88' lang='lat' dir='ltr'>autem</span> <span class='ocrx_word' id='word_1_800' title='bbox 1432 2030 1559 2052; x_wconf 80' lang='lat' dir='ltr'>Alexander</span> <span class='ocrx_word' id='word_1_801' title='bbox 1585 2030 1620 2052; x_wconf 92' lang='lat' dir='ltr'>lV.</span> <span class='ocrx_word' id='word_1_802' title='bbox 1638 2029 1684 2058; x_wconf 86' lang='lat' dir='ltr'>(an.</span> <span class='ocrx_word' id='word_1_803' title='bbox 1704 2030 1773 2058; x_wconf 83' lang='grc'>1256)</span> <span class='ocrx_word' id='word_1_804' title='bbox 1792 2030 1923 2052; x_wconf 77' lang='lat' dir='ltr'>manifestas</span> <span class='ocrx_word' id='word_1_805' title='bbox 1941 2030 2029 2058; x_wconf 84' lang='lat' dir='ltr'>praedi-</span> 
     </span>
     <span class='ocr_line' id='line_1_99' title="bbox 1181 2075 2030 2103; baseline -0.001 -5"><span class='ocrx_word' id='word_1_806' title='bbox 1181 2079 1231 2099; x_wconf 81' lang='lat' dir='ltr'>ctae</span> <span class='ocrx_word' id='word_1_807' title='bbox 1248 2077 1357 2098; x_wconf 88' lang='lat' dir='ltr'>Summae</span> <span class='ocrx_word' id='word_1_808' title='bbox 1374 2077 1466 2098; x_wconf 87' lang='lat' dir='ltr'>lacunas</span> <span class='ocrx_word' id='word_1_809' title='bbox 1483 2076 1595 2098; x_wconf 84' lang='lat' dir='ltr'>Gulielmo</span> <span class='ocrx_word' id='word_1_810' title='bbox 1613 2076 1641 2098; x_wconf 87' lang='lat' dir='ltr'>de</span> <span class='ocrx_word' id='word_1_811' title='bbox 1662 2076 1765 2098; x_wconf 85' lang='lat' dir='ltr'>Melitona</span> <span class='ocrx_word' id='word_1_812' title='bbox 1789 2075 1912 2103; x_wconf 79' lang='lat' dir='ltr'>explendas</span> <span class='ocrx_word' id='word_1_813' title='bbox 1934 2076 2030 2098; x_wconf 88' lang='lat' dir='ltr'>commi-</span> 
     </span>
     <span class='ocr_line' id='line_1_100' title="bbox 1181 2122 2029 2151; baseline -0.001 -6"><span class='ocrx_word' id='word_1_814' title='bbox 1181 2124 1247 2151; x_wconf 86' lang='lat' dir='ltr'>serit,</span> <span class='ocrx_word' id='word_1_815' title='bbox 1265 2130 1309 2145; x_wconf 91' lang='lat' dir='ltr'>non</span> <span class='ocrx_word' id='word_1_816' title='bbox 1327 2126 1415 2145; x_wconf 87' lang='lat' dir='ltr'>tantum</span> <span class='ocrx_word' id='word_1_817' title='bbox 1432 2123 1521 2145; x_wconf 89' lang='lat' dir='ltr'>Litteris</span> <span class='ocrx_word' id='word_1_818' title='bbox 1538 2123 1580 2145; x_wconf 91' lang='lat' dir='ltr'>illis</span> <span class='ocrx_word' id='word_1_819' title='bbox 1597 2123 1743 2150; x_wconf 76' lang='lat' dir='ltr'>Apostolicis,</span> <span class='ocrx_word' id='word_1_820' title='bbox 1765 2129 1822 2151; x_wconf 84' lang='lat' dir='ltr'>quas</span> <span class='ocrx_word' id='word_1_821' title='bbox 1840 2122 1957 2145; x_wconf 85' lang='lat' dir='ltr'>Echardus</span> <span class='ocrx_word' id='word_1_822' title='bbox 1974 2122 2029 2145; x_wconf 90' lang='lat' dir='ltr'>Ord.</span> 
     </span>
     <span class='ocr_line' id='line_1_101' title="bbox 1183 2169 2028 2198; baseline -0.002 -6"><span class='ocrx_word' id='word_1_823' title='bbox 1183 2170 1261 2193; x_wconf 74' lang='lat' dir='ltr'>Praed.</span> <span class='ocrx_word' id='word_1_824' title='bbox 1280 2171 1369 2198; x_wconf 85' lang='lat' dir='ltr'>primus</span> <span class='ocrx_word' id='word_1_825' title='bbox 1390 2170 1495 2198; x_wconf 78' lang='lat' dir='ltr'>vulgavit</span> <span class='ocrx_word' id='word_1_826' title='bbox 1519 2176 1606 2198; x_wconf 84' lang='lat' dir='ltr'>nosque</span> <span class='ocrx_word' id='word_1_827' title='bbox 1628 2170 1709 2191; x_wconf 89' lang='lat' dir='ltr'>iterum</span> <span class='ocrx_word' id='word_1_828' title='bbox 1733 2169 1808 2197; x_wconf 86' lang='lat' dir='ltr'>(ibid.)</span> <span class='ocrx_word' id='word_1_829' title='bbox 1826 2169 2028 2197; x_wconf 84' lang='lat' dir='ltr'>transcripsimus,</span> 
     </span>
     <span class='ocr_line' id='line_1_102' title="bbox 1181 2215 2027 2246; baseline -0.004 -6"><span class='ocrx_word' id='word_1_830' title='bbox 1181 2221 1326 2246; x_wconf 80' lang='lat' dir='ltr'>compertum</span> <span class='ocrx_word' id='word_1_831' title='bbox 1352 2220 1397 2245; x_wconf 77' lang='lat' dir='ltr'>est,</span> <span class='ocrx_word' id='word_1_832' title='bbox 1423 2217 1463 2239; x_wconf 85' lang='lat' dir='ltr'>sed</span> <span class='ocrx_word' id='word_1_833' title='bbox 1489 2217 1556 2239; x_wconf 87' lang='lat' dir='ltr'>etiam</span> <span class='ocrx_word' id='word_1_834' title='bbox 1579 2218 1600 2238; x_wconf 85' lang='lat' dir='ltr'>in</span> <span class='ocrx_word' id='word_1_835' title='bbox 1618 2216 1736 2239; x_wconf 87' lang='lat' dir='ltr'>Chronicis</span> <span class='ocrx_word' id='word_1_836' title='bbox 1754 2216 1847 2242; x_wconf 84' lang='lat' dir='ltr'>nostris,</span> <span class='ocrx_word' id='word_1_837' title='bbox 1867 2222 1926 2244; x_wconf 77' lang='lat' dir='ltr'>quae</span> <span class='ocrx_word' id='word_1_838' title='bbox 1952 2215 2027 2238; x_wconf 73' lang='lat' dir='ltr'>xxw</span> 
     </span>
     <span class='ocr_line' id='line_1_103' title="bbox 1180 2261 2028 2290; baseline -0.004 -4"><span class='ocrx_word' id='word_1_839' title='bbox 1180 2264 1324 2286; x_wconf 81' lang='lat' dir='ltr'>Generalium</span> <span class='ocrx_word' id='word_1_840' title='bbox 1350 2267 1462 2286; x_wconf 84' lang='lat' dir='ltr'>vocantur</span> <span class='ocrx_word' id='word_1_841' title='bbox 1486 2267 1508 2286; x_wconf 84' lang='lat' dir='ltr'>et</span> <span class='ocrx_word' id='word_1_842' title='bbox 1532 2263 1608 2285; x_wconf 90' lang='lat' dir='ltr'>adhuc</span> <span class='ocrx_word' id='word_1_843' title='bbox 1629 2265 1681 2285; x_wconf 90' lang='lat' dir='ltr'>sunt</span> <span class='ocrx_word' id='word_1_844' title='bbox 1706 2262 1817 2290; x_wconf 85' lang='lat' dir='ltr'>ineditae,</span> <span class='ocrx_word' id='word_1_845' title='bbox 1836 2262 1926 2284; x_wconf 87' lang='lat' dir='ltr'>disertis</span> <span class='ocrx_word' id='word_1_846' title='bbox 1950 2261 2028 2284; x_wconf 83' lang='lat' dir='ltr'>verbis</span> 
     </span>
     <span class='ocr_line' id='line_1_104' title="bbox 1180 2309 2029 2339; baseline -0.004 -6"><span class='ocrx_word' id='word_1_847' title='bbox 1180 2310 1352 2339; x_wconf 84' lang='lat' dir='ltr'>comprobatur.</span> <span class='ocrx_word' id='word_1_848' title='bbox 1372 2311 1402 2333; x_wconf 88' lang='lat' dir='ltr'>lbi</span> <span class='ocrx_word' id='word_1_849' title='bbox 1420 2311 1488 2332; x_wconf 88' lang='lat' dir='ltr'>etiam</span> <span class='ocrx_word' id='word_1_850' title='bbox 1506 2310 1610 2337; x_wconf 83' lang='lat' dir='ltr'>additur,</span> <span class='ocrx_word' id='word_1_851' title='bbox 1629 2309 1691 2338; x_wconf 84' lang='lat' dir='ltr'>quod</span> <span class='ocrx_word' id='word_1_852' title='bbox 1709 2309 1836 2331; x_wconf 82' lang='lat' dir='ltr'>Alexander</span> <span class='ocrx_word' id='word_1_853' title='bbox 1853 2309 1889 2331; x_wconf 76' lang='lat' dir='ltr'>lV.</span> <span class='ocrx_word' id='word_1_854' title='bbox 1911 2317 1921 2328; x_wconf 67' lang='grc' dir='ltr'>τ(</span> <span class='ocrx_word' id='word_1_855' title='bbox 1937 2310 2029 2336; x_wconf 85' lang='lat' dir='ltr'>scripsit</span> 
     </span>
     <span class='ocr_line' id='line_1_105' title="bbox 1180 2355 2028 2383; baseline -0.004 -4"><span class='ocrx_word' id='word_1_856' title='bbox 1180 2357 1280 2379; x_wconf 87' lang='lat' dir='ltr'>Ministro</span> <span class='ocrx_word' id='word_1_857' title='bbox 1299 2357 1416 2383; x_wconf 66' lang='lat' dir='ltr'>Francim,</span> <span class='ocrx_word' id='word_1_858' title='bbox 1435 2359 1459 2378; x_wconf 95' lang='lat' dir='ltr'>ut</span> <span class='ocrx_word' id='word_1_859' title='bbox 1484 2356 1512 2378; x_wconf 90' lang='lat' dir='ltr'>de</span> <span class='ocrx_word' id='word_1_860' title='bbox 1537 2358 1582 2378; x_wconf 89' lang='lat' dir='ltr'>tota</span> <span class='ocrx_word' id='word_1_861' title='bbox 1607 2356 1727 2377; x_wconf 76' lang='lat' dir='ltr'>Provincia</span> <span class='ocrx_word' id='word_1_862' title='bbox 1752 2355 1842 2383; x_wconf 86' lang='lat' dir='ltr'>aliquos</span> <span class='ocrx_word' id='word_1_863' title='bbox 1859 2355 1976 2377; x_wconf 82' lang='lat' dir='ltr'>studentes</span> <span class='ocrx_word' id='word_1_864' title='bbox 1998 2355 2028 2377; x_wconf 88' lang='lat' dir='ltr'>ad</span> 
     </span>
     <span class='ocr_line' id='line_1_106' title="bbox 1180 2402 2027 2431; baseline -0.002 -6"><span class='ocrx_word' id='word_1_865' title='bbox 1180 2404 1223 2425; x_wconf 87' lang='lat' dir='ltr'>hoc</span> <span class='ocrx_word' id='word_1_866' title='bbox 1248 2403 1345 2426; x_wconf 89' lang='lat' dir='ltr'>idoneos</span> <span class='ocrx_word' id='word_1_867' title='bbox 1369 2403 1475 2430; x_wconf 79' lang='lat' dir='ltr'>eligeret,</span> <span class='ocrx_word' id='word_1_868' title='bbox 1494 2403 1532 2431; x_wconf 89' lang='lat' dir='ltr'>qui</span> <span class='ocrx_word' id='word_1_869' title='bbox 1550 2402 1626 2424; x_wconf 89' lang='lat' dir='ltr'>eidem</span> <span class='ocrx_word' id='word_1_870' title='bbox 1644 2403 1754 2429; x_wconf 75' lang='lat' dir='ltr'>magistro</span> <span class='ocrx_word' id='word_1_871' title='bbox 1772 2402 1914 2429; x_wconf 74' lang='lat' dir='ltr'>assisterent,</span> <span class='ocrx_word' id='word_1_872' title='bbox 1932 2404 1957 2423; x_wconf 92' lang='lat' dir='ltr'>ut</span> <span class='ocrx_word' id='word_1_873' title='bbox 1973 2406 2027 2423; x_wconf 86' lang='lat' dir='ltr'>eum</span> 
     </span>
     <span class='ocr_line' id='line_1_107' title="bbox 1179 2447 2027 2477; baseline -0.004 -6"><span class='ocrx_word' id='word_1_874' title='bbox 1179 2449 1208 2471; x_wconf 89' lang='lat' dir='ltr'>ad</span> <span class='ocrx_word' id='word_1_875' title='bbox 1226 2449 1313 2471; x_wconf 91' lang='lat' dir='ltr'>dictum</span> <span class='ocrx_word' id='word_1_876' title='bbox 1331 2455 1390 2477; x_wconf 86' lang='lat' dir='ltr'>opus</span> <span class='ocrx_word' id='word_1_877' title='bbox 1407 2448 1617 2471; x_wconf 87' lang='lat' dir='ltr'>consummandum</span> <span class='ocrx_word' id='word_1_878' title='bbox 1630 2447 1727 2470; x_wconf 73' lang='lat' dir='ltr'>fideliter</span> <span class='ocrx_word' id='word_1_879' title='bbox 1739 2447 1875 2470; x_wconf 82' lang='lat' dir='ltr'>adiuvarent</span> <span class='ocrx_word' id='word_1_880' title='bbox 1887 2455 1908 2469; x_wconf 62' lang='grc' dir='ltr'>ν,</span> <span class='ocrx_word' id='word_1_881' title='bbox 1920 2447 1982 2469; x_wconf 85' lang='lat' dir='ltr'>Idem</span> <span class='ocrx_word' id='word_1_882' title='bbox 1994 2453 2027 2469; x_wconf 86' lang='lat' dir='ltr'>re-</span> 
     </span>
     <span class='ocr_line' id='line_1_108' title="bbox 1179 2494 2026 2524; baseline -0.004 -6"><span class='ocrx_word' id='word_1_883' title='bbox 1179 2497 1234 2524; x_wconf 88' lang='lat' dir='ltr'>petit</span> <span class='ocrx_word' id='word_1_884' title='bbox 1251 2496 1285 2518; x_wconf 87' lang='lat' dir='ltr'>Fr.</span> <span class='ocrx_word' id='word_1_885' title='bbox 1304 2496 1435 2518; x_wconf 86' lang='lat' dir='ltr'>Ludovicus</span> <span class='ocrx_word' id='word_1_886' title='bbox 1453 2496 1482 2517; x_wconf 86' lang='lat' dir='ltr'>de</span> <span class='ocrx_word' id='word_1_887' title='bbox 1499 2494 1619 2522; x_wconf 81' lang='lat' dir='ltr'>lieilsberg</span> <span class='ocrx_word' id='word_1_888' title='bbox 1641 2495 1690 2516; x_wconf 86' lang='lat' dir='ltr'>sive</span> <span class='ocrx_word' id='word_1_889' title='bbox 1707 2495 1819 2516; x_wconf 80' lang='lat' dir='ltr'>Prutenus</span> <span class='ocrx_word' id='word_1_890' title='bbox 1835 2495 1856 2515; x_wconf 92' lang='lat' dir='ltr'>in</span> <span class='ocrx_word' id='word_1_891' title='bbox 1878 2500 1920 2516; x_wconf 89' lang='lat' dir='ltr'>suo</span> <span class='ocrx_word' id='word_1_892' title='bbox 1932 2494 2026 2521; x_wconf 81' lang='lat' dir='ltr'>egregio</span> 
     </span>
     <span class='ocr_line' id='line_1_109' title="bbox 1179 2539 2026 2571; baseline -0.006 -6"><span class='ocrx_word' id='word_1_893' title='bbox 1179 2543 1237 2565; x_wconf 82' lang='lat' dir='ltr'>libro</span> <span class='ocrx_word' id='word_1_894' title='bbox 1257 2541 1389 2571; x_wconf 71' lang='lat' dir='ltr'>Trilossz&#39;um</span> <span class='ocrx_word' id='word_1_895' title='bbox 1405 2541 1499 2564; x_wconf 73' lang='lat' dir='ltr'>animae</span> <span class='ocrx_word' id='word_1_896' title='bbox 1518 2548 1538 2569; x_wconf 90' lang='lat' dir='ltr'>p.</span> <span class='ocrx_word' id='word_1_897' title='bbox 1558 2541 1589 2562; x_wconf 85' lang='grc'>111.</span> <span class='ocrx_word' id='word_1_898' title='bbox 1608 2546 1626 2562; x_wconf 95' lang='lat' dir='ltr'>c.</span> <span class='ocrx_word' id='word_1_899' title='bbox 1645 2540 1666 2562; x_wconf 90' lang='lat'>4.</span> <span class='ocrx_word' id='word_1_900' title='bbox 1684 2539 1727 2562; x_wconf 87' lang='lat' dir='ltr'>sub</span> <span class='ocrx_word' id='word_1_901' title='bbox 1745 2540 1775 2562; x_wconf 91' lang='lat' dir='ltr'>lit.</span> <span class='ocrx_word' id='word_1_902' title='bbox 1794 2540 1823 2567; x_wconf 73' lang='lat' dir='ltr'>N,</span> <span class='ocrx_word' id='word_1_903' title='bbox 1842 2540 1880 2568; x_wconf 86' lang='lat' dir='ltr'>qui</span> <span class='ocrx_word' id='word_1_904' title='bbox 1898 2539 2026 2561; x_wconf 79' lang='lat' dir='ltr'>Norimber-</span> 
     </span>
     <span class='ocr_line' id='line_1_110' title="bbox 1179 2587 1921 2617; baseline -0.005 -5"><span class='ocrx_word' id='word_1_905' title='bbox 1179 2596 1221 2617; x_wconf 83' lang='lat' dir='ltr'>gae</span> <span class='ocrx_word' id='word_1_906' title='bbox 1239 2596 1280 2617; x_wconf 91' lang='lat' dir='ltr'>per</span> <span class='ocrx_word' id='word_1_907' title='bbox 1298 2590 1421 2611; x_wconf 82' lang='lat' dir='ltr'>Antonium</span> <span class='ocrx_word' id='word_1_908' title='bbox 1439 2588 1563 2616; x_wconf 77' lang='lat' dir='ltr'>Koburger</span> <span class='ocrx_word' id='word_1_909' title='bbox 1582 2587 1639 2610; x_wconf 68' lang='lat' dir='ltr'>rlli-98</span> <span class='ocrx_word' id='word_1_910' title='bbox 1658 2589 1719 2615; x_wconf 81' lang='lat' dir='ltr'>typis</span> <span class='ocrx_word' id='word_1_911' title='bbox 1736 2588 1863 2614; x_wconf 83' lang='lat' dir='ltr'>impressus</span> <span class='ocrx_word' id='word_1_912' title='bbox 1880 2588 1921 2608; x_wconf 84' lang='lat' dir='ltr'>cst.</span> 
     </span>
    </p>

    <p class='ocr_par' dir='ltr' id='par_1_37' title="bbox 1177 2632 2026 2990">
     <span class='ocr_line' id='line_1_111' title="bbox 1241 2632 2026 2662; baseline -0.005 -5"><span class='ocrx_word' id='word_1_913' title='bbox 1241 2636 1316 2658; x_wconf 86' lang='lat' dir='ltr'>Tertia</span> <span class='ocrx_word' id='word_1_914' title='bbox 1329 2642 1385 2657; x_wconf 77' lang='lat' dir='ltr'>vero</span> <span class='ocrx_word' id='word_1_915' title='bbox 1398 2638 1474 2657; x_wconf 82' lang='lat' dir='ltr'>nostra</span> <span class='ocrx_word' id='word_1_916' title='bbox 1487 2635 1612 2662; x_wconf 83' lang='lat' dir='ltr'>propositio</span> <span class='ocrx_word' id='word_1_917' title='bbox 1625 2640 1685 2656; x_wconf 84' lang='lat' dir='ltr'>novo</span> <span class='ocrx_word' id='word_1_918' title='bbox 1698 2636 1834 2661; x_wconf 81' lang='lat' dir='ltr'>argumento</span> <span class='ocrx_word' id='word_1_919' title='bbox 1845 2632 1963 2655; x_wconf 80' lang='lat' dir='ltr'>evidenter</span> <span class='ocrx_word' id='word_1_920' title='bbox 1974 2638 2026 2653; x_wconf 86' lang='lat' dir='ltr'>con-</span> 
     </span>
     <span class='ocr_line' id='line_1_112' title="bbox 1178 2678 2025 2710; baseline -0.005 -7"><span class='ocrx_word' id='word_1_921' title='bbox 1178 2681 1293 2709; x_wconf 83' lang='lat' dir='ltr'>firmatur,</span> <span class='ocrx_word' id='word_1_922' title='bbox 1306 2681 1368 2710; x_wconf 86' lang='lat' dir='ltr'>quod</span> <span class='ocrx_word' id='word_1_923' title='bbox 1385 2688 1411 2703; x_wconf 87' lang='lat' dir='ltr'>ex</span> <span class='ocrx_word' id='word_1_924' title='bbox 1429 2681 1538 2709; x_wconf 82' lang='lat' dir='ltr'>singulari</span> <span class='ocrx_word' id='word_1_925' title='bbox 1556 2680 1656 2709; x_wconf 85' lang='lat' dir='ltr'>quadam</span> <span class='ocrx_word' id='word_1_926' title='bbox 1674 2680 1775 2707; x_wconf 87' lang='lat' dir='ltr'>plurium</span> <span class='ocrx_word' id='word_1_927' title='bbox 1792 2679 1851 2701; x_wconf 83' lang='lat' dir='ltr'>itlius</span> <span class='ocrx_word' id='word_1_928' title='bbox 1867 2678 2025 2705; x_wconf 80' lang='lat' dir='ltr'>supplementi</span> 
     </span>
     <span class='ocr_line' id='line_1_113' title="bbox 1178 2725 2025 2756; baseline -0.005 -6"><span class='ocrx_word' id='word_1_929' title='bbox 1178 2729 1339 2756; x_wconf 81' lang='lat' dir='ltr'>quaestionum</span> <span class='ocrx_word' id='word_1_930' title='bbox 1352 2729 1489 2755; x_wconf 83' lang='lat' dir='ltr'>proprietate</span> <span class='ocrx_word' id='word_1_931' title='bbox 1508 2727 1642 2750; x_wconf 88' lang='lat' dir='ltr'>desumitur.</span> <span class='ocrx_word' id='word_1_932' title='bbox 1658 2739 1690 2743; x_wconf 97' lang='lat'><strong>—</strong></span> <span class='ocrx_word' id='word_1_933' title='bbox 1706 2727 1762 2748; x_wconf 92' lang='lat' dir='ltr'>Nam</span> <span class='ocrx_word' id='word_1_934' title='bbox 1780 2727 1800 2747; x_wconf 92' lang='lat' dir='ltr'>in</span> <span class='ocrx_word' id='word_1_935' title='bbox 1819 2725 1863 2747; x_wconf 80' lang='lat' dir='ltr'>nne</span> <span class='ocrx_word' id='word_1_936' title='bbox 1879 2725 1957 2747; x_wconf 84' lang='lat' dir='ltr'>tertiae</span> <span class='ocrx_word' id='word_1_937' title='bbox 1975 2731 2025 2752; x_wconf 79' lang='lat' dir='ltr'>par-</span> 
     </span>
     <span class='ocr_line' id='line_1_114' title="bbox 1179 2772 2026 2803; baseline -0.005 -6"><span class='ocrx_word' id='word_1_938' title='bbox 1179 2776 1205 2797; x_wconf 89' lang='lat' dir='ltr'>tis</span> <span class='ocrx_word' id='word_1_939' title='bbox 1224 2775 1354 2803; x_wconf 79' lang='lat' dir='ltr'>praedictae</span> <span class='ocrx_word' id='word_1_940' title='bbox 1376 2775 1487 2797; x_wconf 82' lang='lat' dir='ltr'>Summae</span> <span class='ocrx_word' id='word_1_941' title='bbox 1510 2775 1636 2802; x_wconf 83' lang='lat' dir='ltr'>impressae</span> <span class='ocrx_word' id='word_1_942' title='bbox 1659 2774 1806 2795; x_wconf 81' lang='lat' dir='ltr'>inveniuntur</span> <span class='ocrx_word' id='word_1_943' title='bbox 1823 2772 1937 2800; x_wconf 86' lang='lat' dir='ltr'>quaedam</span> <span class='ocrx_word' id='word_1_944' title='bbox 1956 2778 2026 2801; x_wconf 82' lang='lat' dir='ltr'>quae-</span> 
     </span>
     <span class='ocr_line' id='line_1_115' title="bbox 1181 2819 2024 2846; baseline -0.004 -4"><span class='ocrx_word' id='word_1_945' title='bbox 1181 2821 1265 2843; x_wconf 84' lang='lat' dir='ltr'>stiones</span> <span class='ocrx_word' id='word_1_946' title='bbox 1287 2820 1316 2842; x_wconf 89' lang='lat' dir='ltr'>ad</span> <span class='ocrx_word' id='word_1_947' title='bbox 1334 2822 1454 2842; x_wconf 85' lang='lat' dir='ltr'>tractatum</span> <span class='ocrx_word' id='word_1_948' title='bbox 1472 2820 1501 2842; x_wconf 90' lang='lat' dir='ltr'>de</span> <span class='ocrx_word' id='word_1_949' title='bbox 1518 2820 1641 2842; x_wconf 86' lang='lat' dir='ltr'>virtutibus</span> <span class='ocrx_word' id='word_1_950' title='bbox 1658 2820 1796 2846; x_wconf 78' lang='lat' dir='ltr'>spectantes,</span> <span class='ocrx_word' id='word_1_951' title='bbox 1814 2824 1874 2846; x_wconf 88' lang='lat' dir='ltr'>quae</span> <span class='ocrx_word' id='word_1_952' title='bbox 1891 2819 1958 2840; x_wconf 88' lang='lat' dir='ltr'>etiam</span> <span class='ocrx_word' id='word_1_953' title='bbox 1975 2821 2024 2840; x_wconf 89' lang='lat' dir='ltr'>tum</span> 
     </span>
     <span class='ocr_line' id='line_1_116' title="bbox 1177 2865 2024 2893; baseline -0.004 -3"><span class='ocrx_word' id='word_1_954' title='bbox 1177 2875 1190 2891; x_wconf 80' lang='lat' dir='ltr'>a</span> <span class='ocrx_word' id='word_1_955' title='bbox 1209 2869 1230 2890; x_wconf 84' lang='lat' dir='ltr'>S.</span> <span class='ocrx_word' id='word_1_956' title='bbox 1249 2868 1409 2890; x_wconf 88' lang='lat' dir='ltr'>Bonaventura</span> <span class='ocrx_word' id='word_1_957' title='bbox 1427 2869 1448 2889; x_wconf 91' lang='lat' dir='ltr'>in</span> <span class='ocrx_word' id='word_1_958' title='bbox 1467 2868 1510 2889; x_wconf 86' lang='lat' dir='ltr'>hoc</span> <span class='ocrx_word' id='word_1_959' title='bbox 1527 2866 1696 2889; x_wconf 85' lang='lat' dir='ltr'>Commentario</span> <span class='ocrx_word' id='word_1_960' title='bbox 1713 2868 1761 2887; x_wconf 87' lang='grc'>11101</span> <span class='ocrx_word' id='word_1_961' title='bbox 1774 2866 1795 2886; x_wconf 91' lang='grc'>10</span> <span class='ocrx_word' id='word_1_962' title='bbox 1808 2865 1845 2887; x_wconf 86' lang='grc'>1110</span> <span class='ocrx_word' id='word_1_963' title='bbox 1858 2865 2024 2893; x_wconf 83' lang='lat' dir='ltr'>Supplemento</span> 
     </span>
     <span class='ocr_line' id='line_1_117' title="bbox 1178 2911 2023 2942; baseline -0.006 -5"><span class='ocrx_word' id='word_1_964' title='bbox 1178 2918 1308 2938; x_wconf 84' lang='lat' dir='ltr'>tractantur.</span> <span class='ocrx_word' id='word_1_965' title='bbox 1327 2915 1373 2936; x_wconf 87' lang='lat' dir='ltr'>Hae</span> <span class='ocrx_word' id='word_1_966' title='bbox 1390 2917 1442 2936; x_wconf 88' lang='lat' dir='ltr'>sunt</span> <span class='ocrx_word' id='word_1_967' title='bbox 1459 2914 1603 2942; x_wconf 85' lang='lat' dir='ltr'>quaestiones</span> <span class='ocrx_word' id='word_1_968' title='bbox 1621 2912 1650 2934; x_wconf 89' lang='lat' dir='ltr'>de</span> <span class='ocrx_word' id='word_1_969' title='bbox 1667 2912 1711 2933; x_wconf 78' lang='lat' dir='ltr'>fide</span> <span class='ocrx_word' id='word_1_970' title='bbox 1728 2912 1819 2933; x_wconf 81' lang='lat' dir='ltr'>informi</span> <span class='ocrx_word' id='word_1_971' title='bbox 1835 2911 1866 2939; x_wconf 94' lang='lat' dir='ltr'>(in</span> <span class='ocrx_word' id='word_1_972' title='bbox 1880 2912 1943 2933; x_wconf 82' lang='lat' dir='ltr'>Sum.</span> <span class='ocrx_word' id='word_1_973' title='bbox 1956 2917 1978 2939; x_wconf 90' lang='lat' dir='ltr'>p.</span> <span class='ocrx_word' id='word_1_974' title='bbox 1992 2911 2023 2933; x_wconf 93' lang='grc'>111,</span> 
     </span>
     <span class='ocr_line' id='line_1_118' title="bbox 1179 2958 2023 2990; baseline -0.005 -6"><span class='ocrx_word' id='word_1_975' title='bbox 1179 2969 1201 2990; x_wconf 86' lang='lat' dir='ltr'>q.</span> <span class='ocrx_word' id='word_1_976' title='bbox 1220 2961 1275 2990; x_wconf 75' lang='lat'>64),</span> <span class='ocrx_word' id='word_1_977' title='bbox 1293 2961 1321 2983; x_wconf 84' lang='lat' dir='ltr'>de</span> <span class='ocrx_word' id='word_1_978' title='bbox 1338 2967 1379 2989; x_wconf 86' lang='lat' dir='ltr'>spe</span> <span class='ocrx_word' id='word_1_979' title='bbox 1396 2961 1487 2983; x_wconf 74' lang='lat' dir='ltr'>informi</span> <span class='ocrx_word' id='word_1_980' title='bbox 1505 2960 1536 2988; x_wconf 91' lang='lat' dir='ltr'>(q.</span> <span class='ocrx_word' id='word_1_981' title='bbox 1555 2959 1613 2987; x_wconf 67' lang='grc'>65),</span> <span class='ocrx_word' id='word_1_982' title='bbox 1633 2959 1661 2981; x_wconf 90' lang='lat' dir='ltr'>de</span> <span class='ocrx_word' id='word_1_983' title='bbox 1679 2960 1760 2981; x_wconf 88' lang='lat' dir='ltr'>timore</span> <span class='ocrx_word' id='word_1_984' title='bbox 1776 2959 1853 2981; x_wconf 85' lang='lat' dir='ltr'>servili</span> <span class='ocrx_word' id='word_1_985' title='bbox 1871 2958 1902 2987; x_wconf 85' lang='lat' dir='ltr'>(q.</span> <span class='ocrx_word' id='word_1_986' title='bbox 1921 2959 1976 2986; x_wconf 79' lang='lat'>66.),</span> <span class='ocrx_word' id='word_1_987' title='bbox 1994 2958 2023 2981; x_wconf 85' lang='lat' dir='ltr'>de</span> 
     </span>
    </p>
   </div>
  </div>
 </body>
</html>
