2166 3366
769 163 851 192 Dts'r.
874 163 938 192 xlx.
960 163 1032 192 ΛΒΤ.
1055 163 1083 191 ΙΙ.
1105 163 1240 199 ΩΗᾸΕΒΤ.
1265 163 1292 191 ΙΙ.

155 241 205 270 sa¹
223 252 252 269 »t
275 249 342 278 ergo
367 241 388 269 si
412 241 549 269 redimere
571 244 613 269 est
640 249 711 278 opus
732 242 899 270 couveniens
921 241 1000 275 Filio,

155 296 267 317 necesse
288 291 345 322 est,
366 288 441 325 quod
457 287 602 315 conveniat
625 288 695 315 Patri
711 291 739 316 et
759 288 872 324 Spiritui
895 292 997 316 saneto.

234 337 260 363 2.
283 335 365 368 ltem‚
388 334 463 363 illius
490 337 532 362 est
553 334 710 367 redimere,
733 334 813 362 cuius
834 338 875 362 est
897 343 947 371 pro
968 343 998 363 re

155 385 248 419 empta
277 381 397 418 pretium
426 381 510 415 dare3
539 381 586 409 sed
612 381 689 409 l'ater
717 381 794 409 dedit
824 381 996 418 Unigenitum

155 437 237 458 suum
261 437 311 466 pro
340 429 429 457 salute
451 427 560 464 generis
590 427 720 461 luunani,
742 428 896 456 secuudum
923 429 997 464 quod

154 475 257 505 dieitur
280 475 386 503 loamiis
409 474 525 503 tertio²:
550 474 598 501 Sic
620 474 695 502 Deus
716 474 818 502 salarie
837 475 998 508 mandam,

155 527 187 552 ut
214 522 325 551 Filiam
352 529 439 550 suum
468 521 652 558 ‘zmiyenz'timz
673 521 777 549 daret.-
808 521 886 550 Pater
915 522 999 558 igitur

155 577 204 599 nos
226 568 356 598 redemit:
380 576 432 596 non
452 575 518 604 ergo
540 567 617 596 solus
637 567 719 596 Filius
740 572 781 596 est
803 568 971 605 redemptor.

233 616 259 645 3.
282 616 364 649 ltem,
388 615 462 643 illius
484 618 525 643 est
546 614 702 647 redimere,
725 614 805 643 cuius
826 618 867 643 est
894 616 999 644 redem-

154 666 216 700 ptos
237 662 392 700 possidere;
413 662 461 690 sed
485 664 541 690 tota
562 661 681 689 Trinitas
704 669 753 689 nos
775 662 909 698 possidet:
932 670 999 698 ergo

155 713 211 739 tota
232 709 352 738 Trinitas
373 716 423 737 nos
446 708 571 737 redemit.

232 757 259 784 li.
281 756 359 790 ltem,
382 756 432 784 lioe
456 755 546 792 ipsum
571 754 681 782 videtur
696 755 860 783 auctoritate
877 755 997 791 Magistri

154 804 180 833 in
204 802 328 832 littera':
357 801 553 838 «Redemptor
581 801 731 838 aliquando
760 802 841 830 etiam
866 802 943 830 Pater
972 806 999 831 et

153 850 273 887 Spiritus
293 851 406 878 sanetus
427 848 529 876 dicitur
553 847 577 875 in
594 847 738 884 Scriptura
753 858 782 875 »:
806 855 872 884 ergo
887 847 908 876 si
931 848 1000 876 Scri-

153 900 236 934 ptura
258 904 310 924 nou
334 895 400 924 dicit
421 895 472 923 nisi
496 903 594 923 verum
610 898 637 923 et
657 894 838 927 catholicum,
858 895 999 923 redimere

154 951 207 972 non
229 946 335 981 spectat
356 942 390 971 ad
414 942 505 971 solum
528 941 634 970 Filium.

469 1042 679 1063 CONCLUsto.

154 1130 289 1160 Christus
309 1130 389 1159 solcas·
410 1133 450 1158 est
471 1133 568 1157 noster
589 1129 752 1165 redemptor
769 1129 867 1167 quoad
885 1139 997 1157 exseca-

232 1177 336 1206 tionem
364 1180 389 1205 et
410 1176 637 1209 auctoritatem,
663 1175 726 1204 lieet
747 1176 845 1213 quoad
872 1176 998 1204 auctori-

231 1228 316 1253 tatem
351 1224 441 1252 Pater
469 1227 494 1251 et
526 1223 656 1260 Spiritus
684 1226 806 1251 Sttlwltts
830 1223 917 1251 etiam
947 1232 998 1251 uos

231 1271 414 1300 redemerint.

233 1366 408 1394 Rusrounssoz
431 1365 599 1398 Dicendum,
621 1364 695 1401 quod
713 1364 911 1400 redemptionis
925 1373 998 1400 opus

33 1425 138 1445 nanneno.
153 1412 301 1450 dupliciter
323 1414 413 1449 potest
426 1411 510 1440 alicui
528 1411 659 1445 attribui,
680 1414 729 1439 aut
745 1410 816 1439 sicut
836 1411 999 1447 pri’twipatt

40 1473 110 1492 nniusio
122 1473 139 1491 1.
153 1459 283 1493 auctori,
299 1461 348 1487 aut
363 1458 435 1487 sicut
448 1458 619 1495 eat-sequenti.
644 1458 673 1486 Et
688 1461 807 1494 utroque
831 1457 912 1485 modo
928 1466 998 1486 com-

1845 165 1902 193 luit)

1059 241 1126 278 petit
1147 241 1273 270 Christo:
1296 241 1418 275 Christo,
1441 241 1571 278 inquam,
1595 242 1651 270 Deo
1679 242 1810 279 competit
1832 242 1903 271 sicut

1057 288 1189 321 auctori,
1211 288 1322 316 Clu-isto
1351 296 1416 317 vero
1438 288 1550 317 liomim'
1576 289 1708 326 competit
1737 289 1809 318 sicut
1829 298 1903 318 exse-

1057 335 1163 372 quenti.
1179 352 1217 355 —
1231 335 1300 364 Cum
1322 343 1389 372 ergo
1410 335 1513 364 dicitur
1533 336 1635 373 aliquis
1655 336 1829 373 redemptor,
1853 337 1903 365 hoe

1057 382 1206 418 dupliciter
1230 385 1319 418 potest
1333 382 1399 410 dii-i:
1422 386 1471 410 aut
1491 382 1526 410 ab
1541 383 1718 411 auctoritate
1739 383 1904 421 redemptio·

1058 428 1116 463 nis,
1138 431 1187 457 aut
1208 429 1243 456 ab
1265 429 1440 457 auctoritate
1460 429 1551 457 simut
1571 433 1596 457 et
1610 430 1797 458 emec-atione.
1820 430 1846 458 Si
1867 430 1903 458 ab

1056 475 1246 508 auctoritate,
1269 476 1307 504 sio
1337 484 1389 503 uim
1419 479 1525 504 tantum
1555 477 1686 513 competit
1715 477 1794 511 Filio,
1818 477 1901 505 immo
1915 486 2014 504 Conclusio
2027 487 2045 504 2.

1056 522 1137 550 etiam
1162 522 1232 550 l’atri
1254 526 1281 551 et
1302 522 1415 559 Spiritui
1438 526 1546 557 sancto,
1569 531 1618 560 pro
1639 532 1672 552 eo
1700 524 1774 560 quod
1802 534 1815 550 «
1836 524 1903 552 indi-

1058 569 1115 597 visa
1131 573 1196 598 sunt
1210 578 1295 606 opera
1310 570 1489 598 Trinitatis».
1505 570 1530 598 Si
1551 573 1643 599 autem
1659 570 1695 598 ab
1710 571 1902 604 exsecutione,

1057 617 1095 645 sii:
1118 617 1229 653 respicit
1250 616 1477 650 humanitatem,
1499 625 1570 654 quae
1592 622 1716 646 assumta
1737 621 1779 647 est
1807 628 1823 646 a
1845 618 1903 647 solo

1057 663 1159 696 Verbo;
1181 666 1208 691 et
1228 663 1279 691 lior.
1302 663 1384 691 modo
1405 663 1536 699 competit
1557 663 1606 691 soli
1631 663 1708 697 Filio,
1731 668 1758 692 et
1780 665 1831 693 lioe
1860 668 1902 694 est
1915 674 2014 692 conclusio
2027 674 2044 692 ³.

1056 710 1129 746 quod
1146 710 1275 747 Magister
1289 709 1356 738 dicit
1371 710 1396 738 in
1413 710 1530 738 littera⁴:
1545 721 1558 735 κ
1571 711 1736 748 Redemptor
1751 712 1901 749 aliquando

1057 756 1135 785 l‘ater
1156 760 1183 785 et
1211 757 1330 793 Spiritus
1350 760 1463 785 sanctus
1485 757 1606 791 (licitur,
1629 758 1676 786 sed
1707 758 1759 786 lioe
1788 762 1901 795 propter

1057 812 1138 831 usum
1162 804 1318 840 potestatis,
1342 812 1393 832 nou
1411 804 1739 841 propterexhibitionem
1763 805 1901 834 humilita-

1057 850 1098 878 tis.
1128 850 1193 878 Nam
1216 851 1370 879 secundum
1402 852 1546 888 potestatis
1569 851 1652 880 simul
1677 854 1703 880 et
1728 852 1900 881 obedientiae

1057 906 1138 926 usum
1163 897 1246 926 Filius
1279 898 1390 935 proprie
1415 899 1575 935 redemptor
1607 899 1755 931 111111111»;
1783 902 1810 927 et
1842 904 1902 935 post

1055 944 1209 973 concludit:
1228 955 1240 970 «
1258 945 1301 973 Est
1317 945 1401 981 igitur
1423 945 1592 982 redemptor,
1615 946 1640 974 in
1656 949 1791 983 quantum
1809 946 1901 979 Dens.

1054 990 1203 1027 potestatis
1224 999 1298 1024 usa,-
1324 991 1350 1019 in
1378 995 1514 1029 quantum
1537 992 1636 1026 homo,
1665 991 1841 1022 ltwm'tz‘tatis
1862 993 1900 1031 esi

1056 1037 1134 1074 fectit
1150 1050 1177 1066 υ.

1135 1085 1173 1113 Ex
1197 1085 1239 1113 liis
1261 1088 1350 1122 patet,
1365 1085 1486 1122 qualiter
1507 1094 1567 1114 esse
1583 1086 1788 1124 redemptorem
1804 1095 1902 1117 conve-

1056 1131 1094 1159 nit
1110 1131 1187 1163 1ῑί1111,
1209 1134 1236 1160 et
1250 1132 1404 1160 secundum
1427 1140 1510 1169 quam
1527 1136 1666 1161 naturam.
1684 1134 1810 1170 Quodam
1827 1134 1899 1163 enim
1911 1140 2042 1159 Corollariun»

1056 1178 1137 1206 modo
1165 1178 1293 1207 convenit
1313 1179 1337 1207 ei
1371 1179 1525 1208 secundum
1558 1179 1721 1209 humanam
1751 1185 1898 1215 naturam,

1055 1225 1175 1261 quodam
1200 1225 1281 1253 modo
1303 1226 1457 1254 secundum
1479 1226 1630 1260 divinam,-
1650 1231 1678 1255 et
1699 1228 1790 1264 primo
1819 1229 1900 1257 modo

1055 1272 1185 1308 competit
1200 1272 1250 1299 soli
1273 1272 1350 1306 Filio,
1366 1273 1488 1301 seeundo
1511 1274 1592 1302 modo
1611 1274 1742 1311 competit
1765 1274 1830 1303 Filio
1845 1283 1900 1304 una

1055 1326 1118 1346 cum
1132 1319 1210 1346 l’atre
1222 1321 1249 1347 et
1261 1319 1364 1355 Spiritu
1378 1323 1479 1348 sancto.
1489 1335 1526 1339 —
1537 1320 1566 1348 Et
1578 1328 1628 1357 per
1641 1321 1693 1350 lioo
1705 1324 1779 1358 patet
1791 1329 1902 1358 respou-

1055 1365 1094 1393 sio
1109 1365 1143 1393 ad
1159 1365 1349 1402 quaestionem
1377 1366 1555 1403 propositam.
1580 1367 1653 1396 Patet
1679 1368 1761 1396 etiam
1789 1374 2005 1406 respon-Adara-

1055 1410 1095 1438 sio
1109 1411 1143 1439 ad
1160 1411 1281 1440 rationes
1295 1412 1329 1440 ad
1346 1415 1495 1449 utramque
1518 1416 1640 1450 partem;
1657 1415 1811 1451 procedunt
1826 1415 1898 1444 enim

1054 1458 1210 1487 secundum
1234 1459 1283 1487 lias
1305 1459 1375 1488 duas
1398 1459 1469 1493 vias,
1491 1460 1562 1489 sicut
1583 1461 1726 1498 aspicienti
1748 1466 1864 1499 apparet
1880 1462 1901 1483 ⁵·

892 1549 1152 1585 SCHOLION.

214 1641 227 1663 l.
246 1641 268 1663 S.
287 1641 403 1669 Scriptura
422 1641 528 1663 111111111111
546 1644 568 1662 ct
584 1640 760 1662 satisfactionem
778 1640 858 1662 Clu-isti
882 1646 925 1661 non
944 1646 995 1662 rui-o

149 1681 305 1709 exprimitper
318 1680 475 1708 metaphoram
488 1678 618 1708 emptionis,
633 1679 668 1701 vel
681 1680 808 1701 accuratius
821 1678 992 1708 redemptionis,

149 1719 202 1747 quia
220 1718 322 1742 Clu-istus
339 1724 363 1740 se
381 1719 457 1746 ipsum
474 1717 555 1740 obtulit
574 1717 630 1740 l‘utri
648 1718 712 1746 quasi
730 1718 751 1739 in
769 1718 878 1744 pretium,
896 1723 942 1745 quo
956 1723 992 1744 gi·-

149 1764 192 1781 uus
207 1758 334 1780 numanum
347 1756 452 1779 liberaret
464 1756 493 1778 ab
510 1756 659 1784 obligantium,
672 1762 717 1784 qua
734 1755 868 1778 obsti-icium
886 1759 933 1777 erat
946 1759 993 1777 tum

149 1796 178 1819 ad
195 1796 328 1819 servitutem
346 1795 390 1818 sub
408 1796 462 1823 iugo
486 1795 570 1823 peccati
589 1799 637 1818 111111
655 1795 784 1817 adrentum
803 1801 890 1823 poenae¹
909 1795 915 1819 (
923 1795 962 1817 cfr.
981 1795 994 1817 1.

150 1836 206 1859 Petr.
228 1836 250 1863 l,
272 1835 306 1857 18.
325 1835 366 1862 1Ι(.);
389 1835 437 1857 Gal.
456 1835 480 1862 3,
503 1835 541 1862 13;
564 1838 586 1856 ot
603 1835 659 1856 inu-a
677 1834 699 1857 d.
718 1835 754 1857 20.
779 1841 802 1863 q.
819 1835 840 1856 G.
864 1834 891 1856 ad
914 1833 934 1861 l;
959 1835 994 1857 lV.

149 1876 209 1898 Seni.
226 1875 249 1897 d.
267 1874 288 1897 5.
306 1882 325 1897 a.
344 1874 364 1896 3.
383 1881 405 1903 q.
424 1875 444 1896 2.
462 1874 491 1896 ad
509 1875 533 1901 2;
551 1874 572 1896 S.
591 1874 681 1902 Tuom..
695 1875 716 1896 S.
735 1874 766 1895 lll.
783 1881 804 1902 q.
824 1873 859 1896 48.
876 1880 895 1895 a.
915 1873 953 1902 4.).
965 1885 996 1890 ·—-

148 1914 198 1942 lpse
215 1914 292 1936 titulus
309 1914 448 1942 quaestionis
466 1913 559 1940 indicat,
582 1917 700 1935 auctorem
724 1913 773 1940 niv,
793 1916 869 1934 utrum
892 1912 927 1934 alii
952 1913 994 1934 siut

1053 1640 1223 1669 redemptoresy
1242 1642 1356 1670 inquirere
1369 1645 1455 1664 tantum
1468 1647 1572 1670 respectu
1586 1643 1655 1665 Patris
1667 1648 1689 1666 et
1700 1644 1798 1671 Spiritus
1809 1645 1839 1672 S.‚
1853 1651 1896 1667 non

1053 1683 1158 1707 respectu
1184 1681 1302 1703 nominum
1327 1682 1361 1703 vol
1383 1682 1534 1709 Angolorunu
1557 1682 1585 1705 do
1608 1683 1650 1705 liat:
1672 1683 1739 1705 altera
1764 1685 1897 1712 quaestione

1053 1718 1107 1740 infra
1126 1718 1148 1740 d.
1168 1719 1203 1740 20.
1216 1726 1238 1748 q.
1257 1719 1276 1741 3.
1295 1721 1377 1747 agitur.
1392 1721 1455 1742 -111
1473 1721 1584 1743 solution«.-
1602 1728 1682 1744 omnes
1700 1723 1846 1745 conveniunt.

1115 1757 1137 1779 11,
1150 1757 1209 1779 Alex.
1223 1758 1277 1785 llal.y
1290 1758 1312 1780 S.
1331 1764 1352 1786 p.
1366 1759 1396 1780 lll.
1415 1765 1436 1788 q.
1460 1759 1492 1781 17,
1511 1765 1541 1781 m.
1562 1759 1580 1782 si.
1599 1766 1619 1782 a.
1638 1761 1662 1787 2,
1676 1767 1697 1789 q.
1720 1761 1752 1783 18.
1767 1768 1796 1783 m.
1809 1761 1830 1783 6.
1843 1768 1862 1784 a.
1877 1763 1896 1784 Ξ.

1051 1796 1065 1824 ‘5
1084 1796 1103 1817 3.
1118 1796 1180 1818 —S.
1198 1796 1288 1824 Tuom..
1306 1797 1342 1819 hic
1360 1804 1379 1819 a.
1399 1797 1419 1819 4.
1437 1798 1578 1826 quaes-dunc.
1600 1799 1617 1821 l.
1635 1800 1660 1826 ‘2;
1678 1800 1699 1822 S.
1719 1800 1759 1822 loc.
1782 1800 1819 1822 cit.
1837 1807 1857 1823 a,
1875 1801 1896 1823 ὅ.

1051 1847 1080 1851 ·—
1094 1835 1117 1857 B.
1140 1835 1231 1863 Albert.‚
1251 1836 1287 1858 liic
1305 1842 1325 1857 a.
1344 1836 1364 1858 8.
1386 1849 1416 1851 —
1436 1837 1493 1859 Poir.
1511 1843 1523 1859 a
1541 1837 1601 1865 Tar„
1621 1839 1656 1860 liic
1673 1845 1695 1867 q.
1714 1838 1734 1860 4.
1753 1845 1772 1860 a.
1795 1840 1812 1861 1.
1834 1840 1854 1861 2.
1868 1852 1897 1855 —

1053 1873 1158 1896 tticum-d.
1171 1880 1182 1895 a
1201 1874 1266 1902 Med„
1284 1875 1320 1896 liic
1331 1881 1351 1896 a.
1370 1875 1390 1897 2.
1404 1881 1426 1904 q.
1443 1876 1460 1897 l.
1479 1876 1499 1897 2.
1511 1888 1542 1892 —
1555 1876 1662 1904 Durand.y
1676 1877 1703 1899 de
1722 1878 1763 1899 hac
1775 1881 1796 1900 et
1813 1884 1861 1907 seq.
1874 1885 1896 1907 q.

1053 1913 1088 1934 liic
1100 1919 1123 1941 q.
1141 1913 1162 1934 2.
1176 1925 1205 1928 —
1218 1913 1309 1941 Dionys.
1327 1913 1410 1942 earm„
1429 1914 1459 1936 de
1476 1915 1518 1937 liae
1534 1918 1555 1937 et
1573 1921 1621 1944 seq.
1639 1923 1661 1944 q.
1681 1917 1716 1938 liic
1734 1923 1755 1945 q.
1774 1917 1794 1938 2.

917 1990 1079 2027 QUAESTlO
1101 1991 1129 2019 ll.

606 2078 771 2107 Secumlmn
797 2086 885 2116 quam
907 2081 1050 2106 ‘naturam
1074 2076 1208 2106 Christus
1232 2078 1270 2106 sit
1290 2079 1443 2108 mediator.

227 2165 354 2194 Secundo
383 2165 545 2203 quaeritur,
566 2165 721 2194 secundum
751 2173 834 2202 quam
865 2167 993 2192 naturam

151 2211 278 2241 Christus
293 2212 329 2241 sit
344 2212 487 2241 mediator.
508 2212 538 2240 Et
552 2211 627 2249 quod
649 2211 803 2240 seeundum
820 2209 993 2243 lmmauam,

152 2259 327 2287 ostenditur:

232 2307 255 2334 1.
283 2305 450 2334 Auctoritate
481 2305 645 2342 Augustini,
672 2305 698 2333 in
730 2312 801 2333 nono
823 2304 857 2332 de
879 2303 993 2331 Civitate

12 2352 232 2381 rundamenia.Dei³:
253 2363 266 2378 «
281 2352 459 2381 Mediatorem
482 2352 553 2380 inter
575 2360 624 2380 nos
645 2355 672 2380 et
687 2351 774 2379 Deum
797 2350 992 2378 mortalitatem

151 2399 274 2436 oportuit
299 2399 402 2428 habere
429 2402 619 2428 transeuntem
651 2402 678 2427 et
710 2397 907 2426 beatitudinem
935 2404 995 2433 per-

152 2449 309 2475 manentem
324 2457 358 2480 »3
380 2446 427 2475 sed
444 2450 595 2483 utrumque
618 2446 717 2473 liorum
741 2443 871 2480 competit
886 2443 994 2471 Christo

152 2493 307 2521 secundum
329 2492 480 2521 humanam
504 2496 646 2521 naturam:
669 2499 735 2528 ergo
756 2494 806 2519 etc.

230 2541 255 2567 Ξ.
277 2539 358 2573 Item,
374 2540 425 2568 hoc
447 2540 538 2576 ipsum
558 2539 714 2567 ostenditur
735 2537 898 2565 auctoritate
914 2536 993 2572 Magi-

151 2586 200 2615 stri
223 2587 250 2615 in
273 2586 394 2615 littera⁷:
416 2586 576 2615 «Mediator
599 2586 700 2614 dicitur
722 2584 876 2613 seeundum
896 2583 994 2611 huma-

152 2633 277 2667 nitatem,
293 2641 347 2662 non
369 2633 524 2662 secundum
548 2632 722 2660 Divinitatem
739 2642 765 2658 ».

1131 2163 1156 2192 3.
1178 2164 1258 2199 item,
1272 2165 1400 2194 medium
1416 2166 1498 2195 dehet
1512 2174 1573 2195 esse
1588 2167 1659 2196 inter
1674 2172 1815 2202 extrema,
1830 2176 1896 2205 ergo

1051 2211 1194 2239 mediator
1216 2211 1264 2240 Dei
1281 2216 1308 2241 et
1328 2213 1471 2241 hominum
1489 2213 1571 2242 debet
1592 2222 1652 2243 esse
1673 2214 1743 2243 infra
1765 2215 1854 2244 Deum
1868 2219 1897 2244 et

1051 2265 1137 2294 supra
1158 2257 1300 2292 liomiues3
1322 2259 1370 2287 sed
1392 2259 1519 2288 Christus
1534 2260 1687 2288 seeundum
1711 2261 1834 2290 divinam
1851 2270 1895 2290 na-

1052 2307 1143 2332 turam
1166 2312 1218 2332 non
1234 2308 1276 2333 est
1298 2305 1410 2333 inferior
1432 2305 1500 2334 Deo:
1516 2314 1582 2341 ergo
1601 2307 1756 2335 secundum
1772 2307 1894 2336 divinam

1051 2354 1179 2379 naturam
1203 2359 1255 2379 non
1278 2355 1368 2388 potest
1382 2359 1442 2380 esse
1465 2352 1611 2380 mediator:
1633 2357 1675 2381 est
1698 2354 1781 2390 igitur
1804 2354 1893 2383 solum

1052 2397 1188 2425 mediator
1209 2398 1363 2426 secundum
1386 2403 1515 2427 naturam
1538 2403 1700 2428 assumtam.

1130 2444 1156 2472 [ι.
1189 2444 1274 2478 ltem,
1306 2445 1430 2473 medium
1462 2445 1544 2473 debet
1576 2446 1678 2474 habere
1710 2446 1893 2476 differentiam

1051 2490 1136 2518 eum⁵³
1156 2491 1304 2524 extremis;
1327 2491 1375 2519 sed
1397 2491 1524 2520 Christus
1545 2493 1700 2521 secundum
1717 2493 1893 2522 Divinitatem

1051 2539 1092 2565 est
1120 2536 1231 2565 omnino
1259 2546 1346 2566 unum
1376 2546 1439 2566 cum
1466 2538 1562 2567 Patre:
1592 2547 1658 2576 ergo
1686 2548 1740 2568 non
1767 2540 1894 2573 videtur,

1051 2583 1125 2620 quod
1155 2583 1309 2612 secundum
1337 2584 1512 2614 Divinitatem
1546 2585 1646 2614 habeat
1678 2587 1812 2615 rationem
1842 2595 1897 2616 me-

1052 2630 1175 2659 diatoris.

214 2754 220 2768 ¹
239 2753 284 2777 Csr.
301 2760 370 2782 supra
389 2761 443 2782 pag.
466 2755 502 2782 12,
521 2757 571 2776 nota
591 2754 611 2775 2.

214 2792 223 2807 ²
241 2793 306 2815 Vers.
327 2793 360 2815 16.
853 2790 863 2805 3
880 2791 918 2813 Hic
934 2797 954 2813 c.
973 2791 993 2813 5.

214 2831 222 2846 ⁴
240 2832 280 2854 Hic
300 2838 319 2855 c.
341 2832 366 2859 5,
389 2832 428 2855 ubi
450 2834 472 2854 et
492 2832 560 2854 altera
582 2831 697 2853 sententia.
720 2831 742 2852 ln
765 2831 839 2858 primo
862 2834 921 2853 textu
944 2834 996 2858 post

152 2869 292 2893 hamilitatis
309 2872 331 2892 in
349 2871 378 2893 lit.
397 2871 496 2899 Magistri
514 2870 605 2892 additur
622 2871 643 2892 et
660 2868 808 2891 obedientiae.

215 2910 225 2925 ⁵
241 2910 286 2933 Csr.
303 2917 372 2938 supra
390 2910 413 2932 d.
435 2911 452 2932 1.
470 2917 490 2932 a.
513 2911 529 2931 1.
547 2916 569 2938 q.
588 2909 614 2936 2,
633 2908 670 2930 ubi
689 2909 800 2936 principia
822 2909 889 2930 liuius
907 2911 993 2937 quaest.

154 2950 307 2975 insinuantur,
324 2955 366 2971 nec
383 2955 427 2971 non
445 2950 549 2977 August„
567 2949 639 2970 Sei-m.
662 2947 710 2969 130.
729 2953 749 2969 n.
768 2948 789 2969 2.

280 2998 305 3022 S.
323 2999 412 3022 Bonav.
430 3011 460 3014 —
477 2999 543 3021 Toni.
561 2999 593 3020 lll.

1115 2752 1124 2767 ⁵
1141 2752 1195 2780 Cap.
1217 2752 1250 2775 15,
1268 2759 1289 2775 u.
1310 2753 1328 2775 l.
1340 2765 1370 2769 —
1383 2753 1424 2775 Pro
1441 2753 1594 2777 Mediatorem
1606 2755 1670 2777 multi
1688 2755 1755 2777 codd.
1770 2755 1894 2778 Mediator.

1052 2791 1154 2814 Subinde
1171 2791 1223 2814 edd.
1241 2792 1299 2814 inter
1315 2792 1390 2814 Deum
1407 2796 1429 2815 et
1445 2792 1613 2816 mortalitatem
1625 2794 1727 2816 inserunt
1743 2795 1777 2822 et,
1797 2794 1859 2823 quod
1871 2798 1894 2817 et

1053 2831 1073 2852 iu
1092 2834 1152 2853 textu
1170 2831 1251 2858 origin.
1269 2830 1373 2853 habetur.

1113 2869 1123 2883 ⁷
1141 2869 1180 2891 Hie
1197 2875 1216 2892 c.
1234 2869 1255 2892 7.
1273 2869 1328 2892 lbid.
1346 2873 1367 2892 et
1385 2870 1431 2892 duo
1448 2877 1512 2900 seqq.
1529 2877 1595 2899 argg.
1612 2872 1762 2894 insinuantur.

1116 2907 1125 2922 Β
1142 2908 1191 2930 Vat.
1209 2907 1245 2931 ab.
