2166 3366
112 875 225 894 Notandum.

124 1151 231 1177 ‘Obiectum

114 1177 194 1193 timoris.

102 1203 161 1221 Actus
168 1202 233 1226 ipsius.

135 1343 231 1362 Definitio.

107 1814 137 1833 Ad
145 1815 161 1832 1.
169 1815 241 1838 quaest.

239 180 296 208 768

239 258 313 286 tione
336 256 420 285 boni:
442 263 509 292 ergo
531 254 643 283 videtur
666 253 793 282 similiter
809 253 843 282 de
858 253 967 282 timore.
982 269 1021 273 —
1035 252 1087 281 Sed

240 309 337 335 contra
358 306 414 337 est,
436 302 511 339 quod
534 302 616 330 timor
637 301 703 329 viae
728 304 769 329 est
797 303 926 337 respectu
948 299 1029 334 mali,
1059 299 1088 328 ti-

239 360 301 380 mor
323 354 416 379 autem
443 348 563 386 patriae
584 356 639 376 non
661 350 751 384 potest
772 355 833 375 esse
855 350 984 383 respectu
1008 346 1088 381 mali,

240 406 304 428 cum
327 398 364 426 ibi
387 396 497 425 nullum
521 396 555 424 sit
576 395 701 423 malum:
723 402 791 431 ergo
807 402 860 422 non
877 394 997 428 videtur,
1013 394 1088 431 quod

240 445 348 474 timoris
373 444 439 473 ‘uiae
466 446 494 472 et
523 442 630 471 timoris
649 442 769 479 patriae
790 441 876 478 possit
898 441 976 470 esse¹
1000 449 1088 470 unum

240 493 380 522 obiectum
408 498 572 524 commune,
601 498 633 518 ac
655 497 705 526 per
727 489 779 517 hoc
808 496 858 517 nec
884 496 940 517 una
968 496 1090 517 commu-

240 540 283 569 nis
305 540 376 568 ratio
397 537 541 574 assignari.
558 553 596 557 ——
611 536 691 571 ltem,
714 536 797 564 timor
818 535 883 563 viae
904 538 946 564 est
960 539 1090 572 respectu

240 586 344 620 futuri,
367 586 450 614 timor
471 588 565 613 autem
586 583 706 620 patriae
720 586 849 620 respectu
871 582 958 611 futuri
975 591 1030 611 non
1046 590 1091 619 po-

241 638 294 662 test
315 641 393 662 esse:
417 640 484 669 ergo
505 640 559 660 non
581 634 700 668 possunt
718 630 926 659 communicare
942 630 968 658 in
984 630 1091 658 ratione

241 681 325 709 unius
347 679 454 708 obiecti.

321 728 499 756 Respommo:
524 725 695 759 Dicendum,
717 725 792 762 quod
815 725 913 759 timor,
936 732 1000 753 cum
1022 723 1092 752 mul-

242 779 283 804 tas
304 774 406 803 habeat
432 773 619 807 differentias,
650 772 685 801 de
706 772 761 801 illis
783 780 833 800 nec
854 772 958 800 dicitur
979 771 1092 799 omnino

242 822 363 851 univoce
398 825 448 849 nec
481 820 656 858 aequivoce,
686 819 734 847 sed
764 819 920 847 secundum
949 817 1091 855 quandam

243 868 424 905 ctntaloqiatn.
451 868 500 897 Ubi
530 870 623 896 autem
650 870 692 896 est
712 866 871 904 analogia,
892 865 930 894 ibi
952 869 994 895 est
1021 874 1093 894 corn-

242 916 350 955 paratio
364 916 399 944 ad
415 915 521 952 aliquid
537 922 624 943 unum
642 914 797 943 secundum
811 913 890 950 prius
902 916 929 941 et
942 912 1092 950 posterius,

243 963 367 992 maxime
388 962 437 991 ubi
459 965 501 991 est
521 961 615 990 dicere
633 960 755 998 proprie
775 959 918 997 analoqia
931 959 957 993 ²3
979 962 1006 988 et
1030 959 1093 988 ideo

243 1012 327 1040 timor
349 1009 503 1039 secundum
526 1000 623 1037 omnes
645 1016 711 1037 suas
730 1007 909 1036 ‘differentias
934 1006 1019 1035 habet
1047 1006 1094 1034 ali-

243 1057 317 1095 quod
330 1057 468 1085 obiectum
481 1063 569 1083 unum
583 1055 641 1083 sive
653 1062 737 1082 unam
751 1054 885 1082 rationem
899 1053 1008 1087 obiecti,
1020 1053 1093 1081 circa

243 1105 318 1143 quod
341 1104 465 1133 consistit
493 1102 554 1131 eius
576 1106 655 1131 actus
676 1101 832 1130 secundum
857 1101 936 1137 prius
958 1104 986 1129 et
1006 1103 1094 1137 poste—

245 1153 312 1181 rius.
335 1151 480 1180 Obiectum
503 1153 596 1178 autem
621 1149 728 1177 timoris
749 1149 802 1177 sub
824 1148 930 1176 ratione
949 1155 1000 1175 sua
1016 1154 1095 1183 gene-

245 1199 296 1228 rali
319 1202 361 1227 est
381 1198 532 1230 ammaon
547 1200 626 1225 actus
648 1204 715 1224 vero
730 1195 887 1224 communis
909 1197 951 1223 est
972 1193 1094 1222 resilitio

244 1247 280 1275 ab
302 1246 348 1274 illo
369 1245 474 1278 ardum
496 1247 523 1272 et
545 1244 597 1272 hoc
618 1246 660 1271 est
682 1242 799 1270 inomni
816 1242 915 1270 timore
937 1241 1062 1278 reperire
1075 1240 1094 1268 ³.

246 1293 322 1322 Unde
345 1300 400 1321 nna
421 1291 578 1320 communis
600 1290 670 1318 ratio
692 1292 782 1326 potest
800 1289 835 1317 de
850 1289 924 1317 omni
941 1289 1040 1317 timore
1055 1296 1097 1316 as-

246 1339 366 1377 signari,
388 1342 419 1367 ut
440 1338 566 1371 dicatur,
589 1336 664 1374 quod
687 1336 770 1364 timor
792 1339 833 1364 est
856 1335 971 1364 resilitio
992 1335 1028 1363 ab
1049 1334 1097 1363 ali-

245 1395 301 1425 quo
322 1386 412 1415 arduo
434 1385 492 1414 sive
513 1384 684 1417 excellente,
707 1383 765 1412 sive
787 1383 856 1411 illud
879 1382 1002 1411 arduum
1018 1381 1095 1410 sitin

246 1441 348 1471 genere
371 1432 454 1465 boni,
476 1432 534 1460 sive
560 1430 596 1459 sit
618 1430 644 1458 in
667 1437 768 1467 genere
789 1429 870 1457 niati.
893 1429 945 1457 Sed
968 1436 1032 1457 cum
1055 1431 1097 1457 θεῖ

246 1481 273 1509 iu
296 1488 397 1518 genere
426 1479 509 1512 boni,
536 1482 578 1507 θεῖ
604 1478 719 1506 resilitio
740 1485 804 1506 cum
827 1476 1008 1509 reuerentia;
1031 1484 1096 1505 cum

247 1535 314 1556 vero
335 1530 376 1556 est
399 1527 425 1555 in
448 1533 549 1563 genere
573 1525 653 1559 mali,
674 1528 716 1554 θεῖ
738 1524 853 1553 resilitio
875 1532 939 1552 curn
961 1522 1046 1561 fuya.

326 1575 378 1603 Sed
401 1574 467 1611 quia
489 1573 568 1602 iuxta
590 1572 761 1609 analoqianz
784 1572 946 1608 frequenter
969 1570 1035 1599 latet
1053 1579 1097 1599 ae-

248 1621 413 1660 quivocatio
435 1621 590 1658 quaedam,
613 1619 768 1648 secundum
785 1618 1021 1655 Philosophum⁴2
1037 1626 1098 1655 pro-

248 1673 309 1706 pter
331 1669 482 1698 tollendam
504 1667 714 1704 ambiguitatem
739 1666 866 1703 Magister
882 1666 974 1703 primo
1000 1666 1098 1694 maluit

248 1716 378 1744 dividere
399 1723 483 1753 quam
506 1714 648 1751 definire;
663 1714 729 1751 quia
744 1714 770 1741 iu
788 1713 991 1750 multiplicibus
1007 1713 1098 1750 primo

249 1766 291 1792 est
305 1762 489 1791 dividendum
505 1764 532 1791 et
547 1764 642 1799 postea
657 1760 858 1789 definiendum.
870 1761 949 1788 —Et
964 1760 1027 1788 hinc
1043 1763 1098 1794 est,

251 1810 326 1847 quod
356 1809 527 1846 Augustinus
548 1811 575 1837 et
598 1808 785 1836 Damascenus
811 1808 938 1835 timorem
962 1806 1100 1835 definiunt

252 1865 305 1885 non
328 1857 443 1894 quidem
459 1856 485 1884 in
502 1864 553 1884 sua
571 1854 779 1892 qeneratitate,
802 1854 849 1882 sed
873 1856 1002 1890 respectu
1018 1853 1098 1881 mali.

252 1904 281 1932 Et
301 1904 367 1940 quia
389 1903 471 1931 timor
493 1906 623 1939 respectu
639 1901 713 1929 mali
734 1901 874 1938 duplicem
897 1904 989 1929 actum
1007 1900 1099 1934 habet,

251 1957 340 1978 unum
362 1950 588 1981 antecedentem,
610 1949 657 1985 qni
679 1952 721 1976 est
746 1947 911 1976 aestimatio
933 1947 991 1976 sive
1013 1946 1100 1983 suspi-

252 1997 309 2031 cio,
331 2005 387 2034 qua
415 1997 479 2033 quis
507 1996 611 2029 credit,
641 1995 746 2023 malum
769 1994 820 2023 sibi
844 1998 1100 2031 superventurum3

252 2044 337 2073 alium
361 2046 575 2080 consequentem
590 2042 616 2077 ⁵,
644 2043 690 2079 qui
713 2045 755 2070 est
777 2040 852 2079 faya
875 2041 950 2069 illius
973 2041 1036 2069 mali
1059 2048 1101 2069 ae-

252 2091 374 2120 stimati:
398 2091 462 2119 hinc
483 2093 541 2124 est,
563 2089 638 2126 quod
654 2097 728 2117 unus
744 2089 855 2117 illorum
872 2088 970 2117 delinit
992 2096 1041 2124 per
1056 2096 1100 2116 ex-

252 2138 474 2176 spectationem,
489 2138 560 2165 alter
576 2145 643 2165 vero
659 2144 708 2173 per
721 2135 845 2173 sapam,
868 2136 906 2164 ita
928 2135 1002 2172 quod
1024 2135 1101 2163 nulla

253 2189 294 2214 est
316 2185 352 2213 ibi
374 2185 572 2214 controversia.
602 2184 742 2220 Accipitur
770 2183 844 2211 enim
868 2183 904 2211 ibi
926 2182 1100 2219 exspectatio

254 2232 329 2269 large
351 2240 401 2269 pro
423 2239 602 2269 quacumque
630 2230 832 2259 aestimatione
854 2230 912 2258 sive
934 2229 1100 2258 credulitate

918 173 1171 202 SENTENTIARUM
1192 173 1252 202 LIB.
1275 173 1315 201 111.

1145 252 1179 280 de
1201 252 1323 280 adventu
1346 251 1420 279 mali.
1442 267 1480 271 -
1503 250 1533 278 Et
1553 258 1603 287 per
1626 250 1678 279 hoc
1697 253 1772 287 patet
1793 251 1937 288 responsio
1957 252 1993 281 ad

1146 299 1285 336 primum,
1307 298 1383 335 quod
1405 297 1594 335 quaerebatur
1615 297 1650 326 de
1671 297 1780 326 timoris
1799 298 1993 327 notificatione.

1224 346 1263 374 Ad
1285 346 1355 374 illud
1379 353 1444 374 vero
1466 344 1539 381 quod
1563 344 1753 381 quaerebatur
1774 344 1894 374 ulterius
1916 345 1950 374 de
1965 346 1995 374 ti·
2004 350 2132 374 Ad-2-quaest.

1146 394 1233 422 moris
1254 393 1380 426 obiect0;
1409 392 1576 426 dicendum,
1605 391 1679 428 quod
1703 391 1842 420 obiectum
1865 392 1926 421 eius
1954 396 1996 422 est

1146 441 1268 469 arduum
1291 439 1344 468 sub
1368 439 1474 468 ratione
1489 438 1571 467 ardui
1593 442 1620 467 et
1641 438 1805 467 excellentis
1826 441 1852 467 et
1873 439 1996 476 quodam

1147 488 1230 516 modo
1244 486 1497 524 superexcellentis
1507 485 1658 514 ³.—Unde
1673 485 1746 522 quod
1763 485 1857 514 obiicit
1872 486 1906 514 de
1922 486 1996 515 malo

1147 538 1174 564 et
1195 534 1230 563 de
1251 534 1364 568 futuro,
1387 542 1440 562 non
1464 533 1552 567 valet,
1574 533 1641 570 quia
1655 532 1702 561 illa
1722 533 1792 561 ratio
1814 541 1867 561 non
1885 534 1997 571 respicit

1148 581 1276 610 timorem
1306 580 1357 609 nisi
1381 583 1519 617 quantum
1542 579 1577 608 ad
1600 582 1702 608 statum
1725 580 1810 613 viae,
1832 588 1882 609 nec
1903 580 1997 609 adhuc>

1146 628 1344 666 generantem
1374 628 1400 656 in
1423 630 1498 655 statu
1520 627 1594 655 enim
1615 627 1681 655 viae
1702 630 1743 655 est
1765 627 1848 655 timor
1870 635 1998 656 reveren-

1150 676 1217 710 tiae,
1240 675 1312 704 sicut
1333 683 1367 703 ex
1392 674 1646 711 praecedentibus⁷
1669 674 1796 702 habitum
1820 678 1869 703 est.

1515 768 1584 797 Dua.
1606 768 1636 796 ΙΙ.

1229 865 1294 893 Item
1318 863 1465 901 quaeritur
1494 863 1529 892 de
1556 863 1608 892 hoc
1629 863 1705 900 quod
1734 863 1818 892 dicit:
1841 863 1998 898 Sciendum

1150 915 1204 945 est,
1226 915 1356 949 quatuor
1385 910 1504 939 timores
1533 918 1609 944 esse,
1630 910 1741 938 scilicet
1759 910 1946 939 mundanum
1974 913 1999 939 et

1150 958 1314 987 humanam
1336 962 1387 987 etc.
1412 958 1441 986 Et
1462 957 1594 986 obiicitur
1615 961 1719 986 contra
1740 956 1792 986 lioc
1812 957 2000 994 pri1n0,'quia

1151 1006 1262 1034 videtur
1284 1005 1413 1042 Magister
1442 1013 1502 1034 esse
1531 1004 1732 1043 insztffieiens;
1753 1004 1853 1033 omittit
1875 1005 1949 1033 enim
1970 1005 2001 1033 ti-

1152 1061 1258 1081 morem
1274 1052 1430 1081 naturalem
1442 1052 1460 1080 ⁸.
1475 1069 1513 1072 —
1529 1052 1612 1086 ltem,
1634 1052 1780 1086 obiicitur,
1802 1052 1867 1089 quia
1888 1052 2000 1081 videtur

1150 1099 1208 1127 sibi
1227 1098 1448 1127 contradicere:
1475 1099 1567 1135 primo
1588 1098 1662 1127 enim
1684 1099 1766 1133 dicit,
1789 1103 1918 1137 quatuor
1939 1107 2000 1128 esse

1152 1146 1281 1180 timores,
1303 1150 1330 1174 et
1352 1146 1530 1182 postmodum
1560 1145 1705 1183 subiu‘ngit
1732 1146 1867 1184 quinque.
1896 1146 2002 1183 Quodsi

1152 1196 1183 1221 tu
1205 1193 1305 1226 dicas,
1327 1193 1402 1230 quod
1422 1193 1481 1230 ipse
1495 1196 1642 1221 enumerat
1665 1201 1715 1230 pro
1737 1201 1793 1222 uno
1815 1193 2001 1222 mundanam

1152 1244 1179 1269 et
1200 1239 1387 1273 limnanam;
1408 1244 1532 1268 contra:
1554 1240 1637 1268 timor
1658 1240 1831 1269 mundanas
1853 1241 1944 1277 surgit
1965 1248 2001 1269 ex

1152 1287 1388 1324 concupiscentia
1410 1287 1581 1320 oculorum,
1604 1288 1687 1316 timor
1709 1286 1860 1316 humanus
1881 1296 1916 1316 ex
1939 1296 2003 1316 con-

1153 1334 1334 1372 cupiscentia
1355 1334 1500 1368 carnis⁹;
1521 1335 1569 1363 sed
1592 1335 1660 1363 istae
1682 1335 1922 1372 concupiscentiae
1937 1338 2003 1364 sunt

1153 1382 1299 1411 diversae:
1322 1390 1389 1418 ergo
1410 1386 1435 1410 et
1460 1382 1497 1410 illi
1521 1382 1644 1410 timores.

1233 1430 1314 1458 [uxta
1336 1430 1388 1457 hoc
1409 1429 1570 1466 quaeritur,
1593 1437 1657 1458 cum
1680 1437 1731 1458 sex
1750 1429 1924 1458 differentiae
1939 1429 2112 1458 assi-Quaestio-

1154 1480 1293 1513 gnantur,
1315 1476 1446 1505 videlicet
1466 1476 1618 1504 naturalis
1631 1499 1639 1510 ,
1662 1476 1834 1504 mundantis
1855 1480 1882 1505 et
1903 1475 2005 1505 liuma-

1153 1532 1228 1557 nas,
1256 1523 1389 1557 servilis,
1420 1523 1546 1551 initialis
1568 1526 1595 1552 et
1615 1522 1735 1560 filialis,
1757 1531 1842 1560 penes
1864 1523 1932 1560 quid
1961 1532 2005 1552 su·
2021 1519 2031 1532 ’

1155 1574 1269 1600 mantur
1290 1575 1318 1600 θῖ
1338 1571 1480 1607 quomodo
1502 1570 1719 1607 distinguantur.

1235 1618 1414 1646 Rssspmmm:
1436 1617 1608 1651 Dicendum,
1630 1618 1705 1655 quod
1720 1625 1770 1646 sex
1787 1618 1960 1647 differentiae
1976 1618 2145 1665 n'Aanffifffif’*
2164 1654 2165 1665 ζ

1156 1665 1242 1693 moris
1263 1665 1367 1693 habent
1388 1665 1521 1701 distingui
1550 1665 1706 1693 secundum
1729 1664 1913 1693 differentiam
1944 1673 2005 1694 sua-

1155 1721 1219 1741 rum
1242 1712 1402 1749 oriqinnin.
1424 1712 1518 1740 Timor
1533 1711 1606 1740 enim
1629 1715 1677 1740 aut
1698 1715 1740 1740 est
1761 1719 1796 1740 ex
1817 1716 1941 1745 natura,
1956 1715 2006 1741 aut

1156 1767 1192 1787 ex
1208 1759 1326 1787 libidine
1341 1759 1399 1787 sive
1414 1759 1666 1795 concupiscentia,
1682 1762 1730 1787 aut
1745 1767 1780 1787 ex
1801 1758 1912 1796 qratia.
1924 1775 1963 1778 ——
1978 1759 2004 1787 Si

1156 1809 1198 1834 est
1219 1814 1254 1834 ex
1276 1809 1406 1838 natura,
1423 1809 1488 1833 tunc
1504 1808 1544 1833 est
1559 1805 1642 1834 timor
1664 1805 1815 1833 naturalis
1827 1806 1853 1833 ¹⁰.
1868 1822 1907 1825 —
1922 1806 1947 1833 Si
1964 1809 2006 1835 est

1156 1861 1192 1882 ex
1208 1846 1443 1889 eoncupiscentia
1454 1875 1461 1885 ‚
1478 1853 1529 1881 hoc
1544 1852 1711 1889 dupliciter:
1727 1856 1776 1881 aut
1798 1856 1840 1882 est
1861 1861 1896 1882 ex
1921 1853 2006 1881 nimio

1156 1907 1252 1928 amore
1265 1900 1331 1933 sai,
1347 1903 1395 1927 aut
1409 1907 1445 1928 ex
1462 1899 1547 1927 nimio
1562 1908 1657 1928 amore
1671 1908 1805 1928 suoram.
1820 1900 1845 1928 Si
1862 1908 1898 1929 ex
1921 1900 2006 1929 nimio

1157 1954 1252 1975 amore
1272 1946 1336 1980 sai,
1351 1946 1390 1974 sic
1405 1949 1446 1975 est
1461 1945 1628 1979 lmma-nus;
1643 1946 1664 1975 si
1681 1954 1716 1975 ex
1733 1946 1818 1975 nimio
1833 1955 1928 1976 amore
1942 1956 2007 1976 sao-

1157 2003 1243 2027 rztni,
1259 1994 1298 2022 sic
1313 1997 1354 2022 est
1369 1993 1547 2021 mundanus.
1565 2010 1603 2012 —
1617 1993 1643 2021 Si
1658 1997 1751 2022 autem
1768 2001 1804 2022 ex
1817 1994 1938 2031 qratia:
1958 1998 2007 2023 aut

1157 2049 1191 2070 ex
1206 2041 1295 2078 gratia
1306 2040 1405 2078 matis
1420 2041 1502 2074 data,
1518 2044 1545 2069 et
1556 2041 1594 2069 sic
1607 2044 1648 2069 est
1661 2040 1792 2074 servilis,·
1807 2045 1856 2070 aut
1869 2049 1905 2070 ex
1918 2042 2007 2079 gratia

1155 2092 1277 2126 gyratam
1293 2086 1434 2125 faciente,
1457 2088 1505 2116 sed
1529 2087 1683 2122 inchoata,
1699 2092 1726 2117 et
1740 2088 1779 2117 sic
1794 2092 1836 2117 est
1857 2088 1983 2117 initialis
1994 2099 2004 2122 ‚-

1157 2138 1206 2164 aut
1226 2139 1268 2164 est
1289 2143 1323 2163 ex
1341 2135 1429 2171 gratia
1443 2133 1590 2172 perfecta,
1607 2139 1634 2163 et
1649 2135 1687 2164 sic
1702 2138 1744 2164 est
1757 2134 1859 2171 filialis
1871 2136 1897 2163 ¹¹.
1921 2153 1959 2156 —
1975 2136 2006 2165 Et

1158 2182 1197 2211 sic
1212 2185 1300 2219 patet,
1316 2181 1390 2219 quod
1403 2190 1453 2210 sex
1467 2186 1532 2210 sunt
1544 2182 1716 2210 differentiae
1732 2182 1839 2211 timoris
1851 2183 2008 2212 secundum

1158 2237 1237 2258 suam
1250 2229 1407 2265 generalem
1424 2228 1588 2257 divisionem
1604 2236 1639 2257 ex
1655 2231 1734 2265 parte
1749 2237 1816 2258 suae
1831 2229 1953 2265 originis.

317 2354 323 2368 1
342 2353 397 2377 Cod.
415 2355 431 2376 Z
449 2353 575 2383 assiantri.
603 2354 672 2376 Paulo
694 2353 802 2381 superius
827 2359 869 2380 pro
892 2358 940 2375 non
955 2353 1031 2381 polest
1053 2358 1103 2375 esse

253 2393 305 2416 edd.
325 2399 371 2417 non
389 2394 429 2416 est.

316 2433 324 2447 ²
342 2432 386 2455 Csr.
405 2433 508 2460 Aristot,
526 2432 570 2454 Vll.
589 2433 654 2460 Phys.
675 2434 725 2454 [ext.
744 2431 780 2453 24.
798 2438 863 2460 seqq.
882 2431 910 2459 (c.
925 2431 966 2459 4.),
979 2434 1000 2453 et
1013 2431 1048 2453 tv.
1061 2432 1104 2453 Me·

254 2474 315 2500 toph.
334 2475 384 2494 text.
404 2471 425 2494 4.
443 2471 486 2499 (111.
505 2478 523 2493 c.
537 2472 576 2498 2.).
589 2471 679 2492 —Mox
697 2473 749 2499 post
760 2469 858 2500 aliquod
875 2469 988 2493 obiectant
1008 2471 1103 2492 auctori-

255 2514 298 2533 tate
317 2510 368 2533 cod.
382 2511 401 2532 K
419 2510 581 2538 supplevimus
600 2515 682 2532 animi.

320 2549 329 2563 ³
346 2549 404 2572 Vide
421 2555 492 2577 supra
510 2549 532 2571 d.
551 2550 587 2571 26.
605 2555 625 2571 a.
645 2549 666 2570 2.
684 2555 706 2577 q.
730 2549 746 2570 1.
764 2551 785 2570 ct
804 2548 823 2570 4.
842 2554 901 2576 seq„
922 2554 963 2570 nec
981 2554 1024 2569 non
1044 2548 1103 2570 loon.

257 2589 284 2612 de
302 2589 408 2617 Rupella,
427 2589 490 2611 Sum.
509 2589 537 2610 dc
554 2589 644 2616 anima,
662 2594 684 2615 p.
704 2588 725 2609 ll.
744 2594 762 2610 c.
782 2588 819 2609 31.

319 2628 327 2642 ⁴
344 2628 406 2650 Libr.
432 2629 476 2650 Vll.
503 2629 569 2655 Phys.
593 2630 643 2649 text.
662 2628 698 2649 31.
717 2628 746 2654 (c.
766 2627 803 2655 i).
821 2626 865 2649 Cir.
885 2627 908 2649 11.
927 2627 1011 2649 Poster.
1029 2633 1047 2649 c.
1071 2626 1103 2649 15.

256 2667 285 2695 (c.
307 2668 359 2696 ¹2),
376 2671 398 2689 et
415 2667 429 2689 1.
448 2667 528 2695 Topic.
546 2673 565 2689 c.
588 2667 620 2688 13.
639 2666 694 2688 lbid.
714 2673 732 2688 c.
755 2666 787 2688 tt.
813 2666 842 2693 (0.
865 2666 907 2693 16.)
935 2666 1018 2688 dicitur
1035 2666 1104 2694 (quae

255 2706 326 2728 rerba
345 2706 456 2734 proposit.
473 2712 521 2734 seq.
540 2706 659 2733 tongum:
677 2706 698 2727 Si
712 2706 772 2727 onim
791 2705 970 2727 immanifestum
988 2705 1029 2732 sit,
1047 2710 1105 2734 qao-

258 2744 375 2774 [upliciter
397 2745 491 2771 dicitur,
518 2745 628 2772 contingit
649 2750 693 2766 non
711 2744 740 2765 ad
758 2744 818 2766 idem
837 2744 904 2765 etiam
922 2744 961 2772 qui
980 2743 1105 2771 respondet

257 2787 279 2806 et
295 2785 334 2812 qui
352 2784 478 2811 interrogat
502 2783 561 2805 serre
584 2783 722 2805 intellectum
740 2785 782 2804 etc..
799 2794 831 2798 —
848 2782 917 2804 Paulo
935 2783 1029 2804 inferius
1052 2785 1104 2810 post

259 2822 287 2845 Et
304 2821 358 2845 ltine
375 2821 439 2852 [cod.
457 2823 474 2844 G
492 2821 547 2851 ltoc]
565 2823 611 2849 est,
632 2821 695 2851 qnod
712 2821 778 2843 codd.
797 2822 857 2843 GlL
869 2821 922 2843 Tan
941 2824 963 2843 ct
979 2821 1032 2843 edd.
1055 2822 1072 2849 t,
1091 2822 1103 2843 2

257 2862 359 2883 inserunt
376 2861 443 2889 dicit,
463 2864 485 2883 et
502 2861 554 2883 dein
576 2864 628 2889 post
650 2860 758 2883 timorem
775 2860 898 2882 subiiciunt
914 2866 982 2888 vero,
1006 2860 1059 2882 edd.
1087 2861 1104 2888 l,

260 2901 272 2921 2
290 2899 358 2922 enim.

321 2938 331 2952 ⁵
347 2938 383 2960 Sic
401 2939 462 2966 Vat.,
485 2939 550 2961 cuius
573 2939 638 2961 lectio
659 2939 737 2966 procul
755 2938 826 2961 dubio
849 2940 924 2966 aptior
947 2940 1105 2966 praestantior-

259 2982 303 3004 que
322 2981 354 2998 est
372 2983 441 3004 quam
464 2978 575 3004 scriptura
599 2978 716 3005 codicum,
741 2984 839 3006 quorum
858 2978 894 2999 alii
913 2978 990 3002 (etiam
1008 2977 1061 2999 cdd.
1083 2978 1104 3005 1,

1160 2351 1183 2379 2)
1203 2351 1310 2374 exhibent
1329 2352 1350 2374 et
1369 2351 1537 2380 consequenter
1554 2349 1618 2380 [cod.
1636 2351 1653 2372 Α
1672 2350 1861 2380 consequentem]
1881 2352 1916 2374 est
1932 2350 2006 2381 faya,

1160 2391 1196 2413 alii
1214 2392 1235 2413 et
1252 2390 1417 2421 consignificat
1428 2391 1597 2419 consequenter
1614 2388 1677 2419 [cod.
1697 2390 1711 2411 F
1728 2391 1922 2420 consequentem,
1940 2391 2007 2413 codd.

1160 2430 1178 2452 G
1188 2430 1194 2451 1
1204 2430 1220 2451 L
1230 2430 1246 2451 N
1259 2429 1277 2452 O
1295 2428 1432 2459 quantum]
1450 2429 1518 2451 Panlo
1536 2433 1587 2451 ante
1601 2435 1642 2456 pro
1654 2435 1702 2458 qua
1714 2428 1766 2459 quis
1782 2429 1850 2452 codd.
1869 2429 1939 2451 FGH
1949 2429 1955 2451 1
1965 2430 1981 2451 L
1991 2430 2009 2452 N

1161 2469 1178 2491 T
1191 2469 1209 2491 V
1227 2470 1249 2492 et
1264 2468 1320 2498 quia
1338 2468 1402 2498 qais,
1422 2468 1474 2490 cod.
1494 2469 1511 2490 ti
1530 2467 1625 2497 quando
1643 2467 1702 2497 quis.

1222 2508 1232 2522 ⁶
1250 2507 1305 2530 Cod.
1324 2509 1341 2529 A
1358 2506 1571 2536 strpereoececleniz's.

1224 2546 1231 2558 ⁷
1249 2549 1295 2570 Art.
1314 2548 1334 2569 2.
1354 2554 1375 2575 q.
1396 2548 1415 2569 1.
1433 2553 1481 2575 seq.
1499 2559 1529 2562 »—
1546 2547 1588 2569 Pro
1600 2552 1632 2569 ea·
1641 2546 1833 2576 praecedentibus
1850 2547 1917 2569 codd.
1935 2547 2009 2569 AKZ

1160 2586 1185 2609 in
1207 2585 1406 2616 praecedentibus.
1432 2598 1461 2601 —
1480 2586 1560 2614 Quoad
1580 2587 1623 2608 hoc
1641 2586 1738 2608 dubium
1757 2587 1796 2609 cfr.
1814 2587 1838 2608 B.
1856 2586 1953 2614 Δῶρι-1.,
1971 2587 2009 2608 hic

1161 2632 1180 2647 a.
1199 2626 1228 2653 fi;
1247 2626 1269 2647 S.
1287 2625 1382 2653 'l'liom.,
1401 2626 1437 2647 hic
1453 2632 1475 2653 q.
1494 2625 1514 2646 2.
1534 2631 1552 2647 a.
1581 2625 1598 2646 1.
1621 2625 1763 2653 quaestione.
1786 2626 1790 2647 1
1806 2632 1811 2652 ;
1836 2625 1893 2647 Deir.
1911 2631 1922 2646 a
1941 2625 2006 2652 an.,

1161 2665 1197 2687 hic
1215 2671 1236 2693 q.
1256 2666 1276 2686 2.
1295 2671 1315 2686 a.
1338 2665 1355 2686 l.

1223 2703 1233 2717 ²³
1251 2703 1308 2725 Vide
1326 2704 1362 2725 hic
1380 2703 1410 2725 lit.
1429 2704 1540 2731 Magistri,
1559 2709 1578 2725 e.
1597 2703 1617 2725 ὓ,

1223 2742 1233 2756 ⁹
1251 2743 1378 2770 Respicitur
1396 2743 1409 2764 1.
1428 2743 1486 2764 toan.
1506 2743 1530 2769 2,
1554 2742 1586 2764 16.
1604 2741 1648 2764 Csr.
1667 2742 1703 2764 hic
1720 2742 1749 2764 lit.
1770 2742 1881 2769 Magistri,
1901 2747 1919 2763 c.
1940 2741 1959 2763 t.
1978 2754 2009 2757 ——

1163 2782 1213 2804 Post
1231 2788 1304 2809 pauca
1322 2788 1364 2809 pro
1381 2780 1536 2810 assiqnontur
1553 2780 1604 2802 cod.
1627 2781 1643 2802 Z
1666 2780 1857 2809 distiiiyattntttr,
1880 2779 1933 2802 edd.
1951 2780 2007 2803 assi-

1160 2821 1271 2851 ynentar.

1227 2859 1245 2874 ¹⁰
1262 2859 1307 2881 Csr.
1326 2859 1437 2887 Damaso„
1456 2859 1486 2881 111.
1500 2859 1528 2881 do
1542 2858 1594 2880 Fide
1612 2857 1701 2879 orthod.
1720 2863 1738 2879 c.
1757 2858 1793 2885 23,
1811 2862 1833 2880 et
1850 2864 1920 2886 supra
1934 2858 1954 2880 d.
1973 2858 2008 2880 15-

1162 2899 1218 2921 dub.
1237 2900 1257 2921 3.

1226 2938 1242 2952 ¹¹
1261 2938 1305 2960 Cl‘r.
1324 2944 1392 2965 supra
1410 2944 1430 2959 a.
1452 2938 1468 2959 l.
1482 2944 1503 2966 q.
1523 2938 1543 2959 2,
1561 2936 1589 2958 ad
1608 2935 1628 2958 l...
1646 2939 1668 2958 et
1684 2942 1703 2957 a.
1723 2936 1743 2957 2.
1761 2942 1783 2964 q.
1802 2937 1822 2958 -Ζ,
