2166 3366
16 1526 120 1545 Conclusio.

26 1620 120 1638 Probatio.

26 1946 120 1965 olanduni.

760 183 844 211 DIST.
866 183 897 211 V.
918 183 991 211 ΛΒΤ.
1012 183 1030 210 Ι.
1052 183 1187 219 QUAEST.
1211 183 1248 211 ΙΙΙ.

133 260 192 288 lum
214 260 289 296 quod
310 262 351 288 est
372 259 522 289 indivisum
539 260 565 288 in
587 267 629 293 se,
644 260 692 289 sed
708 260 783 297 quod
797 263 840 289 est
854 260 975 289 divisum

133 306 169 335 ab
190 306 265 334 aliis:
288 314 354 342 ergo
376 306 398 334 si
419 306 554 335 assumtio
575 307 640 335 dicit
666 307 796 335 unionem
818 310 844 335 et
866 308 977 336 coniun-

133 353 269 388 ctionem,
292 353 420 387 videtur,
442 353 517 389 quod
540 353 617 381 nullo
637 353 721 382 modo
751 361 886 390 personae
916 361 978 382 con—

133 400 233 428 veniat.

212 446 237 475 3.
261 446 344 480 Item,
366 446 456 474 omnis
477 446 543 474 unio
564 446 700 475 naturalis
721 446 867 475 ordinatur
888 446 923 474 ad
949 446 976 474 il-

134 493 182 522 lud
205 493 280 530 quod
303 496 344 521 est
366 493 403 521 ita
424 501 512 521 unum
535 493 561 521 in
585 500 631 527 se,
652 493 727 529 quod
758 501 812 521 non
834 496 874 521 est
896 493 975 521 alteri

132 540 253 573 unibile,
275 540 397 576 alioquin
419 547 473 567 non
488 543 560 568 esset
574 542 678 572 status;
694 539 762 567 illud
778 543 870 568 autem
886 547 976 567 unum

133 589 174 614 est
195 586 372 614 individuum
394 585 535 613 rationalis
557 588 688 618 naturae,
709 585 783 622 quod
806 585 919 622 quidem
935 588 976 614 est

132 640 252 669 persona
273 635 299 660 et
320 632 404 660 habet
425 639 563 660 summam
586 632 798 669 completionem
827 632 852 660 in
875 639 976 668 genere

133 683 292 708 creaturae:
316 679 337 707 si
359 687 426 715 ergo
447 679 480 707 ad
504 679 666 715 dignitatem
698 686 834 715 personae
855 682 975 715 spectat,

133 726 208 763 quod
239 726 308 755 nulli
340 725 385 754 alii
419 725 549 760 uniatur,
580 728 607 754 et
636 725 731 753 divina
752 733 870 762 persona
891 725 976 753 habet

132 773 270 810 quidquid
298 772 440 809 dignitatis
468 776 524 806 est;
547 772 670 806 videtur,
702 772 777 809 quod
799 772 868 800 nihil
890 772 976 809 possit

133 819 184 848 sibi
206 819 347 856 copulari,
369 822 396 848 et
417 819 454 847 ita
476 818 581 847 nullam
605 821 734 847 naturam
756 825 909 847 assumere.

210 866 237 894 li.
261 866 343 900 item,
365 865 434 894 nihil
457 865 610 902 temporale
631 868 720 902 potest
735 865 795 893 fieri
816 867 975 899 aeternum3

133 913 182 942 sed
203 913 296 941 unitas
316 915 462 941 creaturae
487 912 581 941 debita
608 916 650 941 est
681 912 858 949 temporalis,
883 912 976 941 unitas

132 960 243 989 divinae
263 967 398 997 personae
420 963 462 988 est
481 963 609 988 aeterna:
641 967 707 996 ergo
732 959 826 988 divina
857 967 976 996 persona

132 1015 186 1036 non
206 1010 298 1044 potest
319 1009 476 1035 creaturam
497 1006 618 1044 aliquam
634 1007 669 1035 ad
686 1006 818 1035 unitatem
841 1014 976 1043 personae

132 1061 199 1082 suae
220 1053 354 1090 accipere.
376 1053 426 1081 Sed
444 1053 496 1081 hoc
511 1056 552 1081 est
572 1061 739 1081 assumere:
754 1061 820 1089 ergo
842 1052 976 1081 assumtio

132 1100 242 1129 divinae
263 1107 398 1137 personae
420 1108 473 1127 non
495 1102 584 1136 potest
605 1100 761 1128 convenire.

446 1201 658 1222 CONCLUSIO.

270 1286 421 1314 Assumtio
443 1286 473 1314 in
494 1286 700 1314 incarnatione
720 1286 853 1323 corripetit

408 1341 552 1369 personae
573 1333 698 1361 divinae.

211 1427 383 1455 Rasronnno:
406 1425 573 1460 Dicendum,
596 1426 670 1463 quod
686 1426 757 1454 sicut
771 1426 877 1454 dictum
899 1430 940 1455 est
954 1426 976 1461 ¹,

132 1473 267 1502 assumtio
283 1473 349 1502 dicit
363 1473 506 1501 actionem
531 1476 558 1501 et
579 1472 748 1501 relationem
771 1477 797 1501 et
819 1473 976 1501 terminum

135 1521 299 1557 utriusque3
322 1524 348 1548 et
370 1520 476 1548 ratione
498 1520 599 1548 horum
615 1520 740 1547 omnium
756 1523 845 1556 potest
866 1520 976 1548 divinae

133 1575 268 1605 personae
283 1566 557 1596 convenire—Nam
573 1566 683 1604 divinae
699 1574 831 1603 personae
846 1567 977 1603 competit

135 1622 195 1644 esse
213 1614 395 1652 principiani
418 1613 547 1642 activam
569 1617 596 1641 et
617 1613 759 1642 rationalis
782 1617 897 1642 naturae
910 1622 977 1650 sap-

130 1661 278 1699 positum;
298 1664 325 1689 et
346 1664 499 1697 utrumque
521 1663 626 1697 spectat
646 1660 757 1689 adeius
772 1660 932 1697 dignitatem
949 1664 976 1689 et

133 1708 313 1736 nobilitatem.
336 1707 367 1736 Et
387 1707 448 1735 ideo
464 1707 557 1735 divina
573 1713 690 1743 persona
712 1710 802 1743 potest
824 1707 975 1735 humanam

133 1757 260 1783 naturam
283 1754 420 1782 fabricare
442 1757 573 1790 tanquam
598 1754 795 1790 principiunst
817 1753 975 1792 effectivam

133 1804 160 1830 et
174 1801 298 1829 stabilire
314 1804 444 1837 tanquam
458 1800 617 1837 proprium
631 1801 832 1837 suppositam,
849 1801 885 1829 ita
900 1801 975 1838 quod

134 1847 259 1876 eiusdem
280 1850 397 1876 naturae
417 1847 470 1876 erit
492 1847 610 1875 causale
630 1847 812 1884 principiam
833 1851 860 1876 et
873 1856 976 1885 suppo-

133 1894 223 1923 situm
241 1893 415 1931 personale;
435 1897 462 1922 et
483 1893 520 1922 ita
542 1901 591 1930 per
612 1894 664 1922 hoc
680 1902 708 1922 se
725 1893 807 1922 habet
828 1894 854 1922 in
870 1894 976 1923 ratione

130 1941 276 1978 principii
295 1944 322 1969 et
342 1941 369 1968 in
392 1941 498 1969 ratione
519 1940 609 1969 medii
629 1943 655 1969 et
677 1941 704 1969 in
727 1941 834 1970 ratione
850 1941 975 1969 termini.

134 1988 246 2017 Ratione
267 1987 348 2025 primi
383 1987 426 2016 vel
457 1987 583 2024 principii
616 1988 747 2024 competit
774 1988 797 2016 ei
820 1988 914 2021 actio‚·
936 1996 977 2016 ra-

135 2035 208 2063 tione
224 2034 306 2063 medii
321 2033 442 2066 relatio,-
457 2034 562 2062 ratione
578 2034 687 2062 termini
701 2034 710 2047 ³
726 2036 857 2071 competit
875 2035 977 2063 utriils-

135 2089 190 2118 que
211 2080 385 2109 terminatio.
401 2080 499 2108 Divina
514 2081 586 2109 enim
603 2088 721 2117 persona
735 2080 813 2115 fecit,
835 2084 866 2109 ut
882 2081 977 2118 plures

135 2131 251 2157 naturae
262 2128 410 2157 unirentur
425 2127 451 2156 in
468 2135 506 2156 se.
520 2143 558 2147 —
573 2128 604 2156 Et
619 2127 680 2156 ideo
695 2127 904 2156 concedendum
919 2131 976 2162 est,

1821 186 1874 214 125

1033 261 1106 297 quod
1128 261 1188 297 ipsa
1208 261 1343 290 assumtio
1364 261 1495 298 competit
1510 261 1620 290 divinae
1639 270 1783 299 personae.
1799 263 1874 292 Unde

1033 307 1225 336 concedendae
1247 311 1312 336 sunt
1334 308 1454 336 rationes
1475 307 1510 336 ad
1534 309 1585 337 hoc
1606 309 1744 337 inductae.

1114 355 1136 381 1.
1159 354 1197 382 Ad
1219 354 1289 382 illusl
1311 362 1377 391 ergo
1404 354 1479 391 quod
1500 355 1592 391 primo
1613 355 1743 383 obiicitur
1762 355 1789 383 in
1815 362 1959 389 con-Sotmio
1972 368 2004 386 op-

1033 400 1163 433 trarnun,
1179 401 1253 437 quod
1269 401 1316 429 nbi
1338 404 1380 429 est
1399 401 1549 435 assumtio,
1571 401 1608 429 ibi
1629 405 1671 430 est
1692 388 1996 431 conininnica-⁹⁰⁵¹²⁰fflm'

1033 446 1070 474 tio
1091 450 1117 475 et
1139 447 1220 481 unio3
1242 447 1407 481 dicendum,
1429 448 1503 484 quod
1525 448 1765 476 communicabile
1785 452 1874 486 potest
1887 456 2016 482 communica-

1033 493 1085 521 dici
1110 493 1267 530 tripliciter:
1291 497 1338 522 aut
1360 502 1409 530 per
1437 495 1527 522 anias
1555 495 1803 529 constitutionem,
1826 479 2015 526 autfgtghffigssffl

1034 547 1083 575 per
1104 540 1368 576 p'aedicationem,
1391 544 1439 568 ant
1460 549 1511 577 per
1529 542 1745 578 proprietatum
1767 546 1792 570 ec
1806 542 1876 571 idio-

1033 590 1144 613 matum
1168 587 1465 616 communicationem.
1488 588 1556 616 Cum
1585 596 1651 625 ergo
1682 589 1799 617 dicitur:
1826 590 1874 618 ubi

1033 635 1075 660 est
1090 633 1241 666 assumtio,
1258 633 1293 661 ibi
1309 637 1350 661 est
1365 634 1607 668 communicatio;
1622 635 1784 670 dicendum,
1799 636 1874 673 qnod

1034 686 1132 706 verum
1155 682 1196 707 est
1219 679 1301 707 tertio
1323 680 1420 714 modo,
1443 681 1489 709 sed
1524 689 1576 709 non
1599 681 1689 718 primo
1711 682 1808 712 modo.
1831 682 1874 711 vel

1033 725 1163 753 secund0.
1185 725 1253 753 Cum
1276 733 1342 754 vero
1363 726 1481 761 dicitur,
1497 727 1571 764 quod
1586 736 1702 764 persona
1719 728 1783 757 dicit
1805 729 1873 766 quid
1886 735 1914 755 De
1928 741 2013 759 persona-

1035 772 1307 800 incommunicabile
1318 776 1345 801 et
1360 773 1544 807 distinctanz;
1558 774 1721 809 (licendum,
1733 776 1807 812 quod
1823 776 1874 805 hoc

1034 817 1137 846 dicitur
1152 826 1202 855 per
1216 819 1416 855 oppositionem
1432 820 1466 848 ad
1480 820 1627 856 primum,
1643 821 1686 849 vel
1700 823 1876 855 secandnnu

1033 865 1098 902 quia
1119 873 1169 894 nec
1191 866 1265 894 venit
1286 866 1321 894 ad
1354 867 1425 895 tertii
1459 867 1699 902 constitutionem,
1721 876 1771 897 nec
1793 869 1876 898 habet

1033 913 1250 942 universalitatis
1282 913 1515 949 praedicationem
1529 914 1548 942 ⁴.
1571 915 1601 943 Et
1623 915 1661 943 sic
1682 919 1771 952 patet,
1800 916 1875 953 quod

1032 968 1150 997 persona
1171 968 1234 988 cum
1257 960 1427 989 assumtione
1446 969 1500 989 non
1522 961 1605 989 habet
1626 962 1835 998 oppositionem.

1113 1007 1139 1034 ⁹2.
1161 1006 1199 1035 Ad
1223 1006 1291 1035 illud
1314 1007 1387 1043 qnod
1416 1007 1561 1042 obiicitur,
1591 1008 1665 1045 quod
1695 1016 1814 1045 persona
1835 1013 1876 1038 est

1033 1053 1178 1082 individua
1199 1053 1366 1086 substantia;
1388 1053 1461 1082 idem
1484 1055 1710 1090 respondendnm
1732 1059 1785 1090 est,
1801 1056 1875 1093 quod

1033 1100 1102 1128 illud
1125 1100 1227 1129 dicitnr
1248 1108 1298 1137 per
1319 1100 1502 1137 privationem
1525 1101 1730 1138 compositionis
1751 1105 1777 1130 et
1799 1110 1877 1139 prae—

1034 1147 1178 1176 dicationis
1200 1147 1372 1181 communis‚
1401 1156 1454 1176 non
1477 1156 1526 1185 per
1548 1148 1729 1184 privationem
1753 1150 1876 1183 unionis;

1034 1194 1085 1222 nisi
1109 1194 1178 1222 sorte
1200 1194 1310 1223 dicatur
1331 1194 1401 1222 anio
1423 1198 1550 1231 respectu
1574 1195 1722 1232 dignioris,
1744 1196 1815 1225 sicut
1837 1197 1876 1224 in-

1033 1241 1141 1269 ferius⁵
1164 1241 1264 1269 melius
1285 1241 1438 1278 apparebit.
1460 1241 1572 1270 Nullum
1595 1246 1688 1271 antem
1711 1243 1812 1271 horum
1835 1247 1875 1272 est

1034 1287 1061 1315 in
1084 1288 1225 1324 proposito
1246 1288 1378 1324 reperire.

1113 1334 1138 1363 3.
1160 1334 1198 1363 Ad
1221 1334 1289 1363 illud
1322 1335 1395 1371 quod
1427 1334 1572 1370 obiicitur,
1593 1336 1668 1372 quod
1696 1336 1786 1365 omnis
1808 1337 1875 1365 unio

1033 1382 1180 1410 ordinatur
1202 1381 1235 1410 ad
1258 1389 1360 1415 unum,
1382 1382 1456 1418 qnod
1479 1385 1571 1410 careat
1592 1382 1764 1417 unibilitate3
1786 1383 1877 1412 dicen-

1033 1428 1118 1462 dum,
1140 1428 1215 1463 quod
1237 1436 1336 1456 verum
1358 1432 1418 1462 est,
1447 1428 1585 1464 loquendo
1607 1428 1641 1457 de
1662 1429 1764 1458 unione
1786 1430 1811 1457 in
1834 1438 1877 1458 eo-

1034 1475 1096 1503 dem
1120 1482 1236 1511 genere,
1258 1474 1386 1503 videlicet
1404 1474 1439 1503 de
1453 1475 1570 1508 unione,
1585 1483 1656 1511 qnae
1678 1480 1719 1504 est
1740 1483 1790 1513 per
1805 1484 1876 1505 com-

1032 1521 1204 1558 positionem.
1230 1521 1271 1549 Sic
1294 1524 1385 1550 autem
1409 1529 1461 1549 non
1485 1524 1526 1549 est
1547 1521 1573 1549 in
1595 1521 1750 1558 proposito;
1772 1526 1798 1551 et
1814 1523 1875 1551 ideo

1033 1566 1060 1595 in
1082 1567 1161 1595 nullo
1181 1571 1283 1604 cogunt
1305 1567 1424 1595 rationes
1446 1567 1516 1596 illae.

1111 1615 1137 1642 [ι.
1160 1614 1199 1642 Ad
1222 1614 1291 1642 illud
1314 1614 1387 1651 qnod
1404 1614 1548 1647 obiicitur,
1564 1614 1637 1651 quod
1655 1615 1806 1652 temporale
1821 1624 1875 1645 non

1033 1664 1124 1698 potest
1145 1660 1204 1689 fieri
1226 1660 1378 1693 aeternale;
1410 1661 1576 1695 dicendum,
1608 1662 1680 1698 quod
1714 1670 1811 1691 verum
1834 1666 1876 1691 est
1890 1668 2004 1688 Notandum.

1033 1715 1083 1744 per
1105 1707 1282 1736 identitatem
1303 1707 1441 1735 essentiae
1449 1718 1458 1741 ;
1473 1708 1541 1736 nihil
1565 1711 1654 1736 tamen
1677 1708 1807 1745 impedit,
1823 1709 1875 1738 hoc

1033 1762 1093 1783 esse
1116 1755 1218 1782 virtute
1233 1754 1352 1782 unionis
1364 1754 1523 1791 yrataitae.
1545 1755 1620 1783 Sicut
1634 1755 1707 1783 enim
1723 1756 1875 1793 temporale

1033 1804 1123 1838 potest
1144 1809 1160 1829 a
1182 1801 1316 1838 principIO
1337 1805 1449 1829 aeterno
1478 1802 1586 1830 causari
1610 1802 1815 1838 temporaliter,
1837 1803 1875 1832 sic

1032 1849 1115 1877 etiam
1137 1848 1215 1876 inniti
1228 1848 1237 1861 ⁵
1253 1851 1343 1885 potest
1357 1848 1499 1885 supposito
1514 1851 1638 1883 aeterno,
1654 1852 1700 1883 ut,
1715 1849 1786 1878 sicut
1801 1849 1875 1878 Deus

1034 1898 1075 1924 est
1097 1895 1263 1932 principium
1296 1895 1445 1923 cuiuslibet
1473 1898 1632 1930 creaturae,
1655 1896 1694 1924 sic
1722 1896 1769 1925 Dei
1792 1897 1875 1926 Filius

1034 1942 1069 1970 sit
1091 1941 1266 1978 suppositum
1290 1941 1431 1970 rationalis
1460 1946 1585 1970 naturae.
1611 1942 1641 1970 Et
1669 1950 1719 1979 pro
1741 1946 1815 1971 tanto
1837 1943 1876 1971 di-

1033 1988 1106 2016 citur
1134 1987 1181 2016 illa
1213 1987 1305 2016 unitas
1336 1988 1370 2016 ad
1400 1988 1533 2016 unitatem
1559 1996 1694 2025 personae
1715 1989 1875 2024 terminari,

1034 2042 1087 2063 non
1110 2034 1175 2071 quia
1197 2041 1330 2070 personae
1362 2034 1418 2062 Filii
1451 2034 1499 2063 Dei
1521 2034 1650 2063 adveniat
1671 2043 1742 2064 nova
1767 2035 1875 2070 unitas,

1033 2081 1081 2110 sed
1104 2081 1170 2118 quia
1201 2088 1237 2109 ex
1268 2081 1439 2109 assumtione
1471 2081 1609 2110 humanae
1631 2082 1672 2116 fit,
1700 2087 1732 2110 ut
1753 2082 1874 2111 duarum

1034 2131 1200 2156 naturarum
1223 2128 1258 2156 sit
1279 2135 1334 2156 una
1356 2127 1512 2164 hypostasis
1532 2130 1615 2165 atque
1636 2136 1755 2165 persona
1765 2129 1783 2156 ⁷.

892 2226 1055 2263 Quansrio
1077 2226 1117 2254 ni.

424 2313 528 2341 Utrum
548 2321 699 2341 assumere
719 2313 872 2341 conveniat
889 2321 1031 2350 personae
1052 2313 1166 2341 ratione
1185 2317 1328 2347 naturae,
1350 2321 1390 2341 an
1411 2322 1425 2341 e
1445 2321 1590 2341 converso.

215 2400 307 2428 Tertio
321 2399 481 2436 quaeritur,
497 2402 592 2427 utrum
608 2406 751 2428 assumere
766 2407 901 2436 personae
916 2407 977 2427 con-

136 2446 228 2475 veniat
249 2446 354 2474 ratione
375 2449 504 2479 naturae,
526 2453 561 2473 an
581 2453 596 2474 e
617 2453 759 2474 converso.
777 2445 806 2473 Et
827 2445 901 2482 quod
917 2453 978 2473 con-

137 2492 229 2521 veniat
250 2492 356 2520 ratione
376 2496 520 2525 naturae,
544 2491 662 2519 videtur.

1117 2400 1137 2426 t.
1161 2398 1282 2427 Ratione
1302 2399 1364 2427 eins
1385 2399 1515 2436 competit
1536 2407 1670 2436 personae
1684 2408 1754 2436 opus
1770 2408 1875 2428 recrea-

1034 2445 1128 2479 tionis,
1150 2445 1192 2473 cni
1215 2445 1345 2481 competit
1360 2453 1430 2481 opus
1446 2445 1591 2474 creationis
1605 2445 1630 2478 ⁸3
1653 2446 1700 2474 sed
1716 2453 1786 2482 opus
1801 2454 1874 2474 crea-

1036 2491 1116 2519 tionis
1147 2491 1277 2528 competit
1308 2500 1442 2528 personae
1474 2492 1579 2520 ratione
1608 2495 1738 2520 naturae:
1761 2501 1827 2529 crgo
1847 2496 1874 2521 et

1899 2416 1955 2438 Argg.
1969 2421 2003 2439 pro

1888 2439 1904 2457 1.
1918 2441 1978 2462 parte.

200 2614 207 2628 ¹
227 2613 283 2637 Vide
301 2617 388 2642 quaest.
402 2612 506 2641 praeced.
519 2625 548 2628 -
562 2613 610 2634 Mox
623 2618 665 2640 pro
678 2613 699 2635 et
711 2613 838 2642 atrumque
849 2612 917 2634 codd.
931 2612 946 2634 U
957 2612 978 2634 X

138 2654 266 2682 utrumque
283 2652 351 2675 enim.

199 2691 209 2706 ‘2
225 2691 281 2713 Cod.
299 2692 317 2713 li
336 2691 386 2713 voci
401 2689 546 2720 principium
564 2690 685 2717 praemittit
702 2689 758 2712 eius.

199 2729 209 2745 ³
227 2730 268 2752 Pro
286 2729 381 2753 termini
397 2729 463 2751 codd.
482 2730 497 2750 Α
509 2729 524 2750 Ε
533 2729 551 2750 G
562 2729 577 2750 l.
587 2729 602 2750 N
614 2729 632 2750 Τ
643 2729 660 2750 V
672 2728 691 2750 X
702 2735 727 2750 aa
740 2731 761 2750 ct
778 2728 830 2751 edd.
848 2729 865 2757 l⁷
883 2729 896 2750 2
909 2727 977 2751 tertii.

139 2769 207 2791 Paulo
224 2772 274 2791 ante
291 2769 344 2791 edd.
363 2770 468 2791 omittunt
484 2767 557 2797 primi
573 2767 621 2795 cels
639 2767 689 2789 cod.
707 2767 723 2789 Z
741 2768 822 2790 omittit.
838 2766 880 2790 vel.

201 2808 209 2823 ⁴
226 2808 253 2830 Ut
270 2809 410 2836 humanitas,
428 2814 487 2836 quac
506 2807 651 2835 praedicatur
668 2813 687 2828 o.
706 2813 739 2834 gr.
753 2806 780 2828 (tn
797 2807 860 2828 Petro
877 2807 943 2829 simul
957 2810 978 2830 ct

138 2846 167 2869 dc
185 2846 260 2869 Paulo.
277 2846 321 2869 Ct'r.
339 2846 353 2868 l.
372 2847 431 2868 Seni.
449 2846 472 2868 d.
490 2845 526 2868 25.
545 2852 564 2867 a.
583 2846 603 2867 2.
622 2851 643 2873 q.
665 2845 682 2866 1.
695 2844 839 2867 —Snbintle
857 2845 907 2866 vovi
927 2851 978 2874 pcr-

138 2891 197 2908 sona
214 2885 266 2908 odd.
285 2886 414 2913 practtgunt
429 2884 477 2907 illa.

201 2923 210 2938 ⁵
227 2925 272 2946 Art.
285 2924 305 2946 2.
318 2930 339 2952 q.
353 2924 373 2946 2,
386 2924 415 2946 nd
431 2925 448 2946 1.
466 2926 487 2945 ct
499 2930 520 2952 q.
534 2924 554 2945 3.
573 2935 602 2939 -
615 2923 682 2945 l‘aulo
699 2923 806 2950 superius
821 2926 872 2950 post
889 2928 978 2952 compo-

139 2962 228 2985 sinonis
246 2963 296 2985 cod.
315 2963 332 2984 l<
351 2963 454 2990 adiungit
471 2961 648 2985 constitutionis.

1096 2612 1105 2627 ὅ
1125 2613 1165 2635 Ρι·ο
1176 2611 1245 2635 inmiti
1257 2612 1324 2634 codd.
1337 2614 1352 2634 Α
1366 2613 1382 2634 ll
1396 2613 1423 2638 (li
1438 2620 1449 2634 a
1463 2613 1562 2635 secunda
1576 2614 1654 2641 manu)
1668 2613 1685 2635 Μ
1697 2614 1714 2635 0
1725 2614 1740 2635 Z
1751 2613 1781 2636 bl)
1795 2613 1875 2642 zoin-i,-

1035 2652 1095 2674 idvm
1114 2653 1209 2674 recurrit
1223 2653 1277 2674 inti-:i
1291 2658 1313 2680 q.
1326 2651 1339 2673 5
1360 2652 1388 2673 :ul
1407 2652 1426 2674 2.
1441 2652 1483 2673 l‘ro
1496 2651 1594 2674 causari
1607 2652 1673 2675 codd.
1685 2653 1702 2674 l<
1713 2653 1729 2674 Z
1741 2652 1772 2675 bl)
1789 2653 1873 2676 creto-i.

1098 2691 1107 2706 ⁷
1125 2691 1182 2713 Vide
1199 2691 1300 2713 scholion
1318 2691 1345 2713 ad
1365 2691 1539 2718 praeci-dentem
1560 2695 1647 2720 quaest.

1096 2729 1106 2744 ⁸
1123 2729 1166 2752 Csr.
1184 2736 1253 2757 supra
1273 2736 1325 2757 pag.
1339 2730 1378 2756 28,
1397 2732 1447 2751 notn
1466 2730 1486 2751 2.
1500 2742 1529 2745 —
1542 2729 1573 2752 De
1589 2729 1678 2752 minori
1694 2731 1734 2752 cfr.
1747 2731 1759 2753 Ι.
1778 2731 1839 2753 Seni.
1852 2731 1873 2753 (1.

1035 2768 1071 2790 36.
1089 2775 1108 2790 a.
1131 2769 1148 2790 t.
1167 2774 1188 2796 q.
1207 2769 1226 2789 -2,
1238 2780 1270 2784 -
1282 2768 1323 2790 Pro
1341 2767 1382 2791 cui
1396 2767 1503 2797 compelle
1520 2769 1587 2790 codd.
1606 2769 1623 2791 K
1643 2768 1674 2791 bb
1691 2771 1819 2792 accuratius
1837 2776 1874 2792 ra-

1035 2807 1095 2829 tione
1117 2806 1192 2829 cuius.
1216 2807 1278 2835 tidd„
1302 2807 1392 2829 <tonnus
1416 2807 1531 2835 prioribus
1554 2808 1621 2829 liuius
1646 2814 1738 2836 propos.
1762 2809 1873 2834 vocibus,

1034 2846 1081 2867 svit.
1094 2845 1189 2868 Ratione
1206 2844 1267 2873 eius,
1282 2846 1462 2873 interpunctione
1474 2852 1485 2868 a
1504 2852 1528 2868 sc
1540 2847 1657 2874 sciunt-tis,
1675 2851 1697 2869 et
1715 2853 1770 2869 voci·
1783 2847 1874 2870 ratione

1034 2890 1086 2906 cuin
1105 2884 1210 2911 pineta—it.
1227 2883 1320 2907 vitlelnr
1336 2885 1465 2912 coiiinucta,
1485 2886 1543 2907 nnuc
1560 2885 1652 2907 alteram
1670 2892 1762 2913 propos.
1787 2886 1819 2908 sic
1842 2887 1874 2908 iu-

1035 2923 1128 2945 ctionnt:
1146 2922 1175 2945 Ei
1191 2921 1250 2951 [pro
1268 2922 1334 2953 vnis]
1352 2930 1462 2951 personne
1486 2925 1593 2952 competit
1617 2927 1659 2946 etc.
1677 2925 1745 2947 l‘aulo
1768 2926 1874 2952 superius

1035 2968 1077 2989 pro
1094 2967 1125 2983 nn
1143 2968 1154 2984 e
1171 2967 1282 2984 converso
1300 2962 1349 2984 cod.
1368 2962 1382 2983 1³
1399 2968 1431 2985 tm
1448 2962 1539 2985 ratione
1555 2962 1600 2986 sui.
