2166 3366
119 606 232 625 Notandum.

138 1689 167 1707 Ad
181 1693 237 1712 quae-

109 1713 187 1731 stionem
209 1712 236 1730 in-

109 1736 203 1754 cidentem
211 1741 239 1754 so-

109 1760 155 1778 lutio
169 1760 185 1777 1.

252 193 289 221 84

249 271 353 300 lumbis
367 271 493 299 Abrahae
515 269 567 298 fuit
583 272 609 298 et
631 268 695 297 Levi
709 269 724 303 ¹,
747 268 795 297 sed
814 276 869 296 000
891 267 989 296 eodem
1005 267 1096 295 modo.

249 319 280 347 Et
301 321 450 355 propterea
471 325 525 345 non
548 316 688 353 sequitur,
711 315 785 352 quod
804 314 876 343 sicut
896 314 945 342 uni
967 314 1099 351 competit

248 365 394 399 decimari,
417 364 454 392 ita
476 363 622 392 conveniat
643 362 732 390 alteri.
755 361 907 390 Decimatio
929 364 1023 389 autem
1042 368 1096 388 000

247 415 357 441 tantum
380 411 492 448 respicit
514 419 573 438 esse
595 410 626 438 in
648 409 770 443 lumbis,
797 408 846 437 sed
868 408 952 436 etiam
978 407 1099 435 modum

247 459 360 488 essendi
380 458 537 487 secundum
560 456 763 485 traductionem
786 454 929 492 originalis
951 456 1065 492 peccati.

326 507 352 534 9..
375 505 413 534 Ad
429 504 499 533 illud
514 504 590 541 quod
605 503 748 537 obiicitur,
764 502 839 540 quod
855 502 983 531 Christus
998 501 1100 538 signifi-

248 556 327 582 catur
345 560 395 589 per
418 551 555 580 decimam
570 551 705 585 oblatam;
721 550 886 584 dicendum,
901 549 976 586 quod
991 548 1100 577 decima

248 600 341 629 oblata
363 607 417 627 000
434 598 639 627 decimabatur.
661 598 710 626 sed
733 597 880 625 decimatio
901 596 994 633 potius
1016 595 1101 632 respi-

247 647 284 676 cit
309 646 379 675 illud
405 645 481 683 quod
506 647 632 673 remanet
657 644 684 673 in
710 644 779 678 alio,
805 644 877 672 sicut
902 643 968 672 dicit
989 642 1100 679 Hug02,

247 694 313 731 quia
342 696 467 722 remanet
496 691 668 729 imperfectio
696 691 789 719 ablata
817 691 939 724 unitate,
965 697 1037 727 quae
1059 692 1101 718 est

247 740 380 778 perfectio
395 740 516 774 denarii,
528 747 579 776 per
594 739 669 776 quod
685 737 858 775 significatur
872 737 968 765 futura
983 736 1098 765 curatio.

251 788 327 817 Unde
356 787 428 816 sicut
456 787 502 815 alii
532 786 691 823 figurantur
718 786 744 813 10
774 785 821 813 illa
849 784 1033 813 decimatione
1054 791 1101 811 cit-

251 835 336 868 rctrz',
359 835 398 863 sic
420 834 549 862 Christus
564 833 703 870 figuratur
718 840 779 861 esse
794 831 872 860 ratio
887 830 1099 859 medicamenti.

327 882 353 910 3.
375 881 507 920 ,1111111111
537 880 612 917 quod
635 880 778 914 obiicitur,
807 878 883 916 quod
906 879 932 906 in
961 878 1008 906 illa
1029 878 1101 906 deci-

249 929 370 958 matione
402 927 612 965 significabatur
643 926 746 955 oblatio
777 926 898 959 Christi;
931 925 1098 959 dicendum,

247 977 323 1015 quod
344 983 444 1005 verum
461 979 514 1009 est,
531 974 578 1003 sed
595 982 649 1002 non
672 973 845 1010 significatur
861 972 963 1001 Christi
984 972 1100 1006 oblatio,

248 1027 382 1061 tanquam
400 1031 458 1059 pro
481 1030 536 1060 qno
559 1021 638 1050 fieret
659 1021 762 1049 oblatio
779 1020 798 1055 ³,
820 1020 869 1049 sed
894 1022 1026 1057 tanquam
1050 1019 1102 1057 qui

248 1071 366 1100 offertur
387 1078 439 1107 pro
460 1069 530 1098 aliis.
556 1069 585 1097 Et
600 1068 731 1105 quoniam
754 1067 900 1096 decimari
920 1067 1023 1095 dicitur
1038 1066 1100 1100 ille,

248 1127 299 1156 pro
328 1127 383 1156 quo
412 1117 529 1146 otlertur
557 1116 660 1144 oblatio
689 1115 814 1144 decimae
823 1126 829 1149 3
853 1114 917 1143 hinc
943 1117 1002 1145 est.
1024 1113 1100 1151 quod

248 1169 327 1195 actus
349 1164 543 1194 decimationis
558 1171 612 1191 non
636 1163 718 1191 debet
733 1162 843 1190 01111510
865 1161 993 1195 attribui,
1019 1160 1100 1189 aliter

250 1213 324 1242 enim
346 1211 594 1249 praefigurabatur
615 1210 755 1243 Christus,
777 1209 858 1237 aliter
879 1207 934 1236 alii.

328 1260 353 1287 li.
377 1259 415 1287 Ad
441 1258 512 1286 illud
541 1257 615 1294 quod
638 1257 781 1290 obiicitur,
810 1255 885 1293 quod
911 1263 976 1284 caro
998 1254 1100 1283 Christi

249 1307 300 1336 suit
322 1307 349 1335 in
372 1306 452 1334 beata
476 1305 604 1341 Virgine,
626 1307 653 1332 et
668 1312 733 1332 caro
748 1303 869 1340 Virginis
891 1303 919 1331 10
944 1302 1100 1335 Abraham3

249 1354 416 1388 dicendum,
445 1353 519 1390 quod
542 1352 579 1380 ibi
609 1354 651 1380 est
673 1351 816 1388 sophisma
844 1350 1005 1378 secundum
1027 1349 1102 1377 acci-

249 1402 318 1430 dens
331 1401 352 1435 ⁴,
374 1400 441 1437 quia
463 1399 588 1427 variatur
610 1398 711 1427 modus
727 1397 835 1426 essendi
860 1396 927 1425 lzz'nc
949 1396 1023 1424 inde.
1043 1395 1101 1423 Alio

250 1449 322 1478 enim
346 1448 429 1476 modo
458 1447 510 1475 suit
536 1454 601 1475 caro
623 1445 720 1473 beatae
750 1444 871 1481 Virginis
892 1443 919 1471 in
949 1443 1101 1476 Abraham,

250 1496 330 1525 aliter
352 1503 417 1524 caro
445 1493 547 1522 Christi
570 1493 597 1521 in
623 1492 708 1520 Matre
730 1499 797 1525 sua3
824 1491 889 1528 quia
911 1490 992 1519 beata
1019 1489 1101 1526 Virgo

250 1542 385 1580 processit
406 1541 563 1570 secundum
587 1540 676 1577 legem
698 1537 952 1575 concupiscentiae,
974 1536 1102 1565 Christus

250 1598 317 1619 vero
338 1589 461 1618 minime.

331 1637 367 1665 Ad
391 1636 461 1664 illud
484 1635 558 1672 quod
581 1633 770 1672 quaerebatur
792 1633 827 1661 de
852 1632 1017 1661 auctoritate
1036 1635 1102 1669 Apo-

251 1684 313 1713 stoli
336 1687 363 1712 et
385 1683 502 1717 ratione,
526 1681 579 1711 dici
602 1683 705 1719 potest,
727 1680 802 1717 quod
824 1680 895 1708 ratio
917 1679 1036 1716 Apostoli
1057 1679 1103 1707 bo-

251 1740 287 1760 na
309 1734 350 1760 est
371 1730 407 1759 ad
422 1730 497 1763 illos,
519 1731 616 1758 contra
637 1736 707 1765 quos
721 1727 827 1764 arguit,
847 1726 951 1755 scilicet
973 1726 1102 1760 ludaeos,

251 1778 297 1816 qui
321 1777 530 1815 supponebant,
552 1776 690 1804 Abraham
722 1774 877 1811 digniorem
906 1781 966 1802 esse
994 1773 1021 1801 10
1051 1781 1102 1801 5110

931 188 1184 218 SENTENTIARUM
1206 189 1266 217 LlB.
1288 188 1328 216 111.

1155 274 1263 304 genere.
1286 266 1311 294 Si
1334 274 1401 304 ergo
1421 266 1560 295 Abraham
1575 266 1740 295 benedictus
1760 266 1813 295 suit
1830 275 1846 294 a
1868 266 2008 296 Melchise-

1156 314 1227 342 dech
1242 316 1269 342 et
1283 313 1308 342 ei
1330 313 1453 342 decimas
1472 313 1575 342 obtulit
1595 315 1729 350 tanquam
1745 313 1896 350 superiori,
1918 314 2007 350 sequi-

1156 363 1203 388 tur
1224 368 1260 388 ex
1283 360 1348 395 hoc,
1371 360 1446 397 quod
1468 368 1523 389 non
1545 362 1653 388 tantum
1676 360 1765 388 maior
1789 360 1841 388 fuit
1867 359 2006 389 Melchise-

1157 407 1227 435 dech
1250 407 1404 442 Abraham,
1426 407 1475 436 sed
1497 407 1580 436 etiam
1603 407 1693 435 maior
1711 406 1854 441 omnibus,
1876 406 1922 444 qui
1944 415 2006 443 pro-

1157 457 1302 483 cesserunt
1331 454 1487 483 secundum
1516 454 1605 491 legem
1635 453 1727 482 carnis
1752 453 1787 481 ab
1815 461 1866 487 eo;
1895 456 1922 482 et
1943 453 2005 482 ideo

1157 501 1267 537 dignior
1288 501 1340 529 fuit
1362 501 1425 529 Levi
1447 504 1474 529 et
1494 501 1592 529 Aaron.

1235 547 1289 576 Sed
1301 547 1433 584 quoniam
1450 547 1519 576 illud
1535 555 1589 576 non
1602 548 1713 576 videtur
1729 555 1789 576 esse
1803 555 1914 581 verum,
1930 547 2006 584 quod

1157 594 1339 623 excellentior
1362 594 1447 623 suerit
1462 594 1664 624 Melchisedech
1683 602 1767 632 quam
1790 594 1896 631 Moyses
1917 597 1943 623 et
1958 594 2008 622 Da-

1157 642 1204 670 vid
1226 645 1253 670 et
1267 641 1348 670 beata
1364 641 1460 678 Virgo,
1476 642 1522 679 qui
1545 644 1743 679 processerunt
1758 650 1795 670 ex
1813 641 1965 675 Abraham3
1980 644 2008 670 et

1156 688 1304 725 Apostolus
1318 696 1373 716 non
1390 688 1516 725 procedit
1531 696 1568 717 ex
1582 688 1660 717 falsis
1676 687 1927 725 suppositionibus:
1944 687 2006 717 ideo

1157 738 1266 773 oportet
1281 736 1361 764 aliter
1385 736 1491 770 dicere,
1508 735 1637 764 videlicet
1658 735 1733 772 quod
1754 735 1901 772 Apostolus
1915 735 2008 771 arguit

1157 790 1193 811 ex
1216 783 1333 812 veritate
1355 786 1381 812 et
1402 782 1603 819 significatione
1625 782 1701 811 illius
1721 782 1829 820 figurae
1850 782 2008 811 necessaria

1157 830 1407 866 argumentatione.
1431 829 1613 858 Decimcttio⁵
1636 837 1686 866 pro
1707 829 1754 858 illo
1780 832 1906 866 tempore
1927 828 2008 866 signi-

1157 876 1258 905 ficabat
1283 877 1466 906 curationem.
1488 876 1557 905 Cum
1586 884 1653 914 ergo
1674 876 1813 905 Abraham
1841 876 1942 904 obtulit
1963 876 2008 905 de-

1158 925 1244 953 cimas
1266 924 1466 953 Melchisedech
1489 927 1516 952 et
1537 923 1572 952 ab
1595 931 1627 952 eo
1648 923 1813 952 benedictus
1831 926 1885 958 est,
1907 923 2008 960 signifi-

1159 972 1244 1006 cavit,
1260 979 1289 1000 se
1304 971 1428 1008 indigere
1451 971 1595 999 curatione
1610 973 1637 999 et
1656 970 1847 999 benedictione
1862 978 1911 1007 per
1926 970 2007 998 illum

1157 1019 1344 1052 sacerdotem,
1360 1018 1408 1055 qui
1432 1017 1641 1054 significabatur
1656 1025 1706 1054 per
1727 1017 1938 1046 Melchisedech.
1954 1017 2007 1046 Sed

1158 1066 1204 1094 ille
1226 1066 1273 1103 qui
1304 1069 1384 1094 curat
1411 1069 1438 1094 et
1460 1065 1610 1099 benedicit,
1635 1064 1724 1093 maior
1752 1068 1793 1093 est
1821 1065 1927 1101 absque
1948 1064 2008 1093 ulla

1158 1112 1383 1142 contradictione.
1407 1112 1477 1141 Cum
1499 1120 1565 1149 ergo
1587 1111 1775 1140 sacerdotium
1797 1111 1899 1140 Christi
1924 1111 2008 1140 fuerit

1158 1160 1242 1194 illud,
1265 1160 1339 1197 quod
1364 1159 1610 1197 praefigurabatur
1628 1167 1679 1196 per
1700 1158 1771 1188 illud
1792 1158 2007 1193 Melchisedech,

1158 1207 1230 1236 sicut
1251 1207 1279 1235 11]
1302 1207 1431 1236 PsalmoG
1453 1206 1566 1243 legitur:
1597 1206 1640 1234 Tu
1661 1214 1690 1234 es
1708 1206 1847 1234 sacerdos
1869 1205 1899 1233 111
1920 1208 2009 1234 aeter-

1157 1263 1228 1282 mam
1256 1254 1421 1282 seeundum
1447 1253 1579 1281 ordinem
1606 1251 1808 1281 Melchisedech
1816 1263 1826 1286 ;
1851 1255 1937 1281 restat
1962 1252 2009 1289 igi-

1158 1306 1217 1336 tur,
1240 1301 1314 1338 quod
1334 1300 1425 1329 maius
1445 1301 1498 1329 fuit
1512 1300 1700 1329 sacerdotium
1715 1300 1817 1329 Christi
1835 1307 1919 1337 quam
1935 1299 2008 1328 Levi.

1159 1349 1190 1377 Et
1211 1349 1280 1377 haec
1302 1351 1344 1376 est
1366 1348 1437 1376 ratio
1451 1347 1586 1384 Apostoli,
1608 1355 1691 1384 quam
1708 1347 1879 1384 impossibile
1900 1350 1942 1375 est
1956 1346 2010 1375 dis-

1159 1395 1236 1423 solvi.
1254 1412 1292 1415 ——
1306 1394 1359 1423 Nec
1381 1397 1423 1423 est
1444 1394 1534 1422 simile
1555 1394 1590 1422 de
1612 1394 1755 1423 sacerdote
1777 1393 1909 1431 simplici,
1924 1396 1951 1422 et
1972 1393 2007 1422 de

1158 1444 1237 1479 patre
1263 1441 1363 1478 Papae,
1385 1441 1451 1478 quia
1477 1441 1513 1469 ibi
1536 1441 1614 1469 nulla
1635 1444 1677 1470 est
1697 1441 1768 1469 ratio
1792 1440 1917 1478 figurae.
1939 1440 2009 1469 Haec

1158 1492 1253 1517 autem
1277 1491 1332 1517 tota
1357 1488 1427 1516 ratio
1448 1488 1583 1517 fundatur
1605 1496 1691 1525 supra
1719 1488 1944 1522 decimationem,
1971 1495 2010 1516 se-

1159 1536 1283 1565 cundum
1306 1536 1381 1573 quod
1407 1539 1449 1564 est
1474 1539 1553 1564 actus
1575 1535 1740 1573 figuralis,-
1760 1543 1825 1563 nam
1853 1534 2010 1564 secundum

1159 1583 1235 1620 quod
1256 1586 1298 1612 est
1319 1586 1398 1612 actus
1419 1583 1558 1617 iit-oratis,
1579 1582 1649 1611 nihil
1664 1582 1728 1611 facit
1749 1582 1783 1611 ad
1805 1582 1980 1619 propositum
1991 1581 2010 1616 ⁷,

1159 1631 1225 1667 quia
1248 1638 1298 1658 nec
1313 1630 1452 1658 Abraham
1479 1638 1529 1658 nec
1549 1630 1610 1658 eius
1631 1630 1735 1666 posteri
1761 1629 1874 1666 obligati
1895 1629 2011 1657 fuerunt

1169 1678 1204 1706 ad
1227 1677 1335 1706 dandas
1360 1677 1483 1706 decimas
1508 1677 1719 1711 Melchisedech,
1747 1676 1872 1705 maxime
1897 1676 1935 1704 illi
1962 1675 2011 1713 qui

1159 1725 1274 1753 fuerunt
1296 1725 1330 1753 de
1356 1725 1442 1762 stirpe
1464 1724 1540 1759 Levi,
1566 1724 1602 1752 ad
1628 1724 1721 1752 nullas
1750 1723 1872 1752 decimas
1902 1723 2009 1752 dandas

1159 1773 1277 1801 suerunt
1298 1772 1403 1801 astricti
1420 1772 1438 1799 Β.

316 2291 323 2305 1
342 2290 397 2313 Cod.
416 2290 441 2318 U,
460 2296 503 2318 pro
521 2289 634 2319 quoniam
652 2288 775 2311 substituto
792 2287 881 2311 scilicet
898 2286 973 2317 quod,
987 2288 1023 2309 1116
1035 2287 1100 2309 inter-

253 2331 299 2353 11611
316 2329 454 2357 dicendum,
474 2328 538 2358 quod
555 2335 639 2351 rernm
659 2329 698 2351 est.
718 2328 786 2349 Paulo
800 2328 895 2349 inferius
907 2329 959 2355 post
976 2325 1104 2349 Decimatzo

253 2371 306 2393 edd.
324 2373 347 2392 et
363 2370 450 2398 aliquot
468 2368 536 2391 codd.
555 2367 617 2390 enim
636 2374 678 2395 pro
696 2368 783 2389 motem.

316 2409 325 2423 2
342 2408 403 2431 Libr.
422 2409 436 2430 l.
455 2408 483 2430 de
501 2408 602 2430 Sacram.
621 2414 644 2435 p.
663 2407 699 2429 Xl.
718 2413 737 2429 c.
756 2406 783 2428 6:
810 2406 909 2428 Primam
927 2411 1028 2433 namque
1045 2404 1105 2427 insti-

254 2450 364 2472 tutionem
383 2449 472 2476 accepit
489 2448 566 2475 110010,
585 2450 609 2469 111
627 2453 669 2475 pro
687 2446 797 2468 remediis
814 2445 893 2467 salutis
919 2445 1037 2466 exterioris
1053 2443 1105 2466 sub-

254 2489 349 2511 stantiae
367 2490 457 2515 partem
474 2487 566 2509 offerret
582 2486 638 2514 Deo,
656 2487 745 2514 partem
764 2485 792 2507 ad
811 2490 880 2506 usum
906 2484 1028 2512 proprium
1053 2483 1106 2505 reti-

255 2529 329 2555 neret,
348 2529 462 2555 quatenus
480 2527 501 2548 11]
520 2526 564 2548 1106
580 2525 639 2547 sacto
658 2525 767 2552 disceret,
780 2530 805 2546 ea
824 2530 883 2552 quae
897 2524 1033 2545 intrinsecus
1045 2521 1104 2544 bona

254 2570 331 2593 erant,
349 2566 396 2588 Deo
414 2565 523 2593 tribuere⁷
542 2571 602 2593 quae
619 2570 676 2586 vero
694 2564 765 2591 mala,
786 2563 828 2585 sibi
855 2564 976 2590 imputare.
994 2562 1106 2584 Denarius

255 2607 342 2635 quippe
359 2605 479 2634 (quoniam
498 2604 613 2632 pei-tectus
639 2609 750 2625 numerus
767 2605 810 2629 651)
837 2603 930 2630 signum
948 2604 982 2623 est
998 2600 1105 2623 bonitatis

255 2648 276 2667 et
293 2645 394 2672 virtutis,
412 2650 472 2672 quae
489 2643 536 2665 Deo
554 2642 661 2665 tribuitur
678 2645 700 2664 et
717 2642 738 2663 10
757 2641 849 2663 homine
867 2647 879 2662 a
892 2640 939 2662 Deo
951 2639 1104 2667 cognoscitur.

255 2684 366 2706 Nonarius
383 2686 467 2710 autem,
486 2683 539 2711 quia
557 2683 633 2704 minus
652 2681 719 2703 habet
736 2687 747 2702 a
761 2680 873 2708 perfecto,
892 2679 960 2702 habet
977 2679 1105 2707 perrectum

255 2725 277 2744 et
293 2723 387 2749 vitium,
406 2724 427 2744 et
445 2722 618 2749 corruptionem
636 2720 761 2748 significat,
780 2726 840 2748 quae
865 2719 947 2741 merito
965 2718 1050 2740 homini
1068 2717 1105 2739 de-

256 2764 355 2789 putatur.
374 2761 496 2788 Propterea
515 2760 585 2787 igitur
603 2760 672 2781 homo
690 2758 804 2781 decimam
822 2757 878 2780 dare
894 2757 952 2785 Deo,
966 2762 1049 2779 nonam
1062 2755 1105 2778 sibi

256 2800 353 2822 retinere
371 2799 525 2827 praecipitur,
544 2801 568 2820 ut
585 2798 648 2827 quod
661 2798 748 2820 bonum
766 2800 801 2820 est
811 2797 833 2818 in
846 2803 870 2819 se
882 2802 894 2818 a
906 2796 954 2818 Deo
971 2801 1029 2823 esse,
1042 2794 1105 2823 quod

256 2844 312 2861 vero
330 2838 417 2860 malum
435 2840 468 2859 est
486 2844 498 2859 a
515 2844 540 2859 se
565 2844 615 2860 0556
641 2837 783 2860 confiteatur.
805 2836 851 2858 Sed
869 2836 912 2858 boc
929 2836 1022 2863 signum
1040 2834 1105 2862 quasi

257 2878 353 2906 detege
378 2879 481 2899 sumtum
508 2877 582 2904 magis
607 2876 685 2898 docuit
710 2876 841 2903 hominem,
867 2874 924 2903 quid
945 2876 1017 2901 esset,
1035 2878 1105 2902 quain

257 2916 313 2946 quid
331 2916 401 2938 fieret.
419 2928 450 2931 —
468 2915 600 2937 immediate
617 2918 667 2943 post
685 2921 728 2943 pro
745 2914 802 2944 quia
819 2914 926 2937 remanet
943 2912 1010 2935 codd.
1029 2912 1072 2934 UZ
1085 2914 1107 2934 et

257 2956 310 2978 edd.
330 2956 354 2984 l,
373 2956 386 2977 2
404 2954 468 2985 ([1ιοῑῖ
485 2955 600 2977 remanet,
619 2954 722 2976 Subinde
740 2960 782 2981 pro
799 2959 843 2983 per
859 2952 933 2982 quod,
957 2958 1018 2981 quae
1034 2951 1105 2974 verba

257 2995 279 3016 in
297 2994 403 3022 plurimis
428 2993 496 3016 codd.
523 2993 617 3020 desunt,
636 2992 686 3015 cod.
705 2992 723 3014 O
740 2993 762 3015 et
786 2991 828 3015 sic.
851 2991 924 3014 Codd.
942 2991 986 3014 CU
1003 2991 1048 3017 bb,
1066 2991 1105 3019 qui

1163 2287 1232 2308 etiam
1248 2292 1293 2315 per
1310 2285 1374 2315 quod
1391 2285 1509 2312 omittunt,
1528 2284 1598 2312 paulo
1623 2287 1675 2306 ante
1696 2285 1754 2306 10161·
1776 2283 1857 2306 ablata
1879 2286 1900 2306 61
1922 2282 2012 2306 unitate

1161 2326 1300 2348 interserunt
1316 2324 1385 2347 enim.

1223 2364 1233 2379 3
1254 2364 1309 2387 Cod.
1328 2364 1345 2386 U
1364 2364 1471 2391 adiungit
1487 2362 1598 2386 decimae.
1616 2362 1672 2384 Dein
1695 2369 1738 2390 pro
1761 2361 1802 2392 qui
1821 2361 1922 2392 offertur
1944 2361 2011 2384 codd.

1162 2405 1179 2425 A
1191 2404 1207 2425 E
1218 2404 1235 2425 G
1246 2403 1262 2425 L
1280 2402 1344 2433 quod
1360 2402 1489 2432 offeretur,
1509 2403 1559 2424 Vat.
1573 2407 1633 2431 quac
1651 2401 1758 2431 offertur.
1777 2400 1841 2423 Circa
1858 2400 1927 2422 finem
1945 2400 2011 2423 solut.

1163 2447 1216 2471 post
1232 2441 1302 2464 aliter
1319 2441 1381 2464 enim
1398 2441 1450 2463 edd.
1469 2446 1522 2463 cum
1549 2439 1667 2469 aliquibus
1692 2439 1759 2462 codd.
1786 2439 1910 2462 subiiciunt
1926 2438 1970 2467 ibi,
1990 2440 2012 2461 et

1162 2488 1205 2510 pro
1221 2479 1433 2511 praefiqurabatur
1451 2480 1518 2502 codd.
1536 2480 1583 2501 Al<
1602 2479 1630 2508 (Τ
1648 2486 1660 2501 a
1678 2478 1779 2501 secunda
1792 2478 1871 2507 manu)
1890 2478 1935 2500 VZ
1952 2479 2012 2501 exhi-

1162 2520 1217 2543 bent
1233 2519 1421 2550 pracfiyuratur.
1679 2542 1683 2543 ⁷

1225 2559 1234 2574 ⁴
1252 2559 1296 2582 cfr.
1315 2562 1369 2581 1001.
1389 2559 1411 2581 ll.
1430 2565 1483 2587 pag.
1502 2558 1560 2586 870,
1580 2561 1631 2580 nota
1658 2558 1678 2579 8.
1705 2569 1735 2572 —
1760 2557 1791 2579 De
1817 2556 1894 2578 ultima
1916 2562 2010 2584 propos.

1162 2599 1283 2621 solutionis
1300 2598 1355 2620 vide
1372 2604 1441 2626 supra
1460 2604 1483 2625 p.
1501 2598 1516 2619 l.
1535 2598 1606 2619 huius
1623 2596 1645 2618 d.
1663 2602 1683 2618 a.
1705 2596 1723 2618 1.
1740 2602 1762 2624 (].
1783 2596 1802 2617 Ἰ1.
1820 2596 1842 2617 10
1860 2601 1923 2622 corp.

1226 2637 1236 2652 ⁵
1252 2637 1308 2660 Cod.
1326 2637 1343 2659 U
1362 2637 1439 2660 subdit
1457 2636 1526 2659 enim.
1546 2636 1611 2663 Edd.,
1637 2635 1716 2663 paucis
1743 2636 1831 2656 tantum
1848 2633 1916 2655 codd.
1933 2633 2012 2655 suffra-

1163 2677 1283 2706 gantibus,
1301 2677 1371 2705 paulo
1388 2676 1495 2704 superius
1512 2677 1565 2703 post
1587 2673 1757 2704 siqnificsstionc
1778 2673 1915 2694 interserunt
1931 2672 1965 2699 et,
1985 2677 2011 2694 ac

1164 2720 1215 2745 post
1233 2715 1440 2746 arywncntatz'one
1456 2715 1564 2737 voculam
1576 2713 1647 2744 quod,
1661 2714 1694 2735 516
1706 2713 1885 2741 propositionem
1898 2718 1947 2740 seq.
1959 2718 2011 2734 con-

1162 2758 1283 2784 iungentes
1299 2761 1352 2778 cum
1371 2754 1477 2783 praeced.

1225 2794 1235 2809 ⁶
1254 2795 1335 2817 Psalm.
1354 2795 1409 2822 109,
1429 2793 1449 2815 4.
1467 2793 1512 2816 Csr.
1538 2793 1642 2820 August.⁷
1669 2791 1704 2813 VI.
1730 2790 1798 2818 Oper.
1823 2790 1913 2817 impert.
1932 2793 2011 2812 contra

1163 2834 1241 2856 Iulian.
1254 2839 1273 2855 c.
1287 2834 1323 2855 22.
1335 2845 1366 2849 —
1379 2833 1448 2855 Paulo
1460 2832 1567 2860 superius
1584 2834 1635 2859 post
1652 2828 1835 2853 contradictione
1847 2828 1914 2851 codd.
1926 2828 1943 2851 U
1953 2828 1982 2850 W
1993 2828 2011 2850 Y

1163 2872 1273 2895 adiiciunt
1290 2878 1316 2895 eo
1334 2871 1398 2902 quod
1414 2870 1495 2901 [quw]
1513 2871 1622 2894 curatur.
1641 2869 1692 2891 Post
1713 2874 1787 2896 pauca
1805 2874 1848 2896 pro
1865 2867 1944 2890 maius
1965 2866 2012 2896 fuit

1163 2912 1231 2934 codd.
1249 2912 1266 2933 A
1276 2912 1292 2933 E
1302 2912 1320 2933 T
1331 2912 1352 2934 X
1370 2911 1449 2933 maius
1465 2909 1544 2940 fucrit.

1226 2950 1235 2964 ⁷
1253 2950 1309 2973 Cod.
1320 2950 1336 2972 N
1347 2949 1488 2979 oppositum.
1496 2948 1577 2971 -crn
1587 2947 1613 2969 G.
1623 2946 1780 2974 Autissiodor„
1790 2946 1811 2968 S.
1822 2952 1844 2974 p.
1855 2946 1886 2967 111.
1897 2949 1923 2968 tr.
1934 2946 1951 2967 1.
1962 2951 1980 2967 c.
1989 2945 2009 2966 3.

1225 2989 1235 3004 ⁸
1256 2989 1313 3011 Vide
1330 2989 1431 3011 scholion
1449 2988 1477 3010 ad
1496 2986 1673 3016 praecedentem
1692 2989 1779 3014 quaest.

2024 553 2065 572 Non
2080 555 2144 577 proba.

2056 579 2091 596 tur.

2019 695 2090 714 solutio
2105 696 2122 715 ⁶2.

2022 1400 2103 1427 §olvitur
2118 1399 2147 1418 ob-

2023 1426 2086 1443 166110.
