2166 3366
16 1408 106 1427 3011011ιεί0
114 1408 131 1426 2.

28 1598 68 1617 Non
80 1603 135 1625 repu7

20 1623 63 1646 wat
78 1623 134 1640 staini

22 1645 97 1669 gloriae.

22 1737 64 1765 ¹3⁰⁰.
75 1738 135 1762 perse-

21 1763 65 1780 uom
85 1766 136 1780 crea-

14 2339 102 2359 andam.
120 2341 137 2358 6.

25 2368 138 2405 ffilussppm'

750 210 830 238 DtST.
853 210 917 239 XIV.
939 211 1010 239 ART.
1033 211 1062 239 ll.
1083 212 1217 248 QUAEST.
1240 212 1268 239 11.

142 287 264 316 vertit¹:
287 295 353 324 ergo
374 287 394 315 si
417 291 481 316 actu
503 295 531 315 se
546 287 681 316 convertit
702 287 737 316 ad
759 295 862 321 unum,
885 288 983 324 impos-

142 334 220 363 sihile
241 338 298 368 est,
313 334 386 371 quod
409 334 492 362 simul
514 338 540 362 et
561 334 646 362 semel
668 337 730 362 actu
746 342 775 362 se
790 338 932 362 convertat
947 334 982 363 ad

142 380 211 408 illud
227 380 299 417 quod
316 380 350 408 sit
361 380 396 408 ab
411 380 458 408 illo
473 380 660 417 disparatum:
677 380 760 416 igitur
775 380 867 408 anima
882 380 981 409 Christi

142 434 195 454 non
210 426 303 454 omnia
317 426 453 463 cognoscit
466 427 493 454 in
508 430 584 461 actu,
598 434 670 463 quae
685 427 823 463 cognoscit
838 427 864 455 in
877 427 982 455 habitu.

454 527 664 548 CONCLUSIO.

144 612 252 640 Anima
277 611 387 641 Cltristi
407 612 504 650 quoad
524 621 558 640 ea
577 621 651 650 qaae
665 616 733 640 sunt
748 613 914 641 essentialia
926 613 983 650 ylo-

220 659 301 692 riae,
323 659 423 687 onmia
444 667 518 696 qaae
539 660 684 696 cognoscit
699 659 729 687 in
744 658 862 693 habita,
884 668 983 697 009ηο-

220 705 274 733 scit
296 705 325 733 in
348 709 433 738 aeta,
465 705 541 743 quod
562 714 619 733 non
640 710 681 733 est
701 714 811 733 neeesse
832 706 929 743 quoad
949 714 983 733 ea

222 760 296 789 qaae
315 759 371 779 non
393 755 462 779 sant
482 752 648 780 essentialia
667 752 789 789 yloriae.

222 844 400 873 111131οΝ0001
423 844 460 872 Ad
483 844 688 881 praedictorum
713 845 920 882 intelligentiam
942 848 983 873 est

97 890 312 938 5gnotandum,
335 891 407 927 quod
430 891 522 919 anima
541 891 640 919 Christi
657 891 737 920 beata
752 891 835 920 habet
856 892 984 928 cognitio-

144 945 207 966 nem
229 937 403 974 aliquorum,
432 945 503 974 quae
529 941 594 966 sunt
615 937 781 966 essentialia
800 937 929 975 gloriae,
957 941 984 966 et

144 984 319 1021 aliquorum,
348 992 418 1021 quae
444 993 499 1012 non
523 988 588 1013 sunt
609 984 642 1012 de
662 984 785 1012 essentia
803 984 924 1021 yloriae.
946 1001 984 1005 —-

145 1030 171 1058 Si
192 1038 258 1067 ergo
287 1030 435 1067 loquamur
457 1031 490 1059 de
511 1031 664 1067 cognitione
692 1038 789 1059 eorum
821 1038 892 1067 quae
920 1034 984 1059 sunt

88 1082 91 1085 ·
128 1076 301 1106 -essentialia
322 1076 440 1113 gloriae,
462 1077 539 1111 dic0‚
561 1077 635 1114 quod
657 1077 748 1105 anima
769 1077 869 1105 Christi
892 1077 984 1105 omnia

145 1131 216 1160 quae
236 1123 375 1160 cognoscit
396 1124 423 1151 in
445 1124 560 1157 habitu,
589 1124 728 1160 cognoscit
760 1124 786 1151 in
819 1128 898 1158 actu,
920 1124 984 1160 quia

145 1169 232 1206 gloria
253 1173 294 1198 est
315 1169 426 1198 habitus
449 1169 475 1197 in
494 1173 566 1198 actu.
583 1170 658 1198 Unde
673 1170 744 1198 sicut
759 1178 811 1198 non
828 1172 916 1207 potest
930 1169 985 1198 ani-

146 1224 190 1244 ma
211 1216 271 1245 eius
292 1224 345 1244 non
361 1223 422 1244 esse
436 1216 571 1253 gloriosa,
586 1217 624 1244 sic
641 1216 809 1252 impossibile
823 1220 879 1250 est,
895 1219 986 1245 actua-

145 1263 199 1291 lem
231 1262 481 1291 considerationem
512 1270 609 1291 eorum
631 1270 703 1300 quae
725 1266 789 1291 sunt
810 1262 844 1291 de
866 1263 985 1291 essentia

145 1309 264 1346 gloriae,
285 1309 311 1337 in
333 1309 393 1346 ipso
414 1309 589 1345 interrumpi.
610 1325 649 1329 —
670 1309 695 1337 Si
718 1312 810 1338 autem
836 1309 984 1346 loquamur

145 1356 180 1384 de
201 1356 354 1392 cognitione
375 1363 472 1384 eorum
488 1363 559 1392 quae
579 1364 637 1383 non
659 1360 723 1384 sunt
743 1355 910 1384 essentialia
928 1355 986 1393 910-

145 1402 226 1436 riae,
248 1402 287 1431 sic
302 1410 355 1430 non
377 1406 419 1430 est
440 1410 567 1436 necesse,
589 1402 664 1439 quod
684 1403 774 1430 omnia
797 1410 868 1439 quae
890 1411 986 1439 cogno-

146 1449 194 1478 scit
211 1449 236 1477 in
254 1449 366 1483 habitu.
382 1453 527 1486 cognoscat
542 1449 567 1477 in
584 1453 655 1477 actu.
672 1466 708 1469 —
725 1450 754 1478 Et
770 1450 854 1477 huius
875 1450 984 1486 signmn

146 1499 202 1530 est,
223 1496 296 1532 quod
320 1496 394 1524 Deus
415 1495 504 1524 Beatis
522 1495 707 1524 existentibus
723 1496 748 1524 in
764 1496 863 1532 gloria,
879 1496 930 1524 hoc
945 1498 986 1524 est

147 1542 248 1571 sanctis
270 1543 392 1579 Angelis,
413 1542 518 1578 aliquid
540 1542 573 1570 de
595 1550 666 1570 novo
688 1542 792 1571 revelat
813 1546 840 1570 et
867 1542 986 1570 ostendit

148 1590 174 1617 in
196 1597 241 1623 se,
262 1589 336 1626 quod
360 1589 437 1625 prius
464 1592 554 1616 tamen
576 1597 629 1616 non
652 1588 814 1617 ostendebat
826 1588 844 1616 ².
867 1589 897 1616 Et
925 1588 986 1617 ideo

147 1636 241 1664 statui
248 1635 361 1673 ylorz'ae
372 1643 425 1663 non
439 1639 573 1672 repugnat
588 1635 765 1663 considerare
779 1635 884 1672 aliquid
900 1643 986 1668 nunc,

148 1682 222 1720 quod
255 1682 333 1719 prius
362 1689 413 1710 non
442 1681 679 1710 considerabatur.
708 1698 744 1702 -—
770 1681 823 1710 Nec
851 1685 987 1718 repugnat

148 1729 229 1758 etiam
249 1727 422 1765 perfectioni
435 1731 595 1761 creaturae,
610 1728 739 1764 quoniam
756 1731 912 1756 creaturam
929 1736 988 1764 per-

148 1776 208 1809 fici,
229 1775 281 1804 hoc
302 1779 343 1804 est
363 1775 424 1803 eius
444 1774 622 1811 capacitatem
646 1774 774 1811 impleri3
795 1779 924 1803 creatura
942 1783 988 1802 au-

150 1826 204 1851 tem
226 1821 350 1858 plurium
374 1825 415 1849 est
436 1829 524 1858 capax
541 1821 694 1849 secundum
710 1821 890 1857 cognitionem
914 1821 988 1849 hahi-

149 1868 252 1897 tualem
275 1876 358 1905 quam
386 1868 540 1896 secundum
563 1867 810 1896 considerationem
831 1867 967 1896 actualem
981 1890 988 1902 ,

150 1915 221 1944 sicut
248 1915 274 1943 in
306 1914 490 1951 opponendo³
517 1917 699 1942 monstratum
722 1916 770 1941 est.
793 1914 824 1942 Et
845 1913 906 1942 ideo
934 1921 988 1941 non

131 1961 238 1990 .solum
261 1961 287 1989 in
310 1960 432 1997 Angelis,
456 1968 551 1989 verum
574 1960 656 1988 etiam
673 1960 699 1988 in
714 1960 807 1988 anima
821 1959 920 1988 Christi
937 1960 988 1989 hoc

150 2015 248 2036 verum
270 2010 326 2041 est,
348 2007 421 2044 quod
444 2006 526 2043 plura
554 2006 692 2043 cognoscit
714 2006 740 2034 in
763 2006 875 2040 habitu,
904 2014 987 2043 quam

150 2054 305 2083 consideret
327 2054 352 2082 in
375 2057 451 2088 actm
472 2057 499 2082 et
520 2054 581 2082 ideo
602 2053 810 2082 concedendum
832 2056 888 2087 est,
913 2054 988 2090 quod

150 2108 204 2129 non
218 2100 310 2128 omnia
325 2100 481 2129 considerat
504 2101 530 2128 in
545 2105 624 2134 actu,
640 2108 710 2136 quae
726 2100 808 2128 habet
830 2099 855 2128 in
878 2099 988 2133 habitu,

150 2150 284 2184 quantum
306 2146 340 2175 ad
364 2154 396 2175 ea
417 2154 487 2183 quae
510 2154 563 2174 nou
579 2149 644 2174 sunt
659 2146 692 2175 de
707 2146 859 2174 substantia
876 2146 987 2182 gloriae.

150 2209 189 2213 —
210 2193 240 2221 Et
261 2193 452 2221 concedendae
473 2196 538 2220 sunt
559 2192 692 2226 rationes,
714 2200 785 2229 quae
801 2192 912 2221 suntad
929 2201 990 2229 par-

151 2244 205 2268 tem
228 2240 317 2268 istam.

229 2286 266 2314 Ad
283 2286 409 2314 ultimam
432 2289 523 2314 tamen
545 2286 678 2314 rationem
702 2289 789 2322 potest
811 2285 988 2322 responderi,

153 2340 185 2360 ne
200 2332 247 2360 det
260 2332 431 2360 occasionem
447 2332 585 2360 deviandi.
600 2332 678 2368 Quod
693 2332 766 2360 enim
782 2332 898 2365 dicitur,
914 2332 988 2368 quod

152 2378 307 2407 intellectus
335 2378 453 2415 simplex
476 2381 503 2406 et
524 2378 617 2406 finitus
639 2378 673 2406 ad
695 2378 769 2415 quod
798 2386 827 2406 se
855 2378 989 2406 convertit

154 2424 271 2452 totaliter
292 2432 321 2453 se
342 2424 492 2458 convertit,
514 2432 567 2452 non
583 2424 669 2461 cogit,
684 2424 749 2461 quia
764 2424 921 2452 intellectus
935 2425 990 2452 ani-

1823 212 1874 240 311

1040 296 1100 317 mae
1123 289 1218 317 heatae
1239 292 1265 318 et
1287 290 1407 318 maxime
1429 290 1537 318 animae
1559 289 1658 318 Christi
1675 289 1807 318 dilatatur
1829 298 1879 327 per

1040 335 1155 372 gratiam
1169 336 1195 367 ⁴;
1216 339 1243 364 et
1263 337 1338 372 quod
1360 336 1422 372 plus
1443 339 1500 369 est,
1522 336 1549 364 in
1571 336 1662 364 Verbo
1676 344 1726 373 per
1748 344 1834 364 unum
1853 339 1880 365 et

1040 382 1112 410 idem
1135 383 1273 418 cognoscit
1294 382 1421 411 distincte
1449 383 1553 416 multa,
1582 387 1609 411 et
1640 383 1701 411 ideo
1723 383 1878 411 intellectus

1039 428 1209 464 glorificatus
1230 430 1420 466 cognoscendo
1442 430 1528 458 multa
1550 430 1576 458 in
1598 430 1689 458 Verbo
1707 438 1760 458 non
1783 430 1880 458 dividi·
1893 439 2007 458 Notandum.

1040 478 1101 508 tur,
1124 475 1171 503 sed
1204 476 1315 510 unitur,
1346 476 1412 513 quia
1433 484 1486 504 non
1509 476 1665 513 applicatur
1685 476 1719 504 ad
1742 476 1806 510 hoc,
1835 476 1878 505 vel

1039 521 1073 549 nd
1096 521 1165 549 illud
1197 522 1287 558 primo
1308 525 1335 550 et
1356 522 1530 556 immediate,
1552 523 1599 551 sed
1623 523 1761 552 mediante
1789 523 1879 551 Verbo

1039 571 1163 602 aeterno,
1179 568 1266 604 quod,
1282 576 1345 596 cum
1369 569 1403 597 sit
1423 577 1528 603 unum,
1549 569 1624 597 ducit
1640 569 1665 597 in
1681 569 1769 597 multa
1784 577 1880 606 cogno-

1040 613 1148 641 scenda.
1171 614 1243 642 Aliae
1265 622 1331 642 vero
1353 615 1486 649 rationes,
1519 623 1589 652 quae
1621 615 1656 643 ad
1678 615 1749 644 hauc
1771 619 1877 652 partem

1039 660 1168 698 inductae
1190 664 1266 694 sunt,
1288 661 1400 689 concedi
1422 664 1545 697 possunt.

1121 708 1144 734 1.
1166 707 1204 735 Ad
1227 707 1295 735 illud
1319 715 1384 735 vero
1405 707 1479 744 quod
1501 708 1630 736 obiicitur
1653 708 1679 736 in
1695 708 2009 743 contrarium‚s01qnoop-

1039 753 1114 790 quod
1136 753 1162 781 in
1185 753 1273 781 Beatis
1294 761 1347 781 non
1370 757 1435 782 sunt
1455 754 1653 790 cogitationes⁶
1673 754 1808 783 volubiles
1829 762 1879 783 nec
1894 742 2002 764 ‘'⁰⁵¹²‘'mm'

1040 799 1288 832 considerationes;
1310 800 1478 834 dicendum,
1501 800 1575 837 quod
1598 800 1715 829 verbum
1744 801 1814 829 illud
1844 801 1880 829 in-

1040 846 1174 882 telligitur
1190 846 1223 874 de
1240 846 1282 874 his
1303 854 1374 882 quae
1389 850 1452 874 sunt
1475 846 1509 875 de
1537 847 1659 875 essentia
1681 847 1798 883 gloriae,
1814 848 1880 884 quia

1040 892 1087 920 illa
1108 900 1219 929 semper
1240 895 1322 920 erunt
1344 893 1370 920 in
1385 892 1499 921 aetaali
1519 892 1672 929 cognitione
1690 897 1774 930 atque
1796 893 1881 922 consi-

1040 938 1196 972 deratione3
1219 939 1253 967 de
1275 938 1318 966 his
1338 942 1448 973 autem,
1474 947 1594 976 quorum
1617 939 1734 975 cognitio
1754 948 1811 967 non
1839 943 1880 968 est

1040 984 1075 1013 de
1096 985 1219 1013 essentia
1241 984 1360 1021 gloriae,
1389 993 1442 1013 non
1464 988 1572 1022 oportet
1602 985 1704 1014 habere
1726 986 1879 1014 veritatem.

1040 1049 1077 1052 —
1100 1032 1189 1060 Potest
1209 1032 1291 1060 etiam
1314 1032 1394 1060 aliter
1415 1032 1484 1067 dici,
1506 1032 1579 1069 quod
1605 1032 1762 1061 volubilitas
1783 1033 1881 1069 cogita·
1894 1042 1936 1060 11111
1945 1042 2021 1060 somno.

1041 1079 1122 1106 tionis
1143 1078 1248 1115 duplex
1275 1082 1330 1107 est:
1353 1078 1489 1115 quaedam
1507 1087 1555 1115 per
1577 1079 1780 1116 inquisitionem
1802 1082 1829 1107 et
1844 1079 1881 1107 in-

1041 1125 1209 1153 timationem
1233 1124 1290 1153 sive
1319 1124 1469 1153 decursum
1483 1125 1502 1159 5,
1523 1133 1578 1162 quo
1606 1125 1669 1161 quis
1697 1125 1771 1153 venit
1793 1126 1819 1153 in
1841 1133 1882 1154 co-

1041 1172 1189 1208 gnitionem
1213 1172 1251 1200 rei
1268 1172 1433 1208 incognitae;
1454 1175 1481 1200 et
1503 1172 1564 1200 talis
1580 1172 1738 1201 volubilitas
1760 1180 1812 1201 non
1829 1172 1881 1201 erit

1042 1218 1068 1246 in
1095 1218 1191 1246 Beatis.
1215 1218 1259 1246 Est
1287 1218 1368 1246 etiam
1391 1218 1444 1246 alia
1475 1218 1633 1247 volubilitas
1655 1227 1704 1255 per
1732 1220 1880 1248 transitum

1042 1265 1268 1293 considerationis
1284 1265 1366 1294 unius
1381 1265 1419 1294 rei
1442 1266 1469 1294 in
1484 1265 1730 1294 considerationem
1753 1266 1880 1300 alterius3

1042 1315 1069 1340 et
1091 1312 1151 1340 talis
1172 1311 1331 1340 volubilitas
1353 1320 1406 1339 non
1429 1312 1572 1340 auferetur
1587 1320 1603 1339 a
1624 1312 1721 1341 Beatis.
1736 1312 1881 1348 Augustini

1042 1358 1126 1394 igitur
1152 1358 1301 1386 auctoritas
1329 1357 1492 1394 intelligitur
1520 1358 1554 1387 de
1576 1354 1666 1395 prima'
1695 1358 1881 1391 volubilitate,

1042 1413 1095 1432 non
1118 1405 1152 1433 de
1174 1404 1312 1437 secunda:r
1333 1408 1360 1432 et
1381 1404 1442 1433 ideo
1465 1405 1510 1432 tali
1533 1405 1695 1433 auctoritate
1717 1413 1771 1433 nou
1793 1408 1882 1442 potest

1043 1451 1185 1484 concludi,
1207 1451 1280 1487 quod
1303 1451 1394 1479 anima
1423 1451 1502 1479 beata
1523 1451 1659 1488 quidquid
1688 1452 1826 1488 cognoscit
1855 1452 1882 1479 in

1043 1498 1155 1531 habitu,
1177 1500 1322 1534 cognoscat
1344 1497 1369 1525 in
1392 1500 1463 1526 actu.

1121 1545 1147 1572 2.
1169 1543 1207 1572 Ad
1230 1543 1298 1571 illud
1319 1544 1392 1580 quod
1416 1543 1558 1577 obiicitur.
1579 1544 1654 1580 quod
1669 1544 1756 1580 gloria
1774 1548 1814 1573 est
1836 1544 1884 1572 ha-

1043 1590 1117 1618 bitus
1138 1590 1164 1618 in
1186 1593 1265 1623 actu;
1287 1590 1448 1623 dicendum,
1468 1590 1562 1627 quodT
1578 1598 1676 1618 verum
1698 1593 1755 1625 est3
1777 1590 1822 1619 sed
1846 1599 1881 1618 ex

1043 1636 1094 1664 hoc
1118 1644 1170 1664 non
1193 1636 1331 1673 sequitur,
1353 1636 1427 1673 quod
1443 1636 1537 1664 omnis
1558 1636 1690 1672 cognitio,
1706 1645 1777 1674 quae
1798 1637 1881 1665 estin

1043 1682 1146 1718 gloria,
1162 1682 1196 1711 sit
1216 1683 1242 1710 in
1258 1686 1321 1711 actu
1343 1682 1485 1717 continuo,
1500 1682 1547 1711 sed
1571 1682 1605 1711 de
1621 1682 1667 1710 illa
1688 1683 1792 1717 solum,
1811 1691 1883 1720 quae

1044 1731 1085 1757 est
1106 1729 1140 1757 de
1162 1729 1284 1757 essentia
1305 1729 1422 1765 gloriae;
1443 1733 1470 1757 et
1491 1729 1621 1766 quoniam
1638 1729 1724 1758 multa
1746 1730 1883 1766 cognoscit

1044 1776 1136 1803 anima
1157 1775 1257 1803 Christi
1281 1775 1307 1803 in
1328 1775 1431 1809 Verbo,
1453 1778 1480 1803 et
1505 1775 1574 1803 aliae
1595 1775 1716 1809 animae,
1737 1783 1807 1812 quae
1829 1784 1883 1804 non

1044 1823 1109 1849 sunt
1124 1821 1158 1849 de
1170 1821 1292 1849 essentia
1313 1821 1428 1857 gloriae:
1451 1821 1515 1849 hinc
1529 1825 1583 1855 est,
1598 1821 1672 1858 quod
1692 1830 1745 1850 non
1764 1825 1883 1858 oportet,

1045 1868 1133 1905 ipsam
1162 1867 1255 1896 omnia
1282 1867 1458 1897 considerare
1488 1868 1515 1896 in
1540 1871 1623 1901 actu.
1652 1876 1723 1905 quae
1751 1868 1826 1897 novit
1857 1868 1883 1897 in

1046 1913 1152 1942 habitu.

1124 1960 1149 1989 3.
1171 1961 1208 1988 Ad
1226 1960 1293 1989 illud
1310 1961 1384 1997 quod
1400 1961 1541 1996 obiicitur,
1556 1961 1630 1999 quod
1653 1961 1764 1990 habitus
1780 1962 1805 1990 in
1821 1965 1885 1990 actu

1045 2011 1086 2035 est
1108 2007 1254 2044 perfectior
1275 2015 1359 2044 quam
1382 2007 1494 2036 habitus
1522 2012 1632 2045 praeter
1659 2012 1768 2042 actum;
1796 2008 1885 2037 dicen-

1045 2054 1129 2087 dum,
1150 2054 1223 2090 quod
1248 2061 1344 2082 verum
1367 2057 1422 2087 est,
1442 2055 1553 2091 quando
1575 2058 1616 2083 est
1637 2055 1662 2083 in
1691 2058 1753 2083 actu
1776 2055 1885 2083 nobilis·
1897 2063 2012 2082 Notandum.

1045 2100 1127 2134 simo,
1150 2100 1196 2137 qui
1219 2100 1337 2128 debetur
1359 2100 1410 2137 ipsi
1427 2100 1547 2135 habitui:
1568 2104 1646 2130 actus
1661 2104 1753 2130 autem
1776 2101 1885 2130 nobilis-

1045 2147 1148 2178 simus,
1170 2147 1216 2184 qui
1239 2146 1357 2175 debetur
1385 2146 1434 2183 ipsi
1457 2147 1573 2184 gloriae,
1595 2151 1636 2176 est
1663 2148 1779 2176 actualis
1800 2148 1886 2176 consi-

1045 2192 1151 2221 deratio
1166 2193 1268 2221 summi
1290 2192 1362 2226 veri,
1381 2201 1433 2221 non
1457 2196 1549 2221 autem
1565 2193 1681 2222 actualis
1702 2193 1885 2222 consideratio

1045 2238 1247 2275 cuiuscumque
1269 2239 1325 2267 veri
1348 2239 1476 2267 creabilis
1491 2239 1534 2268 rol
1556 2239 1639 2268 creati
1653 2240 1671 2267 ¹³.
1693 2240 1756 2268 Ideo
1770 2240 1884 2274 adhoc,

1045 2285 1120 2321 quod
1141 2285 1233 2313 anima
1254 2285 1353 2314 Christi
1377 2285 1476 2314 habeat
1497 2285 1629 2314 habitant
1643 2286 1805 2323 cognitionis
1826 2294 1885 2323 per-

1046 2332 1167 2365 fectum,
1196 2340 1249 2359 non
1282 2335 1409 2368 oportet,
1441 2332 1515 2369 quod
1547 2332 1702 2360 actualiter
1730 2332 1885 2361 consideret

1046 2386 1127 2406 omne
1150 2386 1261 2412 verum,
1283 2378 1330 2407 sed
1354 2378 1467 2413 sufficit,
1490 2379 1564 2416 quod
1585 2382 1649 2407 actu
1667 2379 1822 2407 consideret
1843 2386 1886 2407 ve-

1048 2432 1111 2452 rum
1135 2432 1285 2453 summum.

215 2551 222 2566 ¹
241 2553 337 2579 aristot„
357 2553 388 2574 111.
406 2552 434 2574 de
452 2553 543 2574 Anima.
562 2556 611 2574 text.
631 2553 666 2574 36.
685 2553 717 2576 (c.
730 2552 762 2580 7.)
780 2553 822 2574 ait:
840 2552 937 2574 Omnino
954 2558 990 2573 nu-

153 2594 197 2614 (cm
215 2591 351 2619 inu-ltuctus,
370 2592 408 2619 qui
426 2590 553 2613 secundum
571 2594 645 2613 actum
658 2591 770 2618 intelligit,
789 2597 824 2612 ros
838 2591 901 2618 ipsae
918 2594 958 2612 cst.

214 2629 223 2644 ‘²
243 2629 298 2652 Vide
315 2630 383 2651 etiam
400 2635 469 2656 supra
488 2635 541 2657 pag.
559 2629 595 2657 57,
614 2632 664 2651 nota
683 2629 704 2651 7.
722 2629 791 2650 Etiam
810 2629 831 2651 S.
851 2629 931 2650 Thom.
957 2628 989 2655 (S.

153 2668 167 2690 1.
185 2674 206 2696 q.
226 2667 261 2689 57.
280 2674 299 2689 a.
318 2667 348 2695 ὅ.)
366 2668 395 2689 ait
413 2667 441 2689 de
459 2668 565 2694 Angelis:
583 2667 628 2689 llac
645 2667 732 2689 visione
749 2666 783 2696 [in
803 2666 891 2695 Verbo]
908 2673 990 2694 cogno·

154 2709 219 2728 scunt
236 2706 341 2733 mysteria
360 2706 455 2733 gratiae,
474 2711 517 2727 non
535 2705 628 2733 quidem
646 2706 734 2732 omnia,
753 2712 793 2727 nec
811 2706 933 2733 acqualiter
944 2711 990 2727 om-

155 2750 205 2770 ncs,
224 2744 263 2766 sed
281 2743 408 2766 svcundum
427 2744 488 2772 (1111111
507 2743 566 2765 Deus
585 2743 680 2765 volucrit
697 2744 729 2765 cis
747 2744 854 2765 revelare.

216 2782 225 2797 ³
243 2783 263 2804 ld
276 2786 309 2805 031
322 2783 342 2804 111
356 2782 513 2804 tundam-nus.
522 2782 605 2804 —Mox
619 2788 660 2809 1110
672 2781 734 2811 qnod
742 2781 824 2811 plara,
836 2782 897 2811 quod
909 2782 991 2804 1111110111

154 2821 206 2844 cdd.
224 2828 276 2843 cum
294 2821 379 2850 aliquot
396 2820 471 2847 codd„
489 2821 510 2842 in
527 2821 576 2843 aliis
593 2820 659 2842 codd.
677 2820 731 2849 qaia
748 2820 834 2849 plura;
851 2828 910 2849 qnae
927 2821 991 2843 lectio

155 2860 261 2888 explicari
279 2863 367 2888 posset,
385 2861 402 2881 si
420 2860 625 2882 demonstrativum
637 2859 681 2882 hoc
697 2860 807 2882 reseratur
819 2859 846 2882 ad
860 2859 942 2882 verba:
955 2866 991 2881 cn-

156 2900 274 2926 pncilatem
296 2899 391 2926 implori.
409 2899 487 2920 Nostra
507 2899 570 2920 lut-tio
588 2899 748 2926 congruentior
764 2901 804 2920 cst.
823 2898 923 2921 Subinde
950 2905 991 2927 pro

155 2937 283 2960 consideret
299 2938 365 2960 codd.
385 2938 398 2959 F
409 2938 425 2959 t<
439 2937 456 2959 T
469 2937 485 2958 V
497 2937 512 2958 Z
522 2937 553 2959 1111
570 2936 712 2964 considerat,
732 2937 782 2959 cod.
801 2937 815 2959 Ν
834 2938 964 2966 coynoscat.

218 2975 226 2990 ⁴
243 2975 286 2998 cfr.
303 2982 371 3004 supro
390 2976 411 2997 d.
432 2976 465 2997 13.
483 2983 501 2998 u.
525 2977 541 2997 l.
559 2983 580 3004 11.
599 2977 619 2998 53.
638 2975 665 2996 nd
684 2976 704 2997 6.
717 2987 748 2992 --
761 2976 801 2998 l¹ro
818 2975 921 3005 qratiam
939 2967 1001 2998 cod..

1047 2552 1062 2574 κ’
1078 2551 1188 2581 eloi-inm.
1202 2552 1269 2574 Paulo
1282 2552 1374 2574 interius
1386 2558 1428 2580 pro
1440 2552 1461 2574 ct
1472 2551 1522 2575 ideo
1539 2552 1591 2574 edd.
1604 2553 1625 2575 et
1636 2551 1695 2575 idem
1708 2555 1728 2575 et
1745 2553 1803 2575 circa
1817 2553 1884 2575 tinem

1046 2592 1112 2613 solut.
1130 2590 1294 2620 coqnoseibitia
1313 2597 1354 2618 pro
1371 2590 1537 2620 cognoscenda.

1108 2628 1118 2643 ⁵
1136 2629 1177 2651 1)ιό
1194 2635 1252 2651 voce
1269 2629 1418 2658 eoqilntiones
1435 2629 1502 2652 codd.
1520 2629 1615 2652 FUVZ
1633 2632 1654 2651 et
1671 2630 1706 2652 alii
1721 2631 1742 2652 in
1761 2631 1802 2652 hac
1819 2631 1884 2653 solut.

1048 2670 1176 2689 constanter
1197 2667 1302 2690 exhibent
1323 2674 1404 2690 vocem
1427 2667 1575 2697 monitionis,
1599 2668 1654 2691 dum
1677 2668 1728 2690 cod.
1751 2675 1776 2691 aa
1800 2668 1884 2698 ubique

1048 2707 1111 2734 ponit
1127 2713 1207 2728 vocem
1226 2706 1378 2735 coyilationis.

1109 2745 1118 2759 ⁶
1136 2745 1192 2767 Edd.
1209 2744 1255 2768 sit-e
1278 2745 1479 2768 ratiocinationem
1502 2746 1523 2768 et
1543 2745 1685 2769 discursum.
1704 2746 1745 2768 Pro
1762 2745 1885 2769 intimatio-

1047 2789 1099 2806 nem
1118 2783 1243 2813 [intimare
1261 2784 1321 2805 idem
1338 2784 1450 2811 significat
1466 2790 1493 2806 ac
1504 2783 1677 2812 denzonstrare,
1697 2785 1737 2806 011.
1750 2784 1783 2807 1)ι1
1796 2784 1884 2813 Gange,

1048 2822 1146 2844 Glossnr.
1164 2822 1216 2850 cte]
1234 2822 1284 2844 cod.
1302 2823 1318 2843 Α
1336 2821 1546 2845 ratiocinationem.

1110 2859 1119 2874 ⁷
1137 2860 1209 2882 Codd.
1227 2860 1266 2882 FN
1279 2860 1294 2882 U
1312 2860 1375 2890 quod
1391 2859 1441 2883 hoc.

1110 2898 1120 2913 ⁸
1138 2899 1179 2920 l‘ro
1197 2897 1303 2921 creabitis
1315 2898 1351 2922 vel
1362 2898 1435 2922 creati
1451 2899 1503 2922 edd.
1518 2905 1570 2921 cum
1583 2901 1661 2927 paucis
1674 2900 1740 2922 codd.
1758 2900 1885 2924 causatius

1050 2937 1085 2961 vel
1097 2937 1195 2961 causati.
