2166 3366
9 842 135 863 Fundamenta.

13 1961 42 1980 Ad
54 1963 126 1985 opposi-

749 187 830 216 DlST.
853 187 929 216 XVll.
951 188 1023 216 ΛΒΤ.
1046 188 1074 216 ll.
1096 188 1231 225 QUAEST.
1254 189 1282 217 ll.

142 263 284 293 impetrandi
301 264 347 289 (tv.
365 265 426 287 Sunt.
445 265 466 287 d.
485 264 521 288 45.
539 271 558 287 u.
577 266 598 287 2.
616 271 638 294 q.
657 265 678 287 2.
695 264 724 287 ud
746 266 763 287 1.
782 266 820 293 2.);
838 269 860 288 et
877 266 898 287 in
920 266 986 288 nobis

141 303 215 325 virtus
232 302 375 332 impetrandi
391 304 421 326 ad
438 304 503 332 plura
520 310 544 327 se
566 304 666 327 extendit
688 310 757 332 quam
779 305 852 326 virtus
873 304 986 328 merendi.

141 341 188 364 Non
207 342 239 364 sic
256 344 332 364 autem
350 345 384 364 cst
401 343 421 364 in
440 342 539 371 Clu-istoy
557 343 596 371 qui
619 343 713 370 insuper
735 349 761 364 eu
783 349 842 371 quae
864 344 885 365 in
906 343 986 372 formu

140 379 204 404 servi
220 380 351 403 merebatur
369 381 404 403 vel
422 381 573 409 impetrabat,
592 381 640 409 ipse
657 381 718 403 idem
741 382 761 403 in
783 380 862 410 forma
886 382 927 405 Dei
947 383 987 405 lur-

141 418 245 447 giebatur
262 419 310 441 sive
329 419 431 442 iaciebat.

1833 191 1889 220 373

1106 267 1136 289 Dc
1154 267 1196 289 linc
1213 268 1360 295 quaestione:
1378 267 1445 295 Scot.‚
1464 268 1484 289 in
1502 270 1599 296 utroque
1625 268 1714 296 Scripto
1734 269 1769 291 tv.
1788 269 1848 292 Sent.
1866 270 1889 292 d.

1044 305 1080 328 45.
1099 312 1121 334 q.
1139 305 1160 328 4.
1173 318 1203 321 —
1220 307 1242 328 S.
1261 306 1351 333 Tuom..
1370 307 1405 328 liic
1422 313 1442 328 a.
1466 306 1486 329 3.
1505 307 1646 335 quaestione.
1666 308 1685 329 1.
1704 308 1728 336 2;
1747 308 1769 330 S.
1793 308 1834 330 loc.
1852 310 1889 331 cit.

1043 350 1063 366 3.
1082 344 1101 366 1.
1115 356 1144 359 —
1157 344 1179 366 Β.
1198 343 1290 372 Albert.v
1308 345 1344 366 liic
1361 350 1380 366 3,
1399 344 1419 366 8.
1433 356 1462 360 -
1476 345 1533 366 l‘etr.
1551 351 1563 366 a
1586 345 1647 372 Tur.⁷
1665 346 1701 367 bie
1718 352 1741 374 q.
1760 346 1780 368 3.
1799 352 1819 368 a.
1836 347 1853 368 l.
1867 347 1888 369 2.

1045 395 1074 398 ——
1086 383 1192 405 lticliurd.
1204 390 1215 405 a
1234 383 1299 410 Med,
1318 384 1353 405 liic
1365 390 1384 405 a.
1398 384 1418 405 2.
1431 390 1453 412 q.
1468 383 1487 406 1,
1501 384 1522 406 2.
1534 396 1565 400 —
1578 384 1669 412 Dionys.
1681 383 1764 412 cai-tu„
1783 386 1819 407 liic
1831 393 1853 414 q.
1867 386 1888 408 ⁶2.

911 510 1073 547 QUAESTtO
1095 511 1124 539 ll.

544 594 647 623 Utrum
673 594 808 624 Christus
829 596 858 624 iu
881 597 962 625 omui
981 597 1113 626 oratioue
1130 606 1187 626 sua
1208 597 1301 635 suerit
1323 598 1490 626 eaeauditus.

220 693 347 723 Secundo
361 693 523 731 quaeritur,
544 696 639 722 utrum
656 694 783 723 Christus
798 694 824 722 in
840 695 914 723 omni
930 703 988 724 ora-

141 741 214 770 tione
236 749 286 770 5113
307 740 390 769 suerit
411 740 570 770 exauditus.
594 740 624 769 Et
645 741 719 778 quod
742 741 796 775 sic,
818 741 946 770 videtur:

222 789 245 816 1.
268 787 318 816 Per
340 787 409 816 illud
432 787 505 825 quod
536 787 638 816 dicitur
660 787 767 816 loannis
796 788 943 817 undecimo
960 787 984 816 ¹:

142 836 203 873 Eyo
223 838 321 863 autem
346 834 487 867 sciebam,
512 834 653 872 quoniam
673 842 786 871 semper
811 835 900 863 audis
921 844 986 869 me,-

141 882 189 911 sed
220 881 290 911 illud
322 881 421 910 audire
449 889 503 910 non
536 884 577 910 est
608 881 684 909 aliud
714 890 798 919 quam
830 882 984 911 exaudire:

140 937 207 967 ergo
225 932 275 958 etc.

219 977 244 1005 2.
268 976 348 1009 ltem,
369 983 454 1013 super
477 975 546 1004 illud
567 975 666 1004 Psalmi
679 975 701 1003 ²:
724 976 909 1004 Desidet-ium
924 976 986 1004 aui-

139 1032 205 1053 mae
226 1023 288 1051 eius
310 1022 442 1051 tribuisti
469 1022 508 1055 ei,
530 1025 555 1050 et
580 1021 726 1050 voluntate
755 1022 900 1050 labiorum
923 1022 985 1051 eius

139 1078 197 1099 ozon
211 1068 368 1107 fraudasti
387 1076 471 1102 euim
486 1068 596 1097 Glossu:
618 1079 630 1094 «
654 1068 802 1097 Voluntati>
823 1068 984 1103 labiorum,

139 1117 167 1146 id
189 1120 231 1146 est
259 1115 411 1145 verborum
432 1115 512 1149 eius,
534 1115 585 1143 hoc
613 1118 655 1143 est
676 1124 726 1152 per
755 1115 840 1144 verba
861 1115 985 1152 prolata,

138 1172 196 1192 uon
217 1162 374 1201 fraudasti
394 1170 477 1195 etcum
505 1161 642 1198 quidquid
664 1162 738 1190 enim
768 1162 856 1195 dixit,
881 1162 983 1190 sactum

138 1212 207 1239 est»
225 1220 231 1238 τ
253 1216 320 1246 ergo
341 1211 391 1237 etc.

218 1256 244 1285 3.
272 1256 355 1291 ltent,
383 1255 511 1285 Christus
540 1255 627 1293 magis
656 1255 757 1292 dignus
785 1259 827 1284 est
855 1255 984 1284 exaudiri

139 1312 224 1342 quam
257 1303 383 1333 membra
405 1303 484 1338 eius,
511 1303 631 1340 petentia
655 1303 680 1331 in
703 1303 813 1331 nomine
836 1302 895 1331 eius
908 1313 915 1337 ;
937 1302 985 1331 sed

139 1351 247 1381 loannis
268 1351 376 1380 decimo
397 1354 498 1388 quarto
511 1350 520 1363 ¹⁵
543 1350 657 1379 dicitur:
682 1350 832 1388 Quidquid
843 1349 985 1387 petieritis

139 1398 261 1427 Patrem
282 1397 314 1426 in
335 1397 450 1426 nomine
470 1405 546 1430 meo,
573 1396 653 1425 (labit
683 1396 780 1425 vobis:
802 1404 869 1433 ergo
898 1396 985 1424 multo

139 1444 250 1479 fortius,
273 1444 410 1481 quidquid
433 1444 491 1480 ipse
514 1443 606 1480 petiit,
628 1443 756 1472 obtinuit.

217 1491 244 1520 [ι.
266 1491 349 1525 ltem,
371 1490 501 1519 voluntas
522 1490 622 1519 Christi
646 1490 697 1518 suit
718 1490 828 1518 divinae
849 1489 984 1518 voluntati

139 1538 302 1572 conformis,
317 1545 384 1575 ergo
406 1537 475 1566 nihil
491 1537 661 1565 desideravit
682 1540 708 1565 et
724 1537 813 1574 petiit,
835 1537 887 1565 nisi
910 1536 983 1574 quod

139 1585 214 1614 Deus
242 1585 350 1619 voluit;
378 1584 426 1613 sed
455 1591 536 1612 omne
564 1583 639 1621 quod
668 1583 743 1612 Deus
765 1583 867 1615 voluit,
896 1583 983 1612 seeit⁴

138 1635 165 1661 et
187 1631 264 1660 lacit:
280 1638 347 1668 ergo
368 1638 450 1659 omne
465 1630 538 1667 quod
562 1630 689 1658 Christus
705 1630 794 1667 petiit,
817 1630 984 1667 impetravit.

219 1679 244 1706 5.
267 1678 347 1712 ltein,
369 1677 443 1715 quod
459 1677 587 1705 Christus
609 1677 698 1714 petiit,
721 1677 798 1714 petiit
812 1677 872 1714 pie,
894 1684 985 1714 perse-

139 1728 268 1754 veranter
293 1728 320 1753 et
348 1724 382 1753 ad
412 1723 550 1757 salutem,
577 1731 626 1751 nec
654 1723 753 1752 habuit
775 1723 801 1751 in
829 1723 923 1760 aliquo
945 1731 985 1752 re-

139 1779 264 1801 inorsum
294 1770 493 1804 conscientiae3
515 1770 563 1799 sed
586 1770 756 1807 quicumque
778 1769 846 1806 petit
864 1770 915 1804 sic,
937 1770 985 1798 irn-

139 1821 230 1856 petrat
251 1818 326 1855 quod
341 1817 409 1855 petit
422 1817 446 1845 ⁵:
469 1825 536 1853 ergo
558 1824 639 1845 omne
655 1817 729 1853 quod
751 1816 878 1844 Christus
894 1816 983 1852 petiit⁷

138 1864 265 1894 obtinuit.

218 1912 270 1939 Suo
292 1919 418 1939 courum
445 1912 468 1938 1.
491 1911 518 1938 ln
536 1909 664 1938 Psalmo⁶
688 1910 791 1938 dicitur
806 1909 840 1938 de
862 1909 982 1938 Christo:

140 1959 217 1987 Deus
238 1967 335 1991 meus,
358 1957 490 1986 clamabo
511 1966 563 1994 per
584 1956 676 1990 diem,
699 1960 723 1984 el
744 1965 802 1984 uon
823 1956 982 1985 exaudies:

139 2012 206 2042 ergo
221 2013 274 2033 non
290 2004 435 2033 exaudivit
459 2004 549 2041 ipsum
566 2003 593 2031 111
614 2011 646 2031 eo
665 2003 739 2040 quod
762 2003 903 2031 clamavit:
930 2011 983 2031 non

139 2058 206 2088 ergo
226 2051 372 2080 exaudivit
394 2051 485 2088 ipsum
509 2051 534 2078 in
557 2050 631 2078 omni
654 2058 701 2083 eo,
723 2050 797 2086 quod
819 2049 904 2086 petiit.

218 2099 244 2126 2.
267 2098 349 2132 item,
371 2097 398 2126 in
414 2097 504 2126 littera
519 2097 527 2110 ⁷
544 2096 661 2125 dicitur:
689 2107 701 2121 ιι
716 2095 843 2124 Christus
861 2095 984 2125 clamans

138 2153 192 2173 non
215 2144 367 2174 exauditur
388 2144 422 2172 ud
446 2143 563 2172 salutem
587 2142 780 2180 corporalem;
801 2142 904 2171 bonum
927 2143 984 2180 qui-

139 2192 203 2221 dem
225 2191 317 2229 petiit,
340 2191 443 2220 scilicet
465 2194 496 2219 ut
524 2198 578 2218 non
608 2191 784 2223 moreretur3
806 2189 855 2218 sed
884 2189 984 2218 melius

139 2241 211 2272 erat,
233 2241 264 2267 ut
280 2241 438 2267 moreretur
453 2247 484 2265 »z
500 2245 567 2274 ergo
582 2236 709 2265 Christus
724 2244 778 2264 non
800 2236 852 2264 luit
867 2236 894 2264 in
909 2237 983 2265 omni

139 2292 189 2319 eo,
212 2284 286 2322 quod
309 2284 398 2321 petiit,
421 2283 582 2312 exauditus.

218 2330 244 2359 3.
266 2331 345 2363 item,
361 2329 488 2358 Christus
503 2329 581 2366 petiit
595 2332 621 2357 et
636 2329 738 2359 oravit.
754 2332 785 2357 ut
800 2328 872 2356 calix
889 2329 985 2357 transi-

1045 699 1086 725 ret
1107 696 1143 725 ab
1163 704 1196 725 eo
1209 696 1233 731 8;
1256 696 1303 725 sed
1325 696 1399 725 calix
1419 705 1472 725 non
1490 697 1597 726 transiit
1617 697 1653 726 ab
1674 705 1723 726 eo:
1745 706 1813 735 ergo
1834 707 1887 728 non

1045 743 1072 771 in
1093 743 1167 771 omni
1190 751 1241 777 eo,
1262 743 1336 780 quod
1359 743 1449 780 petiit,
1471 743 1523 772 suit
1543 744 1703 773 exauditus.

1122 790 1148 818 lt.
1169 789 1251 824 item,
1280 789 1407 818 Christus
1435 790 1525 818 oravit
1550 799 1601 827 pro
1629 790 1688 819 suis
1715 791 1888 821 crucifixori—

1043 836 1132 871 bus⁹3
1153 844 1202 865 nec
1231 839 1321 865 tamen
1350 844 1447 865 omnes
1470 837 1567 866 salvati
1590 837 1718 866 suerunt:
1745 846 1812 875 ergo
1835 847 1887 867 non

1043 882 1094 911 suit
1115 883 1267 912 exauditus
1289 883 1315 911 in
1337 883 1475 912 omnibus.
1909 914 1915 924 ἱ

1122 931 1146 959 5.
1169 929 1248 964 item,
1271 930 1398 958 Christus
1419 930 1509 958 oravit
1530 939 1581 968 pro
1596 931 1740 968 discipulis
1762 933 1835 967 suis,
1857 938 1889 963 ut

1043 980 1224 1005 servarentur
1244 985 1260 1005 a
1282 976 1367 1011 malo,
1389 977 1546 1006 secundum
1566 978 1640 1015 quod
1663 978 1765 1008 dicitur
1780 980 1888 1009 loannis

1043 1022 1150 1052 decimo
1172 1023 1289 1060 septimo
1301 1023 1334 1051 ¹⁰:
1357 1023 1422 1052 Nou
1445 1027 1560 1052 tantum
1578 1033 1636 1062 pro
1650 1025 1707 1059 eis,
1729 1026 1780 1054 sea
1800 1026 1887 1055 etiam

1039 1077 1096 1106 pro
1117 1069 1158 1098 eis
1177 1069 1229 1107 qui
1242 1069 1387 1098 credituri
1399 1074 1468 1099 sunt
1488 1074 1556 1105 etc.;
1578 1071 1625 1100 sed
1641 1080 1696 1100 non
1717 1080 1813 1101 omnes
1832 1073 1888 1102 fue-

1042 1119 1110 1144 runt
1130 1116 1231 1145 servati
1253 1124 1270 1145 a
1292 1116 1378 1145 malo:
1398 1124 1465 1154 ergo
1480 1125 1535 1146 non
1559 1117 1585 1146 111
1600 1118 1730 1147 omnibus
1751 1127 1823 1156 quae
1844 1127 1889 1157 pe-

1043 1163 1099 1197 tiit,
1121 1163 1272 1192 exauditus
1293 1163 1353 1192 suit.

1358 1265 1572 1287 CONCLUSIO.

1045 1350 1180 1379 Christus
1207 1351 1366 1380 exauditus
1392 1351 1452 1389 fuit
1472 1352 1503 1380 in
1529 1353 1610 1381 omui
1629 1362 1677 1387 eo,
1703 1354 1780 1391 quod
1804 1354 1887 1391 ‘petiit

1121 1397 1267 1426 voluntate
1288 1398 1416 1427 rationis
1437 1399 1497 1428 sive
1518 1399 1667 1434 absoluta,
1688 1409 1746 1429 ¹non
1769 1410 1835 1430 vero
1857 1402 1887 1430 in

1121 1444 1202 1472 omui
1208 1453 1249 1478 eo,
1258 1445 1336 1483 quod
1345 1446 1425 1482 petiit
1438 1446 1585 1475 ‘voluntate
1592 1447 1711 1484 pietatis
1724 1448 1766 1476 vel
1776 1449 1886 1477 earnis.

1122 1537 1297 1566 Ruspouuuo:
1320 1537 1490 1573 Dicendum,
1509 1539 1583 1576 quod
1606 1548 1670 1568 cum
1686 1541 1774 1569 oratio
1795 1542 1830 1570 sit
1844 1550 1888 1579 pe-

1042 1583 1101 1612 titio
1116 1584 1269 1621 procedens
1283 1592 1318 1613 ex
1335 1584 1477 1614 voluntate
1495 1589 1522 1614 et
1537 1585 1677 1615 desiderio
1690 1587 1716 1621 ¹¹3
1730 1588 1885 1616 secundum

1041 1630 1116 1667 quod
1139 1630 1268 1659 voluntas
1283 1631 1405 1660 bumana
1427 1631 1479 1660 tuit
1501 1632 1527 1660 in
1543 1632 1652 1661 Christo
1670 1634 1825 1663 secundum
1842 1635 1887 1663 tri-
1899 1646 2028 1674 'rriptexprab-

1042 1676 1142 1713 plicem
1157 1677 1354 1712 differentiam,
1376 1679 1416 1707 sic
1430 1682 1456 1707 et
1480 1679 1576 1708 oratio.
1592 1679 1659 1708 Nam
1675 1680 1813 1717 quaedam
1829 1689 1887 1710 ora·
1901 1672 1959 1711 ἑίῗ,.’“
1975 1670 2029 1688 “¹¹⁹

1041 1723 1079 1751 tio
1100 1723 1151 1752 suit
1179 1724 1342 1761 exprimens
1370 1725 1428 1754 sive
1457 1726 1610 1762 procedens
1631 1734 1647 1754 a
1669 1727 1811 1756 voluntate
1839 1737 1887 1756 ra-

1042 1769 1141 1804 tionis,
1171 1771 1307 1807 quaedam
1337 1780 1353 1799 a
1381 1772 1524 1801 voluntate
1550 1773 1684 1810 pietatis,
1706 1774 1843 1811 quaedam
1870 1783 1886 1803 a

1041 1816 1184 1845 voluntate
1205 1817 1315 1845 carnis.
1338 1835 1376 1838 —
1401 1819 1496 1847 Oratio
1526 1820 1679 1856 procedens
1700 1829 1716 1848 a
1745 1821 1886 1850 voluntate

1041 1863 1167 1891 rationis
1181 1864 1349 1900 procedebat
1364 1873 1379 1892 a
1401 1865 1556 1900 voluntate,
1577 1874 1649 1903 quae
1664 1867 1777 1903 quidem
1797 1868 1887 1905 requi-

1041 1910 1119 1939 rebat
1142 1910 1287 1945 exaudiri;
1308 1914 1335 1940 et
1357 1911 1419 1941 talis
1440 1913 1529 1940 oratio
1544 1912 1570 1941 in
1594 1913 1725 1942 omnibus
1740 1917 1782 1943 est
1801 1922 1886 1944 exau-
1897 1926 1998 1945 Conclusio
2010 1926 2026 1945 1.

1041 1956 1113 1991 dita,
1136 1960 1195 1985 tum
1219 1960 1332 1994 propter
1353 1958 1418 1992 hoe,
1440 1959 1513 1996 quod
1536 1960 1588 1988 ista
1611 1959 1738 1989 voluntas
1759 1964 1819 1990 erat
1836 1969 1886 1998 per

1041 2004 1134 2032 omnia
1155 2004 1305 2033 conformis
1327 2005 1461 2034 voluntati
1477 2006 1603 2041 divinae3
1625 2010 1685 2036 tum
1701 2007 1798 2043 etiam,
1820 2009 1886 2046 quia

1040 2050 1110 2079 adeo
1130 2050 1241 2088 petebat
1262 2051 1344 2088 digne
1365 2056 1392 2080 et
1413 2056 1519 2087 sancte,
1541 2054 1615 2090 quod
1632 2054 1659 2082 in
1681 2055 1811 2084 omnibus
1825 2058 1885 2084 erat

1040 2097 1216 2126 exaudienda
1242 2107 1299 2135 pro
1323 2107 1380 2127 sua
1409 2101 1570 2129 reverentia
1590 2101 1607 2116 ¹²
1635 2104 1662 2130 et
1690 2101 1831 2139 dignitate.
1847 2120 1885 2123 —

1041 2143 1135 2172 Oratio
1156 2147 1249 2173 autem
1271 2146 1425 2182 procedens
1446 2154 1462 2174 a
1483 2146 1625 2176 voluntate
1649 2148 1765 2184 pietatis
1786 2152 1813 2177 et
1841 2157 1885 2177 vo-
1898 2160 1997 2179 000010510
2008 2160 2026 2178 -1Δ

1041 2189 1147 2219 luntate
1168 2191 1271 2219 caruis
1292 2200 1347 2220 non
1368 2192 1420 2220 fuit
1442 2193 1468 2221 in
1487 2193 1596 2222 Christo
1617 2194 1751 2223 exaudita
1765 2203 1815 2231 per
1830 2204 1886 2223 om-

1041 2236 1101 2271 nia,
1123 2240 1182 2266 tum
1203 2238 1268 2274 quia
1283 2238 1335 2267 hac
1357 2239 1498 2268 voluntate
1513 2248 1567 2268 non
1589 2241 1815 2270 conformabatur
1829 2242 1886 2270 Deo

1041 2283 1067 2311 in
1083 2284 1156 2312 omni
1179 2284 1276 2318 volito,
1292 2285 1363 2314 sicut
1379 2286 1504 2314 habitum
1521 2290 1562 2315 est
1577 2287 1696 2324 prius¹³;
1711 2291 1771 2316 tum
1786 2289 1885 2323 etiam,

1040 2329 1105 2366 quia
1128 2329 1174 2358 illa
1196 2331 1291 2367 petitio
1312 2331 1376 2368 plus
1390 2332 1575 2361 ordinabatur
1590 2333 1624 2361 ad
1641 2336 1764 2362 nostram
1786 2334 1887 2364 instru-

203 2498 209 2512 ¹
228 2498 292 2520 Vers.
312 2498 348 2520 42.

203 2537 211 2551 ‘2
229 2537 310 2559 Psalm.
330 2537 370 2564 20,
390 2537 411 2558 3.
429 2549 460 2553 —
476 2537 566 2564 Glossu,
585 2542 643 2564 quae
661 2535 724 2563 apud
742 2536 798 2557 Pctr.
811 2535 985 2558 Lonibardnec

141 2582 186 2598 non
208 2575 271 2604 apud
297 2575 412 2603 [111-31111111
438 2574 535 2597 habetur
559 2577 583 2596 ut
608 2573 779 2602 interlinearis,
806 2577 839 2596 est
856 2574 984 2596 secundum

140 2614 309 2638 Cassiodorum.
469 2611 475 2615 ⁸

203 2653 212 2668 ³
230 2654 295 2676 Vcrs.
309 2653 345 2675 13.
358 2665 389 2668 -
399 2653 422 2674 111
435 2652 480 2674 line
497 2658 545 2680 arg.
563 2658 606 2680 pro
623 2651 723 2675 obtinuit
739 2652 789 2674 cod.
808 2652 827 2674 K
844 2651 984 2681 impetravit.

203 2691 213 2706 ⁴
230 2692 311 2714 Psalm.
330 2690 386 2719 434,
406 2691 431 2713 6:
450 2690 529 2712 Omnia
548 2696 708 2719 quaecumque
725 2691 798 2713 votuit
822 2691 932 2713 Dominus
954 2691 985 2713 se-

140 2731 170 2753 eit
186 2733 228 2752 etc.

203 2768 213 2783 ⁵
231 2768 276 2791 Csr.
294 2774 364 2796 supra
382 2774 435 2796 pag.
455 2767 498 2789 104
507 2785 512 2795 ,
525 2770 576 2789 nota
589 2768 610 2795 9,
628 2770 649 2789 et
661 2767 740 2789 Guliel.
753 2767 914 2796 Autissiodor.‚
927 2768 948 2790 S.
962 2774 984 2796 p.

141 2807 172 2829 111.
190 2811 217 2830 tr.
234 2808 256 2829 8.
274 2813 293 2829 c.
311 2807 332 2829 ὅ.
350 2813 371 2835 q.
391 2807 411 2828 3.
429 2819 459 2822 —
477 2807 528 2828 Post
554 2807 609 2829 Item
635 2806 703 2828 codd.
726 2806 783 2828 be
800 2805 836 2834 (aa
854 2813 865 2828 a
884 2806 984 2829 secunda

142 2846 220 2874 manu)
239 2846 345 2868 omittunt
362 2844 437 2874 quod,
454 2848 476 2867 et
493 2844 592 2867 subinde
608 2844 661 2867 cdd.
684 2845 706 2872 l,
725 2845 738 2866 2
755 2851 808 2867 cum
821 2845 889 2867 codd.
900 2845 916 2867 F
925 2851 951 2867 aa
963 2848 986 2867 et

142 2889 186 2906 non
204 2884 283 2912 paucis
300 2884 349 2906 aliis
366 2884 516 2911 supprimunt
532 2883 601 2906 semel
619 2883 690 2912 petiit.
709 2883 730 2904 ln
749 2883 793 2905 fine
810 2889 859 2911 arg.
877 2889 919 2911 pro
931 2883 985 2906 obti-

141 2922 192 2945 uuit
209 2922 276 2945 codd.
294 2923 312 2944 A
331 2923 357 2949 (K
378 2923 493 2951 primitus)
514 2922 534 2944 X
551 2922 691 2944 substituunt
707 2921 848 2951 impetravit.

204 2961 214 2976 θ
230 2962 311 2983 Psalni.
329 2962 369 2989 ⁴21,
388 2962 409 2983 3.

1104 2498 1113 2513 ⁷
1131 2499 1170 2521 Hic
1188 2505 1206 2521 c.
1225 2500 1246 2521 2.
1265 2500 1286 2520 in
1305 2499 1356 2521 stne.

1103 2537 1113 2552 ⁸
1130 2538 1205 2560 ltlnttb.
1223 2538 1264 2565 26,
1279 2538 1315 2559 39.
1326 2538 1386 2559 —ln
1399 2537 1488 2561 minori
1499 2539 1591 2566 plurimi
1609 2539 1675 2562 codd.
1692 2541 1798 2563 omittunt
1810 2540 1839 2564 ab
1851 2547 1884 2564 eo.

1103 2576 1113 2590 ⁹
1130 2576 1183 2598 Luc.
1202 2576 1242 2604 23,
1260 2576 1296 2598 31.

1104 2613 1123 2628 1⁰
1140 2615 1205 2637 vers,
1223 2615 1259 2636 20.
1278 2627 1308 2630 —
1324 2615 1374 2637 Vat.
1392 2621 1445 2637 cum
1462 2616 1543 2643 paucis
1567 2616 1634 2639 codd.
1652 2620 1704 2644 post
1720 2617 1775 2641 Non
1792 2619 1885 2641 tautum

1039 2658 1084 2681 pro
1101 2652 1134 2678 eis
1151 2653 1244 2680 supplet
1259 2658 1331 2682 royo,
1351 2654 1414 2682 quod
1431 2657 1453 2676 et
1469 2654 1491 2676 in
1510 2654 1606 2682 Vulgata
1624 2655 1727 2678 habetur.

1104 2691 1121 2705 ¹¹
1140 2691 1185 2714 Csr.
1202 2698 1272 2720 supra
1285 2698 1338 2720 pag.
1352 2693 1393 2714 371
1405 2711 1410 2721 ,
1428 2696 1480 2715 nota
1492 2694 1513 2715 6.
1525 2706 1556 2710 -
1567 2694 1599 2716 De
1611 2695 1692 2722 triplici
1703 2695 1820 2718 voluntate
1831 2695 1885 2718 vide

1040 2736 1110 2758 supra
1127 2736 1148 2752 3.
1166 2731 1186 2752 1.
1205 2736 1226 2759 q.
1245 2731 1265 2752 3.
1283 2732 1305 2753 in
1323 2737 1386 2759 corp.
1404 2744 1435 2747 —
1451 2731 1507 2754 Cod.
1525 2732 1540 2754 F
1557 2738 1587 2755 ew
1605 2732 1732 2756 uoluntatis·
1748 2733 1868 2757 desidem'o.

1105 2768 1124 2783 1⁴²
1140 2769 1208 2791 Hebr.
1221 2769 1247 2796 ὅ,
1260 2769 1282 2791 7.
1294 2782 1325 2785 —
1337 2770 1378 2792 Pro
1389 2770 1551 2798 eoeaudienda,
1571 2778 1630 2800 quae
1647 2773 1759 2800 scriptura
1771 2776 1805 2795 est
1816 2773 1883 2796 codd.

1040 2808 1057 2829 Α
1068 2807 1083 2829 F
1100 2807 1126 2835 (N
1138 2808 1154 2830 U
1171 2814 1182 2829 a
1200 2808 1301 2830 secunda
1318 2810 1398 2837 manu)
1416 2809 1490 2836 Xbb,
1509 2810 1544 2831 3111
1562 2809 1629 2832 codd.
1647 2813 1670 2832 et
1688 2811 1740 2833 edd.
1763 2811 1884 2834 exauditu.

1104 2845 1123 2861 ¹³
1139 2847 1186 2869 Art.
1205 2847 1224 2869 1.
1242 2853 1263 2875 q.
1283 2847 1303 2869 3.
1322 2860 1352 2863 -
1369 2847 1400 2870 De
1417 2848 1518 2870 secunda
1536 2849 1623 2871 radone
1643 2849 1696 2872 vide
1716 2851 1752 2872 bic
1768 2850 1799 2873 lit.
1817 2851 1885 2879 Magi-

1041 2885 1090 2913 stri,
1116 2891 1135 2907 c.
1154 2886 1174 2907 2.
1192 2885 1213 2907 in
1232 2885 1276 2907 fine
1293 2889 1316 2908 et
1333 2892 1352 2908 c.
1370 2886 1391 2908 3.
1409 2887 1431 2908 in
1450 2886 1501 2909 fine.
1519 2899 1550 2904 —
1566 2887 1615 2909 Mox
1641 2894 1683 2916 pro
1708 2888 1881 2918 ordinabatur,

1041 2930 1110 2952 quam
1137 2924 1256 2946 lectionem
1277 2930 1304 2946 ex
1329 2925 1397 2947 codd.
1414 2925 1461 2947 ΑΚ
1471 2926 1490 2947 ltl
1509 2925 1535 2954 (N
1553 2932 1565 2948 3
1583 2927 1684 2949 secunda
1700 2929 1779 2956 manu)
1797 2928 1884 2951 OUbb

1041 2963 1193 2990 restituimus,
1212 2963 1247 2985 alii
1265 2963 1332 2985 codd.
1351 2969 1392 2986 nec
1410 2970 1454 2986 non
1473 2964 1525 2987 edd.
1544 2964 1677 2989 ordinatur.
