2166 3366
40 415 93 434 Ratio
105 414 122 432 Ξ.

0 579 1 602 ἶ
39 601 92 620 Ratio
104 600 121 619 3.

15 1065 76 1085 hiatio
88 1071 120 1089 op-

15 1089 115 1108 insitorum.

9 2540 38 2560 Ad
49 2542 122 2565 opposi—

758 191 840 219 DlST.
863 192 914 220 xli.
936 192 1010 220 ΛΒΤ.
1030 192 1058 220 11.
1081 192 1217 228 QUAEST.
1239 192 1256 220 1.

134 271 246 307 peccato
267 268 347 305 argui
369 276 466 305 posse,
488 268 545 297 sive
568 268 723 296 secundum
748 271 878 296 naturam
904 276 979 297 assu-

134 318 267 349 mentem,
283 315 342 344 sive
367 315 523 344 secundum
548 318 676 343 naturam
692 317 861 348 assumtam,
883 322 979 343 secun-

136 362 204 391 dum
226 369 348 398 quarum
368 354 518 398 utramque
538 361 712 397 competebat
727 361 751 389 ei
766 364 888 397 potestas
910 361 979 389 iudi-

136 409 229 438 ciaria.
250 425 289 429 —
311 408 413 436 Primo
441 407 553 436 homini
575 416 630 436 non
657 407 852 441 conveniebat,
880 411 912 436 ut
934 407 978 436 ille

134 456 182 493 qui
197 458 305 484 tantum
321 463 350 484 se
365 455 503 483 deiecerat
518 462 567 491 per
582 455 703 492 culpam,
721 458 827 483 tantum
843 454 980 483 exaltare-

134 506 197 537 tur,
217 506 249 531 ut
269 502 343 531 Deus
363 505 444 530 esset.
466 501 625 530 Sufficiebat
641 509 761 538 namque
777 501 829 530 sibi
851 504 878 530 et
899 509 977 530 exce-

134 549 231 583 debat,
252 552 283 577 ut
304 548 400 577 saltem
433 548 457 577 ei
491 548 563 577 Deus
592 548 835 582 reconciliaretur,
873 548 977 576 nedum

135 596 210 634 quod
233 596 279 624 ille
300 596 374 624 Deus
389 595 555 624 efficeretur.
570 612 608 615 —
626 595 733 623 Generi
746 596 828 623 etiam
848 594 977 623 humano

133 651 187 672 non
209 643 391 680 expediebat,
413 642 495 679 quia,
516 650 580 671 cum
607 642 653 670 ille
674 642 758 670 homo
779 645 852 670 esset
873 649 977 679 poenae

133 689 258 723 debitor,
278 692 375 726 utpote
403 689 449 717 ille
479 688 526 725 qui
559 696 625 717 reus
646 691 707 717 erat
727 688 853 716 omnium
875 688 978 716 anima-

134 744 198 765 rum
220 739 380 765 nostrarum
393 736 409 770 ¹,
430 743 485 763 non
516 738 589 764 esset
619 735 680 763 eius
711 735 802 772 passio
830 735 900 763 adeo
921 734 977 763 Deo

134 786 228 820 grata,
249 782 320 811 sicut
340 782 363 811 si
385 781 497 810 omnino
518 784 591 810 esset
612 781 759 815 innocens,
781 784 808 810 et
830 781 877 809 vix
894 781 976 810 etiam

134 829 274 858 sufficeret
295 829 330 857 ad
361 828 586 857 satisfaciendun'i
619 836 670 864 pro
698 836 743 862 se,
776 828 878 856 nedum
901 827 976 865 quod

133 876 195 905 aliis
216 875 430 904 satisfactionem
462 883 542 903 suam
573 878 666 911 posset
696 874 911 903 communicare.
939 891 978 895 —

133 922 331 951 Concedendae
352 925 418 951 sunt
449 922 534 959 igitur
565 922 686 950 rationes
714 921 879 958 probantes,
901 921 976 958 quod

133 977 187 997 non
209 968 302 997 decuit
324 968 420 997 Filium
443 968 491 997 Dei
513 976 657 997 assumere
679 968 802 1005 primum
825 968 975 996 hominem.

216 1017 238 1044 l.
259 1015 298 1044 Ad
320 1015 390 1043 illud
411 1023 478 1052 ergo
499 1015 574 1052 quod
603 1015 695 1052 primo
715 1015 846 1043 obiicitur
867 1015 893 1042 in
916 1022 978 1043 con-

133 1063 268 1095 trarium,
288 1062 362 1099 quod
385 1062 420 1091 de
435 1070 536 1099 genere
550 1062 674 1090 humano
689 1062 786 1090 debuit
801 1061 976 1096 satisfacere3

133 1109 299 1143 dicendum,
328 1109 400 1145 quod
431 1117 484 1136 non
513 1112 554 1137 est
583 1108 692 1142 simile,
721 1108 787 1145 quia
815 1109 904 1145 potuit
931 1108 978 1136 ali—

133 1157 196 1193 quis
217 1163 278 1184 esse
306 1156 340 1184 de
372 1163 473 1192 genere
505 1155 667 1189 hominum,
688 1155 735 1192 qui
758 1155 978 1183 communicaret

133 1210 197 1231 cum
219 1202 380 1230 hominibus
402 1202 428 1230 in
450 1205 550 1230 natura
581 1205 608 1230 et
629 1210 683 1230 nou
704 1202 924 1230 communicaret
950 1202 976 1230 in

133 1249 224 1285 culpa.
245 1248 303 1276 Non
325 1248 364 1277 sic
385 1251 479 1276 autem
501 1251 542 1276 est
563 1248 598 1277 de
619 1248 721 1280 Adam,
743 1248 821 1285 quia,
853 1256 888 1276 ex
921 1257 977 1285 quo

133 1295 271 1332 peccavit,
293 1294 480 1323 necessarium
503 1294 566 1328 fuit,
589 1295 679 1331 ipsum
696 1302 840 1331 peccasse3
855 1295 917 1323 etsi
941 1295 978 1322 Fi-

133 1342 188 1371 lius
209 1342 256 1370 Dei
279 1342 369 1379 ipsum
391 1342 582 1375 assumsisset,
597 1350 662 1370 eum
678 1342 725 1378 qui
741 1349 846 1378 poenae
868 1341 977 1370 debitor

132 1392 208 1424 erat,
229 1392 385 1418 assumeret
398 1388 421 1421 ²;
442 1389 505 1417 ideo
526 1397 579 1417 non
602 1392 643 1417 est
658 1388 757 1416 simile.

211 1437 238 1464 2.
259 1436 297 1464 Ad
319 1436 389 1465 illud
410 1436 485 1472 quod
500 1435 644 1466 obiicitur,
666 1435 741 1472 quod
757 1435 867 1463 nullum
889 1435 977 1472 magis

133 1483 212 1512 decet
233 1483 342 1520 puniri,
364 1490 449 1519 quam
482 1490 546 1511 eum
578 1483 625 1519 qui
648 1482 786 1519 peccavit3
808 1482 976 1515 dicendum,

132 1530 207 1567 quod
229 1537 328 1558 verum
350 1533 392 1558 est
412 1530 446 1558 de
462 1537 550 1566 poena
564 1529 675 1558 divinae
690 1529 828 1562 ultionis,·
849 1529 898 1558 sed
919 1538 972 1558 non

132 1580 174 1605 est
195 1584 293 1605 verum
310 1576 344 1605 de
360 1584 447 1613 poena
468 1576 579 1605 divinae
594 1576 780 1613 placationis.
803 1576 887 1613 Magis
901 1576 975 1605 enim

132 1624 207 1653 Deus
228 1624 332 1661 placari
347 1623 437 1660 potuit
453 1631 502 1660 per
520 1631 635 1660 poenam
653 1623 805 1652 innocentis
826 1631 910 1660 quam
926 1631 976 1660 per

133 1678 250 1708 poenam
273 1670 312 1699 rei
333 1674 360 1699 et
381 1669 491 1704 iniusti;
513 1673 540 1699 et
555 1670 646 1698 taliter
662 1670 777 1706 punitus
792 1673 834 1699 est
848 1670 976 1698 Christus

133 1725 184 1754 pro
205 1717 324 1754 peccatis
355 1717 465 1745 nostris.
497 1716 606 1745 Nullius
637 1717 711 1745 enim
743 1717 859 1745 alterius
887 1724 975 1753 poena

133 1766 241 1801 poterat
261 1771 322 1792 esse
343 1762 483 1791 sufficiens
506 1763 636 1791 meritum
659 1762 860 1796 satisfactionis,
882 1771 977 1799 quam-

133 1810 175 1839 vis
195 1813 268 1839 esset
288 1817 410 1847 aequum
432 1809 649 1838 instrumentum
672 1809 782 1838 divinae
804 1809 925 1838 ultionis.

1822 195 1877 223 265

1115 270 1141 298 3.
1163 269 1200 298 Ad
1224 270 1292 298 illud
1315 271 1389 307 quod
1411 271 1541 300 obiicitur
1563 271 1597 299 de
1625 271 1766 300 curatione
1788 272 1879 301 morbi

1037 316 1063 343 in
1086 316 1195 350 radice,
1217 317 1383 351 dicendum,
1415 318 1491 354 quod
1522 325 1622 346 verum
1644 321 1700 352 est,
1722 318 1797 355 quod
1818 327 1879 356 per-

1036 362 1132 390 fectior
1153 366 1195 391 est
1216 364 1338 396 curatio.
1359 364 1407 392 ubi
1430 364 1511 392 radix
1539 365 1576 393 ita
1608 368 1698 401 potest
1719 365 1878 402 purificari,

1037 409 1108 437 sicut
1128 417 1240 443 ramus;
1261 411 1300 439 sic
1321 415 1414 439 autem
1437 420 1489 439 non
1512 415 1553 440 est
1577 412 1602 440 in
1629 412 1779 448 proposito.
1811 412 1878 441 Nam

1036 454 1086 482 etsi
1109 455 1193 483 Adam
1215 456 1284 484 adeo
1307 457 1448 493 purificari
1471 461 1578 494 posset,
1602 461 1632 486 ut
1646 458 1750 487 nullam
1767 459 1877 495 culpam

1036 504 1104 528 actu
1126 500 1251 535 liaberet,
1274 511 1416 539 nunquam
1439 507 1529 532 tamen
1553 505 1591 533 sic
1613 504 1753 541 purificari
1776 506 1878 542 potuit,

1036 550 1067 575 ut
1088 547 1192 576 nullam
1222 548 1333 585 culpam
1356 548 1511 578 habuisset.
1535 551 1565 578 Et
1593 551 1645 579 hoc
1666 551 1778 588 quidem
1802 552 1878 580 dece-

1034 594 1081 622 bat
1104 594 1207 623 babere
1229 595 1276 623 Dei
1309 599 1336 624 et
1370 596 1514 624 hominum
1546 597 1744 632 mediatorem,
1775 601 1806 627 ut
1827 607 1878 627 sua

1036 640 1174 669 oblatione
1205 641 1375 670 sufficienter
1407 643 1529 679 placaret
1561 644 1736 672 severitatem
1768 645 1878 674 divinae

1037 687 1165 716 iustitiae.
1187 704 1226 708 —
1245 688 1319 716 Aliae
1340 689 1422 717 etiam
1452 690 1572 718 rationes
1598 694 1677 725 sunt,
1699 699 1786 728 quare
1808 700 1879 720 mor·
1892 696 1974 729 De÷³1ii÷
1990 701 2019 715 ra-

1036 733 1089 762 bus
1111 734 1136 761 in
1159 742 1209 762 sua
1230 735 1336 771 origine
1358 737 1452 764 curari
1474 744 1527 764 non
1550 737 1662 771 debuit,
1685 738 1733 766 sed
1756 738 1818 766 illae
1839 746 1880 767 as·
1893 720 1980 738 *mmm

1036 780 1158 816 signatae
1180 784 1245 809 sunt
1266 781 1293 809 in
1315 782 1437 810 secundo
1469 783 1540 811 libro
1561 783 1588 811 in
1620 786 1738 813 tractatu
1765 784 1799 813 de
1819 792 1880 821 pec-

1036 831 1096 855 cato
1117 828 1243 864 originali
1257 828 1278 863 ³,
1300 831 1327 857 et
1348 829 1458 865 aliquae
1474 829 1499 857 in
1521 833 1634 866 quartO,
1657 830 1683 858 in
1705 833 1824 859 tractatu
1845 832 1879 860 de

1035 874 1214 903 Sacramento
1235 874 1374 911 baptismi.

1114 922 1140 949 [1.
1163 922 1201 950 Ad
1224 921 1293 950 illud
1315 922 1390 959 quod
1419 922 1565 957 obiicitur,
1597 924 1670 960 quod
1704 932 1757 952 non
1786 924 1881 961 purifi-

1035 971 1135 996 cantur
1157 976 1205 1005 per
1227 969 1360 1005 Spiritum
1393 973 1519 997 sanctum
1549 970 1600 998 nisi
1632 971 1756 1005 animae,
1777 971 1880 1008 quibus

1035 1015 1132 1043 unitur
1147 1023 1197 1052 per
1211 1023 1334 1044 amorem
1348 1027 1354 1050 ;
1374 1016 1532 1050 dicendum,
1555 1017 1629 1053 quod
1652 1025 1705 1045 non
1721 1020 1762 1046 est
1777 1018 1879 1052 simile,
1894 1023 2007 1042 Nomadum-

1035 1062 1101 1099 quia
1121 1062 1201 1090 aliter
1216 1062 1402 1099 purificantur
1417 1070 1467 1099 per
1482 1063 1643 1097 Christum,
1665 1063 1745 1092 aliter
1760 1072 1809 1100 per
1825 1065 1880 1101 Spi-

1036 1109 1121 1136 ritum
1145 1113 1281 1137 sanctum.
1305 1109 1354 1137 Per
1376 1109 1508 1146 Spiritum
1543 1113 1668 1138 sanctum
1691 1118 1811 1147 namque
1832 1119 1880 1148 pu-

1035 1155 1180 1184 rificantur
1196 1155 1267 1184 sicut
1282 1163 1331 1192 per
1346 1164 1459 1184 causam
1482 1155 1641 1194 effectivam
1651 1179 1658 1190 ,
1675 1157 1722 1185 sed
1738 1165 1789 1194 per
1803 1158 1879 1185 Chri-

1035 1205 1110 1230 stum
1126 1205 1257 1239 tanquam
1273 1210 1322 1239 per
1337 1210 1450 1231 causam
1472 1203 1655 1231 meritoriam
1667 1204 1684 1231 ⁴.
1710 1204 1740 1232 Et
1755 1205 1820 1241 quia
1834 1205 1881 1233 ali-

1035 1248 1097 1285 quis
1113 1251 1202 1285 potest
1222 1249 1325 1277 mereri
1347 1249 1392 1277 alii
1414 1250 1525 1278 diverso
1546 1258 1562 1278 a
1583 1258 1627 1284 se;
1650 1251 1714 1279 hinc
1735 1254 1785 1285 est,
1804 1251 1879 1288 quod

1035 1303 1089 1323 non
1104 1299 1228 1332 oportet,
1250 1296 1430 1325 mediatorem
1447 1297 1495 1325 Dei
1511 1300 1537 1325 et
1553 1297 1696 1326 hominum
1714 1298 1752 1326 sic
1767 1298 1880 1327 cuilibet

1036 1342 1118 1376 uniri,
1140 1342 1212 1370 sicut
1233 1343 1352 1379 Spiritus
1374 1347 1495 1372 sanctus.
1517 1360 1555 1364 —-
1577 1344 1622 1372 Est
1643 1344 1724 1372 etiam
1753 1344 2009 1393 diffesefl·„ssg{}¹,ffiffe'

1036 1388 1072 1416 tia
1094 1389 1120 1416 in
1142 1389 1262 1421 unione,
1284 1389 1349 1426 quia
1371 1390 1490 1426 Spiritus
1511 1393 1623 1419 sanctus
1645 1390 1769 1419 illabitur
1790 1391 1878 1426 nobis,
1955 1388 1960 1392 '

1035 1435 1072 1463 ita
1094 1439 1199 1469 tamen,
1224 1436 1298 1472 quod
1320 1444 1374 1464 non
1397 1436 1494 1465 unitur
1515 1437 1594 1465 nobis
1609 1437 1711 1466 unione
1726 1438 1879 1474 personali,

1034 1490 1106 1519 quae
1128 1482 1206 1512 facit.
1222 1482 1353 1510 idiomata
1369 1483 1583 1517 communicari3
1600 1484 1673 1512 unde
1695 1492 1747 1512 non
1763 1487 1804 1512 est
1818 1492 1879 1521 pec-

1034 1532 1125 1563 cator,
1147 1530 1276 1566 quamvis
1297 1529 1429 1558 illabatur
1462 1531 1608 1566 peccatori.
1641 1530 1693 1559 Sed
1716 1531 1799 1560 Filius
1820 1532 1880 1559 uni-

1034 1578 1081 1604 tur
1102 1576 1203 1604 unione
1225 1576 1380 1613 personali,
1402 1576 1428 1604 in
1451 1584 1506 1613 qua
1520 1580 1561 1605 est
1578 1577 1740 1606 idiomatum
1756 1586 1878 1607 commu-

1034 1622 1149 1656 nicatio;
1171 1626 1198 1651 et
1220 1623 1283 1651 ideo
1304 1631 1357 1651 non
1383 1624 1422 1652 sic
1444 1624 1537 1652 decuit
1560 1624 1651 1660 ipsum
1673 1625 1747 1653 uniri
1768 1625 1877 1654 animae

1034 1669 1197 1705 peccatrici,
1229 1669 1300 1698 sicut
1327 1669 1406 1698 decet
1437 1670 1570 1707 Spiritum
1602 1674 1729 1699 sanctum
1759 1671 1828 1699 mitti
1851 1672 1877 1700 in

1033 1723 1094 1744 eam
1115 1715 1253 1749 animam,
1276 1723 1348 1752 quae
1369 1716 1448 1752 prius
1463 1716 1515 1744 suit
1536 1717 1687 1753 peccatrix.
1704 1717 1734 1745 Et
1750 1717 1788 1746 sic
1805 1721 1878 1754 patet

1033 1765 1122 1790 totum
1135 1761 1154 1790 ⁶.

853 1896 1088 1930 ARTICULUS
1114 1897 1151 1929 ll.

510 1979 550 2007 De
571 1978 732 2007 conditione
754 1983 881 2007 naturae
901 1982 1052 2007 assumtae
1073 1979 1171 2017 quoad
1192 1978 1314 2007 liberum
1336 1979 1506 2008 arbitrium.

211 2066 418 2103 Consequenter
438 2065 584 2103 quaeritur
615 2066 649 2094 de
681 2065 837 2094 conditione
858 2069 975 2094 naturae

133 2117 273 2142 assumtae
293 2117 428 2150 quantum
461 2112 495 2141 ad
527 2113 647 2141 liberum
669 2113 827 2141 arbitrium.
851 2113 881 2141 Et
901 2113 975 2141 circa

133 2160 186 2189 hoc
207 2160 332 2189 incidunt
353 2160 410 2188 duo
432 2159 604 2188 dubitabilia.

1113 2066 1204 2094 Primo
1225 2066 1384 2103 quaeritur,
1408 2069 1504 2095 utrum
1527 2066 1573 2095 ille
1594 2066 1678 2095 homo
1698 2074 1814 2104 peccare
1835 2076 1881 2104 po-

1033 2113 1126 2142 tuerit.

1111 2159 1254 2194 Secundo,
1275 2163 1372 2188 utrum
1394 2160 1544 2197 potentiam
1568 2160 1699 2197 peccandi
1722 2160 1859 2189 babuerit.

905 2246 1068 2283 QUAESTIO
1090 2246 1108 2274 1.

729 2321 833 2349 Utrum
857 2320 991 2349 Christus
1011 2321 1140 2358 potuerit
1157 2329 1287 2357 peccare.

212 2395 290 2424 Circa
306 2395 426 2432 primum
440 2395 478 2423 sic
494 2395 654 2432 proceditur
668 2399 696 2424 et
710 2395 864 2433 quaeritur,
879 2399 975 2423 utrum

134 2441 261 2470 Christus
282 2442 403 2478 potuerit
424 2449 548 2478 peccare.
570 2442 600 2471 Et
625 2442 699 2479 quod
723 2442 775 2476 sic,
798 2441 916 2470 videtur.

216 2490 238 2517 l.
262 2488 441 2518 Ecclesiastici
464 2488 605 2526 trigesimo
621 2489 711 2526 primo
723 2489 733 2502 ⁴³
749 2488 851 2517 dicitur
873 2488 899 2516 in
916 2488 976 2516 lau-

135 2535 198 2564 dem
221 2535 272 2563 viri
295 2535 373 2564 iusti:
398 2535 455 2571 Qui
479 2535 573 2572 potuit
605 2535 789 2572 trumyredi,
811 2538 836 2562 et
856 2543 914 2562 non
936 2538 977 2562 est

199 2629 205 2643 ¹
224 2629 352 2657 Respicitur
369 2629 424 2651 illud
443 2629 456 2650 l.
475 2629 530 2656 licg.
549 2629 589 2655 22,
608 2629 651 2650 221
670 2629 717 2656 Ego
735 2634 785 2650 sum
804 2635 857 2650 rens
873 2629 976 2651 omnium

135 2669 262 2690 animarum
289 2669 360 2696 patris
377 2669 415 2689 tui.
434 2668 546 2695 anselm,
565 2668 578 2689 Ι.
595 2667 641 2689 Cur
659 2667 719 2689 Deus
736 2668 818 2695 11111110,
836 2673 854 2689 c.
873 2667 914 2695 23,
938 2667 977 2689 ubi

135 2706 211 2734 docet,
229 2713 271 2734 per
287 2706 458 2734 redemptorem
476 2706 590 2727 iustificari
608 2706 693 2728 debere
710 2712 790 2728 omues
808 2707 923 2732 homines„
936 2707 977 2729 uit:

137 2754 147 2767 (1
161 2746 205 2767 Sed
224 2746 266 2767 boc
278 2747 351 2767 tacere
370 2745 496 2767 nullan—nus
509 2748 582 2772 potest
594 2745 662 2766 11011111
675 2748 790 2773 peccator,
804 2746 857 2773 quia
872 2749 978 2773 pcccator-

135 2789 279 2813 peccatorem
296 2785 417 2806 insum-are
435 2785 512 2812 nequit
529 2792 549 2806 ι.
570 2796 599 2800 —-
620 2784 688 2805 Paulo
711 2784 803 2805 insi-rius
826 2790 868 2811 pro
892 2783 978 2806 vertum

136 2823 221 2853 qnod...
237 2824 315 2852 posset
333 2823 381 2845 Vnt.
401 2829 441 2846 nec
459 2824 537 2845 tunc...
553 2823 643 2852 posset,
662 2822 714 2844 cdd.
737 2823 758 2850 1,
777 2823 790 2844 2
807 2828 877 2845 uon..
894 2822 976 2852 potuit.

198 2862 207 2877 ἵ
225 2863 280 2884 Edd.
298 2861 455 2885 assumsisset.

201 2900 211 2915 ³
226 2901 278 2923 Dist.
297 2902 333 2923 32.
351 2908 371 2923 a.
392 2902 410 2923 1,
427 2908 450 2930 11.
468 2901 488 2923 2.
507 2901 527 2922 in
545 2907 607 2928 corp.
620 2903 642 2922 et
653 2900 708 2922 dub.
728 2901 744 2927 Ι,
758 2906 799 2922 uec
811 2906 855 2922 non
869 2901 903 2922 iv.
916 2902 977 2922 Seni.

137 2940 159 2962 d.
178 2939 198 2962 t,
215 2947 238 2968 p.
256 2940 270 2962 Ι.
288 2947 307 2962 a.
329 2941 346 2963 1.
364 2947 386 2969 q.
405 2941 425 2962 2.

201 2979 209 2992 ⁴
227 2979 283 3001 Vide
301 2986 369 3007 supra
388 2979 410 3001 d.
431 2980 464 3002 10.
483 2986 502 3001 n.
521 2980 541 3001 2.
560 2986 582 3008 q.
600 2980 629 3007 2,
647 2979 668 3001 (1,
692 2980 724 3000 ll.
741 2986 760 3001 «¹1.
783 2979 800 3001 Ι.
819 2985 840 3007 q.
859 2979 887 3006 3,
906 2979 928 3001 d.
944 2980 976 3001 19.

261 3030 285 3054 S.
304 3030 395 3053 Bonav.
413 3042 443 3045 —
460 3030 526 3052 Tom.
545 3030 576 3052 ΙΙΙ.

1034 2399 1256 2432 transgressae,-
1271 2395 1318 2423 sed
1335 2395 1425 2423 omnis
1440 2394 1501 2423 laus
1516 2395 1647 2432 competit
1662 2395 1784 2430 Christo,
1806 2403 1877 2432 quae

1033 2441 1164 2478 competit
1185 2441 1266 2469 alicui
1299 2441 1360 2470 eius
1393 2441 1532 2469 membro:
1565 2449 1631 2478 ergo
1654 2441 1780 2475 videtur,
1802 2442 1876 2478 quod

1034 2487 1102 2515 illud
1126 2487 1215 2523 potuit
1236 2488 1288 2515 dici
1313 2487 1338 2515 in
1362 2487 1471 2516 laudem
1495 2487 1611 2516 Christi:
1634 2495 1700 2524 ergo
1721 2492 1772 2516 etc.

1112 2535 1138 2562 2.
1161 2534 1242 2568 item,
1264 2534 1467 2571 Augustinus72
1489 2535 1640 2563 «ltleliores
1655 2534 1788 2563 iudicavit
1805 2536 1878 2564 Deus

1035 2635 1054 2650 a.
1077 2629 1094 2650 1.
1111 2635 1133 2657 (1.
1156 2629 1213 2656 1;1,
1231 2629 1292 2650 Sem.
1310 2628 1332 2650 d.
1354 2628 1387 2650 tl».
1405 2635 1425 2650 a.
1443 2629 1464 2650 2.
1482 2635 1504 2657 q.
1522 2629 1551 2655 2,
1569 2628 1591 2650 d.
1611 2629 1646 2650 «17.
1665 2635 1688 2657 p.
1706 2629 1719 2651 l.
1738 2635 1759 2657 q.
1783 2630 1799 2657 l,
1817 2632 1838 2651 et
1857 2629 1877 2650 ll.

1035 2668 1094 2689 Sent.
1113 2667 1135 2689 d.
1154 2668 1190 2690 26.
1208 2674 1229 2696 11.
1248 2668 1268 2689 2.
1287 2680 1316 2683 —
1335 2668 1434 2689 Primum
1454 2668 1521 2689 huius
1538 2668 1603 2690 solut.
1621 2669 1763 2690 enuntiatum
1781 2667 1833 2689 edd.
1847 2668 1879 2690 sic

1035 2709 1166 2728 mutarunt:
1184 2705 1221 2729 Ad
1237 2705 1297 2728 ittud
1313 2705 1376 2735 quod
1392 2705 1513 2734 obiicitur,
1533 2706 1596 2735 quod
1607 2705 1688 2728 anima
1706 2712 1752 2729 non
1769 2706 1879 2736 purifica-

1035 2746 1075 2768 tur
1091 2751 1134 2774 per
1150 2745 1265 2774 Spiritum
1286 2746 1409 2773 sunctum,
1435 2744 1483 2767 nisi·
1507 2744 1601 2768 animae
1625 2745 1726 2768 uniatur
1749 2751 1793 2775 per
1816 2751 1879 2768 amo-

1035 2790 1085 2806 rem
1102 2787 1143 2806 etc.
1162 2784 1256 2806 insci-ius
1273 2790 1315 2812 pro
1332 2783 1393 2807 strui
1409 2783 1513 2813 Spiritus
1533 2785 1630 2807 sanctus
1653 2791 1696 2806 non
1721 2786 1786 2812 pauci
1810 2785 1877 2807 codd.

1035 2822 1095 2846 sicut
1111 2822 1228 2851 Spiritum
1244 2823 1361 2846 sanctum.

1097 2861 1107 2876 ⁵
1123 2861 1178 2883 (3011.
1197 2861 1227 2884 bb
1244 2862 1307 2890 putet
1322 2861 1434 2891 primum.
1454 2874 1483 2878 -—
1501 2862 1558 2884 Vide
1575 2862 1676 2884 scholion
1695 2862 1723 2884 nd
1742 2862 1879 2890 praeceden-

1035 2904 1080 2922 tem
1099 2904 1185 2928 quaest.

1097 2939 1107 2954 ὅ
1125 2940 1188 2962 ers.
1211 2941 1243 2962 10.

1096 2979 1106 2994 7
1122 2979 1153 3001 De
1172 2979 1229 3001 Vera
1249 2980 1319 3007 nelig.
1337 2986 1356 3002 c.
1379 2979 1412 3001 it.
1431 2987 1451 3002 11.
1470 2980 1515 3002 27:
1542 2980 1661 3002 Voluntati:
1686 2986 1743 3008 orgo
1761 2983 1877 3008 peccatur.

1723 3030 1751 3053 34
