2166 3366
875 184 956 212 DIST.
979 184 1019 212 xl.
1042 185 1148 213 DUBlA.

139 261 265 289 Christus
287 264 329 289 est
358 261 440 289 homo
469 261 600 295 divinus3
625 261 792 294 dicendum,
820 262 894 298 quod
918 270 981 290 non.

138 307 204 336 Nam
226 315 290 336 cum
312 307 351 336 sic
372 307 490 342 dicitur,
511 307 630 336 divinus
648 315 702 335 non
725 310 814 343 potest
836 307 928 336 dicere
944 309 982 336 di-

138 355 280 383 vinitatem
295 362 345 391 per
360 354 475 382 modum
492 352 698 390 informantis,
714 361 764 382 nec
778 354 981 390 possessionem

137 409 187 438 per
209 401 323 429 modum
353 400 491 434 actionis,
521 400 569 428 sed
592 400 681 428 solum
704 408 754 437 per
781 400 895 429 modum
914 409 982 437 pas-

136 448 244 481 sionis,
260 455 310 484 per
324 454 408 484 quem
423 447 537 475 modum
553 446 619 475 dicit
640 447 787 483 Dionysius
801 447 823 475 ¹:
847 447 982 475 divinissi-

137 502 202 523 mus
223 493 337 528 Paulus,
359 493 402 521 vel
425 492 616 521 divinissimus
638 493 760 522 loannes.
782 493 858 522 Unde
880 493 982 530 impro-

137 540 214 578 priae
240 542 305 568 sunt
326 539 394 568 tales
416 539 568 568 locutiones
589 539 623 567 de
651 539 768 568 Christo.
799 540 829 568 Et
857 542 982 576 propter-

136 595 168 616 ea
189 585 339 624 Magister²
361 586 486 614 concedit
514 593 610 614 earum
637 586 791 623 oppositas,
813 594 877 614 cum
900 587 980 615 dicit:

141 633 296 662 «Christus
317 633 471 662 secundum
489 632 629 661 hominem
652 636 694 661 est
713 632 807 669 aliqua
826 633 982 662 substantia

136 689 190 709 non
212 680 351 714 divina»,
373 680 400 708 id
422 683 464 708 est
484 688 538 708 non
560 679 708 708 informata
732 679 891 714 divinitate,
916 680 981 717 quia

135 730 178 756 est
198 727 352 756 substantia
373 729 474 755 creata.
497 726 560 755 Ideo
581 734 647 755 sane
666 726 791 755 concedit
812 726 981 763 praemissas

135 777 163 802 et
184 776 265 810 negat
285 773 489 802 conclusionem
511 772 617 806 dicens,
638 776 782 809 peccatum
804 780 864 801 esse
890 773 916 801 in
933 772 979 801 tali

136 819 258 848 illatione
271 819 289 847 ⁸.

493 913 560 941 DnB.
581 912 624 941 IV.

214 1007 280 1036 item
301 1006 447 1043 quaeritur
461 1006 496 1035 de
517 1006 570 1034 hoc
591 1006 666 1043 quod
681 1006 762 1040 dicit,
784 1006 859 1044 quod
874 1015 909 1035 eac
925 1010 979 1035 tro-

132 1053 209 1091 picis·
237 1053 430 1082 locutionibus
457 1062 516 1082 non
543 1057 683 1082 ostreata
712 1053 979 1090 arqztonelttationis

130 1100 287 1138 processio.
309 1100 400 1128 Primo
421 1100 495 1128 enim
517 1099 641 1134 videtur,
663 1100 738 1137 quod
761 1099 878 1128 verbum
907 1099 978 1128 illud

134 1147 202 1176 nihil
225 1147 306 1175 faciat
326 1146 361 1175 ad
376 1146 563 1183 propositum,
584 1146 650 1184 quia
671 1147 749 1175 nulla
770 1147 977 1183 praedictarum

134 1193 303 1223 locutionum
333 1197 374 1222 est
402 1193 537 1230 tropica,-
562 1193 638 1222 nulla
669 1193 742 1222 enirn
776 1193 812 1222 ibi
838 1197 879 1222 est
906 1197 978 1222 tran-

133 1240 248 1275 sumtio‚
271 1241 356 1269 immo
377 1240 532 1269 secundum
558 1241 755 1277 proprietatem
782 1241 919 1270 sermonis
940 1241 978 1270 di-

133 1291 244 1317 cuntur.
259 1305 298 1308 —
313 1287 395 1322 Item,
417 1287 529 1316 videtur
550 1295 610 1317 esse
632 1287 843 1325 falsnnuquod
866 1296 902 1317 ex
923 1292 978 1317 tro—

129 1335 206 1373 picis
220 1335 407 1364 locutionibus
428 1343 482 1363 non
497 1338 538 1364 est
560 1338 635 1363 recta
649 1335 897 1372 argumentationis
916 1344 978 1372 pro-

132 1381 233 1415 cessio,
254 1381 320 1418 quia
340 1384 388 1409 aut
413 1384 478 1409 sunt
498 1389 597 1414 verae,
623 1384 672 1409 aut
696 1379 808 1418 falsam
832 1381 854 1409 si
878 1389 974 1415 verae,

132 1435 168 1457 ex
190 1427 264 1456 veris
285 1428 418 1464 contingit
440 1427 542 1456 inferre
564 1435 681 1456 verum:
704 1435 770 1464 ergo
792 1430 866 1456 recta
888 1431 977 1464 potest

131 1482 167 1503 ex
184 1474 287 1503 talibus
302 1474 488 1503 locutionibus
509 1474 713 1511 argumentatio
733 1474 806 1508 tieri;
829 1474 851 1502 si
865 1473 976 1511 falsae;

131 1521 180 1550 sed
196 1529 232 1550 ex
254 1521 330 1550 falsis
344 1524 434 1558 potest
449 1524 522 1550 recte
544 1521 639 1550 inferri
655 1521 769 1555 salsum,
789 1525 879 1558 potest
893 1522 976 1550 etiam

131 1571 159 1596 et
186 1575 286 1596 verum
301 1568 321 1595 ⁴:
350 1568 462 1596 videtur
490 1567 591 1605 igitur,
620 1568 695 1605 quod
718 1568 786 1596 nihil
809 1568 844 1596 sit
869 1568 975 1596 dictum

132 1614 184 1643 hoc
199 1614 274 1651 quod
289 1614 417 1651 Magister
439 1614 513 1643 dicit.
524 1631 564 1636 —-
575 1615 620 1643 llic
635 1615 719 1643 etiam
735 1615 835 1643 modus
850 1615 974 1644 solvendi

131 1660 244 1689 videtur
273 1661 427 1696 inauditus,
452 1661 518 1698 quia
549 1669 603 1689 non
636 1665 678 1690 est
698 1670 753 1698 per
785 1661 977 1698 interemptio-

131 1715 195 1735 nem
220 1715 271 1736 nec
290 1715 342 1744 per
363 1707 550 1739 divisionem,-
572 1707 667 1736 nullus
688 1707 761 1736 enim
783 1707 862 1735 locus
883 1707 976 1744 sophi-

129 1754 221 1784 sticus
242 1758 299 1788 est,
320 1762 371 1783 nec
391 1754 417 1782 in
440 1754 563 1782 dictione
588 1762 638 1783 nec
660 1759 759 1788 extra,
787 1755 868 1783 cuius
889 1754 974 1784 disso-

131 1801 200 1830 lutio
220 1803 316 1830 currat
337 1800 492 1829 secundum
514 1801 586 1829 hanc
609 1801 682 1829 viam
696 1801 714 1828 ⁵.

209 1848 382 1876 Raseonnao:
399 1847 565 1882 Dicendum,
583 1847 658 1884 quod
674 1847 804 1884 tropicus
819 1855 912 1877 sermo
926 1848 975 1877 du-

0 1898 120 1942 fflffssssrffiss'
132 1895 240 1933 pliciter
262 1898 351 1932 potest
372 1894 437 1923 dici:
460 1902 517 1923 uno
537 1902 658 1932 namque
682 1894 764 1923 modo
786 1895 915 1931 tropicus
936 1895 975 1923 di-

130 1945 203 1970 citur
216 1949 326 1975 sermo,
348 1941 375 1969 in
390 1949 446 1978 quo
466 1944 509 1970 est
522 1940 635 1978 aliquod
660 1941 756 1970 vitium
779 1941 873 1978 aliquo
895 1944 974 1979 tropo

193 2110 199 2125 ¹
219 2111 251 2133 De
273 2111 323 2133 Div.
344 2110 409 2133 Nom.
430 2117 449 2133 c.
472 2111 494 2133 7.
516 2110 530 2139 ἵ,
551 2111 576 2138 1,
599 2117 618 2133 c.
636 2111 657 2133 8.
675 2112 688 2139 ξς
706 2111 734 2137 6;
753 2111 822 2139 Epist.
840 2111 860 2133 5.
879 2111 907 2134 ad
932 2112 974 2134 Do-

129 2152 243 2174 rotheum.

193 2191 202 2205 ²
219 2191 260 2213 Hic
277 2197 295 2213 c.
314 2191 335 2213 2.

192 2229 202 2244 ³
219 2230 262 2252 Pro
278 2228 384 2252 illatione
400 2229 452 2252 cdd.
472 2228 594 2252 locutione.
612 2242 642 2246 —
659 2229 703 2252 Ctr.
717 2230 740 2252 B.
752 2229 849 2258 Athen,
862 2231 898 2252 hic
910 2236 930 2252 a.
943 2230 973 2259 5;

130 2268 188 2291 Petr.
205 2275 217 2291 a
236 2268 288 2290 Tar.
306 2271 327 2290 ct
345 2268 450 2291 Richard.
468 2275 479 2290 a
499 2268 569 2296 Med,
587 2269 623 2290 hic
640 2269 698 2291 circa
716 2269 746 2291 lit.

193 2306 202 2322 ⁴
220 2307 321 2335 Ariston,
340 2307 362 2329 11.
382 2308 451 2330 Prior.
468 2314 488 2330 c.
506 2308 535 2330 2:
553 2308 583 2330 Ex
607 2308 669 2330 veris
693 2314 750 2335 ergo
775 2314 819 2330 non
841 2313 874 2330 est
891 2308 973 2330 salsum

130 2346 276 2374 syllogizare,
294 2352 320 2368 ex
339 2346 399 2368 salsis
415 2349 491 2369 autem
509 2352 590 2369 verum
609 2350 650 2369 etc.
677 2346 721 2369 Ctr.
746 2353 816 2374 supra
838 2353 891 2375 pag.
913 2347 973 2375 177,

130 2389 182 2408 nota
200 2385 222 2407 6.

191 2424 201 2439 ⁵
218 2424 319 2452 Ariston,
338 2424 351 2446 1.
370 2424 460 2446 Elench.
477 2430 497 2446 c.
516 2424 536 2446 3.
555 2430 614 2452 seq.,
627 2423 735 2446 tredecim
748 2427 851 2447 recenset
862 2424 973 2452 tallacias,

130 2469 228 2492 quarum
246 2469 297 2490 sex,
315 2466 339 2485 ut
356 2463 459 2491 exponit,
477 2463 521 2486 sint
536 2462 561 2485 in
572 2462 672 2486 dictione
683 2470 690 2485 :
702 2463 871 2492 aequivocatio,
884 2464 974 2490 amphi-

130 2501 235 2529 bologia,
259 2502 407 2530 compositio,
430 2501 527 2530 divisio,
544 2504 652 2524 accentus
668 2505 690 2524 et
707 2501 780 2529 figura
799 2502 917 2528 dictionis,
941 2508 973 2524 se-

130 2543 192 2568 ptem
209 2541 279 2563 extra
305 2539 446 2563 dictionem:
464 2540 583 2568 accidens,
601 2540 729 2562 secundum
747 2540 803 2569 quid
820 2540 849 2562 ad
866 2541 973 2568 simplici-

130 2582 174 2607 ter,
192 2579 318 2607 ignorantia
336 2579 434 2606 elenchi,
452 2585 608 2608 consequens,
625 2579 703 2606 petitio
716 2579 831 2606 principii,
850 2585 971 2601 non-cansa

130 2619 155 2639 ut
171 2622 252 2644 causa,
270 2616 397 2639 seeundum
416 2616 493 2644 plures
510 2617 698 2644 interrogationes
715 2619 738 2638 nt
750 2623 802 2638 unu.
815 2616 869 2639 thid.
883 2616 906 2638 11.
918 2623 938 2639 c.
951 2617 972 2639 3.

132 2655 159 2682 (c.
180 2655 224 2683 18.)
242 2655 271 2677 de
288 2656 351 2678 recta
368 2654 484 2677 solutione
501 2655 549 2676 salsi
566 2655 693 2682 syllogismi
705 2661 789 2683 agens,
802 2655 917 2683 duplicem
930 2656 973 2677 sol-

130 2693 199 2715 vendi
217 2693 312 2715 modum
334 2694 396 2721 (quia
421 2693 570 2721 syllogismus
586 2693 655 2715 salsus
672 2699 721 2715 esse
739 2696 812 2721 potest
830 2694 864 2716 vel
882 2695 903 2716 in
928 2700 972 2716 ma-

131 2733 198 2760 teria,
209 2732 245 2754 vel
259 2732 280 2754 in
299 2733 380 2760 forma)
399 2733 506 2760 proponit
517 2731 610 2754 dicens:
627 2740 637 2751 «
651 2732 726 2760 Quare
738 2733 847 2760 contingit
858 2733 972 2755 orationes

130 2770 289 2798 syllogizantes
306 2771 399 2799 quidem
417 2770 551 2793 interimere
568 2769 593 2800 [l.
611 2777 630 2793 e.
644 2771 665 2792 in
679 2771 770 2793 materia
789 2771 855 2794 salsas
867 2771 971 2800 negareJ,

130 2812 267 2837 apparentes
284 2813 359 2832 autem
376 2808 515 2831 dividentem
527 2808 713 2839 [distinguendo]
725 2809 814 2832 solvere
826 2818 847 2832 ι.
859 2809 904 2832 Csr.
917 2814 970 2833 tom.

131 2847 145 2870 1.
163 2854 215 2876 pag.
234 2847 275 2876 s7,
294 2851 344 2870 noia
364 2847 384 2870 4.
401 2860 433 2864 —
450 2848 492 2870 l’ro
508 2847 644 2871 divisionem
669 2848 721 2870 cod.
740 2848 767 2870 W
785 2848 968 2877 distinctionem,

131 2887 198 2914 pauci
215 2887 250 2909 alii
268 2887 336 2909 codd.
354 2893 406 2909 cum
424 2887 476 2909 edd.
494 2886 658 2917 definitionem.

193 2925 203 2940 ⁶
220 2925 272 2948 Fab.
290 2926 432 2954 Quintilian..
451 2926 487 2948 tx.
506 2926 598 2948 lnstitnt.
611 2930 666 2948 orat.
679 2932 698 2948 c.
715 2927 720 2947 Ι
735 2931 740 2948 ;
754 2926 791 2948 Est.
802 2927 871 2954 igitur
888 2927 971 2956 tropus

131 2970 207 2987 sermo
224 2971 236 2987 a
255 2965 349 2987 naturali
367 2968 388 2988 rt
406 2965 523 2993 principati
541 2965 705 2993 significatione
721 2967 841 2988 translatus
852 2966 880 2988 ad
893 2967 970 2994 aliam,

1826 189 1881 216 959

1039 266 1215 291 excusatum.
1238 263 1283 292 Est
1308 264 1381 292 enim
1405 267 1505 300 tropus
1531 264 1633 301 figura,
1662 268 1688 293 et
1714 264 1816 302 figura
1841 269 1883 294 est

1040 309 1138 337 vitium
1153 310 1259 339 ratione
1275 315 1440 339 excusatum
1454 311 1472 338 ⁵.
1488 311 1545 339 Alio
1568 312 1649 340 modo
1665 312 1767 341 dicitur
1787 321 1882 341 sermo

1040 355 1169 392 tropicus
1190 357 1307 393 quilibet
1328 365 1433 392 sermo,
1459 358 1505 395 qui
1529 358 1612 387 habet
1633 358 1754 396 aliquam
1782 359 1883 396 impro-

1039 402 1197 439 prietatem,
1214 404 1261 432 sed
1280 407 1368 432 tamen
1385 408 1538 433 excusatur
1553 413 1602 442 per
1617 405 1738 442 aliquam
1755 406 1882 434 determi—

1038 449 1186 477 nationem.
1202 450 1269 478 Cum
1290 458 1356 487 ergo
1371 451 1437 479 dicit
1459 452 1598 488 Magister,
1614 452 1688 489 quod
1711 453 1761 481 iste
1777 461 1879 481 sermo:

1038 494 1165 523 Christus
1180 499 1221 524 est
1240 499 1369 525 creatura
1390 498 1544 526 secundnm
1561 499 1716 531 hominem.
1738 503 1780 528 est
1802 500 1883 537 tropi-

1038 548 1107 575 cus3
1130 541 1180 569 hoc
1202 542 1281 576 dicit,
1302 543 1367 579 quia
1392 544 1512 580 aliquam
1537 545 1618 573 habet
1644 546 1881 582 improprietatem

1038 591 1250 624 consurgentem
1273 596 1307 617 ex
1328 590 1510 626 repugnantia
1533 591 1735 625 intellectuum,
1751 601 1821 630 quae
1844 601 1883 622 re-

1038 637 1167 662 movetur
1194 642 1244 671 per
1276 635 1534 665 determinationem
1567 637 1735 666 adiunctam.
1770 639 1799 667 Et
1831 648 1882 676 pro

1038 683 1113 708 tanto
1134 685 1213 709 vocat
1235 681 1362 718 Magister
1388 683 1544 719 praedictas
1567 684 1718 713 locutiones
1744 686 1880 723 tropicas.

1037 744 1075 746 —
1091 727 1183 756 Posset
1203 728 1285 756 etiam
1307 728 1374 763 diei>
1396 729 1470 766 qnod
1492 733 1571 758 vocat
1593 738 1639 759 eas
1665 732 1794 768 tropicas
1814 733 1882 762 acci-

1037 773 1138 810 piendo
1159 777 1271 811 tropum
1296 783 1346 812 pro
1367 775 1477 813 fiyztra.
1500 777 1616 805 Possunt
1641 778 1713 806 enim
1737 779 1789 807 diei
1813 780 1881 809 tales

1037 820 1190 849 locutiones
1209 821 1434 859 synecdoclticae
1450 823 1470 856 ⁷,
1493 824 1558 860 quia
1579 824 1652 861 quod
1676 828 1717 853 est
1738 826 1824 862 partis
1844 830 1881 855 at-

1036 867 1171 896 tribuitur
1193 868 1256 903 1011,
1278 871 1304 897 et
1326 869 1461 906 accipitur
1483 869 1566 907 [sirpo
1593 871 1675 900 modo
1693 880 1768 908 pars
1797 877 1823 901 et
1845 877 1881 902 to-

1037 917 1112 947 tum,
1136 918 1166 942 ut
1187 914 1296 943 dicatur
1319 916 1441 944 humana
1457 920 1557 945 natura
1578 918 1699 954 quodam
1717 919 1799 947 modo
1820 927 1880 949 esse

1033 969 1108 997 pars
1131 965 1259 998 respectu
1280 962 1395 996 Christi,
1417 962 1480 991 licet
1501 971 1553 991 non
1577 964 1697 1001 proprie.
1722 965 1752 993 Et
1773 966 1811 994 sic
1836 975 1881 1003 po-

1037 1010 1089 1036 test
1103 1007 1170 1041 dici,
1192 1008 1267 1045 quod
1284 1009 1351 1037 tales
1371 1009 1523 1039 locutiones
1538 1011 1667 1047 tropicae
1685 1015 1750 1040 sunt
1764 1015 1790 1041 et
1805 1013 1879 1050 quod

1036 1053 1200 1090 figurativae
1225 1057 1290 1083 sunt
1315 1063 1365 1092 per
1390 1055 1602 1093 synecdochen,
1628 1058 1782 1086 secundum
1805 1059 1879 1095 quod

1034 1100 1209 1138 synecdoche
1223 1104 1264 1130 est
1279 1101 1367 1139 figura
1385 1102 1538 1132 locutionis.
1554 1104 1629 1132 Sicut
1640 1105 1713 1133 enirn
1727 1105 1822 1134 dicunt
1838 1114 1881 1143 pe-

1035 1146 1079 1175 riti
1101 1147 1127 1175 in
1143 1148 1336 1184 grammatica,
1350 1149 1545 1187 syneccloolte⁵
1565 1151 1715 1188 aliquando
1730 1155 1771 1180 est
1790 1152 1880 1189 ligura

1035 1193 1201 1228 locutionis,
1223 1195 1373 1232 aliquando
1395 1196 1484 1233 figura
1506 1198 1738 1226 constructionis.

1113 1242 1216 1270 Verum
1241 1242 1325 1279 igitur
1346 1243 1412 1271 dicit
1433 1244 1561 1281 Magister
1576 1244 1602 1272 in
1619 1244 1750 1279 dicendo,
1772 1246 1879 1282 praedi-

1034 1290 1092 1316 ctas
1114 1285 1266 1317 locutiones
1297 1297 1357 1318 esse
1389 1290 1535 1327 tropicas;
1565 1299 1663 1320 verum
1684 1292 1766 1321 etiam
1797 1292 1879 1328 dicit,

1034 1335 1108 1372 quod
1130 1343 1165 1363 ex
1189 1336 1301 1372 tropicis
1322 1344 1375 1364 non
1398 1341 1439 1365 est
1460 1341 1531 1366 recta
1549 1339 1798 1375 argumentationis
1820 1348 1880 1376 pro-

1034 1381 1129 1410 cessio.
1153 1382 1182 1410 Et
1205 1383 1274 1411 ratio
1296 1383 1381 1412 huius
1403 1387 1459 1417 est,
1481 1384 1613 1421 quoniam
1634 1385 1784 1423 aliquando
1800 1394 1880 1423 nega-

1034 1430 1080 1456 tur
1101 1428 1195 1465 aliqua
1218 1429 1319 1458 locutio
1341 1434 1455 1467 propter
1476 1431 1724 1468 improprietatem
1736 1443 1746 1465 ‚·
1767 1436 1794 1461 et
1815 1441 1877 1462 cum

1033 1474 1134 1511 aliquis
1155 1483 1247 1503 sermo
1268 1480 1422 1504 excusatur
1444 1477 1496 1505 suh
1518 1486 1574 1506 una
1596 1478 1700 1513 forma,
1715 1479 1737 1507 si
1757 1479 1804 1508 ssat
1819 1488 1879 1517 pro-

1033 1522 1121 1550 cessio
1139 1521 1175 1550 311
1197 1530 1353 1551 sermonem
1377 1523 1429 1551 sul]
1444 1523 1498 1551 alia
1519 1524 1623 1559 forma,
1646 1525 1672 1553 in
1694 1534 1749 1563 qua
1771 1534 1824 1554 non
1842 1526 1879 1554 111-

1034 1568 1109 1596 venit
1140 1569 1367 1601 excusationem,
1396 1571 1556 1607 proceditur
1584 1580 1600 1600 a
1631 1572 1784 1607 locutione,
1806 1581 1877 1610 quae

1033 1619 1202 1650 excusatur,
1233 1616 1267 1644 ad
1291 1624 1352 1645 eam
1374 1625 1446 1653 quae
1467 1626 1521 1646 non
1544 1618 1627 1647 habet
1648 1620 1877 1652 excusationem;

1032 1665 1059 1690 et
1081 1661 1119 1690 sic
1140 1662 1203 1690 talis
1223 1670 1371 1699 processus
1390 1663 1558 1701 impeditur,
1580 1665 1652 1694 sicut
1673 1666 1693 1694 si
1717 1667 1878 1702 procedere-

1033 1712 1079 1737 tur
1100 1717 1116 1736 a
1137 1716 1204 1737 vero
1225 1709 1259 1738 ad
1282 1709 1391 1738 salsum.
1416 1711 1491 1739 Unde
1513 1711 1580 1740 illud
1603 1717 1799 1749 argumentum
1822 1722 1875 1741 non

1033 1755 1123 1784 valet:
1147 1755 1197 1784 iste
1219 1759 1261 1784 est
1281 1756 1363 1785 albus
1384 1758 1538 1786 secundum
1562 1759 1677 1795 pedem,
1698 1767 1765 1797 ergo
1780 1765 1821 1789 est
1836 1769 1878 1789 co-

1033 1801 1139 1831 loratus
1171 1803 1325 1832 secundum
1355 1804 1454 1841 pedem
1466 1805 1484 1832 ³¹.
1506 1805 1639 1841 Quamvis
1660 1807 1732 1835 enim
1755 1807 1790 1835 ad
1819 1816 1877 1836 esse

1031 1848 1131 1877 album
1162 1853 1297 1886 sequatur
1328 1859 1387 1878 csse
1411 1851 1592 1885 coloratum,
1615 1856 1705 1881 tamen
1728 1861 1876 1890 processus

1032 1895 1193 1932 praedictus
1213 1904 1267 1924 non
1290 1896 1378 1931 valet,
1400 1897 1466 1934 quia
1491 1898 1569 1926 color
1590 1907 1643 1927 non
1666 1903 1707 1928 est
1729 1904 1811 1929 natus
1839 1901 1877 1929 in-

1031 1950 1091 1971 esse
1113 1943 1222 1979 corpori
1246 1943 1399 1972 secundum
1423 1949 1544 1981 partem,
1565 1946 1637 1974 sicut
1655 1946 1762 1975 albedo.
1780 1948 1809 1976 Et
1825 1948 1876 1977 hoc

1032 2112 1148 2134 ornandae
1165 2113 1273 2136 orationis
1290 2114 1369 2142 gratia.
1387 2113 1492 2143 Fiant-a,
1511 2115 1569 2137 sicut
1587 2116 1678 2138 nomine
1695 2117 1745 2144 ipso
1763 2120 1830 2145 putet,
1842 2121 1876 2140 est

1031 2151 1181 2174 conformatio
1199 2151 1313 2180 quaedam
1330 2153 1451 2181 orationis,
1470 2157 1556 2176 remota
1575 2161 1586 2175 a
1605 2156 1721 2177 communi
1739 2159 1762 2178 et
1774 2157 1875 2184 primum

1031 2196 1055 2212 se
1072 2191 1180 2213 offerente
1197 2191 1306 2213 ratione...
1324 2191 1419 2214 Duobus
1436 2192 1511 2214 modis
1528 2193 1610 2215 dieitur
1627 2192 1740 2223 [ngura]:
1754 2201 1806 2222 uno,
1819 2201 1876 2223 qua-

1031 2229 1159 2258 liscumque
1176 2230 1247 2252 torma
1266 2231 1413 2253 sententiae...
1431 2232 1513 2258 altero,
1532 2238 1578 2260 quo
1596 2233 1689 2260 proprie
1705 2232 1800 2256 schema
1822 2233 1875 2256 dici-

1031 2271 1077 2295 tur,
1095 2269 1117 2290 in
1135 2274 1203 2291 sensu
1229 2269 1264 2291 vel
1291 2275 1397 2291 sermone
1414 2270 1488 2298 aliqua
1507 2277 1518 2292 a
1537 2271 1627 2298 vulgari
1645 2274 1667 2293 et
1683 2272 1780 2299 simplici
1799 2273 1875 2300 specie

1030 2312 1083 2329 cum
1100 2308 1187 2329 ratione
1204 2308 1322 2330 mutatio...
1340 2308 1400 2336 Ergo
1416 2307 1497 2338 fiana
1514 2309 1542 2330 sit
1553 2313 1600 2331 arte
1613 2309 1688 2338 aliqua
1707 2313 1788 2332 novata
1801 2311 1873 2333 torma

1030 2345 1129 2368 dicendi.

1093 2384 1103 2398 ⁷
1119 2384 1190 2407 Codd.
1209 2385 1242 2407 111
1253 2385 1268 2406 L
1278 2386 1294 2407 Z
1304 2392 1329 2407 aa
1347 2385 1496 2415 synecdoche.
1514 2386 1559 2408 Ct'r.
1576 2393 1646 2414 supra
1664 2394 1717 2415 pag.
1732 2387 1774 2415 47,
1788 2391 1838 2410 nota
1854 2388 1872 2411 1.

1029 2434 1060 2439 -
1078 2423 1147 2445 l'aulo
1164 2424 1257 2446 interius
1275 2424 1324 2446 Vnt.
1342 2425 1423 2446 omittit
1440 2430 1501 2452 esse,
1516 2431 1558 2452 pro
1570 2431 1616 2454 quo
1630 2426 1721 2453 plurimi
1734 2426 1800 2449 codd.
1815 2428 1874 2449 exhi-

1030 2461 1084 2483 bent
1101 2463 1135 2484 est
1143 2470 1152 2490 ‚·
1170 2465 1270 2484 nostram
1287 2463 1406 2485 lectionem
1425 2463 1550 2486 detendunt
1567 2464 1634 2486 codd.
1653 2465 1670 2486 Κ
1682 2464 1721 2487 bl).

1092 2500 1102 2514 ⁸
1120 2501 1179 2523 Multi
1205 2501 1272 2523 codd.
1298 2505 1319 2523 et
1344 2501 1396 2524 odd.
1419 2502 1440 2530 l,
1459 2503 1472 2524 2
1497 2501 1659 2532 synecdoches.
1676 2515 1708 2520 ——
1724 2504 1872 2532 Synecdocne

1030 2542 1054 2561 ut
1072 2539 1144 2567 ligura
1163 2539 1286 2563 locutionis
1303 2543 1337 2562 est
1354 2541 1436 2568 positio
1454 2542 1523 2568 partis
1541 2547 1583 2569 pro
1601 2544 1658 2570 toto,
1677 2545 1698 2564 et
1715 2549 1727 2565 e
1744 2549 1872 2571 converso;

1029 2578 1174 2605 synecdoche
1191 2578 1373 2602 constructionis
1390 2582 1424 2601 est
1440 2580 1561 2602 associatio
1577 2582 1701 2603 accusativi
1720 2582 1755 2603 vet
1779 2581 1872 2604 ablativi

1029 2617 1177 2644 significantis
1194 2620 1282 2645 partem
1300 2624 1352 2640 cum
1372 2618 1470 2640 dictione
1487 2619 1628 2646 significante
1655 2621 1829 2648 proprietatem,
1848 2624 1872 2643 ut

1029 2654 1095 2677 albus
1112 2655 1191 2677 taciem
1209 2656 1292 2684 (tacte).
1311 2657 1366 2679 Hinc
1383 2657 1513 2684 Alexandri,
1532 2657 1554 2679 Ρ.
1572 2658 1594 2680 ΙΙ.
1611 2658 1736 2680 Graminat.
1754 2665 1772 2681 e.
1791 2659 1818 2681 de
1831 2659 1872 2681 Re-

1027 2693 1115 2723 9imine
1131 2694 1270 2723 accusativi,
1290 2702 1372 2718 versus
1389 2702 1469 2725 seqq:

1122 2758 1195 2785 Saepe
1212 2758 1274 2786 quod
1292 2762 1326 2780 est
1343 2759 1413 2786 partis
1431 2759 1468 2781 toti
1487 2759 1553 2781 datur
1570 2762 1591 2782 ct
1608 2760 1666 2788 regit
1683 2760 1755 2788 illam,

1122 2796 1159 2818 Est
1176 2796 1206 2818 ibi
1223 2797 1380 2825 synecdoche,
1399 2797 1491 2826 quando
1509 2798 1589 2820 faciem
1607 2799 1671 2826 nigra
1690 2799 1776 2822 dentes.

1089 2850 1098 2865 ⁹
1116 2851 1138 2872 ln
1157 2857 1200 2872 non
1220 2852 1299 2879 paucis
1315 2852 1382 2874 codd.
1401 2859 1442 2875 nec
1460 2859 1503 2875 non
1530 2853 1551 2875 in
1568 2853 1621 2876 edd.
1644 2854 1666 2881 l,
1689 2855 1702 2876 2
1728 2854 1871 2878 desideratur

1028 2889 1164 2912 secundum.
1183 2890 1225 2912 l‘ro
1240 2889 1321 2919 pedem
1339 2891 1388 2913 cod.
1407 2892 1423 2913 Λ
1442 2891 1509 2914 habet
1524 2891 1588 2921 pede.
1601 2893 1649 2915 Mox
1662 2895 1713 2920 post
1729 2899 1777 2916 csse
1789 2893 1870 2917 album

1028 2928 1079 2951 eod.
1097 2929 1114 2951 U
1132 2928 1195 2951 addit
1215 2929 1345 2952 secundum
1366 2929 1454 2959 pedem.
1476 2931 1596 2960 Aliquanto
1614 2932 1707 2954 inferius
1730 2939 1771 2961 pro
1792 2934 1870 2956 ezelen-

1027 2966 1116 2990 dentlae
1133 2967 1184 2990 edd.
1203 2968 1368 2992 concedendae.

1895 463 1923 481 Ad
1935 464 2021 487 primum.

1895 744 1936 762 Alia
1946 744 2022 763 solutio.

1893 1257 1920 1275 Ad
1945 1263 2009 1276 seeun-

1904 1281 1955 1299 dum.

1893 1397 2007 1417 Notandum.
