2166 3366
7 894 39 915 Ad
52 894 126 918 opposi-

45 919 90 936 111111.

752 200 834 228 DlS'r.
858 199 922 228 xix.
944 199 1015 228 ΛΒΤ.
1039 199 1055 227 Ι.
1078 198 1213 235 ΟΠᾸΕΞΤ.
1236 198 1263 226 ΙΙ.

137 278 234 316 ferreo
256 278 287 306 z‘n
301 287 399 315 nuque
413 278 607 307 adamantino
619 288 628 311 ;
642 278 691 306 sed
707 277 798 314 passio
813 277 912 306 Christi
934 285 983 306 nos

139 325 267 354 liberavit
295 324 332 353 ab
364 325 414 353 ira
443 329 589 353 ventura:
611 332 677 361 ergo
698 324 801 353 delevit
822 327 982 353 nostrarum

137 372 284 409 culparum
307 371 502 408 chirographa.

215 419 242 447 [1.
264 418 346 452 110111,
375 422 438 446 ante
466 418 618 446 adventum
651 417 751 446 Christi
783 417 865 446 etiam
897 417 982 446 sancti

138 466 231 494 Patres
253 465 323 494 iuste
344 464 541 493 detinebantur
563 464 588 492 in
613 464 716 498 limbo;
738 464 789 493 boc
810 468 903 492 antem
930 472 983 492 non

137 516 197 542 erat
228 512 279 541 nisi
312 515 425 549 propter
458 515 601 548 peccatum
625 512 712 545 Adae,
734 512 809 548 quod
831 519 985 548 praecesse-

137 563 179 589 rat
194 560 220 588 ¹:
243 568 309 597 ergo
331 562 475 596 peccatum
497 559 565 587 illud
588 559 681 587 adhuc
703 559 863 587 remanebat
886 559 911 587 in
932 566 986 587 me-

138 606 226 635 moria
253 609 384 643 tanquam
418 606 444 634 in
476 605 624 642 scriptura.
657 605 709 634 Sed
742 609 802 642 post
828 605 983 642 passionem

137 653 237 682 Christi
266 661 318 681 non
350 652 565 681 detinebantur:
586 660 652 688 ergo
676 652 802 686 videtur,
824 652 898 689 quod
921 652 986 681 scri-

137 702 220 737 ptura
242 699 303 734 illa,
326 706 375 736 per
396 706 481 736 quam
503 698 614 735 obligati
647 699 776 733 fuerunt,
808 699 899 727 deleta
925 699 984 727 l'uit.

139 746 230 775 Restat
251 746 351 783 igitur,
372 745 448 782 quod
470 745 598 773 Christus
620 745 646 773 in
669 745 796 781 passione
817 753 868 773 sua
883 745 985 774 delevit

138 792 286 830 culparum
308 795 467 821 nostrarum
491 791 685 828 chirographa.

217 840 269 868 Si-:n
291 847 412 868 conrna:
441 839 577 868 1111111110
598 842 664 867 sunt
678 839 771 876 aliqua
793 843 916 876 peecata,
937 847 985 876 per

139 894 210 924 quae
232 886 361 915 diabolus
382 886 486 914 detinet
508 885 635 914 homines
658 886 701 914 hie
723 889 750 914 et
778 886 805 914 in
835 886 929 914 futuro
950 886 984 914 ad

139 933 241 962 luenda
263 932 414 970 supplicia:
437 939 504 969 ergo
525 932 545 960 si
578 935 707 960 tenentur
728 936 841 969 propter
867 932 986 961 alicuius

138 980 238 1017 culpae
254 979 430 1013 memoriam,
447 979 571 1013 videtur,
587 979 661 1016 quod
678 987 727 1015 per
743 979 898 1016 passionem
910 979 986 1007 Chri-

138 1026 171 1056 sti
194 1034 248 1055 non
264 1030 329 1055 sunt
344 1026 434 1054 deleta
455 1025 579 1054 omnium
603 1025 750 1062 culparum
767 1025 953 1062 chirographa
965 1026 984 1053 ².

217 1075 243 1102 2.
266 1073 345 1107 ltem,
367 1073 388 1101 si
411 1080 462 1109 per
482 1072 639 1109 passionem
662 1072 752 1100 deleta
773 1075 838 1100 sunt
859 1073 983 1100 omnium

138 1120 284 1158 culparum
301 1119 518 1156 chirographa³:
543 1127 609 1155 ergo
632 1118 810 1155 superfluunt
824 1119 917 1147 onmia
931 1119 985 1147 alia

138 1167 275 1200 remedia;
297 1167 370 1204 quod
394 1166 415 1195 si
439 1166 490 1195 boc
511 1169 551 1195 est
573 1166 687 1195 falsum.
710 1169 795 1194 restat
816 1169 867 1194 etc.

217 1213 243 1242 3.
269 1214 351 1246 ltem,
380 1213 575 1249 crucifigentes
603 1213 744 1241 Christum
773 1216 800 1241 et
828 1213 983 1250 passionem

137 1260 198 1289 eius
218 1264 402 1298 procurantes
427 1260 454 1288 in
477 1260 536 1296 ipsa
564 1259 692 1296 passione
713 1259 835 1295 graviter
859 1268 985 1295 pecc-ave-

138 1309 219 1335 runt:
241 1314 307 1344 ergo
329 1314 382 1334 non
406 1306 531 1340 videtur,
553 1306 628 1343 quod
651 1314 700 1342 per
716 1306 871 1343 passionem
894 1306 985 1334 deleta

138 1356 203 1382 sunt
231 1353 379 1390 culparum
410 1353 556 1390 ipsarum⁴
586 1353 786 1390 chirographa,
816 1353 863 1381 sed
894 1353 984 1390 potius

139 1400 271 1437 inscripta
291 1403 318 1428 et
338 1400 477 1428 roborata.
500 1400 534 1428 Si·
554 1404 584 1428 tu
607 1400 705 1432 dicas,
728 1400 801 1437 qnod
818 1400 907 1429 deleta
930 1400 985 1428 sue-

138 1449 205 1475 runt
225 1449 360 1484 quantum
383 1447 416 1474 ad
441 1446 572 1475 meritum
595 1454 645 1483 per
667 1446 838 1483 passionem:
860 1450 983 1475 eontra.-

138 1497 245 1522 tantum
267 1493 372 1521 malum
394 1493 446 1521 fuit
466 1493 566 1521 occisio
588 1493 702 1526 Christi,
725 1497 860 1530 quantum
880 1494 983 1522 bonnm

138 1540 190 1569 suit
211 1540 267 1568 vita
286 1539 406 1568 Christi:
428 1547 495 1576 ergo
519 1539 622 1568 malitia
643 1540 826 1568 occidentium
849 1540 984 1577 aequaba-

139 1590 184 1616 tur
204 1586 333 1615 solutioni
350 1586 446 1623 pretii:
462 1594 529 1623 ergo
544 1594 598 1614 nou
615 1586 738 1620 videtur,
760 1586 833 1623 qnod
857 1595 906 1623 per
926 1595 984 1623 pas-

138 1633 242 1662 sionem
258 1633 358 1662 Christi
376 1636 467 1670 posset
483 1633 622 1670 scriptura
637 1633 735 1670 culpae
752 1634 875 1670 ipsorum
888 1633 984 1662 deleri.

216 1680 243 1708 [ι.
265 1680 345 1712 Item.
366 1680 585 1717 chirographum
616 1680 719 1709 decreti
745 1684 793 1709 aut
814 1684 855 1709 est
876 1680 962 1717 culpa
976 1703 983 1713 ‚

137 1730 187 1756 aut
207 1730 248 1756 est
268 1735 370 1764 poena.
392 1727 418 1756 Si
440 1727 544 1764 culpa:
567 1736 633 1764 ergo
655 1727 728 1756 idem
750 1731 791 1756 est
813 1728 906 1756 delere
931 1728 985 1756 0111-

138 1774 311 1811 rographum
339 1777 366 1803 et
387 1774 481 1803 delere
503 1775 632 1811 culpam:
656 1783 721 1811 ergo
747 1775 818 1803 male
840 1774 984 1811 distinguit

137 1821 293 1858 Apostolus,
314 1820 349 1849 ad
371 1821 546 1850 Colossenses
568 1822 690 1850 secundo
707 1821 725 1856 ⁵,
748 1821 818 1849 inter
834 1822 901 1849 haec
916 1822 984 1856 duo,

138 1867 248 1896 dicens:
272 1867 392 1895 Domms
406 1867 488 1895 nohis
510 1867 614 1896 delicta
629 1872 653 1896 et
675 1867 769 1895 delens
787 1868 863 1905 quot!
884 1867 985 1895 alluer-

137 1923 204 1943 sum
231 1923 284 1943 ‘nos
312 1918 376 1943 erac
404 1913 646 1952 chirographum.
673 1915 698 1942 Si
722 1923 833 1951 poena,-
861 1918 983 1943 eontra:

138 1961 358 1999 chirographum
380 1961 497 1998 obligat,
518 1962 567 1990 sed
593 1969 681 1998 poena
703 1970 757 1989 non
779 1961 896 1997 obligat:
918 1969 985 1997 ergo

138 2008 263 2043 videtur,
284 2008 360 2045 quod
376 2008 609 2045 ⁴chirographum
639 2016 693 2036 non
719 2008 805 2045 possit
832 2011 905 2036 stare
934 2015 984 2044 pro

135 2063 245 2092 poena,
266 2055 310 2084 vel
339 2063 390 2092 pro
411 2055 507 2092 culpa.
529 2055 555 2083 Si
582 2055 667 2092 igitur
688 2055 780 2092 passio
808 2054 907 2083 Christi
931 2062 983 2082 non

138 2105 180 2131 est
201 2101 253 2130 nisi
268 2105 364 2131 contra
385 2102 516 2139 culpam,
533 2101 577 2130 vel
596 2105 692 2131 contra
704 2109 842 2138 poemmn,
862 2108 911 2137 per
926 2108 985 2137 pas-

1827 199 1884 227 [1103

1041 277 1145 306 sionem
1168 276 1269 305 Christi
1299 284 1352 305 non
1375 276 1478 305 liabent
1503 276 1590 305 deleri
1613 276 1760 313 culparum
1783 280 1886 305 nostra-

1042 332 1104 352 rum
1127 324 1322 361 chirographa.

1121 372 1146 399 55.
1169 371 1248 404 ltem,
1276 370 1494 407 chirographum
1518 370 1587 399 illud
1616 374 1665 399 aut
1686 371 1843 400 habebatur
1870 379 1886 399 a

1044 418 1115 451 Deo,
1137 421 1186 446 aut
1206 425 1223 446 a
1243 417 1342 450 uobis,
1370 421 1419 446 aut
1440 427 1455 446 a
1477 418 1599 446 diaholo.
1628 418 1654 446 Si
1676 426 1692 446 a
1721 419 1798 452 Deo,
1820 427 1886 455 ergo

1042 465 1165 499 videtur,
1187 465 1261 502 quod
1284 465 1377 493 delere
1399 473 1451 493 non
1475 469 1596 502 poterat,
1618 466 1684 502 quia
1705 474 1721 494 a
1744 466 1821 494 nullo
1842 475 1887 504 po-

1043 514 1094 540 test
1116 511 1242 548 superari
1264 511 1359 539 divina
1380 512 1483 540 institia
1505 520 1554 540 1100
1577 512 1686 549 infringi
1712 513 1805 541 divina
1829 521 1887 542 sen-

1043 558 1135 586 tentia.
1164 558 1189 586 Si
1218 566 1234 586 a
1255 557 1337 586 nobis
1367 558 1539 587 habebatur:
1566 566 1633 596 ergo
1662 559 1789 594 videtur,
1811 560 1885 597 quod

1043 612 1096 632 non
1118 608 1191 633 esset
1205 604 1356 633 adversum
1379 613 1436 633 nos.
1452 605 1478 633 Si
1499 614 1516 633 a
1534 605 1667 637 diaboloe
1688 610 1809 634 eoncra:
1831 607 1887 635 dia-

1043 651 1124 679 bolus
1139 650 1248 679 nullum
1271 651 1314 679 ius
1328 651 1496 688 acquisierat
1518 652 1543 680 in
1561 652 1639 681 nobis
1651 652 1676 680 ⁰:
1694 660 1760 689 ergo
1776 653 1884 682 nullum

1042 697 1194 726 adversum
1217 705 1266 725 nos
1287 697 1408 726 habebat
1429 698 1658 735 chirographum.

1122 744 1206 773 ltem,
1235 744 1380 781 quaeritur
1403 744 1482 773 iuxta
1511 740 1580 779 hoc,
1602 754 1673 782 quae
1702 746 1737 774 sit
1758 746 1985 782 (litteren-omme
2000 755 2028 773 1η.

1044 792 1080 820 tia
1108 792 1180 820 inter
1208 790 1439 829 chiroqraphum
1468 792 1575 820 decreti
1602 796 1629 821 et
1653 779 1971 830 &himyfflplmmndens.

1043 839 1158 876 culpae,
1188 847 1251 867 rum
1282 846 1336 867 uno
1365 838 1475 867 nomine
1504 839 1626 867 nominet
1647 840 1833 875 Augustinus.
1859 845 1886 870 et

1043 885 1097 913 alio
1126 885 1235 914 nomine
1261 885 1384 913 nominet
1411 885 1557 922 Apostolus
1574 886 1602 920 ⁷;
1631 889 1658 914 et
1683 894 1754 923 quae
1776 887 1811 915 sit
1840 887 1887 915 illa

1042 931 1208 968 scriptura,
1230 935 1257 961 et
1277 932 1397 969 qualiter
1419 940 1470 969 per
1491 932 1646 969 passionem
1669 933 1770 961 Christi
1792 934 1886 971 affixa

1042 978 1080 1006 sic
1101 979 1192 1007 cruci.

1357 1065 1571 1086 CONCLUsto.

1045 1134 1179 1163 Christus
1196 1143 1250 1172 per
1270 1135 1436 1172 passionem
1456 1144 1543 1164 suam
1566 1135 1665 1164 delenit
1684 1136 1885 1174 chiroyrapha

1121 1181 1298 1219 culparum,
1327 1182 1398 1220 quia
1424 1191 1477 1219 per
1496 1183 1662 1220 passionem
1690 1192 1778 1212 suam
1800 1184 1886 1222 impe-

1122 1228 1211 1256 travit
1226 1228 1425 1257 remissionem
1446 1229 1604 1266 culparum
1619 1231 1717 1267 quoad
1735 1231 1884 1260 maculam

1121 1279 1146 1303 et
1167 1275 1265 1312 quoad
1285 1279 1409 1303 reatum.

1122 1353 1296 1382 111150οΝ011οε
1320 1353 1357 1382 Ad
1381 1354 1587 1391 praedictorum
1611 1355 1818 1392 intelligentiam
1845 1360 1886 1385 est

1043 1399 1209 1433 notandum,
1230 1400 1305 1437 quod
1327 1408 1420 1429 sermo
1443 1401 1492 1430 iste
1513 1405 1555 1430 est
1577 1402 1800 1439 metaphoricus‚
1830 1413 1885 1441 quo
1901 1410 2017 1429 Praenom-

1043 1446 1160 1480 dicitur,
1190 1455 1239 1483 per
1267 1448 1422 1484 passionem
1452 1448 1552 1476 Christi
1582 1449 1669 1477 deleri
1699 1450 1883 1488 chirographa
1899 1434 1950 1452 ‘¹⁰⁸¹'

1042 1493 1200 1530 culparum.
1223 1493 1329 1522 Dicitur
1349 1494 1423 1523 enim
1453 1494 1684 1532 chiroqraplumz
1705 1504 1721 1524 a
1750 1497 1848 1525 chii-os
1864 1498 1884 1532 ⁸,

1042 1539 1115 1576 quod
1139 1543 1180 1568 est
1207 1548 1320 1574 manns,
1342 1544 1369 1569 et
1394 1540 1540 1578 syraphin,
1566 1543 1639 1579 qnod
1670 1546 1711 1572 est
1733 1544 1885 1581 scriptura,

1042 1587 1120 1623 quasi
1141 1587 1280 1624 scriptura
1295 1596 1379 1616 manu
1402 1589 1480 1616 facta.
1496 1590 1571 1625 Quae
1593 1593 1686 1618 autem
1702 1590 1737 1618 sit
1756 1591 1807 1619 ista
1822 1591 1886 1620 scri-

1043 1637 1140 1671 ptura,
1163 1642 1234 1671 quae
1256 1635 1358 1663 dicitur
1373 1634 1604 1673 cltz'royrapham
1626 1637 1733 1666 decreti
1746 1641 1773 1666 et
1794 1638 1886 1667 ehiro-

1040 1679 1188 1717 yrapham
1219 1681 1335 1718 eulpae,
1364 1682 1551 1711 diversimode
1574 1686 1663 1720 potest
1690 1685 1824 1721 assignari
1847 1694 1886 1714 se—

1042 1727 1166 1756 cundum
1182 1728 1307 1757 diversas
1322 1729 1522 1765 expositiones,
1538 1738 1609 1766 quae
1629 1732 1784 1760 innuuntur
1800 1740 1885 1769 super

1043 1774 1197 1803 secundum
1220 1775 1254 1803 ad
1276 1775 1479 1804 Colossenses⁹.

1121 1822 1280 1850 Secundum
1295 1824 1387 1853 tamen
1403 1823 1619 1860 expositionem,
1634 1833 1706 1862 quae
1723 1827 1810 1863 magis
1825 1835 1886 1856 cou-

1043 1871 1121 1896 sonat
1149 1869 1235 1897 verbo
1256 1869 1374 1906 Apostoli
1404 1873 1431 1898 et
1452 1870 1525 1899 dicto
1546 1872 1711 1907 Augustini,
1740 1873 1884 1903 sciendum

1042 1917 1098 1949 est,
1120 1915 1194 1952 quod
1216 1914 1447 1953 ehiroyrctplumz
1462 1917 1564 1954 eulpae
1585 1918 1687 1947 dicitur
1702 1927 1763 1948 esse
1785 1927 2016 1950 memo-Quidchiro·

1043 1961 1126 1993 riale,
1147 1970 1203 1999 quo
1224 1962 1317 1990 anima
1344 1966 1453 1991 tenetur
1473 1964 1586 1993 astricta
1607 1968 1634 1993 et
1662 1965 1782 2002 obligata
1803 1967 1886 1996 alicui
1900 1951 1997 1974 mphum'

1042 2016 1159 2045 poenae,
1181 2009 1252 2038 sicut
1272 2009 1388 2047 aliquis,
1410 2011 1522 2048 quando
1536 2011 1641 2049 obligat
1661 2020 1690 2042 se
1707 2013 1801 2048 alteri,
1823 2014 1887 2043 facit

1042 2054 1066 2082 ei
1095 2054 1332 2092 chirographum3
1360 2059 1387 2084 et
1413 2057 1465 2085 hoc
1488 2058 1576 2086 innuit
1604 2059 1775 2093 Augustinus
1797 2060 1823 2088 in
1846 2060 1886 2089 lit-

1043 2104 1102 2130 tera
1117 2101 1144 2135 ¹⁰,
1173 2110 1236 2130 oum
1259 2102 1342 2131 dicit:
1370 2104 1550 2141 «Culparum
1579 2106 1766 2144 chirographa
1794 2108 1885 2137 deleta

202 2246 208 2261 ¹
227 2246 272 2270 Cfr.
289 2253 360 2275 supra
377 2247 400 2270 d.
419 2247 456 2270 18.
474 2254 494 2270 a.
520 2248 541 2269 2.
559 2254 581 2276 q.
600 2247 621 2269 3.
638 2259 670 2263 -
694 2246 757 2269 Circa
783 2247 852 2269 11110111
874 2253 922 2274 arg.
941 2252 983 2274 pro

139 2286 279 2309 vostrarum
295 2286 346 2308 cod.
364 2286 383 2308 Y
399 2285 516 2315 ipsarum.

201 2324 211 2339 ²
228 2325 306 2347 Glossa
319 2324 443 2348 ordinaria
456 2331 526 2353 super
538 2324 612 2347 Colos.
626 2326 646 2352 ⁴2,
664 2325 669 2346 l
680 2324 697 2347 ί.
710 2324 771 2352 apud
784 2323 904 2346 strabum:
918 2324 982 2351 Quia,

140 2364 181 2386 nisi
199 2364 242 2386 hoc
259 2363 392 2393 [peccatum
409 2363 484 2393 Adae]
510 2366 532 2386 et
557 2364 598 2386 alia
625 2364 723 2391 tolleret,
742 2370 784 2385 11011
803 2363 953 2385 liberaremur
970 2369 981 2384 a

139 2404 212 2425 morte
229 2404 251 2424 et
268 2402 363 2424 inferno.

200 2441 210 2456 ³
227 2441 283 2464 Cod.
302 2441 316 2463 F
333 2442 403 2469 Item,
420 2441 442 2464 si
457 2443 512 2464 suut
529 2441 604 2464 deleta
621 2435 700 2464 omniu
719 2440 844 2469 culparum
863 2439 983 2469 chirogra-

138 2479 201 2510 pha,·
219 2481 268 2503 Vat.
286 2481 356 2508 Item,
370 2480 443 2503 deleta
456 2481 513 2503 sunt
525 2480 653 2510 culparum
666 2481 804 2502 nostrarum
823 2477 983 2508 chirogsrapha

138 2524 181 2548 per
196 2518 330 2548 passionem
348 2518 447 2542 Christi:
466 2518 557 2541 videtur
574 2525 629 2548 eryo
642 2517 705 2548 quod
716 2520 757 2540 etc.
776 2518 822 2539 Non
836 2518 902 2545 pauci
915 2516 982 2539 codd.

139 2562 161 2581 et
177 2558 231 2581 edd.
251 2559 273 2586 1,
287 2559 300 2580 ‘2
313 2559 418 2580 omittunt
430 2564 525 2586 prorsus
537 2558 607 2580 verba
621 2559 675 2580 Item
684 2576 689 2585 ,
704 2556 799 2586 siper...
812 2555 979 2585 clze'royrupha,

139 2600 162 2619 et
177 2597 361 2625 conclusionem,
379 2603 438 2625 quae
461 2597 575 2625 sequitur⁷
603 2596 741 2618 conclusioni
768 2595 911 2623 praecedenti
929 2601 983 2616 eon-

142 2636 205 2658 tinuo
222 2638 353 2663 annectunt,
371 2635 412 2658 sed
429 2642 565 2664 perperam,
583 2639 607 2658 ut
624 2635 699 2663 palam
717 2638 756 2656 est.
775 2634 853 2655 Nostra
871 2633 937 2655 lectio
952 2634 983 2655 in-

141 2675 217 2697 nititur
228 2675 354 2697 auctoritati
372 2674 440 2697 codd.
457 2675 476 2697 K
487 2675 505 2696 M
517 2675 531 2696 Ρ
541 2675 560 2702 Q
577 2676 608 2702 (in
627 2674 677 2696 eod.
690 2674 708 2701 Q
720 2673 864 2695 desideratur
876 2671 983 2695 omnium

141 2714 239 2742 tantum)
256 2713 296 2736 bh.

204 2751 214 2766 ⁴
230 2753 272 2774 Pro
290 2751 411 2782 ipsarum,
436 2752 499 2781 quod
520 2759 532 2774 a
551 2751 618 2774 codd.
636 2751 668 2773 lL
685 2757 710 2773 aa
734 2750 809 2777 abest,
833 2749 899 2771 codd.
918 2750 933 2771 Ε
950 2749 982 2772 hb

141 2790 261 2820 ipsorum,
280 2791 331 2813 cod.
350 2790 367 2813 O
385 2790 448 2820 ipsa,
477 2791 529 2813 edd.
554 2791 701 2813 nostrarum.
729 2789 796 2810 Panlo
822 2789 915 2810 interius
932 2792 984 2816 post

141 2828 295 2852 occidentium
312 2829 363 2851 cod.
382 2829 399 2851 Y
416 2829 494 2851 subdit
511 2828 638 2852 Christum.

205 2868 215 2882 ⁵
231 2868 295 2890 Vers.
316 2868 349 2890 ta.
368 2874 415 2897 seq.

204 2906 214 2921 ⁶
230 2907 258 2928 Ut
274 2906 371 2929 ostendit
388 2907 495 2934 Anselm„
514 2907 527 2928 l.
540 2905 586 2928 Cur
597 2906 657 2927 Deus
670 2906 751 2931 1101110,
769 2911 788 2927 c.
801 2904 822 2926 7.
840 2907 862 2926 et
878 2904 983 2932 Medum„

142 2945 220 2967 medit.
242 2945 275 2967 ll.
297 2945 325 2967 (10
349 2945 508 2973 redemptione
533 2946 646 2967 humana.
663 2950 710 2972 quo
727 2943 833 2965 ulteriore
850 2943 900 2965 1000
918 2943 983 2965 dicit:

143 2984 199 3006 Nam
217 2990 261 3006 11011
280 2985 383 3012 peccavit
408 2983 503 3014 [1101110]
528 2983 640 3005 adversus
665 2982 795 3010 diabolum,
813 2982 854 3004 sed
871 2982 984 3005 adversus

1041 2247 1127 2275 Deum3
1145 2254 1186 2270 nec
1204 2249 1273 2270 homo
1290 2248 1374 2271 diaboli
1391 2252 1453 2276 erat,
1479 2250 1520 2272 sed
1545 2253 1567 2272 et
1593 2251 1662 2273 bomo
1679 2254 1701 2273 et
1718 2251 1825 2274 diabolus
1842 2252 1882 2275 Dei

1040 2289 1111 2308 erant.
1129 2286 1173 2308 Sed
1190 2291 1212 2309 et
1229 2287 1292 2316 quod
1309 2287 1414 2310 diabolus
1432 2288 1529 2311 vexabat
1545 2290 1674 2318 hominem,
1693 2296 1737 2312 non
1756 2291 1799 2313 1100
1816 2291 1884 2314 faeie-

1040 2324 1078 2347 bnt
1095 2326 1143 2348 zelo
1161 2327 1267 2354 iustitiae,
1285 2327 1326 2349 sed
1343 2328 1470 2356 nequitiae3
1488 2334 1529 2350 nec.
1546 2327 1638 2350 iubente
1657 2329 1716 2357 Deo,
1734 2329 1774 2351 sed
1793 2331 1885 2357 permit-

1040 2366 1111 2391 tente,
1130 2370 1174 2387 non
1193 2365 1283 2393 diaboli,
1301 2365 1342 2387 sed
1360 2365 1399 2387 Dei
1417 2366 1498 2388 iustitia
1517 2367 1628 2394 exigente.
1646 2366 1690 2389 Cl'r.
1709 2368 1765 2390 infra
1788 2368 1843 2391 dub.
1862 2369 1883 2391 3.

1040 2415 1069 2418 -ν
1087 2403 1155 2425 Paulo
1167 2404 1273 2431 superius
1286 2410 1327 2431 pro
1339 2404 1402 2433 quod
1412 2404 1488 2427 delere
1506 2405 1562 2433 [scil.
1576 2406 1652 2433 passio
1670 2405 1751 2429 Christi
1769 2408 1884 2435 ehirogra-

1040 2440 1132 2470 plinm],
1150 2448 1210 2470 quae
1227 2443 1292 2464 lectio
1309 2444 1438 2465 eommunis
1455 2445 1488 2465 est
1500 2443 1575 2471 codd,
1594 2445 1695 2466 nonnulli
1713 2445 1780 2467 codd.
1797 2449 1819 2468 et
1830 2446 1883 2468 edd.

1040 2479 1103 2508 quod
1120 2479 1198 2502 deleri.

1102 2518 1112 2532 ⁷
1130 2518 1187 2540 Vide
1204 2519 1240 2541 hic
1257 2519 1358 2541 fundam.
1381 2520 1397 2541 l.
1416 2523 1437 2542 et
1455 2521 1475 2542 2.

1102 2556 1112 2571 3
1123 2558 1208 2579 Graece
1219 2556 1296 2589 χείρος
1307 2558 1409 2586 (genitiv.
1423 2560 1486 2581 vocis
1497 2557 1568 2591 χείρ),
1582 2561 1688 2588 graphia,
1701 2562 1786 2584 Graece
1799 2561 1881 2592 γραφή.

1102 2594 1112 2609 ⁹
1129 2595 1194 2617 Vei-s.
1216 2596 1249 2618 13.
1266 2602 1322 2625 seq„
1341 2603 1410 2625 quem
1428 2598 1503 2620 locnm
1522 2598 1578 2621 Petr.
1596 2599 1719 2621 Lombard.
1733 2601 1765 2622 sic
1777 2601 1882 2628 exponit:

1042 2633 1124 2657 Dolens
1149 2633 1335 2664 chiroyraplwm
1360 2635 1458 2664 decreti,
1486 2637 1570 2659 scilicet
1594 2638 1651 2665 legis
1672 2639 1677 2660 1
1701 2645 1720 2660 e.
1747 2640 1883 2661 memoriam

1041 2674 1239 2704 transgressionis,
1258 2680 1316 2702 quae
1334 2677 1381 2696 erat
1398 2681 1425 2696 ex
1451 2675 1542 2698 decreto
1565 2676 1578 2698 i.
1596 2683 1616 2698 e.
1634 2683 1660 2698 ex
1678 2677 1741 2705 lege,
1759 2678 1822 2707 quod
1839 2679 1883 2700 cbi-

1041 2713 1183 2740 rograpbum
1200 2713 1254 2735 erut
1268 2712 1394 2736 adeersum
1414 2719 1468 2742 uos,
1487 2718 1509 2736 et
1534 2716 1669 2738 conscientia
1687 2717 1748 2738 enim
1766 2720 1842 2739 nostra
1860 2720 1882 2739 et

1041 2750 1146 2773 diabolus
1163 2751 1191 2773 ad
1209 2751 1364 2773 accusandum
1383 2758 1424 2774 nos
1440 2754 1488 2774 erat
1505 2758 1594 2775 memor
1611 2755 1799 2782 transgressionis
1816 2755 1882 2783 illius,

1041 2792 1062 2811 et
1079 2790 1107 2811 ita
1126 2789 1181 2811 haec
1198 2790 1308 2811 memoria
1326 2793 1374 2812 erat
1391 2790 1515 2812 adversum
1533 2797 1585 2818 nos,
1608 2792 1693 2814 scilicet
1715 2799 1799 2815 nocens
1817 2793 1883 2815 nobis

1041 2831 1063 2849 ct
1081 2834 1122 2849 nos
1139 2829 1265 2850 crncians...
1283 2829 1308 2850 Et
1326 2835 1370 2850 non
1387 2829 1462 2851 solum
1480 2830 1660 2858 chirographum
1679 2831 1763 2854 decreti
1781 2835 1829 2855 erat
1845 2832 1883 2855 ad-

1040 2872 1133 2888 versum
1153 2873 1204 2894 nos,
1222 2867 1263 2889 sed
1280 2868 1348 2889 etiam
1365 2868 1441 2895 ipsum
1459 2868 1576 2891 decretum
1594 2870 1607 2892 i.
1624 2876 1643 2892 e.
1662 2873 1729 2893 vetus
1749 2871 1803 2899 Lex:
1821 2871 1883 2893 unde

1041 2905 1119 2927 subdit
1135 2905 1199 2935 quod
1214 2907 1266 2928 erat
1282 2909 1324 2928 ete.

1105 2943 1123 2958 ¹⁰
1140 2944 1180 2966 Hic
1197 2950 1216 2966 c.
1237 2945 1254 2966 t.
1273 2957 1302 2960 —
1320 2945 1389 2967 Paulo
1406 2948 1457 2968 ante
1480 2952 1522 2973 pro
1538 2946 1633 2976 quando
1650 2946 1739 2977 obliqat
1754 2954 1778 2971 se
1795 2948 1846 2971 cod.
1865 2949 1882 2970 U

1041 2982 1082 3012 qui
1098 2988 1122 3005 se
1139 2981 1236 3012 obligat,
1256 2983 1307 3006 eod.
1326 2983 1355 3005 W
1373 2984 1428 3012 legit
1443 2984 1485 3014 qui
1500 2984 1570 3008 alteri
1586 2985 1713 3015 obliqutur.
