2166 3366
28 399 122 419 conclusio

18 423 106 446 :encratis

0 684 3 698 ;
16 680 22 685 ’
34 679 78 706 lptio
90 684 121 702 op·

0 710 2 717 r
15 705 114 722 ΜΙΙΟΠΠΠ.

11 959 69 983 »nptex
75 958 125 977 unio.

751 170 833 198 DIST.
856 171 919 198 Xlll.
942 171 1014 199 ΛΒΤ.

136 252 195 276 tam
208 247 229 281 ¹,
250 247 305 276 alio
327 248 409 276 modo
430 248 584 277 secundum
600 251 731 276 naturam
753 247 925 276 increatam.
942 265 980 269 -

134 295 160 323 Si
182 302 249 331 ergo
269 295 358 331 gratia
380 294 477 331 capitis
505 294 607 323 dicitnr
629 294 676 322 illa
697 294 800 331 gratia,
823 295 978 323 secundum

135 349 218 378 quam
241 341 368 369 Christus
391 341 473 369 habet
495 341 612 370 influere
634 344 743 368 motam
765 345 791 369 et
811 350 929 369 sensnm
951 342 976 370 in

136 388 274 421 memhra;
297 391 382 416 restat
398 388 448 416 hoc
470 396 530 416 esse
545 388 722 425 ponendum,
744 388 817 425 quod
834 388 923 424 gratia
937 396 979 417 ca—

135 435 198 472 pitis
226 443 282 463 uno
311 435 393 463 modo
425 435 548 463 nominat
576 435 694 471 gratiam
722 435 891 469 increatam,
923 435 978 463 alio

134 482 217 510 etiam
246 482 328 510 modo
357 482 481 510 nominat
509 490 562 509 non
591 485 698 510 tantum
731 482 900 516 increatam,
928 482 976 511 sed

134 529 217 558 etiam
239 532 373 562 creatam,
396 528 466 557 sicut
487 528 637 557 ostendunt
659 529 778 558 rationes
799 529 833 557 ad
857 529 976 566 primam

135 578 254 612 partem;
276 579 303 604 et
326 575 386 604 ideo
408 578 473 603 sunt
494 575 694 604 concedendae.

215 623 238 650 1.
261 622 298 651 Ad
320 622 390 650 illud
413 630 479 650 vero
500 622 575 659 quod
597 622 735 656 obiicitur,
757 623 832 659 quod
857 631 909 651 non
933 632 977 660 po-

135 672 188 697 test
201 676 262 697 esse
283 668 371 705 gratia
386 672 491 702 creata,
507 668 572 705 quia
594 677 646 697 non
663 673 755 706 posset
777 669 906 703 influere3
923 670 976 697 iam

134 719 209 752 patet
223 715 379 752 responsio,
400 715 478 752 quia,
504 716 633 752 quamvis
655 724 709 744 non
730 715 836 752 possit²
860 715 977 744 influere

133 761 255 800 effective
275 765 302 790 et
323 762 483 796 causative,
507 766 595 799 potest
612 766 702 791 tamen
726 763 843 791 influere
864 763 978 791 merito-

133 809 177 837 rie
198 813 225 838 et
245 809 412 846 dispositive
433 809 587 838 secundum
611 813 739 838 naturam
762 810 923 838 humanam.

212 857 237 884 Ξ.
259 856 296 884 Ad
321 856 390 884 illud
412 857 486 893 quod
509 856 654 889 obiicitur.
676 856 750 893 quod
773 857 912 891 Christus.
939 864 978 885 se-

133 903 255 932 cundum
278 903 352 940 quod
376 907 474 940 caput,
496 907 537 932 est
552 904 704 938 indivisus;
719 904 882 938 dicendum,
901 904 976 941 quod

135 954 177 979 est
191 951 257 979 unio
273 958 322 987 per
339 950 479 979 unitatem
495 954 633 984 viatura-e,
648 954 674 979 et
689 954 730 979 est
745 950 811 979 unio
825 959 876 987 per
890 950 977 987 ficiem

132 1001 158 1026 et
177 997 363 1026 dilectionem.
381 997 532 1026 Dicendum
555 1001 596 1026 est
612 997 708 1034 igitur,
723 997 798 1034 quod
821 997 887 1026 unio
902 998 978 1026 Chri-

133 1044 166 1074 sti
188 1044 221 1073 ad
242 1052 344 1081 corpus
361 1044 495 1072 Ecclesiae
517 1047 557 1072 est
573 1052 621 1081 per
644 1044 727 1072 fidem
744 1048 770 1072 et
792 1044 976 1072 dilectionem.

133 1091 201 1120 Cum
217 1099 284 1127 ergo
305 1090 420 1124 dicitur,
435 1090 509 1127 quod
529 1094 613 1127 caput
634 1093 675 1119 est
690 1090 840 1119 indivisum
863 1099 879 1118 a
894 1098 978 1119 mem-

134 1138 211 1171 bris;
237 1137 400 1171 dicendum,
422 1137 497 1174 quod
526 1137 655 1166 indivisio
684 1145 737 1165 non
764 1137 856 1174 privat
877 1137 978 1166 distan-

134 1185 199 1213 tiam
224 1184 337 1213 localem
365 1184 424 1213 sive
455 1185 659 1221 separationem
681 1192 846 1221 corporum,
868 1184 915 1213 sed
939 1192 978 1213 se-

134 1231 304 1269 parationem
327 1234 354 1260 et
375 1231 638 1260 disconvenientiam
655 1231 790 1260 mentium
813 1235 839 1259 et
860 1231 978 1260 affectio-

134 1286 209 1307 num.
234 1278 263 1306 Et
284 1278 346 1307 ideo
368 1286 403 1307 ex
430 1278 482 1307 hoc
508 1286 560 1306 non
584 1278 712 1315 ponitur,
734 1278 808 1315 quod
831 1278 977 1313 Christus,

133 1325 287 1354 secundum
317 1325 392 1362 quod
419 1328 518 1362 caput,
548 1325 582 1353 sit
611 1324 884 1362 incircumscriptus,
913 1325 977 1362 quia

134 1371 206 1400 idem
230 1374 318 1408 potest
339 1379 400 1400 esse
422 1372 448 1399 in
471 1379 527 1399 uno
550 1371 608 1400 loco
630 1374 751 1406 tantam,
773 1374 800 1400 et
822 1375 912 1400 tamen
929 1379 978 1408 per

133 1418 316 1455 cognitionem
331 1421 359 1446 et
373 1426 496 1446 amorem
514 1418 540 1446 in
555 1418 687 1446 cordibus
699 1418 885 1446 diversorum.
902 1418 978 1447 Unde

132 1465 168 1494 ad
192 1465 322 1502 Ephesios
343 1465 424 1493 tertio
440 1465 461 1493 ³:
484 1464 627 1493 Habitare
650 1464 799 1493 Christum
818 1474 871 1502 per
891 1465 977 1503 fidem

134 1512 165 1540 in
185 1511 323 1540 cordibus
343 1511 461 1540 nostrie.

213 1558 238 1587 3.
261 1559 299 1587 Ad
314 1558 383 1587 illud
399 1559 473 1596 quod
489 1558 632 1592 obiicitur,
648 1558 723 1596 quod
738 1562 821 1595 caput
835 1562 877 1587 est
896 1567 980 1588 mem-

135 1605 251 1633 brorum
278 1605 465 1642 prIncipium;
491 1605 658 1639 dicendum.
685 1605 758 1642 quod
787 1608 817 1634 ut
839 1608 923 1642 caput
944 1606 979 1634 sit

133 1651 301 1689 principium
317 1655 452 1689 quantum
468 1652 503 1680 ad
525 1660 584 1680 esse
605 1655 734 1685 naturae,
757 1652 809 1681 hoc
823 1656 865 1681 est
886 1652 921 1681 de
937 1660 980 1681 ve-

1037 171 1065 199 ll.
1088 171 1223 208 QUAEST.
1246 172 1263 200 l.
1823 174 1879 202 285

1036 249 1116 278 ritate
1137 249 1234 286 capitis
1255 252 1282 278 et
1303 258 1439 287 expressa
1460 250 1645 287 proprietate;
1674 258 1723 279 nec
1746 251 1817 280 hanc
1839 255 1880 280 est

1038 296 1161 333 reperire
1190 297 1217 325 in
1238 297 1347 326 Christo
1376 297 1531 326 secundum
1558 298 1710 326 humanam
1733 302 1880 333 naturam,

1036 343 1084 371 sed
1107 343 1261 372 secundum
1285 343 1432 377 diuinam,
1451 347 1481 372 ut
1503 344 1677 381 praedictum
1700 348 1741 373 est
1762 353 1847 382 supra
1861 346 1879 373 ⁴.

1035 406 1075 410 —
1093 390 1185 419 Posset
1207 395 1297 418 tamen
1327 391 1379 419 dici
1403 391 1496 427 aliquo
1524 391 1606 419 modo
1627 391 1754 420 Christus
1782 392 1880 429 princi-

1036 437 1112 473 pium
1136 437 1327 465 membrorum
1349 446 1464 465 suorum
1482 441 1617 474 quantum
1640 439 1674 466 ad
1695 448 1754 467 esse
1775 439 1879 475 gratiae

1035 483 1117 512 etiam
1134 484 1288 512 secundum
1305 483 1467 513 lizi-manain
1490 489 1632 519 naturam,
1648 486 1713 523 quia
1735 493 1878 523 nunquam

1035 530 1136 567 aliquis
1150 530 1202 558 fuit
1217 531 1334 567 gratiam
1356 535 1513 565 assecutus,
1537 532 1586 560 nisi
1604 532 1718 561 haberet
1737 533 1879 561 Christum

1036 576 1062 604 in
1078 576 1161 604 corde
1177 580 1207 604 ut
1222 577 1448 608 fundamentum.
1464 578 1541 616 quod
1554 578 1705 607 collocatur
1720 588 1770 616 per
1786 580 1878 608 fidem.

1036 623 1273 651 Fundamentum
1296 624 1371 651 enim
1390 624 1476 652 aliud
1488 633 1571 652 nemo
1588 629 1681 661 potest
1702 626 1728 654 in
1746 627 1879 656 membris

1035 669 1134 698 Christi
1149 678 1255 706 ponere
1273 674 1392 707 praeter
1416 671 1489 699 itittcl
1506 672 1582 709 ιμιοιί
1593 672 1721 708 postiam
1737 677 1790 706 est,
1803 674 1881 711 qaod

1035 720 1076 744 est
1099 715 1234 744 Chri-sitis
1256 717 1336 744 Iesus
1353 717 1373 750 ⁵,
1394 721 1421 746 et
1443 717 1501 746 sine
1524 718 1575 747 hoc
1596 719 1776 747 fundamento
1798 728 1879 749 nemo

1035 763 1124 800 potuit
1146 763 1249 791 habere
1271 764 1401 800 gratiam.
1424 765 1490 801 quia
1512 773 1653 802 nunquam
1671 766 1721 794 fuit
1742 767 1823 795 alicui
1841 775 1880 795 sa-

1036 809 1079 838 lus
1100 809 1159 838 sine
1181 810 1235 838 fide
1257 810 1422 839 Meiliatoris.
1447 811 1476 839 Et
1498 811 1549 839 lioc
1570 815 1612 840 est
1626 812 1699 848 quod
1723 812 1825 841 dicitur
1844 813 1879 842 ad

1035 856 1210 885 Colossenses
1225 857 1349 893 primo⁶1
1367 857 1424 893 Qui
1437 861 1477 885 est
1492 857 1677 894 principiam
1691 862 1756 893 etc.;
1772 859 1878 888 Glossa:

1040 914 1052 927 «
1068 903 1226 932 Secundum
1246 903 1448 933 humanitatem
1471 904 1524 933 dici
1541 908 1630 941 potest
1652 905 1820 942 principium
1837 907 1880 935 Ec-

1035 949 1147 984 clesiae,
1169 951 1234 986 quia
1256 958 1341 987 super
1363 950 1446 980 fidem
1475 951 1657 980 humanitatis
1677 952 1738 981 eius
1761 953 1880 982 Ecclesia

1034 997 1149 1025 fundata
1170 1000 1249 1026 est».

1113 1044 1139 1072 [ι.
1163 1044 1200 1072 ‚td
1223 1044 1292 1073 illud
1314 1045 1387 1081 quod
1404 1045 1546 1079 obiicitur,
1569 1046 1642 1082 quod
1660 1046 1748 1083 gratia
1770 1047 1880 1084 capitis,

1035 1090 1078 1119 vel
1100 1091 1314 1124 concomitatur,
1337 1091 1380 1119 vel
1396 1092 1550 1128 praecedit3
1572 1092 1735 1125 dicendum,
1758 1093 1832 1130 quod
1848 1094 1881 1122 si-

1035 1141 1082 1166 cut
1103 1137 1207 1166 dictum
1235 1141 1276 1166 est
1293 1138 1301 1151 ⁷
1327 1138 1361 1166 de
1383 1138 1503 1172 unione,
1529 1139 1604 1176 quod
1627 1143 1710 1176 caput
1735 1140 1880 1177 spirituale

1035 1193 1088 1213 non
1118 1188 1227 1221 oportet
1255 1185 1329 1213 uniri
1360 1185 1540 1214 materialiter
1569 1189 1595 1214 et
1625 1186 1802 1221 naturaliter,
1831 1187 1879 1215 sed

1035 1230 1217 1267 spiritualiter
1239 1238 1288 1267 per
1309 1231 1493 1268 cognitionem
1516 1235 1543 1261 et
1563 1226 1704 1267 amorem3
1733 1234 1771 1261 sic
1797 1233 1879 1262 etiam

1035 1278 1247 1315 intelligendum
1277 1282 1318 1307 est
1346 1279 1381 1307 de
1410 1279 1612 1308 antecessione.
1641 1280 1717 1309 Unde
1745 1281 1779 1309 ad
1810 1281 1879 1314 hoc,

1035 1325 1110 1362 quod
1140 1325 1267 1354 Christus
1296 1325 1330 1354 sit
1358 1329 1442 1363 caput
1470 1326 1607 1355 iustorum
1638 1327 1880 1364 praecedentium,

1036 1381 1089 1401 non
1112 1372 1247 1409 oportuit,
1269 1373 1343 1410 quod
1366 1373 1546 1402 comitaretur
1564 1383 1609 1408 re,
1632 1374 1680 1403 sed
1701 1374 1772 1411 stile,-
1793 1379 1820 1403 et
1841 1375 1880 1404 sic

1036 1419 1132 1456 utique
1154 1419 1218 1453 fuit,
1240 1419 1306 1456 quia
1327 1419 1396 1448 fides
1411 1420 1511 1448 Christi
1535 1421 1684 1457 praecessit
1699 1421 1725 1449 in
1748 1421 1880 1450 cordibus

1037 1466 1245 1495 salvandorum.
1267 1483 1305 1486 —
1328 1467 1358 1495 Et
1379 1466 1417 1495 sic
1442 1470 1528 1503 patet,
1547 1467 1620 1504 quod
1644 1468 1741 1505 capitis
1763 1468 1833 1496 ratio
1854 1472 1880 1497 et

1036 1513 1125 1549 gratia
1146 1512 1273 1541 similiter
1295 1516 1430 1550 quantum
1446 1513 1481 1542 ad
1497 1514 1645 1550 perfectam
1669 1514 1879 1543 similitudinem

1038 1559 1150 1595 respicit
1166 1559 1192 1587 in
1214 1559 1323 1587 Christo
1338 1559 1442 1597 aliquid
1467 1559 1648 1593 increatum,-
1670 1561 1782 1598 respicit
1797 1561 1878 1589 etiam

1037 1605 1143 1642 aliquid
1159 1610 1305 1640 creatum,
1326 1607 1362 1635 ita
1376 1607 1451 1644 quod
1472 1607 1507 1635 ad
1524 1607 1673 1644 perfectam
1689 1608 1823 1637 rationem
1840 1616 1881 1637 ca-

1038 1653 1102 1689 pitis
1117 1653 1324 1690 intelligendam
1346 1661 1458 1682 necesse
1473 1657 1515 1682 est
1536 1658 1689 1692 utrumque
1703 1663 1880 1684 concurrere.

873 1778 1136 1815 SCHOLION.

197 1906 210 1928 1.
229 1906 259 1928 Ex
275 1907 323 1934 ipsa
341 1912 359 1928 s.
377 1906 494 1934 Scriptura
512 1908 610 1933 constat,
626 1905 740 1928 Christum
753 1912 803 1928 esse
820 1908 890 1934 caput
906 1906 978 1928 Eccle-

133 1946 192 1973 siae;
210 1945 272 1974 quod
290 1946 443 1967 communiter
460 1945 591 1971 intelligitur
609 1945 637 1967 de
655 1948 698 1967 tota
716 1946 810 1967 omnino
828 1945 925 1967 Ecclesia
943 1951 979 1967 se-

133 1984 235 2007 cundum
253 1984 321 2006 totius
337 1984 447 2011 temporis
464 1983 588 2006 decursum
606 1986 628 2006 et
643 1984 755 2011 triplicem
773 1984 876 2006 eiusdem
894 1986 977 2006 statum

133 2023 148 2045 i.
165 2030 185 2045 c.
208 2026 276 2051 prout
299 2025 332 2045 est
355 2023 464 2050 militans,
489 2023 576 2050 patiens
599 2024 620 2045 et
643 2023 837 2050 triumplians.——-
855 2023 978 2051 Triplieem

133 2062 262 2090 analogiam
290 2062 347 2084 intcr
371 2064 439 2089 caput
465 2061 577 2084 namt-ale
604 2064 625 2084 et
653 2061 779 2091 mysticum
802 2062 869 2084 refert
894 2063 930 2084 hic
955 2063 977 2084 S.

133 2101 227 2128 Bonan,
245 2101 330 2123 scilicet
347 2104 460 2129 quatenus
477 2103 545 2128 caput
562 2103 596 2123 est
613 2100 735 2130 conforme
752 2100 873 2129 membris,
897 2107 977 2123 eorum

130 2139 275 2170 piincipiam
285 2143 353 2168 atque
362 2139 465 2168 institeris
474 2145 567 2161 sensum
576 2143 598 2162 et
607 2143 703 2162 motum.
715 2140 783 2162 Paulo
792 2139 855 2162 aliter
865 2140 885 2162 S.
895 2140 978 2162 Thom.

134 2180 156 2202 in
174 2180 238 2202 Sum.
251 2179 296 2206 (lll.
315 2185 336 2207 q.
351 2179 372 2201 8.
390 2186 410 2201 a.
430 2179 459 2206 l.)
472 2178 569 2201 eandem
591 2178 720 2207 analogiam
740 2179 869 2201 considerat
890 2179 978 2207 triplici-

134 2221 180 2240 ter:
192 2217 319 2240 secundum
332 2217 449 2245 ordinem,
466 2220 490 2239 ut
502 2218 574 2245 prima
588 2223 641 2245 pars
653 2218 763 2245 hominis,
776 2217 906 2245 incipiendo
919 2224 930 2239 a
943 2224 978 2240 su-

135 2257 218 2285 periori
227 2263 231 2284 ;
241 2256 368 2278 secundum
379 2255 553 2285 perfectionem,
565 2257 617 2284 quia
631 2257 652 2278 in
666 2257 738 2284 capite
748 2257 827 2284 vigent
839 2262 919 2278 omnes
930 2262 978 2278 scn-

135 2302 185 2323 sus;
198 2295 325 2317 secundum
340 2295 460 2323 virtutem,
475 2296 527 2324 quia
546 2296 619 2318 influit
631 2298 717 2317 motum
730 2299 752 2317 ct
763 2302 856 2317 sensum
874 2296 895 2318 in
909 2302 978 2317 niem·

135 2334 183 2356 bra.
201 2334 262 2356 ldem
280 2336 355 2356 autem
374 2335 395 2356 in
419 2334 547 2356 Commeat.
566 2334 616 2362 (liic
633 2341 655 2363 q.
674 2335 694 2356 2.
713 2340 732 2356 a.
750 2334 777 2361 l.)
801 2339 900 2363 quatuor
918 2337 979 2356 notat

134 2374 305 2401 similitudines,
323 2374 408 2396 scilIcct
424 2373 501 2402 quoad
518 2373 655 2403 (liqnitatem
673 2374 795 2401 triplicem,
814 2374 890 2402 quoad
908 2373 979 2402 inllu-

130 2419 194 2439 ‚oeum
218 2414 239 2435 in
262 2412 381 2440 membra,
407 2413 484 2441 quoad
505 2412 657 2436 directionem
683 2413 780 2435 aliorum
804 2413 978 2440 membrorum,

135 2452 212 2481 quoad
230 2451 419 2480 conformitatem
435 2453 537 2474 ruiturae
555 2456 659 2479 respectu
678 2452 813 2474 eorundcm.
825 2464 856 2468 -
867 2451 979 2474 Observat

135 2493 211 2513 autem
229 2491 290 2513 Alex.
309 2491 356 2513 llal.
373 2491 410 2519 (S.
428 2497 450 2518 p.
469 2491 500 2512 lll.
518 2497 539 2519 q.
557 2491 589 2512 12.
608 2497 638 2513 m.
657 2491 677 2512 2.
695 2497 715 2512 a.
737 2491 754 2512 l.
766 2490 780 2519 ‘g
802 2491 842 2519 l.)‚
862 2491 924 2519 quod
936 2491 979 2513 hoc

1035 1906 1085 1929 loco
1107 1915 1116 1926 ιι
1127 1906 1226 1936 propria
1242 1906 1334 1930 ratione
1352 1907 1434 1930 (licitur
1451 1910 1520 1935 caput
1537 1914 1579 1935 per
1591 1908 1701 1930 rationem
1719 1908 1879 1937 influentiae...

1035 1948 1149 1974 quatenus
1166 1945 1268 1968 Christus
1285 1947 1307 1967 in
1326 1946 1448 1968 Ecclesiam
1465 1947 1538 1968 influit
1554 1952 1651 1969 sensum
1668 1950 1690 1969 et
1710 1948 1800 1970 motum
1817 1948 1881 1975 spiri-

1036 1985 1135 2012 tualiter,
1158 1991 1255 2008 sensum
1271 1985 1365 2014 quidem
1389 1986 1461 2007 influit
1484 1992 1525 2014 per
1543 1986 1624 2014 tidem,
1647 1988 1738 2009 motum
1760 1993 1815 2009 vcro
1839 1993 1880 2014 per

1036 2030 1138 2046 amorem
1151 2032 1172 2046 xo.
1191 2024 1252 2046 ldem
1271 2025 1348 2052 plures
1365 2025 1419 2047 alias
1437 2031 1521 2052 graves
1538 2026 1683 2054 quaestiones
1706 2025 1734 2047 de
1752 2026 1823 2053 gratia
1844 2032 1881 2047 ca-

1036 2063 1087 2090 pitis
1105 2062 1183 2091 hahet,
1202 2069 1261 2091 quae
1279 2069 1290 2084 a
1309 2063 1330 2085 S.
1349 2063 1433 2085 Bonav.
1453 2069 1496 2085 non
1516 2066 1645 2086 tractantur.
1659 2076 1689 2079 —
1701 2064 1761 2086 Licet
1778 2064 1880 2087 Christus

1035 2102 1102 2124 ctiam
1121 2102 1249 2124 secundum
1267 2101 1371 2125 [lirinum
1390 2105 1493 2124 naturam
1512 2103 1583 2130 possit
1606 2103 1649 2125 dici
1667 2106 1736 2131 caput
1753 2103 1880 2131 Ecclesiae,

1036 2143 1123 2168 tamen,
1143 2141 1235 2168 proprie
1253 2141 1384 2169 loquendo,
1407 2143 1442 2163 cst
1460 2144 1528 2169 caput
1546 2142 1673 2164 secundum
1695 2141 1827 2165 litiinamtm
1845 2148 1881 2164 na-

1035 2183 1109 2203 turam
1127 2180 1201 2209 (Alex.
1220 2180 1275 2208 Hal.⁷
1293 2180 1335 2203 loc.
1353 2181 1388 2203 cit.
1406 2180 1419 2209 S
1437 2181 1466 2208 2;
1484 2181 1505 2202 S.
1524 2181 1614 2207 Tuom..
1634 2182 1669 2203 liic
1686 2182 1728 2204 loc.
1746 2182 1804 2210 cit.)‚
1822 2183 1882 2204 scili—

1035 2222 1070 2241 cet
1088 2222 1200 2248 quatenus
1218 2218 1320 2241 Christus
1335 2225 1379 2248 per
1395 2218 1527 2242 humanam
1541 2220 1653 2242 naturam
1673 2221 1782 2242 rationem
1801 2221 1881 2248 capitis

1036 2258 1124 2285 implet;
1146 2258 1206 2280 unde
1225 2259 1363 2286 praepositio
1375 2257 1505 2281 secandam
1522 2259 1632 2286 accipitur
1652 2257 1815 2288 specificatae,
1836 2265 1879 2281 non

1034 2296 1214 2326 reduplicatiue,
1233 2299 1339 2325 utsupra
1357 2297 1379 2319 d.
1402 2297 1434 2319 10.
1453 2304 1472 2319 a.
1486 2298 1506 2319 2.
1525 2304 1546 2326 q.
1569 2298 1585 2319 1.
1604 2298 1625 2319 in
1638 2298 1723 2319 scholio
1741 2298 1879 2321 dictumest.

1099 2336 1121 2357 11.
1139 2335 1219 2364 Quoad
1232 2336 1367 2358 solutionem
1381 2336 1452 2363 ipsius
1464 2337 1613 2364 quaestionis,
1627 2339 1703 2358 utrum
1717 2337 1787 2363 gratia
1801 2337 1881 2364 capitis

1036 2375 1143 2396 consistat
1155 2375 1176 2396 in
1189 2375 1235 2396 sola
1254 2375 1325 2401 gratia
1338 2375 1439 2402 unionis,
1453 2380 1480 2396 an
1494 2375 1515 2396 in
1533 2375 1579 2396 sola
1595 2375 1666 2402 gratia
1680 2374 1798 2402 habituali,
1812 2382 1839 2396 an
1858 2375 1879 2397 iu

1037 2416 1144 2441 utraque,
1162 2416 1184 2435 ct
1201 2413 1330 2441 quomodo3
1349 2413 1389 2434 fuit
1406 2412 1521 2441 quaedam
1534 2413 1658 2435 differentia
1672 2414 1780 2441 opinandi
1794 2414 1829 2436 vrl
1849 2414 1882 2436 di-

1036 2452 1101 2474 cendi
1120 2453 1176 2474 inter
1194 2451 1314 2479 doctores;
1332 2452 1371 2480 qui
1389 2454 1463 2473 tamen
1483 2458 1543 2474 nunc
1559 2453 1612 2474 satis
1633 2452 1740 2474 videntur
1757 2454 1880 2476 convenire

1036 2491 1057 2512 in
1077 2491 1130 2518 hoe,
1144 2490 1206 2518 quod
1220 2491 1290 2518 gratia
1304 2491 1384 2518 capitis
1401 2489 1497 2520 proprie
1509 2493 1531 2512 ct
1542 2490 1696 2514 essentialiter
1707 2492 1735 2513 sit
1747 2492 1795 2519 ipsa
1808 2493 1880 2520 gratia

200 2651 205 2665 ¹
224 2651 280 2673 Edd.
293 2649 423 2673 secundum
435 2649 566 2673 humanam
578 2651 692 2673 naturam
705 2652 832 2674 creatam...
849 2650 979 2674 secundum

135 2691 249 2712 naturam
265 2689 370 2711 diuinam
386 2688 524 2711 increatam.

198 2727 207 2742 ²
225 2728 280 2750 Edd.
297 2729 380 2757 posset.

198 2766 208 2781 ³
227 2768 291 2789 Vcrs.
314 2767 346 2789 17.
363 2778 395 2783 ·-
414 2766 462 2789 Vat.
481 2765 575 2789 Habitat
592 2766 700 2789 Christus
715 2773 758 2796 μοι’
774 2769 816 2789 otc.
833 2766 878 2790 Cfr.
893 2767 906 2789 l.
918 2768 979 2790 Sent.

136 2806 159 2828 d.
178 2807 213 2828 31.
232 2813 254 2834 p.
273 2806 295 2827 ll.
313 2813 332 2828 a.
352 2806 372 2827 2.
392 2812 413 2834 (1.
436 2806 452 2827 l.

199 2845 207 2859 ⁴
226 2845 247 2866 ln
265 2851 330 2872 corp.
347 2847 434 2873 quat-st.
453 2856 481 2860 —
500 2844 568 2866 l'aulo
585 2845 691 2872 superius
716 2850 758 2872 pro
783 2844 846 2874 quoti
865 2846 892 2868 ut
909 2847 980 2874 caput

135 2883 165 2906 sit
181 2883 234 2905 cdd.
251 2883 314 2913 quod
330 2885 401 2913 caput
418 2890 479 2911 esse,
499 2884 561 2905 multi
580 2883 646 2905 codd.
659 2882 723 2912 quod
733 2885 804 2912 caput
819 2883 855 2906 sit.
877 2884 978 2906 Subinde

137 2929 179 2950 pro
204 2922 231 2945 de
254 2922 351 2945 veritate
375 2922 443 2945 codd.
462 2923 477 2944 Β
487 2922 503 2944 t:
513 2922 531 2943 [)
541 2923 558 2943 G
569 2923 573 2943 l
585 2922 602 2944 l(
615 2922 629 2943 1.
640 2922 655 2944 N
666 2921 684 2943 Ο
695 2922 712 2944 Τ
725 2922 740 2944 U
752 2922 769 2944 V
780 2929 805 2944 aa
828 2922 976 2951 diversitate,

137 2967 265 2989 perperam,
285 2961 352 2983 Paulo
371 2962 463 2983 inst—rius
481 2968 522 2989 pro
539 2961 619 2990 aliquo
634 2961 704 2984 modo
717 2960 823 2984 Christus
834 2961 978 2991 principium

1005 2839 1008 2989 i

1037 2650 1100 2680 [cod.
1120 2651 1138 2673 Y
1156 2650 1276 2674 Christum
1293 2657 1342 2674 esse
1357 2651 1514 2681 principium]
1539 2652 1592 2674 odd.
1617 2651 1665 2675 aiio
1685 2653 1754 2675 modo
1772 2650 1880 2676 Christus

1037 2689 1099 2719 [Vat.
1117 2690 1162 2719 est]
1180 2691 1257 2719 caput.

1098 2729 1108 2744 ⁵
1126 2730 1193 2757 Epist.
1213 2729 1225 2751 l.
1239 2729 1289 2751 Cor.
1303 2730 1328 2757 3,
1345 2729 1377 2751 ll.
1391 2729 1435 2751 Cfr.
1448 2736 1517 2757 supra
1531 2736 1583 2758 pag.
1603 2731 1658 2758 236,
1676 2733 1726 2752 nota
1744 2731 1776 2753 10.
1788 2743 1820 2747 -
1833 2732 1881 2754 Mox

1036 2774 1078 2796 pro
1094 2769 1170 2797 potuit
1187 2768 1239 2790 cdd.
1258 2774 1310 2790 cum
1329 2769 1407 2796 paucis
1424 2768 1491 2790 codd.
1508 2769 1589 2797 potest.

1098 2807 1107 2821 ⁶
1126 2807 1190 2829 Vct-s.
1212 2807 1244 2829 18.
1263 2819 1292 2823 —
1309 2808 1412 2829 Glossam
1439 2811 1463 2830 ut
1487 2807 1636 2830 ordinariam
1662 2808 1768 2831 exhibent
1785 2809 1881 2832 Stratius

1035 2849 1057 2868 ct
1075 2846 1183 2873 Lyranus.
1316 2872 1320 2875 .

1098 2885 1107 2899 ⁷
1125 2885 1164 2906 llic
1181 2886 1202 2907 in
1221 2885 1286 2908 solut.
1312 2885 1341 2907 ad
1359 2886 1380 2908 2.
1396 2898 1428 2902 —
1446 2886 1514 2908 Paulo
1540 2886 1633 2908 interius
1660 2893 1701 2914 pro
1726 2887 1881 2910 comitaretur

1035 2925 1103 2947 codd.
1122 2925 1139 2947 Κ
1153 2925 1180 2946 W
1191 2925 1210 2947 Χ
1229 2924 1434 2948 concomitaretiir.
1454 2925 1475 2947 ln
1494 2925 1537 2947 linc
1553 2926 1618 2948 solut.
1633 2932 1675 2953 pro
1686 2927 1815 2956 utrumqne
1826 2927 1880 2949 cdd.

1035 2964 1168 2993 utramque.

1900 397 1940 416 Alia
1954 398 2021 416 solutio

1893 421 1988 439 notabilis.

1894 1476 1991 1500 Epilogus.
