2166 3366
781 180 865 208 DlST.
888 180 918 209 V.
940 180 1012 208 ART.
1035 180 1052 207 Ι.
1075 180 1210 216 QUAEST.
1234 180 1251 216 1.
1833 183 1881 211 121

473 286 909 335 COMMENTARIUS
944 287 1005 335 IN
1038 287 1476 336 DISTINCTIONEM
1509 289 1558 336 V.

415 390 459 423 De
484 390 574 423 modo
601 390 721 423 unionis
750 390 880 423 duarum
906 396 1085 424 naturarum
1111 391 1279 424 secundum
1305 391 1374 424 fidei
1400 392 1608 425 assertionem.

596 484 756 512 Praeterea
778 484 892 522 inquiri
911 488 1038 521 oportet,
1060 493 1127 513 eum
1148 494 1182 513 ex
1202 485 1362 522 praedietis
1383 489 1435 514 etc.

874 571 996 599 DIVISIO
1018 571 1155 600 TEXTUS.

221 645 312 681 Supra
337 645 392 681 egit
417 645 545 682 Magister
566 645 601 673 de
629 645 761 681 mysterio
790 645 986 674 incarnationis

142 695 278 729 quantum
297 691 333 720 ad
349 699 442 720 veram
459 692 590 720 unionem
607 695 781 720 naturarum.
797 692 825 720 ln
841 692 892 720 liae
908 696 986 728 parte

142 738 260 767 intendit
274 737 416 775 inquirere
432 738 544 766 uniendi
562 738 686 766 modum.
704 739 733 767 Et
748 738 879 775 quoniam
897 739 987 775 dupli-

142 785 211 813 citer
231 784 363 821 contingit
384 785 536 821 procedere
558 784 737 821 inquirendo,
759 788 808 812 aut
829 785 983 813 secundum

141 830 206 860 fidei
222 831 412 865 stabilitatem,
428 834 477 859 aut
491 831 646 859 seeundum
662 830 798 867 opinionis
811 831 987 867 probabilita-

142 881 211 910 tem:
227 878 288 906 ideo
309 885 375 915 pars
390 878 441 906 ista
456 878 539 906 habet
554 877 624 906 duas
643 881 744 914 partes.
766 877 794 905 Iu
810 878 901 914 prima
912 877 986 906 enim

142 924 309 953 determinat
330 924 365 953 de
386 924 468 952 modo
484 924 594 952 unionis
609 924 720 952 illarum
739 924 860 953 duarum
877 928 987 952 natura-

142 979 206 1000 rum
228 971 384 1000 secundum
412 971 477 999 fidei
498 971 694 1005 assertionem,
720 971 884 1005 ostendens,
910 971 985 1008 quod

142 1018 189 1047 illa
209 1019 276 1047 unio
290 1021 332 1047 est
353 1018 380 1046 in
395 1026 522 1055 persona.
545 1018 573 1046 In
593 1018 716 1046 secunda
731 1026 797 1046 vero
819 1018 986 1046 determinat

142 1066 297 1095 secundum
318 1065 494 1094 diversorum
517 1065 663 1093 doctorum
689 1065 860 1101 opinionem,
882 1065 952 1093 intra
966 1065 985 1092 ¹:

142 1113 187 1140 Ea:
206 1112 380 1149 praemissis
400 1115 497 1140 autem
518 1112 637 1148 emeryic
658 1111 797 1149 quaestio.

220 1159 311 1187 Prima
332 1166 397 1196 pars
422 1158 543 1187 continet
568 1162 743 1195 praesentem
765 1158 986 1193 distinctionem,

141 1214 213 1244 quae
234 1206 370 1235 dividitur
391 1206 418 1234 in
440 1206 511 1234 duas
533 1208 634 1242 partes.
656 1205 684 1233 In
706 1206 798 1242 prima
822 1209 915 1234 movet
936 1206 987 1234 Ma-

141 1253 227 1290 gister
248 1252 432 1289 multiplicem
451 1252 641 1289 quaestionem
665 1252 739 1280 eirca
760 1252 891 1281 unionem
921 1252 987 1281 dua-

141 1308 205 1329 rum
228 1303 392 1328 naturarum
415 1299 442 1327 in
465 1307 597 1336 persona.
619 1299 677 1327 sive
692 1298 765 1327 circa
786 1299 986 1328 assumtionem

141 1346 281 1384 humanae
295 1349 412 1374 naturae
426 1354 442 1373 a
463 1345 565 1373 divina.
582 1345 609 1373 ln
631 1345 754 1373 secunda
769 1352 836 1373 vero
858 1345 987 1374 determi-

141 1394 188 1420 nat
200 1390 219 1424 2,
241 1391 295 1419 ibi:
316 1391 396 1419 Haec
411 1391 563 1428 inquisitio
577 1391 637 1419 siue
652 1391 822 1429 inquirendi
840 1391 919 1419 ratio
934 1394 985 1420 ete.

220 1438 312 1467 Prima
333 1446 398 1474 pars
413 1441 538 1466 remanet
559 1438 690 1472 indivisa,
712 1438 760 1467 sed
776 1439 899 1467 secunda
921 1447 986 1476 pars

141 1485 277 1514 dividitur
299 1485 324 1513 in
347 1488 404 1513 tres
425 1488 528 1521 partes.
550 1485 577 1513 ln
600 1493 719 1522 quarum
746 1485 838 1522 prima
858 1485 986 1522 Magister

140 1532 307 1561 determinat
321 1531 510 1569 quaestionem
533 1532 725 1569 principalem.
741 1532 769 1560 ln
785 1532 908 1560 secunda
920 1540 986 1561 vero

141 1579 330 1616 quaestionem
353 1579 519 1607 incidentem
542 1579 725 1613 determinat,
748 1579 801 1607 ibi:
828 1578 884 1607 Sed
904 1587 987 1616 quae-

141 1626 232 1660 ritur,
257 1629 360 1653 utrum
388 1625 487 1653 eadem
513 1625 615 1653 divina.
643 1629 757 1654 natura
777 1629 828 1654 etc.
856 1626 883 1653 ln
907 1626 986 1654 tertia

141 1681 208 1702 vero
223 1673 382 1710 regreditur
396 1672 431 1701 ad
453 1672 614 1709 principalis
629 1673 799 1710 quaestionis
817 1673 987 1709 explanatio-

140 1727 218 1754 nem,
247 1720 300 1748 ibi:
330 1719 396 1747 Ideo
423 1728 490 1747 'uero
516 1728 574 1747 non
599 1727 759 1756 personam
787 1719 913 1747 hominis
934 1723 984 1748 etc.

1043 645 1133 673 Prima
1161 653 1226 682 pars
1254 645 1390 674 dividitur
1419 647 1445 674 in
1476 647 1547 675 (luas
1576 651 1676 684 partes.
1706 649 1734 676 ln
1766 657 1887 686 quarum

1043 693 1133 729 prima
1154 693 1304 729 respondet
1324 693 1359 721 ad
1382 693 1571 730 quaestionem
1598 695 1769 731 propositam
1791 704 1886 725 seeun-

1043 739 1110 768 dum
1123 739 1260 775 triplicem
1276 739 1336 767 eius
1346 740 1511 774 articulum,
1526 743 1553 768 et
1571 741 1783 777 perplexitatem
1800 745 1888 771 osten-

1043 785 1083 813 dit
1097 793 1157 813 esse
1172 786 1323 822 quartum³
1334 786 1484 814 articulum
1500 790 1615 823 propter
1630 791 1809 824 apparentem
1826 798 1887 817 con-

1043 832 1214 861 trarietatem
1235 833 1442 861 auctoritatum.
1462 833 1490 861 ln
1508 834 1631 862 secunda
1652 842 1718 863 vero
1742 836 1888 864 auctorita-

1044 882 1097 912 tes,
1119 886 1190 915 quae
1212 879 1343 907 videntur
1352 880 1418 908 'esse
1439 880 1607 912 contrariae,
1630 881 1738 909 reducit
1756 882 1791 910 ad
1814 883 1889 911 intel-

1043 924 1159 954 lectum.
1175 926 1351 954 concordiam
1364 929 1390 954 et
1406 926 1563 960 veritatem,
1579 927 1628 955 ibi:
1642 927 1701 956 Nos
1715 937 1782 956 vero
1794 930 1888 958 onmis

1043 972 1192 1000 mendacii
1211 976 1262 1000 ete.

1122 1019 1249 1047 Secunda
1270 1027 1337 1047 vero
1358 1027 1423 1056 pars
1444 1020 1621 1057 principalis,
1651 1022 1697 1050 ubi
1721 1022 1888 1052 determinat

1044 1065 1233 1102 quaestionem
1253 1065 1432 1100 incidentem,
1449 1066 1519 1095 duas
1538 1067 1621 1096 hahet
1637 1071 1738 1104 partes.
1755 1069 1782 1097 ln
1799 1070 1888 1106 prima

1044 1111 1211 1140 determinat
1228 1113 1347 1149 primam
1361 1112 1370 1125 ⁴
1390 1113 1600 1142 dubitationem.
1621 1115 1647 1142 ln
1664 1116 1786 1144 secunda
1808 1117 1889 1145 solvit

1043 1159 1184 1195 quandam
1206 1159 1384 1196 sophistieam
1407 1160 1556 1195 rationem,
1579 1161 1627 1189 ibi:
1652 1162 1695 1189 Em
1713 1163 1888 1199 praemissis

1044 1209 1164 1233 constat.

1122 1252 1253 1281 Similiter
1274 1255 1301 1281 et
1323 1253 1403 1282 tertia
1424 1262 1490 1291 pars
1512 1255 1687 1291 principalis,
1717 1256 1743 1284 in
1772 1265 1828 1293 qua
1849 1265 1889 1285 so-

1044 1299 1177 1327 lutionem
1207 1300 1388 1337 principalem
1411 1301 1559 1338 explanat,
1588 1302 1671 1330 hahet
1693 1303 1764 1331 duas
1786 1307 1887 1340 partes.

1044 1346 1072 1374 In
1094 1354 1215 1383 quarum
1237 1346 1328 1383 prima
1350 1348 1540 1383 praehabitam
1556 1348 1722 1377 solutionem
1742 1350 1888 1379 confirmat

1043 1400 1094 1430 per
1109 1392 1251 1421 rationem.
1274 1393 1302 1421 ln
1318 1394 1440 1422 secunda
1462 1402 1528 1423 vero
1543 1395 1669 1424 dissolvit
1687 1397 1887 1433 oppositiones,

1044 1447 1115 1477 quae
1137 1440 1225 1476 ipsam
1247 1440 1378 1469 videntur
1400 1441 1580 1478 impugnare,
1595 1442 1647 1471 ibi:
1663 1443 1718 1472 Hic
1733 1453 1752 1472 α
1773 1445 1888 1482 quibus-

1044 1486 1114 1515 dam
1142 1487 1315 1523 opponitur,
1344 1488 1421 1525 qaod
1447 1497 1576 1525 persona
1597 1490 1771 1518 assumserit
1794 1500 1888 1528 perso-

1043 1541 1113 1561 nam.
1129 1536 1179 1561 etc.
1201 1533 1410 1562 Subdivisiones
1424 1534 1547 1571 partium
1566 1535 1592 1563 in
1614 1535 1705 1570 littera
1727 1537 1886 1566 manifestae

1043 1582 1116 1608 sunt.
1138 1596 1176 1599 —
1198 1580 1355 1609 Intellectus
1380 1584 1473 1609 autem
1495 1582 1632 1618 generalis
1661 1586 1791 1611 versatur
1813 1584 1887 1613 circa

1043 1627 1242 1655 assumtionem
1265 1627 1404 1655 humanae
1419 1630 1535 1656 naturae
1556 1636 1571 1656 a
1594 1628 1688 1657 divina
1709 1629 1736 1657 in
1752 1630 1885 1659 unitatem

1043 1680 1187 1709 personae,
1209 1677 1264 1701 tam
1287 1682 1322 1702 ex
1345 1677 1423 1710 parte
1444 1675 1611 1704 assumentis
1640 1685 1724 1713 quarn
1750 1685 1785 1705 ex
1808 1681 1886 1714 parte

1043 1723 1159 1748 naturae
1181 1724 1331 1749 assumtae.

789 1806 974 1834 TRACTATIO
996 1806 1238 1843 QUAESTIONUM.

218 1881 257 1910 Ad
289 1881 499 1918 intelligentiam
527 1884 620 1909 antem
653 1881 738 1909 liuius
770 1881 857 1918 partis
889 1881 985 1910 inridit

140 1929 185 1958 hic
213 1928 338 1966 quaestio
366 1928 440 1957 circa
464 1928 663 1956 assumtionem
696 1928 835 1956 humanae
868 1931 984 1956 naturae

139 1984 156 2004 a
176 1975 278 2004 divina.
302 1975 332 2004 Et
353 1978 482 2004 versatur
503 1975 549 2003 hic
569 1974 695 2012 quaestio
717 1974 790 2003 eirca
808 1975 864 2003 duo
886 1975 985 2012 prinei-

140 2022 249 2059 paliter.

220 2069 310 2097 Primo
335 2068 480 2106 quaeritur
501 2068 536 2097 de
562 2068 621 2105 ipsa
646 2068 817 2097 assumtione
843 2077 878 2097 ex
905 2072 983 2105 parte

140 2115 316 2144 assumentis.

218 2161 345 2190 Secundo
366 2169 433 2190 vero
453 2162 599 2198 quaeritur
619 2169 655 2190 ex
677 2164 756 2198 parte
777 2161 902 2190 assumti.

218 2208 296 2237 Circa
318 2208 439 2245 primum
462 2211 637 2245 quaeruntur
659 2208 791 2244 quinque.

219 2254 309 2283 Primo
324 2255 482 2291 quaeritur,
498 2258 593 2282 utrum
615 2262 759 2283 assumere
775 2254 809 2283 sit
830 2258 909 2283 actus
923 2262 984 2283 con-

1043 1881 1155 1910 veniens
1177 1882 1287 1910 divinae
1309 1886 1435 1911 naturae.

1120 1928 1247 1956 Secundo
1268 1929 1426 1965 quaeritur,
1449 1933 1544 1958 utrum
1567 1930 1602 1958 sit
1621 1934 1699 1959 actus
1721 1933 1887 1961 conveniens

1042 1975 1152 2003 divinae
1174 1983 1317 2012 personae.

1120 2021 1212 2050 Tertio
1233 2023 1387 2059 quaeritur,
1406 2026 1501 2051 utrum
1518 2025 1662 2053 conveniat
1684 2033 1818 2062 personae
1835 2034 1884 2062 per

1042 2076 1084 2103 se,
1105 2076 1139 2096 an
1163 2069 1268 2097 ratione
1291 2073 1414 2098 naturae.

1121 2115 1225 2151 Quarto
1256 2116 1417 2152 quaeritur,
1449 2120 1545 2145 utrum
1577 2118 1722 2147 conveniat
1754 2122 1885 2154 naturae,

1042 2161 1181 2190 abstracta
1202 2162 1275 2190 omni
1298 2170 1424 2199 persona.

1120 2208 1221 2244 Quinto
1243 2209 1400 2246 quaeritur,
1424 2213 1518 2238 utrum
1546 2210 1613 2239 liaeo
1634 2211 1669 2239 sit
1690 2212 1884 2240 concedenda:

1042 2254 1136 2282 divina
1157 2258 1258 2283 natura
1279 2258 1320 2284 est
1341 2264 1406 2284 caro
1429 2256 1507 2284 facta.

869 2339 1104 2373 ARTICULUS
1130 2340 1141 2372 Ι
1147 2367 1152 2372 .

664 2422 703 2450 De
725 2421 790 2458 ipsa
811 2422 991 2450 assumtione
1013 2430 1047 2451 eat·
1066 2425 1152 2459 purte
1173 2423 1359 2450 assumentis.

912 2508 1074 2544 QUAESTIO
1096 2509 1113 2537 l.

550 2594 654 2622 Utrum
677 2602 828 2622 assumere
848 2594 886 2622 sit
908 2598 992 2622 aetas
1014 2595 1182 2623 conveniens
1204 2595 1321 2623 (livinae
1343 2598 1477 2623 naturae.

217 2679 296 2708 Circa
331 2679 452 2715 primum
489 2680 527 2708 sie
561 2680 722 2716 proceditur
757 2684 784 2708 et
819 2681 983 2717 quaeritur,

140 2730 235 2754 utrum
258 2735 401 2755 assumere
423 2727 458 2755 sit
485 2731 564 2755 actus
584 2727 751 2755 conveniens
774 2727 884 2755 divinae
907 2730 983 2755 natu-

140 2781 195 2801 rae.
220 2774 249 2801 Et
270 2774 344 2811 quod
367 2774 417 2808 sic,
440 2774 562 2802 videtur:

203 2881 209 2896 ¹
228 2883 286 2909 Scit,
308 2885 331 2904 nt
348 2883 414 2904 otiam
441 2883 462 2904 in
489 2883 555 2904 codd.
575 2883 616 2904 Fi<
628 2883 643 2904 Z
662 2883 773 2912 natwtur,
792 2883 856 2912 iufra
878 2883 929 2905 (list.
947 2882 980 2911 (i,

140 2926 182 2948 pro
200 2926 246 2948 qno
263 2920 315 2942 vild.
333 2921 439 2942 exhibunt
456 2921 561 2950 sequenti·
576 2921 730 2944 distinctione.

202 2958 211 2972 ’·’
230 2958 284 2980 ΕιΙιΙ,
303 2959 374 2980 verbo
391 2959 530 2982 {interminat
548 2960 677 2987 praefigunt
694 2966 754 2982 enm.

270 3008 294 3031 S.
312 3009 399 3031 lionae.
417 3021 448 3025 —
466 3010 532 3032 Toni.
551 3010 581 3031 lll.

1122 2683 1146 2709 1.
1169 2681 1335 2708 Auctoritato
1355 2681 1496 2716 Augustini
1522 2681 1547 2709 in
1565 2681 1634 2709 libro
1656 2682 1689 2710 ‹le
1707 2682 1768 2710 Fide
1783 2683 1816 2710 ad
1840 2683 2023 2713 l'e-i-undamenim

1041 2731 1114 2756 trum
1132 2727 1154 2755 ⁵:
1182 2727 1257 2754 «tila
1289 2730 1401 2759 natura,
1434 2735 1505 2763 qnae
1537 2735 1647 2764 semper
1669 2728 1759 2763 genita
1792 2733 1884 2757 manet

1038 2773 1112 2810 apud
1137 2774 1256 2806 Patrem,
1279 2776 1406 2800 naturam
1432 2776 1551 2801 nostram
1575 2774 1633 2802 sino
1656 2778 1767 2810 peceato
1793 2783 1883 2803 susee-

1102 2882 1110 2895 ³³
1130 2882 1177 2904 Vnt.
1196 2888 1247 2904 cnm
1266 2882 1380 2910 aliquibus
1395 2882 1462 2904 (until.
1481 2884 1531 2905 Uici
1545 2884 1659 2910 qzurrtunt
1677 2885 1796 2911 praemittit
1811 2884 1882 2907 rin-cn.

1103 2920 1111 2934 ⁴
1130 2920 1185 2942 lidd.
1204 2924 1224 2941 rt
1243 2921 1342 2942 mmnnlli
1360 2921 1427 2942 vuilit.
1446 2922 1552 2943 ‹nniltimt
1567 2922 1678 2951 primum.

1103 2959 1113 2973 ⁵
1129 2958 1183 2986 (lap.
1203 2960 1223 2980 ’2.
1243 2966 1263 2981 n.
1286 2959 1317 2980 it.
1336 2959 1381 2981 (It‘r.
1394 2961 1429 2981 tm:
1448 2961 1476 2982 tii.
1490 2961 1602 2987 Magistri,
1621 2968 1640 2983 ‹·.
1658 2962 1673 2983 l.
1694 2962 1715 2983 ln
1729 2964 1787 2983 ivxta
1802 2963 1883 2989 origin.

1794 3013 1818 3034 lt}
