2166 3366
19 577 86 605 Solutio
99 582 132 601 op-

19 603 125 626 punitorum.

18 903 128 924 Notandum.

20 1727 136 1746 undameuta.

756 169 837 197 DlST.
859 169 923 197 xxi.
946 169 1017 197 ΛΒΤ.
1039 169 1059 197 11
1081 169 1215 206 QUAEST.
1237 169 1277 196 lll.

144 246 218 275 modi
240 246 344 280 forma,
366 246 428 275 ideo
442 254 508 276 vere
529 247 581 276 fuit
595 249 722 280 mortua;
743 250 770 275 et
791 247 919 284 quamvis
941 247 987 275 ha-

144 293 222 322 beret
242 292 418 322 Divinitatem
441 294 561 328 unitam,
576 302 629 322 non
652 297 743 322 tamen
764 294 799 322 ab
820 302 852 322 ea
868 294 986 322 vivifica-

144 338 238 373 batur,
260 347 313 367 non
344 342 457 376 propter
486 339 624 368 defectum
647 347 662 368 a
691 342 769 376 parte
791 339 984 376 vivificantis,

144 385 191 414 sed
215 389 328 423 propter
343 386 588 423 improportionem
608 394 624 414 a
639 389 717 423 parte
739 385 932 422 vivz'ficabz‘lis.
947 402 986 407 -

144 432 270 462 Rationes
292 433 388 470 igitur,
414 440 485 470 quae
513 432 548 461 ad
571 432 641 461 banc
671 436 777 469 partem
801 433 984 467 inducuntur,

143 479 336 508 concedendae
357 482 430 508 sunt.

224 527 247 554 1.
270 526 306 555 Ad
330 525 399 554 illud
422 533 488 554 vero
509 526 583 563 quod
605 526 696 563 primo
717 526 847 555 obiicitur
867 527 892 555 in
925 535 986 555 con-

144 572 276 605 trarium,
297 572 371 608 quod
390 572 500 600 unitum
517 572 588 601 vitae
610 572 692 605 vivit;
708 573 761 601 iam
785 576 858 610 patet
874 581 985 610 respon-

142 618 191 647 sio.
214 618 267 647 lloc
288 618 360 647 enim
384 618 527 647 veritatem
544 619 639 650 habet,
661 620 773 656 quando
795 620 891 648 unitur
912 621 936 649 ei
953 620 985 649 si-

142 668 190 695 cut
210 665 381 703 perfectibile
403 672 470 694 suae
485 665 659 702 perfectioni;
681 666 719 695 sic
742 669 834 695 autem
857 675 910 695 non
926 667 985 695 uni-

142 715 189 741 tur
209 719 274 741 caro
296 719 430 749 personae
451 711 549 740 Verbi:
572 715 599 740 et
620 712 682 741 ideo
701 721 753 741 non
776 716 817 742 est
838 713 928 742 simile
950 714 984 742 de

143 759 203 796 ipsa
223 758 315 788 anima
336 761 363 787 et
384 758 418 787 de
440 765 559 795 persona
580 758 682 787 divina.

221 807 247 834 ⁹2.
269 805 307 834 Ad
323 805 392 834 illud
413 805 488 842 quod
503 805 645 840 obiicitur,
667 806 742 842 quod
757 806 849 834 anima
871 814 924 835 non
940 815 984 844 po-

142 852 195 881 tuit
222 852 295 881 uniri
324 852 375 889 ipsi
405 852 507 887 Verbo,
536 852 602 889 quin
632 852 820 882 vivificaretur
848 853 883 882 ab
905 854 982 891 ipso,

142 906 209 936 ergo
229 906 279 927 nec
301 906 381 932 caro;
396 898 562 931 dicendum,
583 899 657 936 quod
681 907 733 927 non
749 903 791 927 est
813 899 917 933 simile,
933 908 983 936 pro

141 952 174 974 eo
195 944 269 982 quod
292 944 352 981 ipsa
372 944 477 979 anima,
506 952 569 973 cum
593 945 627 973 sit
651 945 742 982 imago
770 946 817 974 Dei
843 949 869 974 et
891 941 984 975 imme-

141 991 215 1021 diate
236 995 299 1020 nata
320 991 385 1020 ferri
408 991 434 1020 in
459 991 559 1025 Deum,
580 999 695 1028 «capax
712 992 772 1021 eius
793 996 833 1021 est
855 996 882 1021 et
902 993 984 1029 parti-

141 1045 207 1075 ceps
227 1045 287 1067 esse
308 1037 417 1075 potest¹
434 1048 462 1072 »3
483 1041 510 1066 et
531 1038 568 1066 ita
591 1038 748 1067 immediate
770 1039 855 1067 babet
880 1039 915 1068 ab
936 1039 984 1068 illo

141 1088 168 1113 et
190 1084 216 1113 in
233 1084 280 1113 illo
294 1084 388 1113 vivere
403 1092 453 1122 per
467 1085 649 1122 cognitionem
666 1089 692 1114 et
714 1094 846 1114 amorem.
870 1086 926 1114 Non
943 1086 983 1115 sic

141 1134 234 1160 autem
256 1134 298 1160 est
325 1131 360 1160 de
380 1139 481 1165 carne:
507 1139 561 1160 non
583 1132 656 1160 enim
679 1135 720 1160 est
741 1135 804 1160 nata
826 1132 912 1161 Deum
942 1141 984 1161 co-

141 1185 274 1215 gnoscere
296 1178 338 1207 vel
360 1186 463 1207 amare.

220 1224 246 1252 3.
268 1224 305 1253 Ad
335 1224 403 1253 illud
432 1224 504 1262 quod
528 1224 673 1255 obiicitur.
699 1225 773 1261 quod
803 1226 920 1254 nobilior
941 1229 982 1254 est

1831 172 1886 199 [1115

1043 247 1198 275 substantia
1213 246 1309 275 vivens
1331 246 1485 275 substantia
1501 255 1554 276 non
1578 247 1702 283 vivente3
1718 248 1885 283 dicendum,

1043 293 1117 330 quod
1140 300 1238 321 verum
1254 296 1310 325 est,
1326 293 1424 321 ceteris
1439 293 1500 321 aliis
1516 294 1646 330 paribus;
1662 294 1710 323 sed
1732 302 1797 323 caro
1812 295 1887 324 Chri—

1043 339 1092 374 sti,
1108 339 1171 368 licet
1186 342 1292 368 careret
1305 339 1315 354 ²
1331 339 1402 372 vita,
1417 343 1474 368 erat
1493 344 1583 369 tamen
1599 341 1738 369 Divinitati
1756 342 1844 372 unita.
1860 346 1885 371 et

1043 387 1093 416 hoc
1122 386 1235 424 quidem
1265 386 1468 423 praeponderat
1490 387 1585 415 multis
1613 387 1673 416 aliis
1695 388 1883 425 dignitatibus,

1043 433 1215 466 Praeterea,
1238 440 1302 461 cum
1324 432 1435 465 dicitur,
1457 434 1531 470 quod
1554 434 1672 463 nobilior
1698 439 1739 463 est
1760 435 1885 464 substan-

1043 479 1079 508 tia
1101 479 1197 508 vivens
1211 479 1365 508 substantia
1381 487 1434 507 non
1456 480 1581 511 vivente:
1598 481 1649 509 boc
1672 481 1835 518 intelligitur
1850 482 1884 511 de

1042 526 1209 560 substantia,
1230 533 1301 563 quae
1323 529 1398 554 caret
1420 526 1473 554 vita
1495 527 1684 564 simpliciter:
1704 536 1769 556 caro
1791 532 1883 557 autem

1042 573 1143 602 Christi
1165 581 1218 601 non
1234 573 1346 602 carebat
1368 573 1423 601 vita
1437 573 1618 610 simpliciter,
1638 574 1684 603 sed
1702 575 1743 603 ad
1764 578 1882 612 tempus.

1043 620 1118 649 Unde
1133 620 1203 649 sicut
1225 620 1343 648 nobilior
1361 623 1402 648 est
1424 620 1498 648 filius
1519 621 1592 657 regis
1617 622 1734 658 captns³
1757 626 1783 650 et
1799 623 1884 651 incar-

1041 670 1151 695 ceratus
1174 666 1230 694 snio
1257 666 1352 695 rustici
1376 666 1401 694 in
1428 666 1553 695 libertate
1579 675 1629 695 sua
1653 668 1816 702 constituto;
1845 669 1882 697 sic

1041 713 1123 742 etiam
1146 712 1356 749 intelligendum
1379 716 1420 742 est
1441 713 1476 741 de
1497 721 1580 742 carne
1601 714 1715 744 Christi.
1742 723 1814 751 qnae
1830 723 1884 743 mo-

1041 759 1103 787 dico
1124 762 1247 796 tempore
1269 759 1359 787 caruit
1388 759 1591 795 complemento
1620 760 1706 794 vitae,
1737 763 1767 788 ut
1789 764 1881 798 postea

1041 806 1240 835 nobilissimam
1264 805 1347 834 vitam
1371 809 1535 835 resumeret.

1119 853 1145 881 4.
1168 852 1204 881 Ad
1228 853 1296 881 illud
1319 853 1393 890 quod
1415 853 1557 887 obiicitur,
1580 854 1654 890 quod
1674 862 1738 882 caro
1760 854 1806 882 illa
1828 863 1880 883 non

1040 899 1129 937 potuit
1158 899 1303 928 incinerari
1320 899 1350 933 *ς
1379 899 1544 933 dicendum,
1574 900 1647 937 quod
1671 900 1764 929 divina
1793 901 1882 929 virtus

1041 947 1128 983 ipsam
1150 946 1351 980 conservabat:
1374 946 1421 975 sed
1445 950 1536 975 tamen
1563 947 1609 975 illa
1630 948 1803 976 conservatio
1829 956 1881 976 non

1040 997 1100 1022 erat
1120 993 1269 1022 vivificatio
1285 1001 1333 1022 nec
1354 994 1478 1031 operatio
1503 994 1584 1023 vitae.
1607 994 1785 1023 Conservatio
1806 996 1879 1023 enini

1040 1042 1066 1068 et
1082 1040 1228 1077 vegetatio.
1243 1048 1314 1077 quae
1329 1044 1370 1069 est
1381 1041 1505 1078 operatio
1521 1041 1606 1071 vitae.
1624 1041 1749 1078 procedit
1763 1050 1779 1070 a
1794 1042 1882 1070 forma

1040 1087 1213 1124 completiva.
1236 1091 1367 1124 operante
1390 1095 1439 1124 per
1461 1088 1574 1116 modum
1599 1092 1714 1117 naturae
1728 1088 1749 1122 ὃς
1766 1089 1813 1117 sed
1837 1089 1881 1118 illa

1040 1133 1224 1167 conservatio,
1246 1141 1317 1171 quae
1338 1138 1398 1162 erat
1421 1134 1446 1162 in
1469 1142 1552 1163 carne
1566 1135 1681 1169 Christi,
1703 1143 1737 1164 ne
1759 1144 1883 1165 corrum-

1040 1183 1161 1216 peretur,
1182 1184 1241 1208 erat
1262 1189 1277 1208 a
1300 1181 1403 1209 virtute
1418 1181 1526 1215 divina,
1543 1186 1674 1218 operante
1696 1190 1781 1219 super
1806 1186 1882 1211 natu-

1040 1234 1114 1260 ram;
1137 1229 1163 1254 et
1186 1226 1247 1255 ideo
1268 1235 1322 1255 non
1343 1228 1415 1264 cogit
1436 1227 1483 1256 illa
1505 1228 1574 1256 ratio
1587 1228 1605 1255 ⁰.

897 1335 1058 1371 QUAESTIO
1079 1335 1119 1363 Ill.

434 1432 538 1461 Utrum
556 1436 676 1469 propter
698 1437 815 1461 niorlem
839 1433 940 1461 caruis
960 1433 998 1462 sit
1018 1441 1098 1462 mors
1117 1442 1259 1471 personae
1287 1434 1369 1463 Verbi
1388 1435 1584 1464 attribuenda.

220 1531 312 1560 Tertio
333 1531 491 1568 quaeritur,
513 1534 608 1559 utrum
624 1534 738 1568 propter
761 1535 876 1559 mortem
892 1532 983 1560 carnis

143 1578 177 1607 sit
198 1586 273 1607 mors
302 1585 435 1615 personae
457 1578 539 1607 Verbi
565 1578 751 1607 attribuenda.
775 1579 804 1606 Et
833 1578 906 1615 quod
929 1579 982 1612 sic,

142 1624 307 1654 ostenditur.

223 1672 247 1699 1.
268 1670 375 1700 Dicitur
389 1671 461 1700 enim
479 1671 504 1699 in
520 1671 649 1708 symbolo
663 1671 682 1699 ⁷:
705 1682 718 1695 «
734 1671 831 1699 Passus
851 1671 904 1700 snb
920 1672 984 1700 Pon-

143 1718 180 1747 tio
202 1718 299 1752 Pilato,
314 1717 480 1752 crucifixus,
496 1721 625 1746 mortuus
646 1722 672 1746 et
688 1718 814 1755 sepultus
826 1729 852 1747 »2
873 1718 923 1747 boc
938 1727 983 1747 au-

141 1768 196 1794 tem
219 1765 321 1794 dicitur
343 1765 377 1793 de
398 1765 464 1793 Filio
485 1765 532 1793 Dei
549 1765 697 1801 unigenito.
721 1765 750 1793 Et
766 1765 815 1793 hoc
839 1765 928 1802 ipsum
946 1765 984 1793 di-

143 1811 179 1841 cit
194 1811 355 1840 Ambrosius
369 1820 514 1849 expresse,
532 1815 558 1840 et
574 1812 692 1841 habetur
708 1820 793 1849 supra
809 1812 983 1841 distinctione

144 1858 251 1887 decima
278 1862 375 1887 octava
391 1858 412 1886 ⁸:
434 1859 579 1887 «Tantum
603 1858 654 1886 suit
675 1862 817 1895 peccatum
841 1862 983 1893 nostrum,

144 1908 175 1934 ut
196 1905 296 1934 salvari
319 1913 372 1933 non
395 1913 552 1941 possemus,
577 1905 627 1933 nisi
654 1905 813 1941 unigenitus
838 1905 884 1934 Dei
901 1905 983 1934 Filius

145 1956 301 1980 moreretur
323 1960 373 1989 pro
394 1952 474 1980 nobis
495 1952 667 1980 debitoribus
690 1953 826 1980 mortis».

223 1999 248 2026 2.
271 1998 352 2031 ltem,
374 1998 425 2027 hoc
447 1998 538 2035 ipsum
563 1998 672 2027 videtur
695 1999 815 2026 ratione.
838 1999 924 2027 Carne
940 2006 984 2026 na-

144 2048 236 2073 scente
257 2048 284 2073 et
305 2048 451 2081 concepta,
474 2044 557 2074 Filius
580 2045 626 2074 Dei
648 2049 737 2074 natus
752 2045 853 2074 dicitur
874 2049 900 2074 et
922 2054 985 2074 con-

144 2094 257 2128 ceptus:
280 2099 345 2127 ergo
366 2091 426 2128 pari
449 2091 567 2125 ratione,
589 2099 671 2120 carne
695 2095 816 2125 mortua,
832 2092 914 2121 Filius
935 2092 982 2120 Dei

144 2137 226 2166 debet
247 2137 300 2166 dici
323 2141 450 2166 mortuus
462 2137 481 2165 ⁹.

223 2183 248 2212 3.
271 2184 353 2218 ltem,
375 2184 524 2213 satisfactio
546 2192 596 2221 pro
617 2188 728 2221 peccato
743 2188 837 2212 nostro
863 2184 914 2212 l'uit
934 2192 984 2221 per

145 2230 300 2267 passionem
322 2234 349 2259 et
364 2234 480 2259 mortem
488 2241 495 2265 3
518 2231 565 2259 sed
581 2231 675 2259 nullus
697 2231 785 2267 potuit
800 2239 850 2268 pro
872 2234 984 2267 peccato

145 2281 238 2305 nostro
253 2277 423 2312 satisfacere,
439 2278 489 2306 nisi
505 2281 578 2306 esset
594 2277 665 2305 Deus
679 2278 707 2305 ¹⁰:
730 2285 796 2313 ergo
817 2278 837 2305 si
860 2285 910 2314 pro
925 2285 985 2314 pec-

145 2323 212 2352 catis
232 2323 334 2352 nostris
355 2331 404 2360 per
423 2327 540 2352 mortem
565 2324 639 2352 illam
655 2324 824 2352 satisfactum
847 2327 902 2357 est,
918 2332 983 2353 vere

144 2369 228 2398 Filius
249 2369 297 2398 Dei
319 2369 370 2398 suit
392 2374 527 2399 mortuus.

223 2416 248 2444 li.
271 2416 353 2450 ltem,
375 2417 441 2445 unio
462 2417 509 2444 illa
530 2417 591 2445 facit
614 2415 889 2445 communicationem
919 2416 984 2444 idio-

145 2464 267 2494 matum;
289 2462 336 2491 sed
366 2467 479 2499 propter
501 2463 701 2499 separationem
730 2462 837 2490 animae
865 2470 880 2490 a
901 2470 983 2491 carne

145 2517 243 2538 verum
265 2512 292 2538 et
320 2510 506 2538 necessarium
537 2509 602 2541 suit.
625 2509 702 2537 illum
733 2508 871 2537 hominem
895 2509 982 2537 mori:

1040 1540 1106 1569 ergo
1126 1540 1191 1561 vere
1213 1536 1238 1561 et
1260 1533 1454 1562 convenienter
1484 1537 1572 1570 potest
1595 1542 1670 1563 mors
1695 1535 1808 1563 attribui
1832 1536 1879 1565 Dei

1041 1579 1143 1613 Verbo,
1172 1582 1202 1608 ut
1227 1579 1337 1608 dicatur
1365 1580 1447 1608 Filius
1469 1580 1515 1609 Dei
1545 1585 1679 1609 mortuus
1700 1586 1727 1610 et
1751 1582 1880 1619 ‚squalens

1040 1633 1090 1662 pro
1113 1625 1229 1654 nobis¹³.

1119 1672 1170 1700 San
1191 1680 1317 1700 cou'rna:
1345 1674 1365 1701 l.
1388 1673 1557 1710 Augustinus
1572 1673 1649 1708 dicit,
1669 1678 1696 1703 et
1711 1674 1830 1703 liabetur
1852 1676 1878 1704 in

1042 1718 1132 1747 littera
1153 1718 1251 1747 ultimo
1273 1720 1407 1756 capitulo:
1436 1720 1489 1748 «Si
1512 1720 1574 1757 quis
1596 1720 1699 1750 dixerit
1719 1725 1802 1759 atque
1824 1731 1879 1752 cre-

1041 1764 1142 1794 diderit
1164 1765 1251 1794 Deum
1274 1774 1400 1802 passum.
1422 1767 1568 1795 anathema
1590 1767 1624 1795 sit
1640 1778 1667 1801 »;
1689 1768 1737 1796 sed
1760 1768 1803 1797 cui
1826 1777 1879 1797 non

1040 1814 1130 1848 potest
1151 1811 1264 1840 attribui
1283 1812 1395 1848 pas-sio,
1417 1821 1470 1840 non
1493 1816 1582 1849 potest
1603 1813 1716 1842 attribui
1739 1823 1835 1843 mors:
1857 1815 1878 1843 si

1041 1858 1125 1895 igitur
1147 1866 1200 1886 non
1222 1862 1263 1887 est
1279 1859 1465 1888 credendum.
1482 1859 1577 1888 Filium
1596 1860 1641 1888 Dei
1656 1869 1795 1897 passum,
1811 1861 1879 1890 sicut

1041 1904 1122 1938 dicit;
1144 1913 1197 1933 non
1218 1909 1258 1934 est
1285 1905 1456 1934 credendum
1479 1913 1568 1943 neque
1598 1907 1760 1941 dicendum,
1783 1907 1879 1936 Filium

1041 1951 1088 1980 Dei
1110 1951 1194 1980 fuisse
1212 1956 1371 1980 moremini.

1119 2000 1145 2026 ⁹2.
1172 1998 1252 2032 ltem‚
1281 1999 1411 2027 idiomata
1431 1999 1528 2036 partis
1557 2008 1609 2028 non
1640 2000 1880 2030 communicantur

1041 2052 1175 2081 personae
1187 2045 1268 2073 Verbi
1279 2045 1296 2059 ¹⁴³
1305 2061 1343 2065 —
1351 2045 1479 2082 quamvis
1490 2045 1562 2074 enim
1578 2054 1649 2074 earo
1660 2046 1742 2075 suerit
1754 2051 1881 2084 separata

1041 2091 1075 2119 ab
1096 2091 1200 2125 anima,
1222 2099 1275 2119 non
1298 2094 1388 2120 tamen
1410 2096 1524 2129 propter
1545 2092 1596 2121 hoc
1619 2093 1714 2121 Filius
1736 2093 1789 2121 Dei
1806 2102 1881 2131 sepa-

1041 2141 1119 2166 ratus
1138 2137 1190 2166 fuit
1210 2137 1245 2166 ab
1267 2137 1313 2166 illa
1334 2139 1440 2173 anima,
1462 2147 1545 2176 quam
1568 2140 1700 2169 assumsit
1716 2157 1752 2161 —
1770 2148 1836 2177 ergo
1858 2142 1879 2169 si

1041 2192 1090 2221 per
1109 2183 1263 2221 passionem
1279 2184 1378 2214 Christi
1401 2193 1454 2213 non
1470 2189 1511 2214 est
1533 2189 1643 2214 mortua
1657 2186 1707 2215 nisi
1731 2187 1788 2215 sola
1803 2195 1879 2221 care,

1041 2231 1106 2267 quia
1126 2231 1218 2259 anima
1239 2239 1349 2268 semper
1377 2232 1466 2266 vixit;
1488 2240 1541 2260 non
1570 2232 1689 2266 videtur,
1718 2234 1792 2270 quod
1815 2233 1880 2262 Filio

1040 2276 1088 2305 Dei
1110 2284 1175 2306 vere
1196 2277 1283 2314 possit
1303 2277 1417 2306 attribui
1439 2286 1520 2306 mors
1528 2288 1538 2311 ;
1558 2282 1606 2306 aut
1628 2278 1649 2306 si
1671 2279 1833 2308 attribuitur
1855 2279 1877 2307 ei

1040 2331 1134 2357 mors,
1155 2326 1220 2352 tunc
1241 2327 1282 2353 est
1303 2324 1442 2362 quaestio:
1464 2332 1552 2361 quare
1580 2333 1633 2353 non
1657 2325 1784 2354 similiter
1805 2325 1880 2354 attri-

1040 2369 1136 2398 buitur
1157 2370 1181 2399 ei
1202 2371 1371 2408 separatio?
1643 2374 1644 2377 ’

1118 2416 1144 2444 3.
1166 2416 1247 2451 ltem=
1269 2421 1382 2454 propter
1404 2418 1615 2455 repugnantiam
1640 2417 1801 2446 idiomatum
1825 2426 1878 2446 non

1040 2463 1172 2499 recipitur
1193 2464 1395 2492 communiter:
1419 2464 1502 2492 Filius
1523 2464 1570 2493 Dei
1596 2467 1637 2493 est
1659 2468 1802 2499 creatura3
1830 2465 1878 2494 sed

1042 2509 1128 2538 multo
1157 2510 1243 2547 magis
1272 2514 1408 2547 repugnat
1437 2511 1508 2539 vitae
1529 2519 1629 2544 mors,
1656 2520 1738 2548 quam
1766 2511 1878 2540 intentio

209 2641 215 2655 ¹
233 2644 337 2669 August,
355 2642 413 2664 xiv.
432 2642 460 2663 de
478 2642 540 2664 Trin.
558 2648 576 2664 c.
595 2643 615 2664 8.
634 2648 655 2664 n.
677 2642 709 2663 ll.
727 2641 770 2663 Ctr.
789 2642 810 2663 ll.
829 2642 888 2663 Seni.
906 2641 927 2663 d.
949 2642 982 2663 16.

145 2686 165 2702 a.
184 2681 204 2702 l.
222 2687 243 2709 q.
264 2681 283 2702 l.
296 2681 406 2702 —I‘aulo
424 2681 530 2708 superius
546 2683 597 2703 ante
613 2680 692 2710 itiiayo
715 2680 756 2702 Dei
777 2679 829 2701 cdd.
849 2680 868 2706 l,
886 2680 899 2702 2
916 2680 983 2702 inter-

145 2722 223 2742 serunt
239 2725 298 2748 opus
315 2720 342 2742 et.

207 2757 216 2771 ²
234 2757 290 2780 Edd.
307 2761 329 2780 ct
346 2758 408 2780 multi
426 2758 493 2780 codd.
511 2759 597 2781 careat.

207 2796 216 2811 ³
233 2796 305 2819 Codd.
323 2797 340 2818 Α
351 2797 369 2818 K
387 2796 500 2826 captivus.
518 2797 587 2819 Paulo
599 2800 649 2819 ante
667 2802 709 2824 pro
728 2801 783 2818 caro
800 2796 879 2818 autem
896 2795 981 2818 codd}

145 2826 195 2856 Lan
213 2840 270 2858 caro
287 2834 355 2857 enim.

207 2872 216 2887 ⁴
233 2872 288 2895 Cod.
306 2874 323 2895 li
342 2873 420 2896 videre
437 2873 618 2902 corruptionem.

208 2911 218 2926 ⁵
234 2911 278 2934 Cir.
295 2913 391 2940 Aristot.⁷
410 2912 432 2934 ll.
450 2912 479 2934 de
496 2913 588 2939 Anima,
607 2915 657 2934 text.
676 2911 711 2933 46.
729 2917 793 2939 seqq.
811 2910 844 2938 (c.
863 2910 902 2939 4.).

207 2950 217 2964 ⁶
235 2950 292 2972 Vide
309 2951 410 2973 scholion
428 2951 456 2973 ad
475 2951 648 2979 praecedentem
667 2953 753 2978 quaest.

1101 2642 1111 2657 '¹
1128 2643 1215 2666 Scilicet
1232 2643 1401 2671 Apostolorum.

1100 2680 1110 2695 ⁸
1126 2680 1180 2709 Cap.
1198 2681 1219 2703 ὃ.

1101 2719 1110 2734 ⁹
1127 2719 1172 2742 Csr.
1190 2720 1225 2742 liic
1243 2720 1272 2742 lit.
1290 2720 1402 2747 Magistri,
1420 2726 1439 2742 c.
1458 2720 1478 2741 Ξ.

1101 2758 1120 2772 ¹⁰
1139 2758 1164 2780 Ut
1181 2762 1297 2780 ostensum
1316 2763 1349 2780 est
1366 2764 1434 2785 supra
1454 2758 1475 2780 d.
1494 2758 1530 2780 20.
1551 2765 1570 2786 q.
1588 2758 1609 2780 3.

1101 2796 1119 2810 ¹¹
1139 2796 1195 2818 Vide
1212 2803 1281 2824 supra
1299 2802 1351 2824 pag.
1370 2795 1406 2823 it,
1425 2799 1475 2818 nota
1494 2796 1514 2818 3.

1102 2835 1120 2849 ¹2
1137 2834 1181 2857 Csr.
1198 2841 1267 2862 supra
1285 2835 1307 2857 d.
1325 2835 1345 2856 6.
1364 2841 1383 2856 a.
1405 2835 1422 2856 l.
1441 2841 1462 2863 q.
1483 2835 1502 2856 l.
1520 2834 1549 2857 ad
1565 2835 1585 2857 6.
1598 2838 1619 2857 et
1636 2835 1658 2857 d.
1670 2835 1692 2857 7.
1704 2842 1724 2857 a.
1741 2836 1757 2857 l.
1776 2842 1797 2864 q.
1817 2836 1836 2858 1.
1849 2836 1878 2858 ad

1040 2874 1060 2895 2.
1073 2886 1103 2889 —
1115 2873 1182 2895 Paulo
1195 2874 1287 2895 interius
1300 2873 1349 2896 Vat.
1361 2874 1441 2895 omittit
1453 2872 1507 2901 Dei,
1521 2876 1543 2896 et
1554 2873 1604 2896 cod.
1618 2874 1635 2896 K
1649 2880 1692 2902 pro
1703 2873 1732 2897 ab
1743 2873 1784 2897 illa
1797 2874 1877 2897 (zozima

1039 2912 1129 2934 exhibet
1145 2911 1174 2934 ab
1191 2911 1240 2941 ipsu
1258 2911 1346 2934 anima.

1897 630 1968 648 Simile.

1898 908 2010 927 Notmdum.

1893 1681 1922 1700 Ad
1935 1682 2010 1705 opposi-

1928 1707 1972 1723 tunt.
