2166 3366
10 1725 40 1745 Act
52 1726 126 1750 opposi-

46 1751 91 1768 tum.

757 168 839 195 DlST.
863 168 903 196 tx.
925 168 997 196 ART.
1018 168 1036 196 Ι.
1058 168 1194 204 QUAEST.
1218 168 1256 195 tlt.

135 248 197 282 pter
219 249 396 274 coruscantes
411 253 427 273 a
441 246 509 274 facie
524 245 679 279 claritates,
700 245 759 281 ipse
781 245 976 273 vestimentum

136 292 266 329 propriae
286 292 363 320 faciei
386 292 496 320 divinae
512 292 758 328 superimponens,
773 291 799 319 in
815 292 980 320 vestimento

137 338 185 367 illo
206 339 247 367 sui
271 338 359 375 ipsius
380 339 528 375 imaginem
550 338 750 375 expressisset,
765 338 843 366 etita
858 339 979 374 cupienti

135 384 242 421 Abgaro
263 385 424 414 misisset».
448 385 477 413 Et
497 385 615 413 iterum:
643 383 848 421 «Accepimus,
864 385 978 418 Lucam,

1822 169 1877 196 ⁶205

1036 245 1248 282 evangelistam,
1263 245 1423 282 depinxisse
1437 245 1586 274 Dominum
1602 249 1629 274 et
1643 245 1757 273 Matrem
1776 245 1837 273 eius
1851 256 1878 272 ».

1038 292 1068 320 Et
1089 293 1128 320 sic
1148 295 1237 329 patet,
1259 292 1333 329 quod
1357 300 1409 320 non
1438 296 1504 321 sunt
1531 292 1759 320 adinventiones¹
1781 292 1808 320 in
1830 292 1880 320 hu-

1037 339 1156 367 iusmodi
1179 339 1363 375 imaginibus,
1385 339 1433 367 sed
1456 339 1566 367 divinae
1589 339 1749 367 traditiones
1770 341 1797 367 et
1817 347 1880 375 apo-

1037 385 1147 414 stolicae
1169 386 1332 414 sanctiones.

876 497 1139 533 SOHOLION.

198 614 212 635 l.
231 612 253 634 ln
271 612 313 634 liae
330 612 462 640 quaestione
485 612 578 639 egregie
598 611 727 634 defenditur
749 611 851 633 doctrina
869 611 979 633 catholica

135 651 164 674 de
181 652 241 674 cultu
259 651 365 679 imaginis
381 649 462 673 Christi
475 653 496 672 et
508 650 643 672 Sanctorum
661 655 738 672 contra
756 650 904 672 lconoclastas
916 650 979 671 alios-

135 696 180 719 que
205 690 341 715 haereticos,
360 689 405 710 iam
428 695 439 710 a
458 687 557 710 Concilio
575 688 672 710 Nicaeno
691 688 714 710 ll.
733 688 782 713 (an,
800 688 873 716 787),
885 694 897 709 a
909 687 978 709 Conc.

135 729 283 750 oecumenico
305 727 358 749 Vlll.
382 727 445 754 (can.
464 727 494 755 3.)
518 730 539 749 et
561 730 638 754 postea
657 733 668 749 a
687 727 821 749 Tridentino
844 727 918 753 (Sess.
937 726 978 754 25,

135 767 218 790 decret.
236 767 264 789 de
282 767 425 789 invocatione
442 769 464 788 et
480 769 581 788 venerat.
599 769 621 788 et
637 766 739 794 reliquiis
756 767 891 788 Sanctorum
908 769 930 788 et
946 772 979 787 sa=

135 807 179 829 cris
195 805 349 834 imaginibus)
366 805 514 833 reprobatos;
532 805 572 827 cfr.
589 806 657 827 etiam
676 806 727 827 Pius
745 805 780 827 Vl.
798 808 875 827 contra
893 804 978 832 Synod.

136 846 307 872 Pistoriensem,
325 845 381 867 thes.
400 844 478 866 09-71.
493 857 521 859 —
533 844 599 872 Quod
617 844 691 866 cultus
707 844 835 872 imaginum
858 844 886 865 sit
902 836 979 873 relati-

134 889 191 912 vus,
211 884 276 905 toties
293 883 322 905 ab
345 883 441 905 Ecclesia
461 883 600 905 declaratum
624 887 658 905 est
681 889 692 904 a
711 885 814 910 tempore
837 881 928 904 Concilii
946 881 980 902 Ni-

134 923 197 945 caeni
215 922 242 950 ll,
255 922 317 950 quod
335 921 401 944 dicit:
415 925 431 941 ἀ
443 922 549 949 linaginis
561 922 621 944 enim
635 923 707 943 honor
719 921 747 943 ad
761 923 897 949 prototypon
911 922 979 942 trans-

135 962 164 989 it3
183 963 205 983 et
221 962 260 990 qui
277 961 357 983 adorat
373 961 496 989 imaginem
518 961 598 983 adorat
609 961 631 982 in
643 967 669 983 ea
681 960 764 988 depicti
776 959 945 982 subsistentiam
957 967 978 981 n.

134 1000 189 1023 ltem
206 999 332 1022 Concilium
350 999 465 1022 Trident.:
486 1008 496 1019 ι
509 999 556 1021 Non
575 999 637 1028 quod
654 999 760 1021 credatur
777 999 850 1021 inesse
870 999 945 1026 aliqua
957 998 979 1020 in

135 1039 168 1061 eis
185 1039 291 1061 divinitas
307 1039 344 1061 vel
362 1039 447 1066 virtus,
466 1041 560 1066 propter
577 1044 646 1067 quam
664 1039 708 1060 sint
725 1037 845 1066 colendae;
862 1037 898 1060 vel
916 1037 979 1066 quod

135 1077 164 1100 ab
181 1078 214 1100 eis
231 1078 258 1100 sit
274 1077 360 1106 aliquid
378 1077 516 1105 pctendum;
534 1077 570 1099 vel
583 1077 646 1106 quod
663 1077 746 1099 fiducia
761 1078 782 1099 in
801 1077 941 1105 imaginibus
952 1077 980 1098 sit

136 1116 238 1145 figenda,
256 1117 325 1138 veluti
338 1117 391 1138 olim
405 1116 473 1138 fiebat
485 1123 496 1138 a
515 1115 632 1144 gentibus,
646 1122 705 1145 quae
718 1117 740 1138 in
752 1116 818 1138 idolis
835 1122 900 1144 spem
913 1122 978 1138 suain

135 1155 284 1182 collocabant,
303 1154 343 1177 sed
361 1156 469 1184 quoniam
483 1156 567 1183 honor,
585 1156 624 1183 qui
642 1156 674 1177 eis
686 1155 815 1183 exhibetur,
833 1154 937 1183 refertur
948 1153 980 1177 ad

134 1195 270 1224 prototypa,
290 1200 349 1223 quae
361 1194 411 1216 illae
428 1195 619 1221 repraesentant»
639 1197 681 1216 ete.
692 1206 722 1209 —
734 1193 801 1222 Quod
813 1197 889 1216 autem
901 1194 923 1215 in
942 1193 979 1215 Ec-

135 1233 202 1255 clesia
219 1232 352 1255 occidentali
364 1232 507 1260 praedictum
520 1232 637 1255 decretum
654 1232 743 1254 Nicaeni
756 1233 802 1255 acri
819 1233 979 1254 reclamatione

1037 612 1199 639 impugnatum
1217 612 1255 639 sit,
1274 613 1407 640 praesertim
1425 616 1524 641 quatuor
1545 612 1628 635 «libris
1645 612 1754 635 Carolinis
1766 622 1776 633 ι»
1797 616 1818 636 et
1840 614 1880 641 Sy-

1037 650 1097 671 nodo
1116 650 1312 672 Francosordiensi
1324 650 1412 678 (79405
1430 652 1473 673 boc
1490 654 1567 673 ortum
1587 654 1621 674 est
1632 653 1755 680 praecipue
1777 659 1803 674 ex
1821 652 1879 674 mala

1036 688 1222 716 interpretatione
1235 689 1311 711 Latina
1331 690 1432 718 salsaque
1445 690 1589 718 intelligentia
1608 691 1676 712 huius
1692 690 1776 713 decreti
1795 692 1880 713 Graeco

1036 728 1171 755 conscripti3
1193 727 1221 749 de
1233 734 1279 756 quo
1296 727 1382 750 videsis
1394 729 1531 750 recentiores
1547 732 1658 751 auctores.
1676 729 1757 751 Contra
1771 730 1880 751 iconocla-

1036 768 1094 788 stam
1106 766 1282 794 occidentalem,
1295 767 1334 795 qui
1346 767 1387 789 suit
1398 767 1517 794 Claudius,
1530 769 1599 795 episc.
1610 768 1756 790 Taurinensis
1768 768 1800 796 (ἢ-
1814 768 1879 796 840),

1036 806 1129 833 egregie
1141 806 1282 833 scripserunt
1293 807 1362 833 episc.
1377 806 1545 829 Aurelianensis
1563 807 1639 834 lonas,
1657 807 1729 829 abbas
1741 807 1880 830 Tlieodemir

1036 844 1126 872 aliique.
1138 843 1220 866 Contra
1233 845 1405 872 impugnatores
1417 845 1507 867 Nicaeni
1526 846 1549 867 ΙΙ.
1567 846 1681 868 sincerum
1699 846 1783 867 cultum
1801 847 1881 874 Imagi-

1037 889 1093 905 num
1106 883 1256 906 defenderunt
1272 884 1360 906 Summi
1380 884 1497 906 Pontifices
1515 884 1642 906 Hadrianus
1654 885 1668 906 l.
1686 888 1707 907 ct
1725 885 1840 912 liugenius
1857 885 1880 907 ll.

1100 922 1124 944 ll.
1142 922 1201 944 Alex.
1220 923 1274 950 Hal.,
1292 928 1314 950 p.
1329 923 1359 944 ΙΙΙ,
1377 929 1399 951 q.
1418 923 1453 944 30.
1472 929 1502 944 m.
1516 923 1537 945 3.
1554 930 1574 945 a.
1592 923 1686 945 3.-S.
1705 923 1796 951 Tliom.,
1813 924 1849 945 hic
1860 930 1880 946 a.

1037 961 1058 983 2.
1076 962 1217 989 quaestiunC.
1231 962 1256 989 2;
1274 962 1296 983 S.
1315 961 1346 983 lll.
1360 967 1381 990 q.
1400 961 1436 983 25.
1450 968 1469 983 a.
1483 962 1503 983 3.
1516 974 1546 977 —
1558 962 1582 984 B.
1595 961 1687 990 Albert„
1700 962 1736 983 hic
1747 968 1767 984 a.
1781 961 1800 984 4.
1814 968 1880 990 quae-

1036 1000 1116 1022 stinnc.
1136 1000 1156 1022 sl.
1170 1012 1200 1015 —
1217 1000 1274 1022 Petr.
1292 1007 1303 1022 a
1323 1000 1383 1028 Tar„
1401 1001 1437 1022 liic
1454 1007 1476 1029 q.
1498 1001 1518 1022 Ἰ.
1539 1007 1558 1022 a.
1577 1001 1597 1022 2.
1611 1002 1753 1029 quaestione.
1771 1001 1792 1023 3.
1805 1013 1835 1016 —
1847 1001 1882 1022 Ri-

1036 1039 1114 1061 chard.
1133 1046 1144 1061 a
1163 1038 1227 1066 Med,
1246 1040 1282 1061 liic
1299 1046 1318 1061 a.
1336 1039 1357 1061 2.
1375 1046 1397 1068 q.
1416 1040 1436 1061 2.
1449 1051 1479 1054 —
1491 1039 1564 1067 AEgid.
1583 1040 1615 1067 lh,
1634 1040 1670 1061 hic
1687 1046 1709 1068 q.
1728 1040 1748 1061 2.
1766 1046 1786 1061 a.
1805 1040 1866 1061 3.—

1100 1078 1125 1099 ll.
1143 1078 1228 1099 Solutio
1246 1078 1361 1106 sequentis
1379 1078 1426 1106 (3.)
1439 1081 1526 1106 quaest.
1544 1078 1672 1100 nullatenus
1683 1080 1758 1106 potest
1774 1084 1824 1100 esse
1841 1078 1881 1100 du-

1036 1115 1080 1138 bia.
1099 1116 1130 1137 De
1147 1122 1173 1137 ea
1191 1116 1294 1143 explicite
1312 1118 1421 1138 tractant:
1438 1116 1499 1138 Alex.
1522 1116 1577 1144 Hah,
1595 1117 1637 1139 loc.
1655 1118 1691 1139 cit.
1713 1124 1732 1139 a.
1751 1118 1772 1140 2.
1789 1117 1802 1145 ’3
1822 1132 1841 1139 ...

1036 1155 1058 1177 S.
1068 1155 1159 1183 Thom.‚
1172 1155 1208 1177 hic
1219 1161 1241 1184 q.
1258 1155 1278 1176 Ι.
1293 1161 1312 1177 a.
1326 1156 1347 1177 2.
1360 1156 1500 1184 quaestiune.
1519 1156 1531 1177 3
1543 1163 1547 1183 ;
1566 1156 1588 1178 S.
1601 1156 1642 1178 loc.
1655 1157 1691 1178 cit.
1708 1163 1728 1178 a.
1746 1156 1766 1178 5.
1779 1169 1810 1172 —
1824 1157 1881 1179 Petr.

1036 1200 1047 1215 a
1066 1194 1127 1222 Tala,
1145 1194 1186 1216 loc.
1205 1195 1240 1216 cit.
1253 1195 1395 1222 quaestione.
1414 1195 1434 1216 2.
1446 1207 1478 1211 —
1489 1195 1595 1217 Richard.
1608 1202 1620 1217 a
1633 1195 1697 1224 tiled„
1716 1196 1758 1218 loc.
1776 1197 1812 1218 cit.
1824 1203 1846 1225 q.
1860 1195 1880 1218 4.

1036 1245 1066 1248 —
1078 1232 1151 1260 AEgid.
1169 1233 1203 1257 R..
1221 1233 1262 1255 loc.
1280 1234 1315 1255 cit.
1333 1239 1353 1255 a.
1372 1233 1393 1255 4.

1821 1117 1882 1132 0-

897 1346 1059 1382 QUAESTIO
1082 1346 1122 1374 ΙΙΙ.

575 1456 677 1484 Utrum
701 1456 796 1484 cultus
818 1456 925 1484 latriae
945 1455 1037 1484 Matri
1060 1456 1171 1484 Clu-isti
1191 1455 1321 1486 exhiberi
1341 1456 1446 1485 debeat.

217 1578 310 1607 Tertio
331 1578 492 1616 quaeritur,
525 1581 620 1607 utrum
654 1578 748 1607 cultus
776 1578 873 1606 latriae
900 1578 980 1606 Matri

138 1625 199 1654 eius
220 1625 320 1654 debeat
340 1625 477 1654 exhiberi.
501 1625 531 1653 Et
551 1625 626 1662 quod
648 1625 703 1658 sic,
724 1625 853 1653 videtur:

220 1673 243 1700 1.
260 1672 310 1701 Per
332 1672 399 1700 illud
424 1672 498 1709 quod
521 1672 587 1701 dicit
609 1672 799 1700 Damascenus
818 1671 844 1699 in
860 1671 982 1708 capitulo

138 1719 172 1747 de
185 1718 370 1756 Jmaqz‘nz‘bus
381 1718 409 1746 ²:
430 1730 442 1744 «
457 1719 561 1753 Honor,
576 1719 622 1756 qui
639 1722 681 1747 est
695 1718 730 1747 ad
745 1718 850 1755 ipsam,
865 1718 900 1746 ad
916 1726 981 1746 eum

138 1765 184 1802 qui
207 1768 249 1794 est
269 1772 306 1793 ex
328 1765 387 1802 ipsa
408 1765 584 1799 incarnatus,
607 1764 751 1793 reducitur
765 1775 791 1792 »z
813 1772 880 1801 ergo
898 1763 920 1793 si
935 1764 982 1792 ho—

139 1820 189 1841 nor
209 1812 306 1840 latriae
327 1811 506 1840 exhibendus
526 1814 568 1840 est
588 1811 701 1848 imagini
723 1811 839 1845 Christi,
861 1811 925 1848 quia
941 1818 988 1839 re·-

136 1859 226 1888 l'ertur
247 1858 282 1887 ad
304 1861 499 1895 prototypum,
530 1858 591 1895 pari
620 1858 726 1887 ratione
757 1858 854 1887 beatae
875 1857 979 1894 Virgini

137 1905 224 1934 honor
247 1905 342 1933 latriae
364 1904 541 1933 exhibendus
562 1908 619 1939 est,
641 1912 704 1933 cum
720 1904 809 1933 honor
832 1904 882 1933 sibi
905 1903 981 1933 exhi-

136 1951 211 1980 bitus
231 1951 267 1980 ad
289 1951 386 1980 Filium
408 1951 555 1980 referatur.

215 1999 241 2026 Ξ).
264 1998 347 2032 ltem,
374 2005 409 2026 ex
432 1998 485 2026 hoc
506 1997 580 2035 quod
603 1998 686 2035 Virgo
707 1998 792 2026 Maria
817 1998 913 2027 effecta
941 2000 982 2026 est

137 2047 226 2073 mater
247 2044 312 2079 Dei,
333 2047 374 2073 est
389 2044 486 2073 effecta
501 2048 589 2073 mater
604 2045 729 2073 omnium
744 2048 940 2073 creaturarum
953 2044 962 2057 ⁸
975 2055 980 2072 :

137 2098 203 2128 ergo
224 2090 307 2119 Filius
329 2091 516 2119 communicat
537 2091 615 2119 Matri
638 2091 792 2120 dominium
815 2091 980 2120 maiestatis:

137 2145 203 2174 ergo
217 2145 282 2166 cum
306 2137 386 2166 latria
408 2138 443 2166 sit
464 2137 557 2166 cultus
572 2138 710 2166 maiestati
726 2138 852 2173 debitus,
866 2138 926 2175 pari
942 2146 983 2166 ra-

138 2183 211 2212 tione
233 2183 419 2212 communicat
441 2184 463 2212 ei
488 2184 594 2212 latriae
616 2184 732 2212 cultum.

217 2230 242 2258 3.
266 2230 348 2263 item,
370 2238 434 2259 caro
456 2230 557 2259 Christi
579 2231 731 2259 consimilis
752 2231 803 2259 fuit
825 2234 941 2260 naturae
956 2234 983 2260 et

137 2276 380 2306 consubstantialis
401 2277 476 2306 carni
499 2277 638 2314 Virginis3
667 2277 714 2306 sed
743 2277 870 2307 Christus
888 2286 983 2306 secun-

138 2323 206 2352 dum
228 2324 379 2352 humanam
402 2327 530 2352 naturam
562 2324 723 2353 adorandus
754 2327 795 2353 est
822 2325 983 2353 adoratione

138 2370 234 2399 latriae
248 2370 273 2398 ⁴:
290 2378 356 2407 ergo
370 2370 431 2408 pari
447 2370 553 2399 ratione
568 2370 691 2399 humana
707 2374 807 2399 natura
822 2372 850 2399 in
862 2371 983 2408 Virgine,

137 2417 198 2446 eius
219 2420 316 2446 matre.

138 2596 332 2626 superimponens
349 2596 381 2624 (in
399 2599 458 2618 textu
476 2597 575 2618 Graeco:
593 2593 662 2621 αὐτὸς
677 2595 768 2626 ἱμάτιον
785 2598 816 2626 τῷ
839 2594 914 2627 οἰκείῳ
931 2605 982 2627 προ·

139 2635 208 2664 σώπῳ
219 2637 251 2664 τῷ
268 2633 319 2664 θείῳ
336 2633 374 2656 καὶ
391 2635 496 2665 ζωοποιῷ
514 2633 605 2663 ἐπιθείς)
623 2636 690 2658 codd.
703 2640 724 2658 et
736 2636 796 2664 cdd.,
815 2637 981 2659 construetione

140 2674 302 2702 propositionis
313 2680 434 2701 perperam
446 2675 466 2695 in
478 2675 544 2695 aliam
555 2681 566 2696 a
578 2677 637 2696 textu
650 2675 737 2696 Graeco
748 2675 917 2702 discrepantem
935 2682 983 2698 mu·

140 2715 195 2739 tata,
214 2711 264 2741 ipso
276 2711 441 2735 i'eslintentmn
458 2712 570 2742 propriae
580 2712 649 2741 faciei
665 2712 757 2735 (lisinae
769 2713 980 2742 supmv'mpoiiente.

140 2751 237 2773 Demum
256 2757 297 2778 pro
314 2750 467 2780 expressisset
484 2752 505 2774 et
522 2751 553 2774 itu
571 2751 673 2781 cupit-nti
696 2751 791 2781 [thyara
806 2751 906 2775 misisset
923 2750 981 2781 (ἐνα-

140 2786 279 2818 πεμάξατο...
289 2787 326 2810 καὶ
336 2788 408 2814 οὕτως
418 2784 536 2811 ἀπέστειλε
549 2791 618 2811 τοῦτο
632 2788 738 2811 ποθοῦντι
750 2791 781 2819 τῷ
793 2787 902 2819 Αὗγὰρῳ)
914 2791 981 2813 codd.

139 2830 161 2850 et
177 2827 229 2850 edd.
256 2829 339 2856 pariter
365 2833 499 2856 perperam,
527 2829 579 2857 quia
605 2831 682 2851 contra
709 2832 793 2851 textum
820 2830 934 2852 Graecum
959 2833 981 2852 et

140 2868 331 2890 constructionem
349 2868 468 2895 proposh„
486 2867 629 2896 expressisse
646 2866 722 2896 [multi
745 2868 812 2890 codd.
830 2867 979 2897 abstersisse,

140 2905 207 2927 codd.
225 2905 242 2927 ΙΙ
255 2905 297 2927 ΥΖ
315 2912 340 2928 aa
366 2905 524 2935 absa-amisse]
542 2907 562 2928 et
587 2906 618 2929 ita
644 2905 746 2935 cupienti
770 2906 864 2936 Abyuro
882 2907 980 2930 misisse.

141 2944 200 2966 Loco
217 2944 358 2967 Damasoeni
374 2946 437 2967 multi
456 2945 523 2967 codd.
542 2946 577 2967 liic
594 2952 688 2967 erronee
701 2946 799 2973 allegant
810 2946 980 2976 Auquslinum.

1117 1578 1143 1606 [ι.
1165 1578 1248 1613 Item,
1269 1578 1353 1608 Filius
1374 1579 1423 1608 Dei
1444 1579 1574 1608 exhibuit
1594 1580 1779 1609 reverentiam
1794 1584 1821 1610 et
1836 1582 1882 1610 ho-

1038 1632 1135 1653 norem
1158 1624 1207 1661 ipsi
1231 1625 1352 1662 Virgini,
1373 1626 1444 1654 sicut
1466 1634 1533 1655 suae
1554 1627 1651 1655 matri:
1674 1635 1740 1664 ergo
1755 1628 1777 1657 si
1793 1629 1882 1658 subie-

1038 1672 1075 1699 cit
1089 1679 1134 1706 se,
1150 1671 1210 1700 vult
1224 1680 1274 1709 per
1289 1680 1477 1709 consequens,
1492 1673 1567 1710 quod
1582 1675 1776 1712 unusquisque
1790 1676 1881 1705 eidem

1039 1718 1219 1753 subiiciatur,
1241 1722 1268 1747 et
1289 1719 1363 1756 quod
1385 1719 1490 1754 honor,
1512 1720 1567 1757 qui·
1582 1720 1632 1749 sibi
1656 1721 1841 1758 impenditur,
1856 1723 1881 1752 ei

1039 1764 1235 1801 impendatur:
1268 1766 1290 1794 si
1322 1774 1388 1803 ergo
1419 1766 1581 1795 huiusmodi
1603 1770 1644 1796 est
1672 1767 1779 1803 latria,
1808 1769 1881 1798 vide-

1038 1815 1084 1840 tur
1105 1815 1156 1840 etc.

1117 1859 1169 1887 Sci)
1190 1866 1311 1887 CONTRA:
1330 1860 1354 1887 l.
1370 1859 1453 1896 Virgo
1472 1860 1552 1889 beata
1566 1861 1664 1890 adorat
1684 1861 1782 1890 Filium
1797 1868 2020 1892 suumFundamenta-

1038 1906 1198 1934 adoratione
1221 1906 1336 1941 latriae3
1358 1906 1407 1935 sed
1428 1907 1515 1943 unius
1533 1910 1560 1936 et
1581 1907 1706 1937 eiusdem
1725 1909 1881 1938 secundum

1038 1952 1154 1981 eandem
1177 1956 1306 1981 naturam
1336 1961 1389 1981 non
1412 1957 1453 1982 est
1474 1954 1604 1983 adorare
1625 1958 1651 1984 et
1672 1956 1800 1984 adorari
1808 1957 1837 1985 ⁵:
1858 1956 1882 1986 si

1039 2007 1105 2035 ergo
1120 1999 1147 2027 in
1169 1999 1249 2028 beata
1271 1999 1382 2036 Virgine
1404 2003 1445 2029 est
1466 2009 1522 2029 una
1544 2004 1650 2030 tantum
1672 2005 1788 2038 natura,
1810 2003 1883 2032 vide-

1040 2048 1103 2081 tur,
1125 2046 1199 2083 quod
1216 2046 1275 2083 ipsa
1296 2054 1349 2075 non
1372 2047 1407 2075 sit
1428 2047 1520 2076 latria
1541 2048 1692 2077 adoranda.

1119 2094 1145 2121 2.
1168 2093 1249 2126 Item,
1270 2092 1351 2121 beata
1372 2093 1455 2130 Virgo
1477 2097 1518 2123 est
1546 2103 1616 2131 pura
1648 2098 1794 2124 creatura:
1816 2104 1882 2134 ergo

1039 2148 1094 2169 non
1127 2140 1245 2169 debetur
1275 2140 1299 2169 ei
1325 2140 1429 2175 honor,
1451 2141 1504 2170 nisi
1525 2141 1571 2179 qui
1594 2145 1636 2171 est
1657 2143 1727 2172 inter
1748 2144 1882 2173 terminos

1040 2190 1204 2221 creaturae;
1226 2187 1275 2216 sed
1297 2187 1347 2216 iste
1369 2190 1410 2216 est
1432 2187 1520 2216 honor
1542 2188 1657 2223 (tuliae,
1678 2198 1733 2218 non
1755 2190 1881 2219 latriae:

1040 2241 1106 2270 ergo
1126 2236 1177 2262 etc.

1120 2280 1145 2308 3.
1168 2280 1247 2314 ltem,
1279 2280 1367 2308 honor
1399 2280 1506 2309 latriae
1537 2281 1664 2310 redditur
1691 2282 1747 2311 Deo
1776 2283 1881 2312 ratione

1041 2334 1168 2355 summae
1191 2327 1359 2361 maiestatis;
1381 2327 1428 2355 sed
1451 2327 1522 2355 hanc
1554 2336 1608 2356 non
1639 2331 1680 2357 est
1702 2329 1824 2365 reperire
1854 2330 1881 2358 in

1040 2373 1171 2409 Virgine:
1193 2381 1260 2410 ergo
1278 2381 1331 2401 non
1354 2373 1480 2408 videtur,
1502 2374 1576 2411 quod
1608 2375 1643 2403 sit
1673 2375 1751 2403 cultu
1775 2375 1882 2405 latriae

1040 2419 1190 2447 adoranda.

1102 2598 1108 2612 ¹
1130 2599 1184 2621 Voci
1202 2598 1377 2622 adinventiones
1394 2599 1446 2621 edd.
1465 2601 1613 2627 praemittunt
1629 2606 1709 2624 ianuae.

1102 2637 1111 2652 ²
1127 2637 1174 2659 Lib.
1192 2638 1227 2660 tv.
1246 2638 1274 2660 de
1300 2638 1352 2660 Fide
1377 2638 1466 2661 orthod.
1488 2646 1507 2661 c.
1536 2639 1570 2661 16.
1595 2651 1627 2656 ——
1644 2640 1692 2662 lllox
1710 2646 1752 2668 pro
1777 2639 1879 2670 imagini

1040 2675 1127 2698 Christe·
1143 2676 1210 2698 codd.
1228 2677 1245 2698 G
1257 2677 1273 2698 ll
1285 2677 1301 2698 l<
1321 2676 1464 2706 z'maqinibns
1482 2677 1575 2700 Clm'stz'.

1101 2714 1110 2729 ³
1128 2715 1238 2743 Damaso,
1256 2715 1291 2737 tv.
1317 2715 1345 2737 ‹le
1372 2716 1424 2737 Fide
1451 2716 1540 2739 orthod.
1566 2723 1585 2739 c.
1607 2716 1644 2739 tt:
1669 2718 1769 2740 l‘rol'oeto
1787 2724 1841 2740 vere
1859 2721 1881 2740 et

1039 2755 1131 2782 proprie
1150 2754 1188 2776 Dei
1205 2755 1303 2776 Genio-ix
1321 2758 1354 2777 est
1371 2757 1393 2777 et
1411 2755 1517 2783 Domina,
1540 2756 1694 2785 omnibus-que
1709 2758 1792 2779 creatis
1810 2758 1880 2785 impe-

1040 2795 1074 2814 rat
1090 2798 1149 2820 quae
1167 2793 1244 2814 ancilla
1264 2796 1382 2822 materque
1399 2794 1466 2815 simul
1484 2795 1565 2816 exstitit
1581 2794 1700 2817 Creatoris.

1101 2830 1110 2845 ⁴
1129 2831 1155 2853 Ut
1171 2834 1287 2853 ostensum
1305 2834 1339 2854 est
1355 2838 1424 2860 supra
1444 2839 1466 2861 q.
1484 2833 1504 2855 4.

1100 2869 1111 2884 ⁵
1129 2870 1211 2897 lloetli.²
1230 2870 1265 2892 lV.
1283 2871 1304 2892 in
1324 2871 1461 2894 Praedicam.
1480 2872 1568 2894 Aristot.
1594 2879 1613 2895 c.
1631 2872 1658 2895 de
1677 2872 1806 2902 Opposz'tis:
1824 2874 1881 2896 Sunt

1038 2909 1098 2931 enim
1117 2909 1220 2936 opposita
1239 2910 1330 2937 quaein
1344 2910 1433 2937 codem,
1452 2911 1581 2933 ser-undum
1598 2912 1674 2940 idem,
1693 2913 1714 2934 in
1727 2913 1809 2935 eodem
1827 2915 1880 2935 tent-

1039 2953 1106 2975 pore,
1124 2948 1183 2969 circa
1202 2954 1270 2969 unam
1287 2948 1431 2977 eandemque
1448 2955 1497 2971 rem
1515 2950 1582 2972 simul
1599 2956 1649 2973 esse
1667 2958 1711 2974 non
1730 2954 1832 2980 possunt.
