2166 3366
128 1513 156 1532 Ad
170 1513 246 1536 opposi-

163 1539 206 1554 tum.

126 2639 259 2658 Fundamenta.

253 210 309 239 332

929 207 1182 236 SENTENTIARUM
1202 207 1262 235 LIB.
1284 207 1324 235 ΙΙΙ.

997 337 1259 373 SOHOLION.

313 432 326 453 l.
345 430 408 453 Circa
426 430 545 452 materiam
564 430 631 451 huius
648 431 670 451 et
690 435 738 457 seq.
757 428 907 450 distinctionis
929 434 1018 450 errores
1040 428 1097 449 inter

250 476 274 492 se
299 469 398 497 oppositi
423 469 494 490 exorti
520 471 587 495 sunt,
609 467 725 495 reprobati
751 466 780 489 ab
798 467 903 489 Ecclesia.
922 466 978 488 Nam
999 466 1097 494 impium

250 512 272 531 et
288 510 413 531 immanem
431 514 545 535 errorem,
564 508 603 535 qui
621 506 722 536 negavit,
743 505 858 528 Christum
870 505 1000 528 secundum
1018 504 1098 528 divini-

251 549 322 571 tatem
339 548 408 570 fuisse
425 545 605 576 impassibilem,
626 547 654 567 ita
672 548 697 567 ut
717 553 727 565 α
740 545 779 567 Dei
792 545 860 567 Filius
875 545 1006 572 passionem
1024 545 1099 566 crucis

250 587 378 610 secundum
396 586 506 609 Deitatem
524 585 689 612 sustinuerit»,
707 585 811 607 Nicolaus
829 585 842 606 l.
856 590 892 606 an.
906 584 950 605 863
965 584 987 605 in
1005 583 1099 611 Synodo

250 627 354 649 Romana
370 626 429 653 (can.
443 625 474 653 8.)
488 627 618 647 exsecratus
633 626 673 646 est.
692 624 707 645 E
725 624 839 646 contrario
851 629 864 645 a
882 622 988 651 pluribus
1004 621 1100 645 animae

251 669 273 688 et
288 664 357 689 carm
368 665 449 688 Christi
467 670 522 686 vera
540 663 678 692 passibilitas
689 662 818 685 abiudicata
837 665 871 684 est
887 661 941 689 (cfr.
958 662 1015 684 infra
1028 661 1050 683 d.
1065 661 1100 683 46.

252 711 271 727 a.
292 705 311 726 l.
330 711 352 733 q.
369 704 392 726 4.
405 707 427 726 et
443 709 513 731 supra
526 709 579 730 pag.
598 702 654 730 328,
668 704 720 724 nota
738 702 777 730 2.),
790 701 889 730 Uterque
901 707 966 723 error
979 700 1101 728 configitur

251 745 297 766 iam
313 750 326 766 a
344 744 365 765 S.
390 743 487 765 Damaso
510 743 532 764 in
556 741 649 769 Synodo
668 741 770 763 Romana
788 740 839 769 (an.
858 739 902 761 378
925 740 961 762 vel
980 739 1039 767 379)
1065 738 1100 760 114.

252 783 456 805 anathematismo:
477 789 487 801 ⁴1
501 781 523 803 Si
541 781 593 810 quis
610 780 702 808 dixerit,
721 779 784 809 quod
802 780 824 801 in
843 779 949 807 passione
966 779 1041 801 crucis
1064 778 1101 800 do-

252 822 325 844 lorem
343 820 469 843 sustinebat
486 820 554 842 Filius
572 820 611 841 Dei
624 819 700 847 Deus,
721 822 742 841 et
754 825 799 841 non
812 823 869 841 caro
881 824 936 841 cum
947 817 1041 845 anima,
1056 823 1101 846 qua

253 861 357 883 induerat
369 860 466 882 sormam
479 859 551 887 servi,
564 864 634 887 quam
652 857 694 880 sibi
713 860 842 886 acceperat,
861 857 919 879 sicut
930 857 961 879 ait
973 857 1102 884 Scriptura,

253 907 273 923 a.
293 907 310 922 s.
329 908 350 922 n.
363 912 393 915 —
405 900 437 921 De
454 898 641 921 conclusionibus
658 898 726 919 trium
745 897 813 919 huius
830 896 917 919 articuli
941 896 1102 925 quaestionum

254 946 299 962 non
317 942 392 967 potest
409 939 467 960 inter
484 938 607 960 catholicos
624 943 675 959 esse
693 936 798 958 dubium.

316 979 339 1001 ll.
356 978 388 1000 De
410 978 428 999 l.
441 977 586 1006 quaestione:
605 976 665 998 Alex.
678 975 733 1002 Hal„
753 975 775 997 S.
788 981 811 1003 p.
824 975 857 997 Ill.
870 981 892 1003 q.
911 974 931 997 5.
950 980 981 996 m.
1003 975 1020 996 l.
1039 974 1060 996 3,
1072 985 1104 989 -

253 1018 320 1046 Ξοοῑ.,
339 1018 371 1039 Ill.
389 1017 450 1039 Sent.
468 1016 490 1038 d.
507 1015 529 1038 7.
548 1022 569 1044 q.
588 1015 609 1037 3.
628 1021 649 1037 n.
668 1015 692 1043 3;
716 1014 809 1042 Report.
827 1013 882 1036 ibid.
900 1020 923 1043 q.
941 1012 966 1040 4,
988 1015 1010 1035 et
1027 1013 1063 1035 liic
1080 1019 1102 1041 q.

1156 427 1222 449 unica
1240 427 1374 454 passim.—
1387 427 1408 448 S.
1427 427 1518 454 Tliom¹⁷
1541 427 1577 448 liic
1594 432 1613 448 a.
1633 427 1657 455 l;
1676 426 1697 448 S.
1715 426 1749 448 lll.
1771 432 1792 455 q.
1812 425 1847 448 44.
1866 432 1886 448 a.
1905 427 1925 448 Ι1.
1937 426 2003 448 -Β,

1156 466 1248 494 Albert.y
1267 467 1302 488 hic
1320 472 1340 488 a.
1358 466 1378 488 11.
1391 477 1422 482 —-
1434 466 1490 487 Petr.
1509 471 1521 487 a
1539 465 1600 493 Tar„
1618 465 1654 487 hic
1671 471 1693 493 q.
1716 465 1737 487 ι1.
1754 471 1775 487 a.
1794 465 1814 487 l.
1825 477 1857 481 —
1869 465 1975 487 Richard.
1992 471 2005 487 a

1156 504 1222 532 Med,
1241 505 1277 527 hic
1294 511 1313 526 a.
1334 505 1353 526 l.
1370 511 1391 533 q.
1411 505 1431 526 11.
1450 505 1472 526 2.
1483 516 1515 520 —
1527 504 1636 531 Durand.⁷
1654 504 1683 526 de
1699 505 1741 526 liac
1757 506 1780 526 et
1796 505 1817 526 2.
1835 510 1899 533 seqq.
1913 511 1951 533 qq.
1969 505 2005 527 liic

1158 551 1179 573 q.
1194 544 1213 565 l.
1227 556 1256 559 —
1269 543 1360 571 Dionys.
1374 542 1457 571 Carth„
1476 543 1504 565 de
1517 544 1559 565 liac
1576 546 1597 565 et
1611 543 1631 564 2.
1649 549 1714 571 seqq.
1727 549 1766 572 qq.
1784 543 1821 565 liic
1833 549 1855 572 q.
1869 543 1888 565 i.
1900 555 1932 559 —
1944 543 1989 565 Biel
2000 561 2005 571 ,

1158 583 1187 605 de
1204 584 1247 605 hac
1264 586 1286 605 et
1302 589 1367 611 seqq.
1385 589 1424 611 qq.
1443 583 1479 604 liic
1496 589 1518 611 q.
1536 583 1610 604 unica.

1221 622 1253 644 lll.
1272 622 1294 644 ln
1312 622 1424 644 solutione
1441 627 1489 650 seq.
1507 621 1552 650 (2.)
1572 622 1712 650 quaestionis
1729 628 1742 643 a
1760 622 1784 643 B.
1807 621 1901 644 Alberto
1919 622 1969 649 <hic
1986 628 2005 644 a.

1159 661 1190 690 5.)
1208 661 1305 683 docetur
1322 661 1412 688 primus
1428 660 1512 682 modus
1534 660 1690 688 distinguendi
1711 660 1825 689 defectus,
1843 660 1871 683 de
1890 667 1936 689 quo
1954 660 2007 683 dicit

1159 704 1250 728 auctor,
1272 699 1336 728 quod
1357 708 1367 719 ει
1384 699 1466 721 liabent
1482 699 1620 721 calumniam
1633 707 1654 721 n.
1670 699 1737 721 Hunc
1753 702 1828 722 tamen
1846 699 1942 722 modum
1959 700 2009 722 vult

1159 739 1283 761 defendere
1300 738 1393 766 Dionys.
1411 737 1486 760 Carth.
1505 738 1547 760 ime
1564 738 1661 765 ratione,
1679 737 1743 766 quod
1764 746 1773 757 a
1786 737 1941 766 aegritudines
1958 738 2007 760 illae

1160 780 1283 800 causantur
1300 778 1376 805 potius
1392 783 1419 799 ex
1437 777 1601 804 complexionis
1618 776 1706 799 defectu
1722 780 1743 799 et
1761 778 1918 805 corruptione,
1936 783 2007 806 quam

1160 824 1186 839 ex
1204 818 1252 845 ipsa
1265 817 1434 845 complexione3
1452 817 1506 838 item
1519 819 1642 838 causantur
1658 822 1685 838 ex
1701 822 1727 838 ea
1744 817 1818 845 magis
1831 818 2009 840 concomitanter

1159 862 1230 885 quam
1248 856 1333 878 directe
1350 856 1470 878 causaliter
1483 863 1504 877 1).

1225 895 1256 917 De
1274 895 1316 916 hac
1334 895 1354 916 2.
1373 895 1517 923 quaestione:
1540 893 1601 916 Alex.
1619 893 1675 922 Hal.y
1693 893 1734 916 loe.
1753 894 1789 916 cit.
1807 900 1838 916 m.
1856 894 1877 916 2.
1894 906 1924 910 —-
1941 895 2008 923 scot„

1161 933 1233 961 tangit
1249 938 1298 955 rem
1316 933 1338 954 in
1356 935 1455 961 utroque
1472 932 1561 960 Scripto
1583 933 1615 955 lll.
1634 933 1694 955 Sent.
1713 932 1734 955 d.
1754 933 1790 955 21.
1808 939 1830 961 q.
1848 933 1923 955 unica.
1940 945 1970 948 —
1987 933 2008 955 S.

1162 971 1253 1000 Thom„
1271 972 1307 994 hic
1324 978 1344 993 a.
1363 972 1388 999 2;
1406 971 1429 993 S.
1447 971 1488 993 loc.
1511 972 1546 993 eit.
1565 977 1585 993 a.
1604 970 1668 993 4.-
1682 971 1738 993 Petr.
1757 977 1768 993 a
1787 971 1848 999 Tar.y
1870 971 1913 993 loc.
1934 971 1970 994 cit.
1989 977 2008 993 a.

1162 1013 1182 1034 2.
1195 1024 1226 1028 --
1240 1011 1346 1033 Richard.
1365 1017 1376 1033 a
1395 1010 1460 1038 Med„
1478 1011 1519 1033 loc.
1538 1011 1574 1033 cit.
1592 1017 1612 1032 a.
1631 1010 1652 1033 3.

1025 1091 1189 1129 QUAESTIO
1211 1091 1240 1119 ΙΙ.

545 1183 648 1211 Utrum
673 1181 809 1210 Clu-istus
830 1180 1007 1209 assumserit
1027 1188 1125 1208 omnes
1146 1178 1274 1216 desectas
1295 1182 1411 1206 nostros
1428 1181 1548 1214 praeter
1566 1180 1728 1214 peccatum.

333 1270 461 1300 Secundo
496 1269 642 1307 quaeritur
678 1269 712 1297 de
748 1268 910 1297 huiusmodi
949 1267 1104 1296 defectibus

255 1321 392 1355 quantum
424 1317 460 1346 ad
488 1316 712 1353 generalitatem,
734 1318 761 1343 et
782 1318 824 1343 est
845 1314 985 1352 quaestio,
1006 1317 1104 1342 utrum

256 1365 384 1394 Christus
405 1363 570 1393 assumserit
591 1370 688 1391 omnes
710 1362 835 1391 defectus
861 1364 971 1390 nostros
992 1363 1105 1398 praeter

256 1414 409 1448 peccatum.
434 1410 464 1438 Et
484 1409 560 1446 quod
583 1409 630 1443 sic,
652 1409 779 1437 videtur:

337 1459 361 1485 l.
383 1457 433 1486 Per
465 1457 686 1490 Damascenum,
709 1455 756 1492 qui
788 1455 815 1483 in
847 1455 919 1483 libro
941 1453 1045 1483 tertio¹
1068 1453 1106 1481 ait

258 1506 311 1534 sic:
339 1505 449 1533 «Totus
472 1506 560 1532 totum
583 1503 716 1532 assumsit
738 1510 795 1537 me,
817 1505 849 1531 ut
872 1502 920 1530 toti
944 1501 1012 1529 mihi
1035 1501 1107 1530 salu-

258 1556 311 1582 tem
334 1551 541 1589 gratificaretnz
564 1558 630 1587 ergo
657 1550 679 1579 si
710 1557 807 1578 omnes
839 1549 964 1578 defectus
996 1550 1107 1576 nostros

259 1600 334 1629 venit
353 1607 469 1633 curare,
485 1598 612 1632 videtur,
627 1597 703 1634 quod
718 1605 814 1625 omnes
834 1596 931 1625 debuit
952 1603 1106 1625 assumere.

337 1648 363 1675 Ξ.
385 1647 466 1675 Item:
495 1645 599 1682 «Quod
622 1645 673 1673 fuit
695 1644 899 1673 inassumtibile
924 1643 977 1672 fuit
1000 1643 1108 1672 incura-

260 1694 315 1723 bile
325 1694 334 1709 ²
345 1704 372 1721 »:
394 1701 461 1730 ergo
483 1693 505 1722 si
526 1692 612 1730 aliqui
628 1692 754 1721 defectus
769 1691 856 1721 nostri
871 1691 986 1720 fuerunt
1000 1699 1016 1719 a
1031 1690 1108 1718 Chri-

259 1744 300 1770 sto
332 1739 572 1773 inassumtibiles,
604 1739 720 1767 fuerunt
748 1738 934 1772 incurabiles3
967 1738 990 1766 si
1022 1737 1107 1774 Igitur

259 1795 355 1816 omnes
375 1787 492 1816 fuerunt
512 1786 668 1820 curabiles,
690 1793 788 1814 omnes
809 1785 925 1814 fuerunt
949 1784 1109 1813 assumtibi-

261 1835 312 1864 les:
335 1842 401 1871 ergo
423 1834 547 1868 videtur,
570 1833 646 1870 quod
667 1833 833 1862 assumserit
853 1839 959 1860 omnes.

340 1882 366 1911 3.
397 1882 479 1916 ltetn,
512 1881 538 1909 in
561 1880 733 1909 assumtione
754 1882 915 1908 nostrorum
947 1879 1108 1908 defectuum

261 1930 454 1958 manifestatur
477 1928 571 1957 divina
587 1926 795 1961 misericordia,
810 1934 878 1963 ergo
893 1926 920 1954 in
937 1925 1109 1955 assumtione

261 1977 386 2014 plurium
409 1976 569 2005 defectuum
601 1974 758 2003 ostenditur
789 1973 878 2002 maior
901 1972 1109 2006 misericordia,

262 2027 289 2053 et
310 2024 337 2052 in
359 2023 530 2052 assumtione
551 2022 676 2051 omnium
705 2020 862 2050 ostenditur
895 2020 1035 2054 maxima3
1061 2019 1110 2048 sed

263 2071 387 2099 maxima
408 2069 601 2099 misericordia.
615 2068 664 2097 Dei
684 2070 795 2097 ostensa
816 2067 868 2095 fuit
889 2067 917 2095 in
938 2066 1111 2095 assumtione

262 2121 423 2147 nostrarum
446 2116 641 2145 infirmitatum
656 2118 684 2144 et
699 2115 874 2143 defectuum:
897 2121 964 2151 ergo
988 2113 1109 2147 videtur,

263 2165 338 2202 quod
359 2164 488 2193 Christus
509 2170 606 2191 omnes
627 2162 752 2190 desectus
773 2161 871 2190 debuit
891 2168 1044 2189 assumere.

341 2210 523 2245 lt.lte1u,in
552 2213 714 2238 nostrorum
747 2209 908 2237 defectuum
941 2207 1112 2236 assumtione

263 2259 316 2287 fuit
336 2257 510 2291 humiliati03
532 2256 581 2285 sed
602 2259 711 2284 tantum
734 2263 763 2284 se
778 2254 953 2288 humiliavit,
975 2256 1111 2291 quantum

264 2305 370 2342 potuit,
393 2304 549 2333 secundnm
571 2303 646 2340 quod
669 2302 735 2331 dicit
750 2301 945 2331 Bernardus³x
974 2301 1114 2329 «Descen-

264 2353 320 2387 dit,
342 2354 479 2389 quantum
511 2350 681 2380 descendere
713 2349 840 2386 potuit»:
864 2349 886 2377 si
918 2348 1003 2385 igitur
1024 2347 1113 2376 maior

263 2402 306 2427 est
336 2398 494 2426 humiliatio
527 2398 553 2425 in
586 2396 759 2426 assumtione
791 2395 917 2432 plurium
952 2395 1113 2423 defectuum

265 2453 349 2482 quam
370 2452 540 2482 paucorum,
562 2447 589 2472 et
612 2444 638 2471 in
667 2442 839 2471 assumtione
870 2441 996 2470 omnium
1028 2448 1114 2478 quam

265 2491 458 2529 quorundanu
480 2491 607 2525 videtur,
637 2489 712 2526 quod
744 2488 872 2517 Christus
903 2495 1049 2516 assumere
1070 2487 1115 2515 de-

265 2538 359 2567 buerit
379 2537 592 2566 universitatem
614 2536 775 2565 defectuum
798 2539 968 2564 nostrorum.

345 2585 398 2613 San
420 2592 541 2613 CONTRA:
567 2585 590 2612 l.
606 2584 635 2611 In
650 2583 730 2611 nobis
746 2582 876 2611 videmus
890 2581 1015 2610 defectus
1031 2588 1115 2609 mem-

265 2631 383 2660 brorum
405 2634 432 2660 et
463 2631 622 2668 aliquorum
656 2637 791 2658 sensuum
823 2628 1011 2662 exteriorum,
1043 2627 1115 2656 sicut

267 2678 344 2707 visus
365 2681 392 2707 et
413 2677 541 2711 auditus;
563 2677 611 2706 sed
645 2677 714 2705 tales
735 2676 863 2704 Christus
895 2683 950 2703 non
972 2674 1113 2708 assumsit,

1162 1274 1211 1294 nec
1233 1265 1327 1294 decuit
1357 1273 1423 1294 eum
1456 1272 1612 1293 assumere:
1636 1272 1704 1301 ergo
1725 1272 1780 1293 non
1802 1264 1897 1293 decuit
1917 1265 2011 1302 ipsum

1162 1320 1307 1342 assumere
1328 1320 1425 1341 omnes
1447 1312 1572 1341 defectus
1594 1315 1704 1340 nostros
1726 1312 1856 1349 poenales
1869 1312 1887 1340 ⁴.

1242 1360 1268 1387 2.
1290 1359 1370 1393 ltem,
1392 1359 1420 1387 in
1443 1358 1522 1387 nobis
1543 1358 1725 1395 reperiuntur
1745 1358 1935 1395 aegritudines
1950 1366 2012 1387 con-

1163 1406 1281 1440 trariae,
1303 1406 1375 1434 sicut
1391 1408 1466 1442 patet
1482 1405 1508 1433 in
1523 1405 1650 1434 febribus
1665 1409 1692 1434 et
1707 1405 1768 1434 aliis
1788 1405 2011 1439 infirmitatibus,

1163 1452 1345 1489 reperiuntur
1367 1452 1450 1481 etiam
1472 1452 1664 1488 aegritudines
1694 1451 1878 1481 incurabiles:
1901 1460 1968 1489 ergo
1990 1452 2013 1481 si

1168 1500 1334 1529 «contraria
1355 1507 1410 1528 non
1432 1503 1550 1536 possunt
1571 1506 1632 1528 esse
1654 1499 1738 1528 simul
1761 1499 1788 1527 in
1803 1499 1961 1533 eodem⁵»,
1976 1499 2014 1528 vi-

1164 1547 1263 1581 detur,
1286 1547 1360 1584 quod
1383 1554 1480 1575 omnes
1512 1546 1637 1575 defectus
1669 1548 1780 1575 nostros
1811 1546 1942 1583 poenales
1963 1554 2013 1575 nec

1164 1594 1287 1632 potuerit
1308 1602 1358 1623 nec
1380 1593 1509 1622 debuerit
1530 1593 1615 1622 simul
1636 1600 1789 1622 assumere.

1244 1641 1269 1670 3.
1292 1642 1374 1675 Item,
1396 1641 1484 1669 fomes
1506 1644 1532 1669 et
1559 1640 1684 1677 pronitas
1710 1640 1746 1669 ad
1767 1640 1874 1669 malum
1897 1648 1951 1669 non
1973 1644 2014 1669 est

1164 1689 1262 1726 culpa,
1285 1688 1351 1725 quia
1372 1690 1462 1725 potest
1483 1695 1544 1716 esse
1566 1688 1593 1716 in
1610 1687 1702 1721 nobis,
1719 1687 1793 1716 omni
1811 1687 1894 1725 culpa
1909 1687 2014 1722 deleta;

1164 1735 1214 1764 sed
1236 1735 1363 1763 Christus
1385 1734 1468 1763 talem
1491 1734 1630 1763 defectum
1652 1742 1704 1763 nec
1724 1734 1823 1763 habuit
1838 1741 1889 1763 nec.
1911 1733 2014 1763 habere

1165 1783 1267 1820 potuit,
1290 1782 1356 1819 quia
1378 1790 1433 1810 uon
1454 1781 1545 1818 potuit
1566 1788 1682 1818 peccare
1695 1781 1721 1816 ὃ,
1743 1789 1810 1818 ergo
1831 1789 1882 1810 nec
1903 1781 1939 1810 ad
1954 1789 2017 1818 pec—

1165 1833 1258 1859 catum
1280 1829 1447 1866 pronitatem
1476 1828 1593 1857 habere:
1616 1831 1643 1856 et
1675 1828 1712 1856 ita
1743 1828 1816 1857 redit
1837 1827 1911 1857 idem
1939 1828 2015 1865 quod

1165 1877 1255 1914 prius.

1245 1924 1271 1951 lt.
1293 1923 1373 1957 Item,
1388 1922 1518 1951 obiicitur
1533 1922 1568 1951 de
1583 1921 1747 1950 difficultate
1762 1921 1797 1950 ad
1813 1921 1928 1955 bonum,
1943 1929 2015 1958 quae

1166 1974 1208 1999 est
1229 1970 1354 1999 defectus
1376 1970 1403 1998 in
1425 1969 1505 1997 nobis
1527 1968 1665 2006 poenalis;
1687 1969 1716 1996 in
1737 1968 1847 1997 Christo
1867 1971 1962 1997 autem
1978 1971 2015 1996 ta-

1167 2017 1201 2046 lis
1222 2017 1347 2046 defectus
1369 2025 1424 2045 non
1445 2016 1497 2045 fuit
1522 2024 1572 2045 nec
1593 2023 1654 2045 esse
1675 2015 1783 2053 potuit:
1800 2015 1946 2053 quaeritur
1972 2015 2018 2052 igi-

1168 2065 1264 2093 turin
1286 2063 1425 2101 generali,
1456 2063 1554 2100 quales
1585 2063 1710 2092 defectus
1741 2062 1886 2097 assumsit,
1916 2062 1937 2091 si
1960 2070 2015 2091 non

1168 2119 1265 2140 omnes
1286 2111 1427 2140 assumsit.

1486 2211 1698 2232 CONCLusm.

1173 2297 1308 2327 Christus
1336 2297 1478 2326 assumsit
1499 2296 1629 2334 defectas
1645 2296 1782 2333 poenales
1804 2299 1918 2325 tamam
1930 2318 1939 2330 ,
1960 2304 2019 2324 non

1251 2345 1380 2378 vitiosos5
1402 2353 1453 2373 uec
1474 2352 1571 2372 omnes
1589 2343 1740 2381 poenales,
1762 2343 1813 2372 sed
1834 2346 1947 2371 tamum
1968 2351 2019 2371 na-

1252 2391 1380 2425 turales,
1402 2399 1461 2419 nou
1482 2394 1580 2419 autem
1598 2389 1777 2427 personales.

1251 2486 1427 2514 Rnsrounsso:
1440 2484 1604 2518 Dicendum,
1616 2483 1690 2521 quod
1702 2483 1809 2520 absque
1820 2482 1906 2511 dubio
1923 2493 1936 2508 «
1944 2482 2020 2510 Chri-

1168 2535 1232 2572 stus
1254 2541 1308 2561 non
1329 2539 1426 2560 omnes
1447 2531 1572 2559 desectus
1593 2534 1704 2559 nostros
1724 2530 1873 2564 assumsit,
1888 2529 1960 2558 sicut
1982 2528 2020 2557 di-

1173 2580 1209 2608 cit
1231 2579 1360 2616 Magister
1374 2579 1401 2607 in
1424 2578 1516 2606 littera
1529 2578 1547 2612 ⁷,
1563 2577 1612 2606 sed
1628 2577 1690 2605 illos
1704 2580 1829 2610 tantum,
1845 2583 1915 2613 quos
1926 2576 2019 2613 ipsum

1172 2634 1317 2655 assumere
1338 2625 1432 2654 decuit
1453 2628 1480 2653 et
1508 2624 1588 2653 nobis
1610 2623 1764 2660 expediens
1785 2623 1876 2651 fuit».
1897 2622 1951 2651 Sed
1972 2622 2020 2659 qui

1173 2673 1228 2702 sint
1244 2673 1288 2701 isti
1304 2672 1441 2706 defectus,
1462 2672 1555 2700 adhuc
1578 2670 1741 2708 quaestione
1762 2669 1880 2706 indiget,
1902 2669 1973 2698 sicut
1994 2672 2021 2697 et

333 2820 339 2834 ¹
358 2820 391 2843 De
407 2820 461 2842 Fide
479 2820 568 2842 orthod.
587 2826 606 2841 c.
624 2820 645 2841 6.
664 2832 694 2834 —
711 2819 761 2840 Vat.
779 2818 826 2840 sola
852 2818 987 2840 sententiam
1012 2817 1116 2839 Damaso..

269 2862 356 2882 temere
373 2860 405 2882 sic
423 2859 555 2886 ampliavit:
584 2859 678 2881 Totus...
695 2863 744 2885 me,
763 2858 791 2879 ut
807 2858 882 2879 totum.
899 2862 936 2879 me
956 2856 1055 2879 curaret
1075 2856 1118 2878 aut

271 2898 312 2921 toti
327 2897 387 2920 milti
403 2901 445 2920 ete.
463 2897 508 2920 Cir.
525 2903 595 2925 supra
609 2897 638 2919 lit.
653 2897 764 2924 Magistri,
783 2896 804 2918 d.
822 2896 845 2917 ll.
864 2901 883 2917 c.
905 2896 922 2917 l.
934 2895 999 2916 —ln
1017 2894 1117 2917 conclus.

271 2937 338 2959 codd.
356 2937 372 2958 N
383 2937 402 2965 Q
419 2940 472 2965 post
489 2942 576 2960 curare
593 2936 738 2963 subiungunt
754 2936 776 2957 et
793 2934 881 2958 tollere.

333 2976 343 2991 2
360 2976 477 3004 Damasc.‚
495 2976 526 2998 lll.
545 2976 574 2998 de
590 2975 644 2997 Fide
661 2974 750 2997 orthod.
769 2981 787 2997 c.
806 2975 827 2996 6.
845 2977 867 2996 et
888 2974 920 2996 18.

335 3014 345 3029 ³
360 3014 405 3037 Cfr.
423 3021 492 3042 supra
512 3021 564 3042 pag.
584 3015 639 3042 266,
659 3017 710 3036 nota
733 3014 750 3035 l.

1238 2814 1247 2828 ⁴
1264 2815 1296 2836 De
1314 2815 1357 2836 hoc
1374 2820 1423 2841 arg.
1442 2819 1483 2835 nec
1500 2819 1545 2835 non
1563 2812 1592 2834 de
1609 2818 1657 2840 seq.
1674 2810 1728 2833 vide
1746 2810 1784 2833 hic
1801 2810 1831 2832 lit.
1844 2810 1954 2838 Magistri,
1967 2815 1986 2831 c.
2003 2809 2020 2830 1.

1239 2853 1249 2868 ⁵
1265 2854 1297 2875 De
1315 2854 1358 2875 boc
1374 2853 1465 2875 Aristot.
1484 2851 1557 2874 verbo
1574 2850 1628 2873 vide
1644 2856 1713 2878 supra
1731 2855 1784 2877 pag.
1803 2849 1844 2877 85,
1863 2851 1914 2870 nota
1934 2849 1969 2870 10.

1238 2892 1248 2907 ⁶
1265 2892 1309 2915 Cfr.
1327 2898 1396 2920 supra
1414 2891 1436 2913 d.
1459 2892 1492 2913 l2.
1510 2897 1529 2912 a.
1548 2891 1569 2912 2.
1587 2896 1608 2918 q.
1631 2890 1648 2911 l.
1664 2901 1696 2905 —
1713 2888 1744 2910 De
1761 2887 1850 2910 maiori
1874 2887 1928 2909 vide
1950 2893 2021 2915 supra

1176 2939 1229 2961 pag.
1247 2931 1289 2960 74,
1308 2935 1358 2953 nota
1377 2932 1401 2959 3,
1419 2934 1441 2953 et
1458 2931 1481 2952 ll.
1499 2931 1560 2952 Seni.
1578 2929 1599 2951 d.
1618 2929 1654 2950 32.
1672 2934 1691 2950 a.
1712 2929 1731 2950 l.
1750 2934 1772 2956 q.
1793 2928 1811 2950 l.
1829 2933 1877 2955 seq.

1240 2971 1249 2985 ⁷
1266 2971 1306 2993 Ilic
1323 2977 1342 2993 c.
1362 2971 1382 2992 l.
1400 2970 1455 2992 lbid.
1474 2972 1495 2992 et
1511 2971 1564 2991 text.
1581 2974 1629 2996 seq.
1641 2980 1671 2983 —
1685 2967 1753 2989 Paulo
1770 2967 1864 2989 inferius
1881 2966 2021 2989 vocabulum

1176 3010 1282 3040 primum
1299 3010 1392 3037 respicit
1409 3008 1559 3036 principalem
1578 3008 1743 3036 quaestionem.

2037 2064 2125 2088 Quaestio
2139 2064 2157 2082 iu

2030 2088 2113 2111 generali

2032 2488 2130 2507 Conclusio
2143 2488 2160 2506 1.
