<?xml version="1.0" encoding="UTF-8"?>
<!DOCTYPE html PUBLIC "-//W3C//DTD XHTML 1.0 Transitional//EN"
    "http://www.w3.org/TR/xhtml1/DTD/xhtml1-transitional.dtd">
<html xmlns="http://www.w3.org/1999/xhtml" xml:lang="en" lang="en">
 <head>
  <title>
</title>
<meta http-equiv="Content-Type" content="text/html;charset=utf-8" />
  <meta name='ocr-system' content='tesseract 3.04.00' />
  <meta name='ocr-capabilities' content='ocr_page ocr_carea ocr_par ocr_line ocrx_word'/>
</head>
<body>
  <div class='ocr_page' id='page_1' title='image "./doctorisseraphic03bona_0232.png"; bbox 0 0 2166 3366; ppageno 0'>
   <div class='ocr_carea' id='block_1_1' title="bbox 137 832 244 851">
    <p class='ocr_par' dir='ltr' id='par_1_1' title="bbox 137 832 244 851">
     <span class='ocr_line' id='line_1_1' title="bbox 137 832 244 851; baseline -0.009 0"><span class='ocrx_word' id='word_1_1' title='bbox 137 832 244 851; x_wconf 84' lang='lat' dir='ltr'>Conclusio.</span> 
     </span>
    </p>
   </div>
   <div class='ocr_carea' id='block_1_2' title="bbox 130 1348 246 1395">
    <p class='ocr_par' dir='ltr' id='par_1_2' title="bbox 130 1348 246 1395">
     <span class='ocr_line' id='line_1_2' title="bbox 130 1348 246 1375; baseline 0 -9"><span class='ocrx_word' id='word_1_2' title='bbox 130 1348 201 1375; x_wconf 77' lang='lat' dir='ltr'>Salutio</span> <span class='ocrx_word' id='word_1_3' title='bbox 215 1353 246 1371; x_wconf 83' lang='lat' dir='ltr'>op·</span> 
     </span>
     <span class='ocr_line' id='line_1_3' title="bbox 130 1374 241 1395; baseline -0.009 -5"><span class='ocrx_word' id='word_1_4' title='bbox 130 1374 241 1395; x_wconf 73' lang='lat' dir='ltr'>positorum.</span> 
     </span>
    </p>
   </div>
   <div class='ocr_carea' id='block_1_3' title="bbox 132 1536 237 1554">
    <p class='ocr_par' dir='ltr' id='par_1_3' title="bbox 132 1536 237 1554">
     <span class='ocr_line' id='line_1_4' title="bbox 132 1536 237 1554; baseline -0.01 0"><span class='ocrx_word' id='word_1_5' title='bbox 132 1536 237 1554; x_wconf 76' lang='lat' dir='ltr'>Notandum</span> 
     </span>
    </p>
   </div>
   <div class='ocr_carea' id='block_1_4' title="bbox 134 2287 250 2329">
    <p class='ocr_par' dir='ltr' id='par_1_4' title="bbox 134 2287 250 2329">
     <span class='ocr_line' id='line_1_5' title="bbox 134 2287 250 2328; baseline -0.009 -23"><span class='ocrx_word' id='word_1_6' title='bbox 134 2287 209 2328; x_wconf 59' lang='lat' dir='ltr'>Triplex</span> <span class='ocrx_word' id='word_1_7' title='bbox 223 2292 250 2304; x_wconf 77' lang='lat' dir='ltr'>ra-</span> 
     </span>
     <span class='ocr_line' id='line_1_6' title="bbox 180 2316 203 2329; baseline 0 -1"><span class='ocrx_word' id='word_1_8' title='bbox 180 2316 203 2329; x_wconf 86' lang='grc'>10.</span> 
     </span>
    </p>
   </div>
   <div class='ocr_carea' id='block_1_5' title="bbox 257 188 313 215">
    <p class='ocr_par' dir='ltr' id='par_1_5' title="bbox 257 188 313 215">
     <span class='ocr_line' id='line_1_7' title="bbox 257 188 313 215; baseline 0 0"><span class='ocrx_word' id='word_1_9' title='bbox 257 188 313 215; x_wconf 72' lang='lat'>210</span> 
     </span>
    </p>
   </div>
   <div class='ocr_carea' id='block_1_6' title="bbox 257 259 1105 487">
    <p class='ocr_par' dir='ltr' id='par_1_6' title="bbox 257 259 1105 487">
     <span class='ocr_line' id='line_1_8' title="bbox 336 259 1104 297; baseline -0.008 -4"><span class='ocrx_word' id='word_1_10' title='bbox 336 265 361 293; x_wconf 74' lang='lat' dir='ltr'>li.</span> <span class='ocrx_word' id='word_1_11' title='bbox 386 265 467 297; x_wconf 78' lang='lat' dir='ltr'>item,</span> <span class='ocrx_word' id='word_1_12' title='bbox 484 263 572 291; x_wconf 88' lang='lat' dir='ltr'>maior</span> <span class='ocrx_word' id='word_1_13' title='bbox 587 265 628 290; x_wconf 89' lang='lat' dir='ltr'>est</span> <span class='ocrx_word' id='word_1_14' title='bbox 643 262 794 290; x_wconf 87' lang='lat' dir='ltr'>auctoritas</span> <span class='ocrx_word' id='word_1_15' title='bbox 810 264 836 289; x_wconf 88' lang='lat' dir='ltr'>et</span> <span class='ocrx_word' id='word_1_16' title='bbox 850 263 973 297; x_wconf 87' lang='lat' dir='ltr'>potestas</span> <span class='ocrx_word' id='word_1_17' title='bbox 988 260 1014 288; x_wconf 93' lang='lat' dir='ltr'>in</span> <span class='ocrx_word' id='word_1_18' title='bbox 1031 259 1104 287; x_wconf 87' lang='lat' dir='ltr'>malo</span> 
     </span>
     <span class='ocr_line' id='line_1_9' title="bbox 257 305 1104 348; baseline -0.007 -9"><span class='ocrx_word' id='word_1_19' title='bbox 257 311 381 348; x_wconf 88' lang='lat' dir='ltr'>praelato</span> <span class='ocrx_word' id='word_1_20' title='bbox 403 318 486 347; x_wconf 87' lang='lat' dir='ltr'>quam</span> <span class='ocrx_word' id='word_1_21' title='bbox 502 309 530 337; x_wconf 88' lang='lat' dir='ltr'>in</span> <span class='ocrx_word' id='word_1_22' title='bbox 548 309 618 336; x_wconf 88' lang='lat' dir='ltr'>bono</span> <span class='ocrx_word' id='word_1_23' title='bbox 640 308 768 341; x_wconf 80' lang='lat' dir='ltr'>subdito,</span> <span class='ocrx_word' id='word_1_24' title='bbox 790 315 856 343; x_wconf 86' lang='lat' dir='ltr'>ergo</span> <span class='ocrx_word' id='word_1_25' title='bbox 876 306 964 334; x_wconf 89' lang='lat' dir='ltr'>maior</span> <span class='ocrx_word' id='word_1_26' title='bbox 986 305 1104 334; x_wconf 84' lang='lat' dir='ltr'>debetur</span> 
     </span>
     <span class='ocr_line' id='line_1_10' title="bbox 257 352 1104 391; baseline -0.009 -4"><span class='ocrx_word' id='word_1_27' title='bbox 257 358 280 387; x_wconf 92' lang='lat' dir='ltr'>ei</span> <span class='ocrx_word' id='word_1_28' title='bbox 303 356 478 386; x_wconf 88' lang='lat' dir='ltr'>reverentia¹</span> <span class='ocrx_word' id='word_1_29' title='bbox 494 367 500 390; x_wconf 88' lang='lat'>;</span> <span class='ocrx_word' id='word_1_30' title='bbox 523 355 569 384; x_wconf 92' lang='lat' dir='ltr'>sed</span> <span class='ocrx_word' id='word_1_31' title='bbox 593 357 715 388; x_wconf 81' lang='lat' dir='ltr'>constat,</span> <span class='ocrx_word' id='word_1_32' title='bbox 731 353 806 391; x_wconf 86' lang='lat' dir='ltr'>quod</span> <span class='ocrx_word' id='word_1_33' title='bbox 823 353 895 381; x_wconf 84' lang='lat' dir='ltr'>malo</span> <span class='ocrx_word' id='word_1_34' title='bbox 910 352 1035 390; x_wconf 88' lang='lat' dir='ltr'>praelato</span> <span class='ocrx_word' id='word_1_35' title='bbox 1050 360 1104 380; x_wconf 92' lang='lat' dir='ltr'>non</span> 
     </span>
     <span class='ocr_line' id='line_1_11' title="bbox 258 399 1105 437; baseline -0.007 -4"><span class='ocrx_word' id='word_1_36' title='bbox 258 405 376 434; x_wconf 82' lang='lat' dir='ltr'>debetur</span> <span class='ocrx_word' id='word_1_37' title='bbox 399 403 505 431; x_wconf 70' lang='lat' dir='ltr'>latriae</span> <span class='ocrx_word' id='word_1_38' title='bbox 526 402 669 430; x_wconf 87' lang='lat' dir='ltr'>adoratio:</span> <span class='ocrx_word' id='word_1_39' title='bbox 686 409 752 437; x_wconf 85' lang='lat' dir='ltr'>ergo</span> <span class='ocrx_word' id='word_1_40' title='bbox 768 400 856 428; x_wconf 90' lang='lat' dir='ltr'>multo</span> <span class='ocrx_word' id='word_1_41' title='bbox 873 400 965 428; x_wconf 91' lang='lat' dir='ltr'>miuus</span> <span class='ocrx_word' id='word_1_42' title='bbox 980 399 1105 433; x_wconf 73' lang='lat' dir='ltr'>subdito,</span> 
     </span>
     <span class='ocr_line' id='line_1_12' title="bbox 257 447 683 487; baseline -0.009 -8"><span class='ocrx_word' id='word_1_43' title='bbox 257 451 305 487; x_wconf 89' lang='lat' dir='ltr'>qui</span> <span class='ocrx_word' id='word_1_44' title='bbox 326 452 368 478; x_wconf 86' lang='lat' dir='ltr'>est</span> <span class='ocrx_word' id='word_1_45' title='bbox 390 449 549 477; x_wconf 88' lang='lat' dir='ltr'>membrum</span> <span class='ocrx_word' id='word_1_46' title='bbox 573 447 683 476; x_wconf 77' lang='lat' dir='ltr'>Christi.</span> 
     </span>
    </p>
   </div>
   <div class='ocr_carea' id='block_1_7' title="bbox 574 548 786 570">
    <p class='ocr_par' dir='ltr' id='par_1_7' title="bbox 574 548 786 570">
     <span class='ocr_line' id='line_1_13' title="bbox 574 548 786 570; baseline -0.009 0"><span class='ocrx_word' id='word_1_47' title='bbox 574 548 786 570; x_wconf 89' lang='lat' dir='ltr'>CONCLUSIO.</span> 
     </span>
    </p>
   </div>
   <div class='ocr_carea' id='block_1_8' title="bbox 297 633 1066 710">
    <p class='ocr_par' dir='ltr' id='par_1_8' title="bbox 297 633 1066 710">
     <span class='ocr_line' id='line_1_14' title="bbox 297 633 1066 665; baseline -0.007 0"><span class='ocrx_word' id='word_1_48' title='bbox 297 636 435 665; x_wconf 71' lang='lat' dir='ltr'>Membris</span> <span class='ocrx_word' id='word_1_49' title='bbox 458 634 569 664; x_wconf 68' lang='lat' dir='ltr'>Christi</span> <span class='ocrx_word' id='word_1_50' title='bbox 590 635 686 663; x_wconf 74' lang='lat' dir='ltr'>cultus</span> <span class='ocrx_word' id='word_1_51' title='bbox 708 633 816 662; x_wconf 73' lang='lat' dir='ltr'>latriae</span> <span class='ocrx_word' id='word_1_52' title='bbox 835 633 1004 661; x_wconf 71' lang='lat' dir='ltr'>nullalenus</span> <span class='ocrx_word' id='word_1_53' title='bbox 1024 636 1066 660; x_wconf 76' lang='lat' dir='ltr'>est</span> 
     </span>
     <span class='ocr_line' id='line_1_15' title="bbox 587 681 773 710; baseline -0.005 -1"><span class='ocrx_word' id='word_1_54' title='bbox 587 681 773 710; x_wconf 71' lang='lat' dir='ltr'>exhibendus.</span> 
     </span>
    </p>
   </div>
   <div class='ocr_carea' id='block_1_9' title="bbox 258 772 1115 2457">
    <p class='ocr_par' dir='ltr' id='par_1_9' title="bbox 258 772 1111 1283">
     <span class='ocr_line' id='line_1_16' title="bbox 338 772 1110 812; baseline -0.006 -7"><span class='ocrx_word' id='word_1_55' title='bbox 338 778 513 805; x_wconf 69' lang='lat' dir='ltr'>Ruspounno:</span> <span class='ocrx_word' id='word_1_56' title='bbox 536 776 708 809; x_wconf 75' lang='lat' dir='ltr'>Dicendum,</span> <span class='ocrx_word' id='word_1_57' title='bbox 730 775 805 812; x_wconf 88' lang='lat' dir='ltr'>quod</span> <span class='ocrx_word' id='word_1_58' title='bbox 827 774 934 811; x_wconf 79' lang='lat' dir='ltr'>absque</span> <span class='ocrx_word' id='word_1_59' title='bbox 952 773 1039 802; x_wconf 91' lang='lat' dir='ltr'>dubio</span> <span class='ocrx_word' id='word_1_60' title='bbox 1054 772 1110 801; x_wconf 86' lang='lat' dir='ltr'>cul-</span> 
     </span>
     <span class='ocr_line' id='line_1_17' title="bbox 258 820 1109 856; baseline -0.007 -3"><span class='ocrx_word' id='word_1_61' title='bbox 258 827 304 853; x_wconf 92' lang='lat' dir='ltr'>tus</span> <span class='ocrx_word' id='word_1_62' title='bbox 326 824 423 852; x_wconf 87' lang='lat' dir='ltr'>latriae</span> <span class='ocrx_word' id='word_1_63' title='bbox 444 823 579 851; x_wconf 87' lang='lat' dir='ltr'>membris</span> <span class='ocrx_word' id='word_1_64' title='bbox 601 822 703 851; x_wconf 80' lang='lat' dir='ltr'>Christi</span> <span class='ocrx_word' id='word_1_65' title='bbox 718 830 772 850; x_wconf 90' lang='lat' dir='ltr'>non</span> <span class='ocrx_word' id='word_1_66' title='bbox 788 825 830 850; x_wconf 88' lang='lat' dir='ltr'>est</span> <span class='ocrx_word' id='word_1_67' title='bbox 845 820 1043 854; x_wconf 78' lang='lat' dir='ltr'>exhibendus3</span> <span class='ocrx_word' id='word_1_68' title='bbox 1058 828 1109 856; x_wconf 90' lang='lat' dir='ltr'>pro</span> 
     </span>
     <span class='ocr_line' id='line_1_18' title="bbox 259 867 1110 909; baseline -0.007 -9"><span class='ocrx_word' id='word_1_69' title='bbox 259 879 291 900; x_wconf 90' lang='lat' dir='ltr'>eo</span> <span class='ocrx_word' id='word_1_70' title='bbox 313 871 386 909; x_wconf 89' lang='lat' dir='ltr'>quod</span> <span class='ocrx_word' id='word_1_71' title='bbox 410 870 539 899; x_wconf 85' lang='lat' dir='ltr'>membra</span> <span class='ocrx_word' id='word_1_72' title='bbox 560 870 661 898; x_wconf 80' lang='lat' dir='ltr'>Christi</span> <span class='ocrx_word' id='word_1_73' title='bbox 694 877 793 897; x_wconf 88' lang='lat' dir='ltr'>sumus</span> <span class='ocrx_word' id='word_1_74' title='bbox 825 868 980 897; x_wconf 88' lang='lat' dir='ltr'>secundum</span> <span class='ocrx_word' id='word_1_75' title='bbox 1013 867 1110 895; x_wconf 89' lang='lat' dir='ltr'>huma-</span> 
     </span>
     <span class='ocr_line' id='line_1_19' title="bbox 258 915 1110 951; baseline -0.006 -5"><span class='ocrx_word' id='word_1_76' title='bbox 258 926 324 947; x_wconf 84' lang='lat' dir='ltr'>nam</span> <span class='ocrx_word' id='word_1_77' title='bbox 347 921 492 951; x_wconf 77' lang='lat' dir='ltr'>naturam3</span> <span class='ocrx_word' id='word_1_78' title='bbox 515 920 542 945; x_wconf 89' lang='lat' dir='ltr'>et</span> <span class='ocrx_word' id='word_1_79' title='bbox 564 917 601 945; x_wconf 87' lang='lat' dir='ltr'>sic</span> <span class='ocrx_word' id='word_1_80' title='bbox 623 924 722 945; x_wconf 89' lang='lat' dir='ltr'>sumus</span> <span class='ocrx_word' id='word_1_81' title='bbox 745 915 886 949; x_wconf 81' lang='lat' dir='ltr'>membra⁷</span> <span class='ocrx_word' id='word_1_82' title='bbox 909 917 940 942; x_wconf 85' lang='lat' dir='ltr'>ut</span> <span class='ocrx_word' id='word_1_83' title='bbox 962 918 1053 942; x_wconf 86' lang='lat' dir='ltr'>tamen</span> <span class='ocrx_word' id='word_1_84' title='bbox 1070 922 1110 941; x_wconf 87' lang='lat' dir='ltr'>ra-</span> 
     </span>
     <span class='ocr_line' id='line_1_20' title="bbox 262 962 1110 998; baseline -0.006 -5"><span class='ocrx_word' id='word_1_85' title='bbox 262 965 297 994; x_wconf 95' lang='lat' dir='ltr'>tio</span> <span class='ocrx_word' id='word_1_86' title='bbox 319 965 439 993; x_wconf 82' lang='lat' dir='ltr'>membri</span> <span class='ocrx_word' id='word_1_87' title='bbox 455 973 508 992; x_wconf 91' lang='lat' dir='ltr'>non</span> <span class='ocrx_word' id='word_1_88' title='bbox 526 964 605 992; x_wconf 85' lang='lat' dir='ltr'>tollat</span> <span class='ocrx_word' id='word_1_89' title='bbox 619 963 755 991; x_wconf 90' lang='lat' dir='ltr'>rationem</span> <span class='ocrx_word' id='word_1_90' title='bbox 779 962 922 991; x_wconf 86' lang='lat' dir='ltr'>servitutis</span> <span class='ocrx_word' id='word_1_91' title='bbox 950 969 1000 990; x_wconf 85' lang='lat' dir='ltr'>nec</span> <span class='ocrx_word' id='word_1_92' title='bbox 1025 963 1110 998; x_wconf 86' lang='lat' dir='ltr'>ponat</span> 
     </span>
     <span class='ocr_line' id='line_1_21' title="bbox 259 1008 1110 1050; baseline -0.006 -9"><span class='ocrx_word' id='word_1_93' title='bbox 259 1013 454 1050; x_wconf 87' lang='lat' dir='ltr'>aequalitatem</span> <span class='ocrx_word' id='word_1_94' title='bbox 478 1011 628 1048; x_wconf 81' lang='lat' dir='ltr'>dignitatis.</span> <span class='ocrx_word' id='word_1_95' title='bbox 651 1011 682 1039; x_wconf 84' lang='lat' dir='ltr'>Et</span> <span class='ocrx_word' id='word_1_96' title='bbox 703 1010 834 1048; x_wconf 89' lang='lat' dir='ltr'>quoniam</span> <span class='ocrx_word' id='word_1_97' title='bbox 867 1009 959 1037; x_wconf 74' lang='lat' dir='ltr'>latria</span> <span class='ocrx_word' id='word_1_98' title='bbox 991 1008 1110 1037; x_wconf 89' lang='lat' dir='ltr'>debetur</span> 
     </span>
     <span class='ocr_line' id='line_1_22' title="bbox 260 1056 1110 1090; baseline -0.006 -2"><span class='ocrx_word' id='word_1_99' title='bbox 260 1059 382 1088; x_wconf 80' lang='lat' dir='ltr'>Creatori</span> <span class='ocrx_word' id='word_1_100' title='bbox 404 1059 511 1087; x_wconf 87' lang='lat' dir='ltr'>ratione</span> <span class='ocrx_word' id='word_1_101' title='bbox 533 1066 600 1087; x_wconf 88' lang='lat' dir='ltr'>suae</span> <span class='ocrx_word' id='word_1_102' title='bbox 617 1057 768 1086; x_wconf 88' lang='lat' dir='ltr'>maiestatis</span> <span class='ocrx_word' id='word_1_103' title='bbox 783 1060 809 1085; x_wconf 89' lang='lat' dir='ltr'>et</span> <span class='ocrx_word' id='word_1_104' title='bbox 825 1056 1025 1090; x_wconf 78' lang='lat' dir='ltr'>excellentiae3</span> <span class='ocrx_word' id='word_1_105' title='bbox 1045 1056 1110 1084; x_wconf 89' lang='lat' dir='ltr'>hinc</span> 
     </span>
     <span class='ocr_line' id='line_1_23' title="bbox 259 1103 1111 1144; baseline -0.006 -8"><span class='ocrx_word' id='word_1_106' title='bbox 259 1111 315 1142; x_wconf 76' lang='lat' dir='ltr'>est,</span> <span class='ocrx_word' id='word_1_107' title='bbox 338 1107 412 1144; x_wconf 89' lang='lat' dir='ltr'>quod</span> <span class='ocrx_word' id='word_1_108' title='bbox 435 1106 569 1135; x_wconf 85' lang='lat' dir='ltr'>membris</span> <span class='ocrx_word' id='word_1_109' title='bbox 601 1106 703 1134; x_wconf 82' lang='lat' dir='ltr'>Christi</span> <span class='ocrx_word' id='word_1_110' title='bbox 731 1113 783 1133; x_wconf 91' lang='lat' dir='ltr'>non</span> <span class='ocrx_word' id='word_1_111' title='bbox 806 1103 939 1141; x_wconf 86' lang='lat' dir='ltr'>competit</span> <span class='ocrx_word' id='word_1_112' title='bbox 960 1103 1053 1132; x_wconf 89' lang='lat' dir='ltr'>cultus</span> <span class='ocrx_word' id='word_1_113' title='bbox 1075 1103 1111 1131; x_wconf 83' lang='lat' dir='ltr'>la-</span> 
     </span>
     <span class='ocr_line' id='line_1_24' title="bbox 259 1152 1110 1188; baseline -0.006 -5"><span class='ocrx_word' id='word_1_114' title='bbox 259 1155 337 1183; x_wconf 87' lang='lat' dir='ltr'>triae.</span> <span class='ocrx_word' id='word_1_115' title='bbox 360 1154 445 1182; x_wconf 87' lang='lat' dir='ltr'>Multa</span> <span class='ocrx_word' id='word_1_116' title='bbox 467 1154 539 1182; x_wconf 87' lang='lat' dir='ltr'>enim</span> <span class='ocrx_word' id='word_1_117' title='bbox 570 1153 702 1181; x_wconf 77' lang='lat' dir='ltr'>distantia</span> <span class='ocrx_word' id='word_1_118' title='bbox 733 1152 818 1180; x_wconf 88' lang='lat' dir='ltr'>distat</span> <span class='ocrx_word' id='word_1_119' title='bbox 851 1154 935 1188; x_wconf 88' lang='lat' dir='ltr'>caput</span> <span class='ocrx_word' id='word_1_120' title='bbox 956 1159 971 1179; x_wconf 89' lang='lat' dir='ltr'>a</span> <span class='ocrx_word' id='word_1_121' title='bbox 993 1158 1110 1187; x_wconf 86' lang='lat' dir='ltr'>corpore</span> 
     </span>
     <span class='ocr_line' id='line_1_25' title="bbox 259 1197 1111 1235; baseline -0.005 -6"><span class='ocrx_word' id='word_1_122' title='bbox 259 1201 365 1235; x_wconf 83' lang='lat' dir='ltr'>ratione</span> <span class='ocrx_word' id='word_1_123' title='bbox 387 1200 539 1229; x_wconf 86' lang='lat' dir='ltr'>divinitatis</span> <span class='ocrx_word' id='word_1_124' title='bbox 560 1199 664 1228; x_wconf 86' lang='lat' dir='ltr'>unitae.</span> <span class='ocrx_word' id='word_1_125' title='bbox 684 1215 723 1219; x_wconf 89' lang='lat'>-—</span> <span class='ocrx_word' id='word_1_126' title='bbox 745 1198 821 1227; x_wconf 84' lang='lat' dir='ltr'><strong>Unde</strong></span> <span class='ocrx_word' id='word_1_127' title='bbox 837 1197 1030 1226; x_wconf 75' lang='lat' dir='ltr'>concedendae</span> <span class='ocrx_word' id='word_1_128' title='bbox 1046 1200 1111 1226; x_wconf 90' lang='lat' dir='ltr'>sunt</span> 
     </span>
     <span class='ocr_line' id='line_1_26' title="bbox 259 1245 822 1283; baseline -0.007 -7"><span class='ocrx_word' id='word_1_129' title='bbox 259 1248 381 1276; x_wconf 87' lang='lat' dir='ltr'>rationes</span> <span class='ocrx_word' id='word_1_130' title='bbox 402 1247 436 1275; x_wconf 88' lang='lat' dir='ltr'>ad</span> <span class='ocrx_word' id='word_1_131' title='bbox 461 1247 531 1275; x_wconf 88' lang='lat' dir='ltr'>hanc</span> <span class='ocrx_word' id='word_1_132' title='bbox 553 1249 661 1283; x_wconf 85' lang='lat' dir='ltr'>partem</span> <span class='ocrx_word' id='word_1_133' title='bbox 683 1245 822 1273; x_wconf 83' lang='lat' dir='ltr'>inductae.</span> 
     </span>
    </p>

    <p class='ocr_par' dir='ltr' id='par_1_10' title="bbox 258 1290 1114 2080">
     <span class='ocr_line' id='line_1_27' title="bbox 343 1290 1109 1329; baseline -0.007 -7"><span class='ocrx_word' id='word_1_134' title='bbox 343 1296 366 1322; x_wconf 87' lang='lat' dir='ltr'>l.</span> <span class='ocrx_word' id='word_1_135' title='bbox 387 1294 425 1322; x_wconf 89' lang='lat' dir='ltr'>Ad</span> <span class='ocrx_word' id='word_1_136' title='bbox 448 1293 516 1321; x_wconf 91' lang='lat' dir='ltr'>illud</span> <span class='ocrx_word' id='word_1_137' title='bbox 540 1301 607 1329; x_wconf 85' lang='lat' dir='ltr'>ergo</span> <span class='ocrx_word' id='word_1_138' title='bbox 622 1292 696 1329; x_wconf 89' lang='lat' dir='ltr'>quod</span> <span class='ocrx_word' id='word_1_139' title='bbox 713 1291 860 1324; x_wconf 81' lang='lat' dir='ltr'>obiicitur,</span> <span class='ocrx_word' id='word_1_140' title='bbox 880 1290 955 1327; x_wconf 91' lang='lat' dir='ltr'>quod</span> <span class='ocrx_word' id='word_1_141' title='bbox 971 1290 1109 1318; x_wconf 89' lang='lat' dir='ltr'>Abraham</span> 
     </span>
     <span class='ocr_line' id='line_1_28' title="bbox 260 1336 1110 1376; baseline -0.007 -6"><span class='ocrx_word' id='word_1_142' title='bbox 260 1341 388 1370; x_wconf 89' lang='lat' dir='ltr'>adoravit</span> <span class='ocrx_word' id='word_1_143' title='bbox 409 1344 466 1369; x_wconf 88' lang='lat' dir='ltr'>tres</span> <span class='ocrx_word' id='word_1_144' title='bbox 494 1340 630 1376; x_wconf 78' lang='lat' dir='ltr'>Angelos3</span> <span class='ocrx_word' id='word_1_145' title='bbox 662 1338 830 1372; x_wconf 83' lang='lat' dir='ltr'>dicendum,</span> <span class='ocrx_word' id='word_1_146' title='bbox 853 1337 928 1374; x_wconf 89' lang='lat' dir='ltr'>quod</span> <span class='ocrx_word' id='word_1_147' title='bbox 950 1337 993 1365; x_wconf 88' lang='lat' dir='ltr'>isti</span> <span class='ocrx_word' id='word_1_148' title='bbox 1016 1336 1110 1373; x_wconf 86' lang='lat' dir='ltr'>Angeli</span> 
     </span>
     <span class='ocr_line' id='line_1_29' title="bbox 259 1384 1112 1420; baseline -0.007 -3"><span class='ocrx_word' id='word_1_149' title='bbox 259 1391 286 1417; x_wconf 89' lang='lat' dir='ltr'>et</span> <span class='ocrx_word' id='word_1_150' title='bbox 307 1391 453 1417; x_wconf 70' lang='lat' dir='ltr'>creaturae</span> <span class='ocrx_word' id='word_1_151' title='bbox 475 1386 625 1415; x_wconf 79' lang='lat' dir='ltr'>rationales</span> <span class='ocrx_word' id='word_1_152' title='bbox 646 1389 745 1419; x_wconf 74' lang='lat' dir='ltr'>erant‚</span> <span class='ocrx_word' id='word_1_153' title='bbox 772 1389 799 1413; x_wconf 88' lang='lat' dir='ltr'>et</span> <span class='ocrx_word' id='word_1_154' title='bbox 831 1388 922 1412; x_wconf 85' lang='lat' dir='ltr'>tamen</span> <span class='ocrx_word' id='word_1_155' title='bbox 944 1384 978 1412; x_wconf 87' lang='lat' dir='ltr'>ad</span> <span class='ocrx_word' id='word_1_156' title='bbox 1003 1391 1112 1420; x_wconf 87' lang='lat' dir='ltr'>reprae-</span> 
     </span>
     <span class='ocr_line' id='line_1_30' title="bbox 260 1432 1111 1470; baseline -0.006 -7"><span class='ocrx_word' id='word_1_157' title='bbox 260 1435 442 1464; x_wconf 85' lang='lat' dir='ltr'>sentationem</span> <span class='ocrx_word' id='word_1_158' title='bbox 466 1434 608 1462; x_wconf 77' lang='lat' dir='ltr'>Trinitatis</span> <span class='ocrx_word' id='word_1_159' title='bbox 631 1433 681 1470; x_wconf 89' lang='lat' dir='ltr'>ipsi</span> <span class='ocrx_word' id='word_1_160' title='bbox 705 1432 831 1460; x_wconf 80' lang='lat' dir='ltr'>Abrahae</span> <span class='ocrx_word' id='word_1_161' title='bbox 854 1435 1063 1468; x_wconf 77' lang='lat' dir='ltr'>apparuerunt3</span> <span class='ocrx_word' id='word_1_162' title='bbox 1085 1434 1111 1459; x_wconf 91' lang='lat' dir='ltr'>et</span> 
     </span>
     <span class='ocr_line' id='line_1_31' title="bbox 260 1478 1111 1518; baseline -0.006 -8"><span class='ocrx_word' id='word_1_163' title='bbox 260 1486 413 1518; x_wconf 84' lang='lat' dir='ltr'>utrumque</span> <span class='ocrx_word' id='word_1_164' title='bbox 436 1482 537 1510; x_wconf 91' lang='lat' dir='ltr'>horum</span> <span class='ocrx_word' id='word_1_165' title='bbox 561 1480 612 1517; x_wconf 90' lang='lat' dir='ltr'>ipsi</span> <span class='ocrx_word' id='word_1_166' title='bbox 642 1480 768 1508; x_wconf 80' lang='lat' dir='ltr'>Abrahae</span> <span class='ocrx_word' id='word_1_167' title='bbox 800 1482 896 1507; x_wconf 86' lang='lat' dir='ltr'>nolum</span> <span class='ocrx_word' id='word_1_168' title='bbox 927 1482 995 1507; x_wconf 87' lang='lat' dir='ltr'>erat.</span> <span class='ocrx_word' id='word_1_169' title='bbox 1025 1478 1056 1506; x_wconf 87' lang='lat' dir='ltr'>Et</span> <span class='ocrx_word' id='word_1_170' title='bbox 1084 1478 1111 1505; x_wconf 93' lang='lat' dir='ltr'>in</span> 
     </span>
     <span class='ocr_line' id='line_1_32' title="bbox 260 1525 1112 1566; baseline -0.005 -9"><span class='ocrx_word' id='word_1_171' title='bbox 260 1532 397 1566; x_wconf 82' lang='lat' dir='ltr'>quantum</span> <span class='ocrx_word' id='word_1_172' title='bbox 430 1532 588 1557; x_wconf 73' lang='lat' dir='ltr'>creaturae</span> <span class='ocrx_word' id='word_1_173' title='bbox 613 1526 775 1555; x_wconf 69' lang='lat' dir='ltr'>rationales</span> <span class='ocrx_word' id='word_1_174' title='bbox 797 1529 892 1558; x_wconf 81' lang='lat' dir='ltr'>erant,</span> <span class='ocrx_word' id='word_1_175' title='bbox 914 1525 1044 1554; x_wconf 84' lang='lat' dir='ltr'>exhibuit</span> <span class='ocrx_word' id='word_1_176' title='bbox 1072 1525 1112 1554; x_wconf 86' lang='lat' dir='ltr'>eis</span> 
     </span>
     <span class='ocr_line' id='line_1_33' title="bbox 260 1572 1109 1607; baseline -0.005 -3"><span class='ocrx_word' id='word_1_177' title='bbox 260 1576 398 1604; x_wconf 88' lang='lat' dir='ltr'>Abraham</span> <span class='ocrx_word' id='word_1_178' title='bbox 422 1584 475 1603; x_wconf 91' lang='lat' dir='ltr'>non</span> <span class='ocrx_word' id='word_1_179' title='bbox 498 1575 689 1603; x_wconf 83' lang='lat' dir='ltr'>adorationem</span> <span class='ocrx_word' id='word_1_180' title='bbox 712 1573 836 1607; x_wconf 74' lang='lat' dir='ltr'>lab&#39;z&#39;ae,</span> <span class='ocrx_word' id='word_1_181' title='bbox 853 1573 900 1601; x_wconf 90' lang='lat' dir='ltr'>sed</span> <span class='ocrx_word' id='word_1_182' title='bbox 924 1572 1109 1601; x_wconf 87' lang='lat' dir='ltr'>reverentiam</span> 
     </span>
     <span class='ocr_line' id='line_1_34' title="bbox 260 1620 1109 1656; baseline -0.006 -5"><span class='ocrx_word' id='word_1_183' title='bbox 260 1622 380 1651; x_wconf 69' lang='lat' dir='ltr'>duliae²</span> <span class='ocrx_word' id='word_1_184' title='bbox 403 1626 430 1651; x_wconf 87' lang='lat' dir='ltr'>et</span> <span class='ocrx_word' id='word_1_185' title='bbox 452 1622 638 1650; x_wconf 85' lang='lat' dir='ltr'>ministerium</span> <span class='ocrx_word' id='word_1_186' title='bbox 663 1620 899 1649; x_wconf 78' lang='lat' dir='ltr'>honorificentiae.</span> <span class='ocrx_word' id='word_1_187' title='bbox 922 1620 950 1647; x_wconf 93' lang='lat' dir='ltr'>ln</span> <span class='ocrx_word' id='word_1_188' title='bbox 973 1623 1109 1656; x_wconf 85' lang='lat' dir='ltr'>quantum</span> 
     </span>
     <span class='ocr_line' id='line_1_35' title="bbox 260 1666 1111 1706; baseline -0.006 -8"><span class='ocrx_word' id='word_1_189' title='bbox 260 1673 353 1698; x_wconf 86' lang='lat' dir='ltr'>autem</span> <span class='ocrx_word' id='word_1_190' title='bbox 375 1669 495 1706; x_wconf 57' lang='lat' dir='ltr'>siquam</span> <span class='ocrx_word' id='word_1_191' title='bbox 524 1667 681 1696; x_wconf 68' lang='lat' dir='ltr'>Trinitatis</span> <span class='ocrx_word' id='word_1_192' title='bbox 703 1670 797 1701; x_wconf 77' lang='lat' dir='ltr'>erant=</span> <span class='ocrx_word' id='word_1_193' title='bbox 820 1666 951 1695; x_wconf 86' lang='lat' dir='ltr'>exhibuit</span> <span class='ocrx_word' id='word_1_194' title='bbox 972 1666 1111 1694; x_wconf 88' lang='lat' dir='ltr'>Abraham</span> 
     </span>
     <span class='ocr_line' id='line_1_36' title="bbox 261 1712 1114 1751; baseline -0.005 -7"><span class='ocrx_word' id='word_1_195' title='bbox 261 1716 368 1745; x_wconf 90' lang='lat' dir='ltr'>cultum</span> <span class='ocrx_word' id='word_1_196' title='bbox 392 1716 517 1749; x_wconf 72' lang='lat' dir='ltr'>latriae,</span> <span class='ocrx_word' id='word_1_197' title='bbox 539 1723 593 1743; x_wconf 92' lang='lat' dir='ltr'>non</span> <span class='ocrx_word' id='word_1_198' title='bbox 616 1715 642 1742; x_wconf 92' lang='lat' dir='ltr'>in</span> <span class='ocrx_word' id='word_1_199' title='bbox 666 1717 802 1751; x_wconf 87' lang='lat' dir='ltr'>qnantum</span> <span class='ocrx_word' id='word_1_200' title='bbox 826 1714 920 1750; x_wconf 83' lang='lat' dir='ltr'>signo,</span> <span class='ocrx_word' id='word_1_201' title='bbox 943 1713 991 1741; x_wconf 85' lang='lat' dir='ltr'>sed</span> <span class='ocrx_word' id='word_1_202' title='bbox 1010 1712 1061 1749; x_wconf 88' lang='lat' dir='ltr'>ipsi</span> <span class='ocrx_word' id='word_1_203' title='bbox 1077 1712 1114 1739; x_wconf 74' lang='lat' dir='ltr'>si—</span> 
     </span>
     <span class='ocr_line' id='line_1_37' title="bbox 258 1759 1113 1801; baseline -0.005 -10"><span class='ocrx_word' id='word_1_204' title='bbox 258 1767 371 1801; x_wconf 60' lang='lat' dir='ltr'>quenm</span> <span class='ocrx_word' id='word_1_205' title='bbox 392 1763 426 1791; x_wconf 86' lang='lat' dir='ltr'>ad</span> <span class='ocrx_word' id='word_1_206' title='bbox 449 1763 502 1791; x_wconf 85' lang='lat' dir='ltr'>hoc</span> <span class='ocrx_word' id='word_1_207' title='bbox 523 1762 596 1790; x_wconf 89' lang='lat' dir='ltr'>enim</span> <span class='ocrx_word' id='word_1_208' title='bbox 620 1761 776 1798; x_wconf 76' lang='lat' dir='ltr'>specialiter</span> <span class='ocrx_word' id='word_1_209' title='bbox 798 1760 978 1797; x_wconf 83' lang='lat' dir='ltr'>apparebant.</span> <span class='ocrx_word' id='word_1_210' title='bbox 1000 1759 1057 1787; x_wconf 92' lang='lat' dir='ltr'>Non</span> <span class='ocrx_word' id='word_1_211' title='bbox 1074 1759 1113 1787; x_wconf 92' lang='lat' dir='ltr'>sic</span> 
     </span>
     <span class='ocr_line' id='line_1_38' title="bbox 260 1806 1113 1844; baseline -0.006 -5"><span class='ocrx_word' id='word_1_212' title='bbox 260 1814 354 1839; x_wconf 84' lang='lat' dir='ltr'>autem</span> <span class='ocrx_word' id='word_1_213' title='bbox 376 1813 418 1838; x_wconf 86' lang='lat' dir='ltr'>est</span> <span class='ocrx_word' id='word_1_214' title='bbox 440 1810 474 1838; x_wconf 92' lang='lat' dir='ltr'>de</span> <span class='ocrx_word' id='word_1_215' title='bbox 498 1808 632 1837; x_wconf 87' lang='lat' dir='ltr'>membris</span> <span class='ocrx_word' id='word_1_216' title='bbox 653 1808 770 1841; x_wconf 84' lang='lat' dir='ltr'>Christi,</span> <span class='ocrx_word' id='word_1_217' title='bbox 793 1807 942 1844; x_wconf 82' lang='lat' dir='ltr'>quoniam,</span> <span class='ocrx_word' id='word_1_218' title='bbox 965 1806 1014 1835; x_wconf 85' lang='lat' dir='ltr'>etsi</span> <span class='ocrx_word' id='word_1_219' title='bbox 1030 1806 1057 1834; x_wconf 89' lang='lat' dir='ltr'>in</span> <span class='ocrx_word' id='word_1_220' title='bbox 1073 1806 1113 1834; x_wconf 90' lang='lat' dir='ltr'>eis</span> 
     </span>
     <span class='ocr_line' id='line_1_39' title="bbox 261 1854 1114 1894; baseline -0.006 -9"><span class='ocrx_word' id='word_1_221' title='bbox 261 1857 347 1894; x_wconf 84' lang='lat' dir='ltr'>possit</span> <span class='ocrx_word' id='word_1_222' title='bbox 378 1856 504 1893; x_wconf 80' lang='lat' dir='ltr'>cognosci</span> <span class='ocrx_word' id='word_1_223' title='bbox 539 1855 673 1890; x_wconf 76' lang='lat' dir='ltr'>Trinitas,</span> <span class='ocrx_word' id='word_1_224' title='bbox 700 1862 754 1882; x_wconf 89' lang='lat' dir='ltr'>non</span> <span class='ocrx_word' id='word_1_225' title='bbox 777 1857 869 1882; x_wconf 87' lang='lat' dir='ltr'>tamen</span> <span class='ocrx_word' id='word_1_226' title='bbox 892 1854 931 1882; x_wconf 92' lang='lat' dir='ltr'>sic</span> <span class='ocrx_word' id='word_1_227' title='bbox 952 1860 1114 1890; x_wconf 86' lang='lat' dir='ltr'>repraesen-</span> 
     </span>
     <span class='ocr_line' id='line_1_40' title="bbox 262 1900 1114 1940; baseline -0.006 -8"><span class='ocrx_word' id='word_1_228' title='bbox 262 1908 319 1933; x_wconf 79' lang='lat' dir='ltr'>tant</span> <span class='ocrx_word' id='word_1_229' title='bbox 341 1912 375 1932; x_wconf 81' lang='lat' dir='ltr'>ex</span> <span class='ocrx_word' id='word_1_230' title='bbox 400 1903 511 1940; x_wconf 88' lang='lat' dir='ltr'>speciali</span> <span class='ocrx_word' id='word_1_231' title='bbox 535 1902 709 1931; x_wconf 89' lang='lat' dir='ltr'>institutione</span> <span class='ocrx_word' id='word_1_232' title='bbox 731 1901 774 1929; x_wconf 83' lang='lat' dir='ltr'>vel</span> <span class='ocrx_word' id='word_1_233' title='bbox 799 1901 929 1929; x_wconf 89' lang='lat' dir='ltr'>missione</span> <span class='ocrx_word' id='word_1_234' title='bbox 951 1900 1064 1933; x_wconf 87' lang='lat' dir='ltr'>divina;</span> <span class='ocrx_word' id='word_1_235' title='bbox 1087 1902 1114 1928; x_wconf 90' lang='lat' dir='ltr'>et</span> 
     </span>
     <span class='ocr_line' id='line_1_41' title="bbox 263 1946 1112 1984; baseline -0.006 -5"><span class='ocrx_word' id='word_1_236' title='bbox 263 1951 324 1980; x_wconf 87' lang='lat' dir='ltr'>ideo</span> <span class='ocrx_word' id='word_1_237' title='bbox 345 1959 398 1979; x_wconf 88' lang='lat' dir='ltr'>non</span> <span class='ocrx_word' id='word_1_238' title='bbox 421 1953 462 1979; x_wconf 87' lang='lat' dir='ltr'>est</span> <span class='ocrx_word' id='word_1_239' title='bbox 483 1950 523 1978; x_wconf 88' lang='lat' dir='ltr'>eis</span> <span class='ocrx_word' id='word_1_240' title='bbox 545 1949 706 1978; x_wconf 82' lang='lat' dir='ltr'>exhibenda</span> <span class='ocrx_word' id='word_1_241' title='bbox 728 1948 837 1981; x_wconf 69' lang='lat' dir='ltr'>latria,</span> <span class='ocrx_word' id='word_1_242' title='bbox 860 1955 909 1976; x_wconf 87' lang='lat' dir='ltr'>nec</span> <span class='ocrx_word' id='word_1_243' title='bbox 925 1950 1060 1984; x_wconf 87' lang='lat' dir='ltr'>quantum</span> <span class='ocrx_word' id='word_1_244' title='bbox 1077 1946 1112 1974; x_wconf 85' lang='lat' dir='ltr'>ad</span> 
     </span>
     <span class='ocr_line' id='line_1_42' title="bbox 262 1993 1113 2034; baseline -0.006 -9"><span class='ocrx_word' id='word_1_245' title='bbox 262 1997 333 2026; x_wconf 85' lang='lat' dir='ltr'>illud</span> <span class='ocrx_word' id='word_1_246' title='bbox 355 1997 430 2034; x_wconf 90' lang='lat' dir='ltr'>quod</span> <span class='ocrx_word' id='word_1_247' title='bbox 452 2000 532 2030; x_wconf 85' lang='lat' dir='ltr'>sunt,</span> <span class='ocrx_word' id='word_1_248' title='bbox 555 2003 605 2024; x_wconf 89' lang='lat' dir='ltr'>nec</span> <span class='ocrx_word' id='word_1_249' title='bbox 636 1997 773 2032; x_wconf 86' lang='lat' dir='ltr'>quantum</span> <span class='ocrx_word' id='word_1_250' title='bbox 805 1993 840 2022; x_wconf 89' lang='lat' dir='ltr'>ad</span> <span class='ocrx_word' id='word_1_251' title='bbox 873 1993 943 2021; x_wconf 90' lang='lat' dir='ltr'>illud</span> <span class='ocrx_word' id='word_1_252' title='bbox 965 1993 1041 2030; x_wconf 88' lang='lat' dir='ltr'>quod</span> <span class='ocrx_word' id='word_1_253' title='bbox 1063 2000 1113 2029; x_wconf 89' lang='lat' dir='ltr'>per</span> 
     </span>
     <span class='ocr_line' id='line_1_43' title="bbox 262 2043 504 2080; baseline -0.008 -7"><span class='ocrx_word' id='word_1_254' title='bbox 262 2052 309 2073; x_wconf 90' lang='lat' dir='ltr'>eos</span> <span class='ocrx_word' id='word_1_255' title='bbox 331 2043 504 2080; x_wconf 85' lang='lat' dir='ltr'>intelligitur.</span> 
     </span>
    </p>

    <p class='ocr_par' dir='ltr' id='par_1_11' title="bbox 263 2086 1115 2457">
     <span class='ocr_line' id='line_1_44' title="bbox 342 2086 1114 2126; baseline -0.006 -7"><span class='ocrx_word' id='word_1_256' title='bbox 342 2092 368 2119; x_wconf 70' lang='grc' dir='ltr'>Ξ).</span> <span class='ocrx_word' id='word_1_257' title='bbox 391 2091 429 2119; x_wconf 89' lang='lat' dir='ltr'>Ad</span> <span class='ocrx_word' id='word_1_258' title='bbox 452 2090 521 2118; x_wconf 88' lang='lat' dir='ltr'>illud</span> <span class='ocrx_word' id='word_1_259' title='bbox 543 2089 618 2126; x_wconf 87' lang='lat' dir='ltr'>quod</span> <span class='ocrx_word' id='word_1_260' title='bbox 640 2088 786 2122; x_wconf 77' lang='lat' dir='ltr'>obiicitur,</span> <span class='ocrx_word' id='word_1_261' title='bbox 806 2087 880 2124; x_wconf 90' lang='lat' dir='ltr'>quod</span> <span class='ocrx_word' id='word_1_262' title='bbox 896 2088 1011 2115; x_wconf 91' lang='lat' dir='ltr'>loannes</span> <span class='ocrx_word' id='word_1_263' title='bbox 1026 2086 1114 2114; x_wconf 90' lang='lat' dir='ltr'>voluit</span> 
     </span>
     <span class='ocr_line' id='line_1_45' title="bbox 263 2133 1114 2174; baseline -0.007 -7"><span class='ocrx_word' id='word_1_264' title='bbox 263 2138 382 2167; x_wconf 89' lang='lat' dir='ltr'>adorare</span> <span class='ocrx_word' id='word_1_265' title='bbox 403 2137 558 2174; x_wconf 80' lang='lat' dir='ltr'>Angelum3</span> <span class='ocrx_word' id='word_1_266' title='bbox 580 2136 746 2169; x_wconf 85' lang='lat' dir='ltr'>dicendum,</span> <span class='ocrx_word' id='word_1_267' title='bbox 778 2134 853 2172; x_wconf 86' lang='lat' dir='ltr'>quod</span> <span class='ocrx_word' id='word_1_268' title='bbox 885 2134 974 2162; x_wconf 89' lang='lat' dir='ltr'>noluit</span> <span class='ocrx_word' id='word_1_269' title='bbox 995 2133 1114 2162; x_wconf 86' lang='lat' dir='ltr'>adorare</span> 
     </span>
     <span class='ocr_line' id='line_1_46' title="bbox 264 2180 1115 2217; baseline -0.007 -3"><span class='ocrx_word' id='word_1_270' title='bbox 264 2193 328 2214; x_wconf 89' lang='lat' dir='ltr'>eum</span> <span class='ocrx_word' id='word_1_271' title='bbox 361 2185 523 2214; x_wconf 82' lang='lat' dir='ltr'>adoratione</span> <span class='ocrx_word' id='word_1_272' title='bbox 553 2183 676 2217; x_wconf 73' lang='lat' dir='ltr'>latriae,</span> <span class='ocrx_word' id='word_1_273' title='bbox 699 2183 746 2211; x_wconf 88' lang='lat' dir='ltr'>sed</span> <span class='ocrx_word' id='word_1_274' title='bbox 770 2181 876 2210; x_wconf 75' lang='lat' dir='ltr'>duliae.</span> <span class='ocrx_word' id='word_1_275' title='bbox 901 2182 930 2209; x_wconf 88' lang='lat' dir='ltr'>Et</span> <span class='ocrx_word' id='word_1_276' title='bbox 952 2181 1027 2217; x_wconf 91' lang='lat' dir='ltr'>quod</span> <span class='ocrx_word' id='word_1_277' title='bbox 1049 2180 1115 2208; x_wconf 90' lang='lat' dir='ltr'>obii-</span> 
     </span>
     <span class='ocr_line' id='line_1_47' title="bbox 264 2228 1114 2270; baseline -0.009 -7"><span class='ocrx_word' id='word_1_278' title='bbox 264 2234 315 2268; x_wconf 87' lang='lat' dir='ltr'>cit‚</span> <span class='ocrx_word' id='word_1_279' title='bbox 337 2233 412 2270; x_wconf 88' lang='lat' dir='ltr'>quod</span> <span class='ocrx_word' id='word_1_280' title='bbox 434 2241 487 2261; x_wconf 89' lang='lat' dir='ltr'>non</span> <span class='ocrx_word' id='word_1_281' title='bbox 515 2232 612 2260; x_wconf 85' lang='lat' dir='ltr'>debuit</span> <span class='ocrx_word' id='word_1_282' title='bbox 641 2238 705 2259; x_wconf 88' lang='lat' dir='ltr'>eum</span> <span class='ocrx_word' id='word_1_283' title='bbox 719 2230 728 2243; x_wconf 82' lang='lat'><strong>³</strong></span> <span class='ocrx_word' id='word_1_284' title='bbox 751 2229 921 2266; x_wconf 74' lang='lat' dir='ltr'>prohibere3</span> <span class='ocrx_word' id='word_1_285' title='bbox 943 2228 1114 2262; x_wconf 84' lang='lat' dir='ltr'>dicendum,</span> 
     </span>
     <span class='ocr_line' id='line_1_48' title="bbox 264 2275 1114 2318; baseline -0.007 -10"><span class='ocrx_word' id='word_1_286' title='bbox 264 2280 338 2318; x_wconf 87' lang='lat' dir='ltr'>quod</span> <span class='ocrx_word' id='word_1_287' title='bbox 362 2281 463 2311; x_wconf 79' lang='lat' dir='ltr'>immo.</span> <span class='ocrx_word' id='word_1_288' title='bbox 485 2278 586 2315; x_wconf 82' lang='lat' dir='ltr'>triplici</span> <span class='ocrx_word' id='word_1_289' title='bbox 610 2278 724 2306; x_wconf 89' lang='lat' dir='ltr'>ratione.</span> <span class='ocrx_word' id='word_1_290' title='bbox 747 2276 851 2304; x_wconf 74' lang='lat' dir='ltr'>Prima</span> <span class='ocrx_word' id='word_1_291' title='bbox 868 2275 981 2313; x_wconf 88' lang='lat' dir='ltr'>quidem</span> <span class='ocrx_word' id='word_1_292' title='bbox 997 2278 1039 2303; x_wconf 88' lang='lat' dir='ltr'>est</span> <span class='ocrx_word' id='word_1_293' title='bbox 1054 2282 1114 2311; x_wconf 90' lang='lat' dir='ltr'>pro-</span> 
     </span>
     <span class='ocr_line' id='line_1_49' title="bbox 266 2322 1115 2364; baseline -0.007 -9"><span class='ocrx_word' id='word_1_294' title='bbox 266 2331 328 2364; x_wconf 89' lang='lat' dir='ltr'>pter</span> <span class='ocrx_word' id='word_1_295' title='bbox 351 2327 512 2363; x_wconf 74' lang='lat' dir='ltr'>dignitatem</span> <span class='ocrx_word' id='word_1_296' title='bbox 536 2325 624 2362; x_wconf 87' lang='lat' dir='ltr'>ipsius</span> <span class='ocrx_word' id='word_1_297' title='bbox 646 2324 769 2358; x_wconf 72' lang='lat' dir='ltr'>loannis,</span> <span class='ocrx_word' id='word_1_298' title='bbox 792 2323 839 2360; x_wconf 89' lang='lat' dir='ltr'>qui</span> <span class='ocrx_word' id='word_1_299' title='bbox 858 2322 1040 2351; x_wconf 84' lang='lat' dir='ltr'>excellentior</span> <span class='ocrx_word' id='word_1_300' title='bbox 1055 2324 1115 2349; x_wconf 89' lang='lat' dir='ltr'>erat</span> 
     </span>
     <span class='ocr_line' id='line_1_50' title="bbox 266 2369 1115 2410; baseline -0.007 -8"><span class='ocrx_word' id='word_1_301' title='bbox 266 2374 360 2403; x_wconf 88' lang='lat' dir='ltr'>multis</span> <span class='ocrx_word' id='word_1_302' title='bbox 381 2373 499 2410; x_wconf 80' lang='lat' dir='ltr'>Angelis.</span> <span class='ocrx_word' id='word_1_303' title='bbox 522 2372 657 2401; x_wconf 65' lang='lat' dir='ltr'>Secunda</span> <span class='ocrx_word' id='word_1_304' title='bbox 680 2379 747 2399; x_wconf 80' lang='lat' dir='ltr'>vero</span> <span class='ocrx_word' id='word_1_305' title='bbox 769 2374 883 2407; x_wconf 87' lang='lat' dir='ltr'>propter</span> <span class='ocrx_word' id='word_1_306' title='bbox 899 2369 1057 2397; x_wconf 89' lang='lat' dir='ltr'>vitationem</span> <span class='ocrx_word' id='word_1_307' title='bbox 1074 2376 1115 2397; x_wconf 88' lang='lat' dir='ltr'>er-</span> 
     </span>
     <span class='ocr_line' id='line_1_51' title="bbox 265 2416 1115 2457; baseline -0.008 -7"><span class='ocrx_word' id='word_1_308' title='bbox 265 2421 353 2455; x_wconf 89' lang='lat' dir='ltr'>roris,</span> <span class='ocrx_word' id='word_1_309' title='bbox 375 2429 409 2449; x_wconf 90' lang='lat' dir='ltr'>ne</span> <span class='ocrx_word' id='word_1_310' title='bbox 430 2420 532 2457; x_wconf 89' lang='lat' dir='ltr'>aliquis</span> <span class='ocrx_word' id='word_1_311' title='bbox 553 2427 587 2448; x_wconf 82' lang='lat' dir='ltr'>ex</span> <span class='ocrx_word' id='word_1_312' title='bbox 612 2419 664 2447; x_wconf 90' lang='lat' dir='ltr'>hoc</span> <span class='ocrx_word' id='word_1_313' title='bbox 686 2418 830 2452; x_wconf 83' lang='lat' dir='ltr'>crederet,</span> <span class='ocrx_word' id='word_1_314' title='bbox 852 2417 926 2454; x_wconf 90' lang='lat' dir='ltr'>quod</span> <span class='ocrx_word' id='word_1_315' title='bbox 942 2416 1036 2453; x_wconf 86' lang='lat' dir='ltr'>Angeli</span> <span class='ocrx_word' id='word_1_316' title='bbox 1051 2416 1115 2444; x_wconf 85' lang='lat' dir='ltr'>ado-</span> 
     </span>
    </p>
   </div>
   <div class='ocr_carea' id='block_1_10' title="bbox 1134 274 1147 2452">
    <p class='ocr_par' dir='ltr' id='par_1_12' title="bbox 1134 274 1147 2452">
     <span class='ocr_line' id='line_1_52' title="bbox 1134 274 1147 2452; baseline 0 0"><span class='ocrx_word' id='word_1_317' title='bbox 1134 274 1147 2452; x_wconf 95' lang='lat' dir='ltr'> </span> 
     </span>
    </p>
   </div>
   <div class='ocr_carea' id='block_1_11' title="bbox 934 181 1332 211">
    <p class='ocr_par' dir='ltr' id='par_1_13' title="bbox 934 181 1332 211">
     <span class='ocr_line' id='line_1_53' title="bbox 934 181 1332 211; baseline -0.005 -1"><span class='ocrx_word' id='word_1_318' title='bbox 934 182 1186 211; x_wconf 83' lang='lat' dir='ltr'>SENTENTIARUM</span> <span class='ocrx_word' id='word_1_319' title='bbox 1208 181 1268 210; x_wconf 84' lang='lat' dir='ltr'>LIB.</span> <span class='ocrx_word' id='word_1_320' title='bbox 1292 181 1332 209; x_wconf 69' lang='grc' dir='ltr'>ΙΙΙ,</span> 
     </span>
    </p>
   </div>
   <div class='ocr_carea' id='block_1_12' title="bbox 1162 258 2011 388">
    <p class='ocr_par' dir='ltr' id='par_1_14' title="bbox 1162 258 2011 388">
     <span class='ocr_line' id='line_1_54' title="bbox 1162 258 2010 287; baseline -0.001 0"><span class='ocrx_word' id='word_1_321' title='bbox 1162 259 1268 287; x_wconf 86' lang='lat' dir='ltr'>ratione</span> <span class='ocrx_word' id='word_1_322' title='bbox 1291 259 1398 287; x_wconf 79' lang='lat' dir='ltr'>latriae</span> <span class='ocrx_word' id='word_1_323' title='bbox 1426 258 1560 287; x_wconf 86' lang='lat' dir='ltr'>deberent</span> <span class='ocrx_word' id='word_1_324' title='bbox 1581 258 1702 286; x_wconf 88' lang='lat' dir='ltr'>adorari.</span> <span class='ocrx_word' id='word_1_325' title='bbox 1731 258 1829 286; x_wconf 76' lang='lat' dir='ltr'>Tereia</span> <span class='ocrx_word' id='word_1_326' title='bbox 1851 266 1917 286; x_wconf 88' lang='lat' dir='ltr'>vero</span> <span class='ocrx_word' id='word_1_327' title='bbox 1939 258 2010 286; x_wconf 86' lang='lat' dir='ltr'>ratio</span> 
     </span>
     <span class='ocr_line' id='line_1_55' title="bbox 1162 304 2011 342; baseline -0.002 -8"><span class='ocrx_word' id='word_1_328' title='bbox 1162 308 1204 334; x_wconf 90' lang='lat' dir='ltr'>est</span> <span class='ocrx_word' id='word_1_329' title='bbox 1236 309 1350 342; x_wconf 88' lang='lat' dir='ltr'>propter</span> <span class='ocrx_word' id='word_1_330' title='bbox 1382 305 1631 333; x_wconf 76' lang='lat' dir='ltr'>manifestationem</span> <span class='ocrx_word' id='word_1_331' title='bbox 1661 304 1838 333; x_wconf 83' lang='lat' dir='ltr'>exaltationis</span> <span class='ocrx_word' id='word_1_332' title='bbox 1869 304 2011 340; x_wconf 83' lang='lat' dir='ltr'>dignitatis</span> 
     </span>
     <span class='ocr_line' id='line_1_56' title="bbox 1163 351 2009 388; baseline -0.002 -8"><span class='ocrx_word' id='word_1_333' title='bbox 1163 352 1273 388; x_wconf 85' lang='lat' dir='ltr'>generis</span> <span class='ocrx_word' id='word_1_334' title='bbox 1294 352 1420 380; x_wconf 90' lang='lat' dir='ltr'>humani.</span> <span class='ocrx_word' id='word_1_335' title='bbox 1452 352 1545 380; x_wconf 86' lang='lat' dir='ltr'>Genus</span> <span class='ocrx_word' id='word_1_336' title='bbox 1577 351 1650 379; x_wconf 89' lang='lat' dir='ltr'>enim</span> <span class='ocrx_word' id='word_1_337' title='bbox 1676 351 1833 379; x_wconf 89' lang='lat' dir='ltr'>humanum</span> <span class='ocrx_word' id='word_1_338' title='bbox 1856 351 2009 379; x_wconf 81' lang='lat' dir='ltr'>exaltatum</span> 
     </span>
    </p>
   </div>
   <div class='ocr_carea' id='block_1_13' title="bbox 1162 397 2136 435">
    <p class='ocr_par' dir='ltr' id='par_1_15' title="bbox 1162 397 2136 435">
     <span class='ocr_line' id='line_1_57' title="bbox 1162 397 2136 435; baseline -0.001 -8"><span class='ocrx_word' id='word_1_339' title='bbox 1162 399 1214 427; x_wconf 87' lang='lat' dir='ltr'>fuit</span> <span class='ocrx_word' id='word_1_340' title='bbox 1237 407 1285 435; x_wconf 88' lang='lat' dir='ltr'>per</span> <span class='ocrx_word' id='word_1_341' title='bbox 1306 399 1448 427; x_wconf 89' lang='lat' dir='ltr'>Christum</span> <span class='ocrx_word' id='word_1_342' title='bbox 1480 406 1567 435; x_wconf 85' lang='lat' dir='ltr'>supra</span> <span class='ocrx_word' id='word_1_343' title='bbox 1598 402 1727 426; x_wconf 88' lang='lat' dir='ltr'>naturam</span> <span class='ocrx_word' id='word_1_344' title='bbox 1749 398 1911 434; x_wconf 81' lang='lat' dir='ltr'>angelicam.</span> <span class='ocrx_word' id='word_1_345' title='bbox 1935 397 2010 426; x_wconf 86' lang='lat' dir='ltr'>Unde</span> <span class='ocrx_word' id='word_1_346' title='bbox 2025 404 2136 423; x_wconf 73' lang='lat' dir='ltr'>Notandum.</span> 
     </span>
    </p>
   </div>
   <div class='ocr_carea' id='block_1_14' title="bbox 1163 445 2016 1513">
    <p class='ocr_par' dir='ltr' id='par_1_16' title="bbox 1163 445 2014 714">
     <span class='ocr_line' id='line_1_58' title="bbox 1163 445 2012 483; baseline -0.001 -10"><span class='ocrx_word' id='word_1_347' title='bbox 1163 445 1292 483; x_wconf 89' lang='lat' dir='ltr'>quamvis</span> <span class='ocrx_word' id='word_1_348' title='bbox 1314 445 1406 481; x_wconf 85' lang='lat' dir='ltr'>Angeli</span> <span class='ocrx_word' id='word_1_349' title='bbox 1429 445 1457 473; x_wconf 94' lang='lat' dir='ltr'>in</span> <span class='ocrx_word' id='word_1_350' title='bbox 1480 445 1565 473; x_wconf 88' lang='lat' dir='ltr'>veteri</span> <span class='ocrx_word' id='word_1_351' title='bbox 1586 446 1762 473; x_wconf 86' lang='lat' dir='ltr'>Testamento</span> <span class='ocrx_word' id='word_1_352' title='bbox 1783 448 1961 481; x_wconf 86' lang='lat' dir='ltr'>paterentur,</span> <span class='ocrx_word' id='word_1_353' title='bbox 1983 452 2012 472; x_wconf 90' lang='lat' dir='ltr'>se</span> 
     </span>
     <span class='ocr_line' id='line_1_59' title="bbox 1163 492 2013 528; baseline -0.001 -8"><span class='ocrx_word' id='word_1_354' title='bbox 1163 492 1247 521; x_wconf 78' lang='lat' dir='ltr'>dulia</span> <span class='ocrx_word' id='word_1_355' title='bbox 1268 492 1379 520; x_wconf 83' lang='lat' dir='ltr'>adorari</span> <span class='ocrx_word' id='word_1_356' title='bbox 1402 492 1438 520; x_wconf 93' lang='lat' dir='ltr'>ab</span> <span class='ocrx_word' id='word_1_357' title='bbox 1459 492 1639 526; x_wconf 73' lang='lat' dir='ltr'>hominibus3</span> <span class='ocrx_word' id='word_1_358' title='bbox 1671 492 1698 519; x_wconf 94' lang='lat' dir='ltr'>in</span> <span class='ocrx_word' id='word_1_359' title='bbox 1730 500 1802 520; x_wconf 89' lang='lat' dir='ltr'>novo</span> <span class='ocrx_word' id='word_1_360' title='bbox 1830 495 1923 520; x_wconf 89' lang='lat' dir='ltr'>tamen</span> <span class='ocrx_word' id='word_1_361' title='bbox 1951 495 2013 528; x_wconf 90' lang='lat' dir='ltr'>post</span> 
     </span>
     <span class='ocr_line' id='line_1_60' title="bbox 1164 537 2014 575; baseline -0.001 -9"><span class='ocrx_word' id='word_1_362' title='bbox 1164 537 1393 575; x_wconf 85' lang='lat' dir='ltr'>glorificationem</span> <span class='ocrx_word' id='word_1_363' title='bbox 1416 538 1556 566; x_wconf 90' lang='lat' dir='ltr'>humanae</span> <span class='ocrx_word' id='word_1_364' title='bbox 1577 541 1694 566; x_wconf 88' lang='lat' dir='ltr'>naturae</span> <span class='ocrx_word' id='word_1_365' title='bbox 1716 537 1742 565; x_wconf 91' lang='lat' dir='ltr'>in</span> <span class='ocrx_word' id='word_1_366' title='bbox 1765 537 1874 566; x_wconf 88' lang='lat' dir='ltr'>Christo</span> <span class='ocrx_word' id='word_1_367' title='bbox 1895 546 1948 565; x_wconf 91' lang='lat' dir='ltr'>non</span> <span class='ocrx_word' id='word_1_368' title='bbox 1969 546 2014 574; x_wconf 85' lang='lat' dir='ltr'>pa—</span> 
     </span>
     <span class='ocr_line' id='line_1_61' title="bbox 1165 585 2013 622; baseline 0 -9"><span class='ocrx_word' id='word_1_369' title='bbox 1165 586 1288 619; x_wconf 80' lang='lat' dir='ltr'>tiuntur,</span> <span class='ocrx_word' id='word_1_370' title='bbox 1320 585 1374 613; x_wconf 88' lang='lat' dir='ltr'>sibi</span> <span class='ocrx_word' id='word_1_371' title='bbox 1407 585 1482 613; x_wconf 91' lang='lat' dir='ltr'>illam</span> <span class='ocrx_word' id='word_1_372' title='bbox 1515 589 1644 613; x_wconf 82' lang='lat' dir='ltr'>naturam</span> <span class='ocrx_word' id='word_1_373' title='bbox 1674 585 1789 619; x_wconf 73' lang='lat' dir='ltr'>subiici,</span> <span class='ocrx_word' id='word_1_374' title='bbox 1811 593 1895 622; x_wconf 88' lang='lat' dir='ltr'>quam</span> <span class='ocrx_word' id='word_1_375' title='bbox 1918 585 2013 613; x_wconf 89' lang='lat' dir='ltr'>vident</span> 
     </span>
     <span class='ocr_line' id='line_1_62' title="bbox 1164 631 2014 668; baseline -0.001 -8"><span class='ocrx_word' id='word_1_376' title='bbox 1164 632 1316 661; x_wconf 82' lang='lat' dir='ltr'>consedere</span> <span class='ocrx_word' id='word_1_377' title='bbox 1337 633 1371 660; x_wconf 92' lang='lat' dir='ltr'>ad</span> <span class='ocrx_word' id='word_1_378' title='bbox 1394 632 1541 660; x_wconf 87' lang='lat' dir='ltr'>dexteram</span> <span class='ocrx_word' id='word_1_379' title='bbox 1564 632 1670 666; x_wconf 80' lang='lat' dir='ltr'>Patris3</span> <span class='ocrx_word' id='word_1_380' title='bbox 1688 631 1799 660; x_wconf 82' lang='lat' dir='ltr'>ethaeo</span> <span class='ocrx_word' id='word_1_381' title='bbox 1813 635 1855 660; x_wconf 87' lang='lat' dir='ltr'>est</span> <span class='ocrx_word' id='word_1_382' title='bbox 1870 631 1940 659; x_wconf 89' lang='lat' dir='ltr'>ratio</span> <span class='ocrx_word' id='word_1_383' title='bbox 1955 639 2014 668; x_wconf 88' lang='lat' dir='ltr'>spe-</span> 
     </span>
     <span class='ocr_line' id='line_1_63' title="bbox 1165 678 1514 714; baseline 0 -9"><span class='ocrx_word' id='word_1_384' title='bbox 1165 678 1242 706; x_wconf 86' lang='lat' dir='ltr'>cialis</span> <span class='ocrx_word' id='word_1_385' title='bbox 1262 678 1335 707; x_wconf 87' lang='lat' dir='ltr'>beati</span> <span class='ocrx_word' id='word_1_386' title='bbox 1357 678 1481 714; x_wconf 84' lang='lat' dir='ltr'>Gregorii</span> <span class='ocrx_word' id='word_1_387' title='bbox 1494 678 1514 705; x_wconf 81' lang='lat'>⁴.</span> 
     </span>
    </p>

    <p class='ocr_par' dir='ltr' id='par_1_17' title="bbox 1165 725 2016 1185">
     <span class='ocr_line' id='line_1_64' title="bbox 1245 725 2013 762; baseline 0 -9"><span class='ocrx_word' id='word_1_388' title='bbox 1245 725 1271 753; x_wconf 81' lang='lat'>3.</span> <span class='ocrx_word' id='word_1_389' title='bbox 1293 725 1331 753; x_wconf 87' lang='lat' dir='ltr'>Ad</span> <span class='ocrx_word' id='word_1_390' title='bbox 1354 725 1422 754; x_wconf 90' lang='lat' dir='ltr'>illud</span> <span class='ocrx_word' id='word_1_391' title='bbox 1446 733 1513 754; x_wconf 82' lang='lat' dir='ltr'>vero</span> <span class='ocrx_word' id='word_1_392' title='bbox 1535 725 1609 762; x_wconf 88' lang='lat' dir='ltr'>quod</span> <span class='ocrx_word' id='word_1_393' title='bbox 1632 725 1777 760; x_wconf 82' lang='lat' dir='ltr'>obiicitur,</span> <span class='ocrx_word' id='word_1_394' title='bbox 1792 725 1867 762; x_wconf 90' lang='lat' dir='ltr'>quod</span> <span class='ocrx_word' id='word_1_395' title='bbox 1882 725 1958 753; x_wconf 86' lang='lat' dir='ltr'>Deus</span> <span class='ocrx_word' id='word_1_396' title='bbox 1972 727 2013 753; x_wconf 87' lang='lat' dir='ltr'>est</span> 
     </span>
     <span class='ocr_line' id='line_1_65' title="bbox 1165 772 2014 809; baseline 0 -9"><span class='ocrx_word' id='word_1_397' title='bbox 1165 772 1327 800; x_wconf 87' lang='lat' dir='ltr'>adorandus</span> <span class='ocrx_word' id='word_1_398' title='bbox 1348 772 1375 800; x_wconf 90' lang='lat' dir='ltr'>in</span> <span class='ocrx_word' id='word_1_399' title='bbox 1398 772 1539 809; x_wconf 82' lang='lat' dir='ltr'>templo⁵;</span> <span class='ocrx_word' id='word_1_400' title='bbox 1572 772 1738 806; x_wconf 87' lang='lat' dir='ltr'>dicendum,</span> <span class='ocrx_word' id='word_1_401' title='bbox 1766 772 1839 809; x_wconf 90' lang='lat' dir='ltr'>quod</span> <span class='ocrx_word' id='word_1_402' title='bbox 1864 780 1945 800; x_wconf 88' lang='lat' dir='ltr'>secus</span> <span class='ocrx_word' id='word_1_403' title='bbox 1972 773 2014 800; x_wconf 88' lang='lat' dir='ltr'>est</span> 
     </span>
     <span class='ocr_line' id='line_1_66' title="bbox 1166 818 2015 856; baseline -0.002 -8"><span class='ocrx_word' id='word_1_404' title='bbox 1166 820 1200 848; x_wconf 90' lang='lat' dir='ltr'>de</span> <span class='ocrx_word' id='word_1_405' title='bbox 1223 820 1327 856; x_wconf 88' lang='lat' dir='ltr'>templo</span> <span class='ocrx_word' id='word_1_406' title='bbox 1348 820 1384 848; x_wconf 88' lang='lat' dir='ltr'>ab</span> <span class='ocrx_word' id='word_1_407' title='bbox 1406 820 1518 848; x_wconf 91' lang='lat' dir='ltr'>homine</span> <span class='ocrx_word' id='word_1_408' title='bbox 1540 819 1674 848; x_wconf 84' lang='lat' dir='ltr'>fabricato</span> <span class='ocrx_word' id='word_1_409' title='bbox 1695 822 1722 848; x_wconf 89' lang='lat' dir='ltr'>et</span> <span class='ocrx_word' id='word_1_410' title='bbox 1740 819 1775 847; x_wconf 89' lang='lat' dir='ltr'>de</span> <span class='ocrx_word' id='word_1_411' title='bbox 1796 819 1900 856; x_wconf 88' lang='lat' dir='ltr'>templo</span> <span class='ocrx_word' id='word_1_412' title='bbox 1921 827 1937 847; x_wconf 87' lang='lat' dir='ltr'>a</span> <span class='ocrx_word' id='word_1_413' title='bbox 1958 818 2015 855; x_wconf 84' lang='lat' dir='ltr'>Spi-</span> 
     </span>
     <span class='ocr_line' id='line_1_67' title="bbox 1167 865 2013 903; baseline -0.001 -9"><span class='ocrx_word' id='word_1_414' title='bbox 1167 867 1223 895; x_wconf 92' lang='lat' dir='ltr'>ritu</span> <span class='ocrx_word' id='word_1_415' title='bbox 1244 870 1339 895; x_wconf 87' lang='lat' dir='ltr'>sancto</span> <span class='ocrx_word' id='word_1_416' title='bbox 1360 866 1546 899; x_wconf 72' lang='lat' dir='ltr'>sanctificato3</span> <span class='ocrx_word' id='word_1_417' title='bbox 1568 866 1634 903; x_wconf 87' lang='lat' dir='ltr'>quia</span> <span class='ocrx_word' id='word_1_418' title='bbox 1662 866 1798 903; x_wconf 87' lang='lat' dir='ltr'>templum</span> <span class='ocrx_word' id='word_1_419' title='bbox 1831 866 1899 894; x_wconf 88' lang='lat' dir='ltr'>illud</span> <span class='ocrx_word' id='word_1_420' title='bbox 1923 865 2013 894; x_wconf 90' lang='lat' dir='ltr'>solum</span> 
     </span>
     <span class='ocr_line' id='line_1_68' title="bbox 1166 912 2013 950; baseline -0.002 -8"><span class='ocrx_word' id='word_1_421' title='bbox 1166 917 1208 942; x_wconf 87' lang='lat' dir='ltr'>est</span> <span class='ocrx_word' id='word_1_422' title='bbox 1230 914 1405 942; x_wconf 84' lang='lat' dir='ltr'>inductivum</span> <span class='ocrx_word' id='word_1_423' title='bbox 1428 914 1454 941; x_wconf 92' lang='lat' dir='ltr'>in</span> <span class='ocrx_word' id='word_1_424' title='bbox 1470 914 1546 942; x_wconf 89' lang='lat' dir='ltr'>aliud</span> <span class='ocrx_word' id='word_1_425' title='bbox 1563 916 1589 942; x_wconf 91' lang='lat' dir='ltr'>et</span> <span class='ocrx_word' id='word_1_426' title='bbox 1606 913 1762 942; x_wconf 80' lang='lat' dir='ltr'>institutum</span> <span class='ocrx_word' id='word_1_427' title='bbox 1779 916 1893 950; x_wconf 90' lang='lat' dir='ltr'>propter</span> <span class='ocrx_word' id='word_1_428' title='bbox 1908 912 2013 950; x_wconf 85' lang='lat' dir='ltr'>aliquid</span> 
     </span>
     <span class='ocr_line' id='line_1_69' title="bbox 1166 960 2014 998; baseline -0.001 -9"><span class='ocrx_word' id='word_1_429' title='bbox 1166 961 1259 995; x_wconf 82' lang='lat' dir='ltr'>aliud,</span> <span class='ocrx_word' id='word_1_430' title='bbox 1282 961 1318 989; x_wconf 87' lang='lat' dir='ltr'>ita</span> <span class='ocrx_word' id='word_1_431' title='bbox 1340 961 1413 998; x_wconf 91' lang='lat' dir='ltr'>quod</span> <span class='ocrx_word' id='word_1_432' title='bbox 1438 962 1464 989; x_wconf 91' lang='lat' dir='ltr'>in</span> <span class='ocrx_word' id='word_1_433' title='bbox 1487 969 1515 989; x_wconf 90' lang='lat' dir='ltr'>se</span> <span class='ocrx_word' id='word_1_434' title='bbox 1538 969 1591 989; x_wconf 89' lang='lat' dir='ltr'>non</span> <span class='ocrx_word' id='word_1_435' title='bbox 1614 961 1697 989; x_wconf 85' lang='lat' dir='ltr'>habet</span> <span class='ocrx_word' id='word_1_436' title='bbox 1718 960 1841 997; x_wconf 88' lang='lat' dir='ltr'>aliquam</span> <span class='ocrx_word' id='word_1_437' title='bbox 1862 960 2014 994; x_wconf 84' lang='lat' dir='ltr'>rationem,</span> 
     </span>
     <span class='ocr_line' id='line_1_70' title="bbox 1167 1006 2014 1046; baseline -0.002 -9"><span class='ocrx_word' id='word_1_438' title='bbox 1167 1017 1255 1046; x_wconf 87' lang='lat' dir='ltr'>quare</span> <span class='ocrx_word' id='word_1_439' title='bbox 1277 1009 1376 1037; x_wconf 82' lang='lat' dir='ltr'>debeat</span> <span class='ocrx_word' id='word_1_440' title='bbox 1397 1008 1525 1042; x_wconf 80' lang='lat' dir='ltr'>adorari,</span> <span class='ocrx_word' id='word_1_441' title='bbox 1547 1009 1594 1037; x_wconf 86' lang='lat' dir='ltr'>sed</span> <span class='ocrx_word' id='word_1_442' title='bbox 1619 1008 1725 1037; x_wconf 87' lang='lat' dir='ltr'>ratione</span> <span class='ocrx_word' id='word_1_443' title='bbox 1747 1008 1837 1037; x_wconf 89' lang='lat' dir='ltr'>solum</span> <span class='ocrx_word' id='word_1_444' title='bbox 1860 1007 1920 1036; x_wconf 90' lang='lat' dir='ltr'>eius</span> <span class='ocrx_word' id='word_1_445' title='bbox 1939 1006 2014 1044; x_wconf 90' lang='lat' dir='ltr'>quod</span> 
     </span>
     <span class='ocr_line' id='line_1_71' title="bbox 1168 1054 2015 1091; baseline -0.002 -7"><span class='ocrx_word' id='word_1_446' title='bbox 1168 1056 1193 1084; x_wconf 88' lang='lat' dir='ltr'>in</span> <span class='ocrx_word' id='word_1_447' title='bbox 1216 1064 1248 1084; x_wconf 89' lang='lat' dir='ltr'>eo</span> <span class='ocrx_word' id='word_1_448' title='bbox 1271 1056 1390 1089; x_wconf 90' lang='lat' dir='ltr'>colitur;</span> <span class='ocrx_word' id='word_1_449' title='bbox 1412 1063 1465 1083; x_wconf 91' lang='lat' dir='ltr'>non</span> <span class='ocrx_word' id='word_1_450' title='bbox 1488 1055 1527 1083; x_wconf 88' lang='lat' dir='ltr'>sic</span> <span class='ocrx_word' id='word_1_451' title='bbox 1548 1059 1641 1083; x_wconf 89' lang='lat' dir='ltr'>autem</span> <span class='ocrx_word' id='word_1_452' title='bbox 1664 1058 1706 1083; x_wconf 87' lang='lat' dir='ltr'>est</span> <span class='ocrx_word' id='word_1_453' title='bbox 1727 1055 1761 1083; x_wconf 87' lang='lat' dir='ltr'>de</span> <span class='ocrx_word' id='word_1_454' title='bbox 1782 1054 1885 1091; x_wconf 87' lang='lat' dir='ltr'>templo</span> <span class='ocrx_word' id='word_1_455' title='bbox 1906 1054 2015 1082; x_wconf 87' lang='lat' dir='ltr'>animae</span> 
     </span>
     <span class='ocr_line' id='line_1_72' title="bbox 1166 1100 2016 1138; baseline -0.002 -8"><span class='ocrx_word' id='word_1_456' title='bbox 1166 1102 1265 1130; x_wconf 89' lang='lat' dir='ltr'>fidelis.</span> <span class='ocrx_word' id='word_1_457' title='bbox 1289 1102 1374 1130; x_wconf 84' lang='lat' dir='ltr'>Habet</span> <span class='ocrx_word' id='word_1_458' title='bbox 1395 1102 1468 1130; x_wconf 88' lang='lat' dir='ltr'>enim</span> <span class='ocrx_word' id='word_1_459' title='bbox 1494 1101 1601 1138; x_wconf 88' lang='lat' dir='ltr'>aliquid</span> <span class='ocrx_word' id='word_1_460' title='bbox 1623 1101 1650 1129; x_wconf 84' lang='lat' dir='ltr'>in</span> <span class='ocrx_word' id='word_1_461' title='bbox 1673 1109 1717 1134; x_wconf 80' lang='lat' dir='ltr'>se,</span> <span class='ocrx_word' id='word_1_462' title='bbox 1741 1100 1846 1129; x_wconf 86' lang='lat' dir='ltr'>ratione</span> <span class='ocrx_word' id='word_1_463' title='bbox 1867 1100 1948 1129; x_wconf 83' lang='lat' dir='ltr'>cuius</span> <span class='ocrx_word' id='word_1_464' title='bbox 1970 1107 2016 1136; x_wconf 87' lang='lat' dir='ltr'>po-</span> 
     </span>
     <span class='ocr_line' id='line_1_73' title="bbox 1168 1147 1765 1185; baseline -0.002 -9"><span class='ocrx_word' id='word_1_465' title='bbox 1168 1152 1220 1177; x_wconf 89' lang='lat' dir='ltr'>test</span> <span class='ocrx_word' id='word_1_466' title='bbox 1241 1156 1301 1176; x_wconf 88' lang='lat' dir='ltr'>esse</span> <span class='ocrx_word' id='word_1_467' title='bbox 1323 1156 1411 1185; x_wconf 82' lang='lat' dir='ltr'>capax</span> <span class='ocrx_word' id='word_1_468' title='bbox 1434 1151 1461 1176; x_wconf 84' lang='lat' dir='ltr'>et</span> <span class='ocrx_word' id='word_1_469' title='bbox 1482 1147 1621 1184; x_wconf 78' lang='lat' dir='ltr'>particeps</span> <span class='ocrx_word' id='word_1_470' title='bbox 1644 1147 1765 1175; x_wconf 85' lang='lat' dir='ltr'>honoris.</span> 
     </span>
    </p>

    <p class='ocr_par' dir='ltr' id='par_1_18' title="bbox 1167 1192 2016 1513">
     <span class='ocr_line' id='line_1_74' title="bbox 1246 1192 2014 1231; baseline -0.003 -8"><span class='ocrx_word' id='word_1_471' title='bbox 1246 1196 1271 1223; x_wconf 74' lang='lat' dir='ltr'>li.</span> <span class='ocrx_word' id='word_1_472' title='bbox 1294 1195 1332 1223; x_wconf 90' lang='lat' dir='ltr'>Ad</span> <span class='ocrx_word' id='word_1_473' title='bbox 1355 1195 1422 1223; x_wconf 92' lang='lat' dir='ltr'>illud</span> <span class='ocrx_word' id='word_1_474' title='bbox 1446 1194 1520 1231; x_wconf 89' lang='lat' dir='ltr'>quod</span> <span class='ocrx_word' id='word_1_475' title='bbox 1537 1194 1667 1222; x_wconf 88' lang='lat' dir='ltr'>obiicitur</span> <span class='ocrx_word' id='word_1_476' title='bbox 1682 1194 1716 1222; x_wconf 88' lang='lat' dir='ltr'>de</span> <span class='ocrx_word' id='word_1_477' title='bbox 1731 1201 1848 1230; x_wconf 86' lang='lat' dir='ltr'>corpore</span> <span class='ocrx_word' id='word_1_478' title='bbox 1864 1192 1979 1230; x_wconf 81' lang='lat' dir='ltr'>mystico</span> <span class='ocrx_word' id='word_1_479' title='bbox 1991 1192 2014 1227; x_wconf 81' lang='lat'>⁶,</span> 
     </span>
     <span class='ocr_line' id='line_1_75' title="bbox 1167 1240 2016 1279; baseline -0.002 -9"><span class='ocrx_word' id='word_1_480' title='bbox 1167 1243 1241 1279; x_wconf 87' lang='lat' dir='ltr'>quod</span> <span class='ocrx_word' id='word_1_481' title='bbox 1265 1242 1386 1270; x_wconf 85' lang='lat' dir='ltr'>nobilius</span> <span class='ocrx_word' id='word_1_482' title='bbox 1407 1245 1449 1270; x_wconf 91' lang='lat' dir='ltr'>est</span> <span class='ocrx_word' id='word_1_483' title='bbox 1469 1245 1539 1275; x_wconf 77' lang='lat' dir='ltr'>etr.;</span> <span class='ocrx_word' id='word_1_484' title='bbox 1555 1241 1704 1270; x_wconf 88' lang='lat' dir='ltr'>dicendum</span> <span class='ocrx_word' id='word_1_485' title='bbox 1715 1264 1722 1275; x_wconf 87' lang='lat'>‚</span> <span class='ocrx_word' id='word_1_486' title='bbox 1737 1240 1812 1278; x_wconf 88' lang='lat' dir='ltr'>quod</span> <span class='ocrx_word' id='word_1_487' title='bbox 1828 1240 1850 1269; x_wconf 92' lang='lat' dir='ltr'>si</span> <span class='ocrx_word' id='word_1_488' title='bbox 1866 1240 2016 1277; x_wconf 90' lang='lat' dir='ltr'>loquamur</span> 
     </span>
     <span class='ocr_line' id='line_1_76' title="bbox 1168 1288 2015 1325; baseline -0.002 -8"><span class='ocrx_word' id='word_1_489' title='bbox 1168 1289 1202 1317; x_wconf 89' lang='lat' dir='ltr'>de</span> <span class='ocrx_word' id='word_1_490' title='bbox 1224 1297 1340 1325; x_wconf 87' lang='lat' dir='ltr'>corpore</span> <span class='ocrx_word' id='word_1_491' title='bbox 1372 1288 1472 1317; x_wconf 85' lang='lat' dir='ltr'>Christi</span> <span class='ocrx_word' id='word_1_492' title='bbox 1497 1296 1577 1322; x_wconf 86' lang='lat' dir='ltr'>vero,</span> <span class='ocrx_word' id='word_1_493' title='bbox 1601 1291 1683 1325; x_wconf 85' lang='lat' dir='ltr'>prout</span> <span class='ocrx_word' id='word_1_494' title='bbox 1704 1288 1802 1316; x_wconf 86' lang='lat' dir='ltr'>Deitati</span> <span class='ocrx_word' id='word_1_495' title='bbox 1826 1288 1936 1316; x_wconf 91' lang='lat' dir='ltr'>unitum</span> <span class='ocrx_word' id='word_1_496' title='bbox 1958 1290 2015 1322; x_wconf 88' lang='lat' dir='ltr'>est,</span> 
     </span>
     <span class='ocr_line' id='line_1_77' title="bbox 1167 1334 2015 1371; baseline -0.002 -7"><span class='ocrx_word' id='word_1_497' title='bbox 1167 1335 1334 1369; x_wconf 81' lang='lat' dir='ltr'>dicendum,</span> <span class='ocrx_word' id='word_1_498' title='bbox 1357 1335 1430 1371; x_wconf 90' lang='lat' dir='ltr'>quod</span> <span class='ocrx_word' id='word_1_499' title='bbox 1454 1343 1547 1363; x_wconf 86' lang='lat' dir='ltr'>serino</span> <span class='ocrx_word' id='word_1_500' title='bbox 1575 1335 1621 1363; x_wconf 90' lang='lat' dir='ltr'>ille</span> <span class='ocrx_word' id='word_1_501' title='bbox 1652 1343 1706 1363; x_wconf 91' lang='lat' dir='ltr'>non</span> <span class='ocrx_word' id='word_1_502' title='bbox 1738 1334 1822 1363; x_wconf 87' lang='lat' dir='ltr'>babet</span> <span class='ocrx_word' id='word_1_503' title='bbox 1851 1334 2015 1368; x_wconf 83' lang='lat' dir='ltr'>veritatem,</span> 
     </span>
     <span class='ocr_line' id='line_1_78' title="bbox 1168 1381 2016 1418; baseline -0.001 -8"><span class='ocrx_word' id='word_1_504' title='bbox 1168 1382 1253 1410; x_wconf 89' lang='lat' dir='ltr'>immo</span> <span class='ocrx_word' id='word_1_505' title='bbox 1275 1382 1364 1409; x_wconf 89' lang='lat' dir='ltr'>multo</span> <span class='ocrx_word' id='word_1_506' title='bbox 1386 1381 1507 1415; x_wconf 81' lang='lat' dir='ltr'>nobilius</span> <span class='ocrx_word' id='word_1_507' title='bbox 1529 1384 1570 1409; x_wconf 89' lang='lat' dir='ltr'>est</span> <span class='ocrx_word' id='word_1_508' title='bbox 1591 1389 1709 1418; x_wconf 86' lang='lat' dir='ltr'>corpore</span> <span class='ocrx_word' id='word_1_509' title='bbox 1728 1381 1852 1417; x_wconf 90' lang='lat' dir='ltr'>mystico.</span> <span class='ocrx_word' id='word_1_510' title='bbox 1875 1381 1941 1409; x_wconf 86' lang='lat' dir='ltr'>Nam</span> <span class='ocrx_word' id='word_1_511' title='bbox 1958 1388 2016 1409; x_wconf 88' lang='lat' dir='ltr'>cor-</span> 
     </span>
     <span class='ocr_line' id='line_1_79' title="bbox 1168 1428 2014 1466; baseline -0.001 -9"><span class='ocrx_word' id='word_1_512' title='bbox 1168 1437 1222 1466; x_wconf 84' lang='lat' dir='ltr'>pus</span> <span class='ocrx_word' id='word_1_513' title='bbox 1244 1428 1392 1465; x_wconf 80' lang='lat' dir='ltr'>mysticum</span> <span class='ocrx_word' id='word_1_514' title='bbox 1414 1436 1468 1456; x_wconf 89' lang='lat' dir='ltr'>non</span> <span class='ocrx_word' id='word_1_515' title='bbox 1491 1432 1532 1456; x_wconf 86' lang='lat' dir='ltr'>est</span> <span class='ocrx_word' id='word_1_516' title='bbox 1554 1428 1695 1456; x_wconf 85' lang='lat' dir='ltr'>Divinitati</span> <span class='ocrx_word' id='word_1_517' title='bbox 1711 1428 1820 1456; x_wconf 87' lang='lat' dir='ltr'>unitum</span> <span class='ocrx_word' id='word_1_518' title='bbox 1837 1428 1864 1456; x_wconf 90' lang='lat' dir='ltr'>iu</span> <span class='ocrx_word' id='word_1_519' title='bbox 1880 1428 2014 1456; x_wconf 87' lang='lat' dir='ltr'>unitatem</span> 
     </span>
     <span class='ocr_line' id='line_1_80' title="bbox 1169 1475 2014 1513; baseline -0.002 -9"><span class='ocrx_word' id='word_1_520' title='bbox 1169 1483 1319 1513; x_wconf 79' lang='lat' dir='ltr'>personae,</span> <span class='ocrx_word' id='word_1_521' title='bbox 1342 1475 1413 1504; x_wconf 89' lang='lat' dir='ltr'>sicut</span> <span class='ocrx_word' id='word_1_522' title='bbox 1435 1483 1537 1512; x_wconf 87' lang='lat' dir='ltr'>corpus</span> <span class='ocrx_word' id='word_1_523' title='bbox 1559 1475 1659 1503; x_wconf 84' lang='lat' dir='ltr'>Christi</span> <span class='ocrx_word' id='word_1_524' title='bbox 1681 1483 1801 1509; x_wconf 82' lang='lat' dir='ltr'>verum3</span> <span class='ocrx_word' id='word_1_525' title='bbox 1823 1478 1849 1503; x_wconf 89' lang='lat' dir='ltr'>et</span> <span class='ocrx_word' id='word_1_526' title='bbox 1870 1475 1932 1503; x_wconf 88' lang='lat' dir='ltr'>ideo</span> <span class='ocrx_word' id='word_1_527' title='bbox 1961 1483 2014 1503; x_wconf 93' lang='lat' dir='ltr'>non</span> 
     </span>
    </p>
   </div>
   <div class='ocr_carea' id='block_1_15' title="bbox 1169 1521 2158 1552">
    <p class='ocr_par' dir='ltr' id='par_1_19' title="bbox 1169 1521 2158 1552">
     <span class='ocr_line' id='line_1_81' title="bbox 1169 1521 2158 1552; baseline -0.002 -1"><span class='ocrx_word' id='word_1_528' title='bbox 1169 1528 1244 1552; x_wconf 86' lang='lat' dir='ltr'>tanta</span> <span class='ocrx_word' id='word_1_529' title='bbox 1276 1527 1317 1552; x_wconf 75' lang='lat' dir='ltr'>est</span> <span class='ocrx_word' id='word_1_530' title='bbox 1349 1523 1371 1551; x_wconf 86' lang='lat' dir='ltr'>ei</span> <span class='ocrx_word' id='word_1_531' title='bbox 1404 1523 1565 1551; x_wconf 87' lang='lat' dir='ltr'>exhibenda</span> <span class='ocrx_word' id='word_1_532' title='bbox 1596 1522 1710 1551; x_wconf 91' lang='lat' dir='ltr'>honoris</span> <span class='ocrx_word' id='word_1_533' title='bbox 1738 1522 1911 1551; x_wconf 87' lang='lat' dir='ltr'>excellentia.</span> <span class='ocrx_word' id='word_1_534' title='bbox 1940 1522 1969 1550; x_wconf 84' lang='lat' dir='ltr'>Et</span> <span class='ocrx_word' id='word_1_535' title='bbox 1989 1521 2018 1550; x_wconf 80' lang='lat' dir='ltr'>si</span> <span class='ocrx_word' id='word_1_536' title='bbox 2030 1527 2158 1546; x_wconf 52' lang='lat' dir='ltr'>Notandum«</span> 
     </span>
    </p>
   </div>
   <div class='ocr_carea' id='block_1_16' title="bbox 1169 1569 2019 2449">
    <p class='ocr_par' dir='ltr' id='par_1_20' title="bbox 1169 1569 2019 2449">
     <span class='ocr_line' id='line_1_82' title="bbox 1169 1569 2017 1607; baseline -0.002 -8"><span class='ocrx_word' id='word_1_537' title='bbox 1169 1571 1309 1604; x_wconf 73' lang='lat' dir='ltr'>obiicias,</span> <span class='ocrx_word' id='word_1_538' title='bbox 1331 1570 1404 1607; x_wconf 86' lang='lat' dir='ltr'>quod</span> <span class='ocrx_word' id='word_1_539' title='bbox 1438 1570 1577 1606; x_wconf 86' lang='lat' dir='ltr'>signatum</span> <span class='ocrx_word' id='word_1_540' title='bbox 1600 1572 1642 1598; x_wconf 88' lang='lat' dir='ltr'>est</span> <span class='ocrx_word' id='word_1_541' title='bbox 1663 1569 1785 1597; x_wconf 88' lang='lat' dir='ltr'>nobilius</span> <span class='ocrx_word' id='word_1_542' title='bbox 1805 1569 1903 1606; x_wconf 86' lang='lat' dir='ltr'>signo;</span> <span class='ocrx_word' id='word_1_543' title='bbox 1925 1569 2017 1598; x_wconf 87' lang='lat' dir='ltr'>dicen—</span> 
     </span>
     <span class='ocr_line' id='line_1_83' title="bbox 1169 1616 2017 1655; baseline -0.002 -9"><span class='ocrx_word' id='word_1_544' title='bbox 1169 1618 1254 1651; x_wconf 77' lang='lat' dir='ltr'>dum,</span> <span class='ocrx_word' id='word_1_545' title='bbox 1276 1618 1350 1655; x_wconf 86' lang='lat' dir='ltr'>quod</span> <span class='ocrx_word' id='word_1_546' title='bbox 1373 1617 1441 1645; x_wconf 89' lang='lat' dir='ltr'>illud</span> <span class='ocrx_word' id='word_1_547' title='bbox 1475 1624 1573 1645; x_wconf 90' lang='lat' dir='ltr'>verum</span> <span class='ocrx_word' id='word_1_548' title='bbox 1601 1619 1657 1651; x_wconf 78' lang='lat' dir='ltr'>est,</span> <span class='ocrx_word' id='word_1_549' title='bbox 1680 1616 1792 1653; x_wconf 87' lang='lat' dir='ltr'>quando</span> <span class='ocrx_word' id='word_1_550' title='bbox 1814 1616 1952 1653; x_wconf 87' lang='lat' dir='ltr'>signatum</span> <span class='ocrx_word' id='word_1_551' title='bbox 1975 1619 2017 1644; x_wconf 88' lang='lat' dir='ltr'>est</span> 
     </span>
     <span class='ocr_line' id='line_1_84' title="bbox 1169 1663 2019 1701; baseline -0.002 -8"><span class='ocrx_word' id='word_1_552' title='bbox 1169 1673 1253 1694; x_wconf 86' lang='lat' dir='ltr'>causa</span> <span class='ocrx_word' id='word_1_553' title='bbox 1275 1665 1345 1701; x_wconf 89' lang='lat' dir='ltr'>signi</span> <span class='ocrx_word' id='word_1_554' title='bbox 1358 1665 1375 1692; x_wconf 91' lang='lat'>⁷.</span> <span class='ocrx_word' id='word_1_555' title='bbox 1397 1664 1455 1692; x_wconf 89' lang='lat' dir='ltr'>Non</span> <span class='ocrx_word' id='word_1_556' title='bbox 1478 1664 1516 1692; x_wconf 90' lang='lat' dir='ltr'>sic</span> <span class='ocrx_word' id='word_1_557' title='bbox 1538 1667 1630 1692; x_wconf 90' lang='lat' dir='ltr'>autem</span> <span class='ocrx_word' id='word_1_558' title='bbox 1654 1667 1695 1692; x_wconf 87' lang='lat' dir='ltr'>est</span> <span class='ocrx_word' id='word_1_559' title='bbox 1716 1663 1742 1691; x_wconf 94' lang='lat' dir='ltr'>in</span> <span class='ocrx_word' id='word_1_560' title='bbox 1763 1663 1912 1700; x_wconf 85' lang='lat' dir='ltr'>proposito.</span> <span class='ocrx_word' id='word_1_561' title='bbox 1930 1663 2019 1691; x_wconf 78' lang='lat' dir='ltr'>Prae-</span> 
     </span>
     <span class='ocr_line' id='line_1_85' title="bbox 1170 1710 2017 1748; baseline -0.001 -8"><span class='ocrx_word' id='word_1_562' title='bbox 1170 1716 1265 1745; x_wconf 80' lang='lat' dir='ltr'>terea,</span> <span class='ocrx_word' id='word_1_563' title='bbox 1288 1720 1390 1748; x_wconf 80' lang='lat' dir='ltr'>corpus</span> <span class='ocrx_word' id='word_1_564' title='bbox 1412 1711 1512 1739; x_wconf 90' lang='lat' dir='ltr'>Christi</span> <span class='ocrx_word' id='word_1_565' title='bbox 1535 1719 1590 1739; x_wconf 90' lang='lat' dir='ltr'>non</span> <span class='ocrx_word' id='word_1_566' title='bbox 1613 1711 1715 1740; x_wconf 88' lang='lat' dir='ltr'>dicitur</span> <span class='ocrx_word' id='word_1_567' title='bbox 1737 1719 1797 1739; x_wconf 89' lang='lat' dir='ltr'>esse</span> <span class='ocrx_word' id='word_1_568' title='bbox 1819 1711 1943 1747; x_wconf 81' lang='lat' dir='ltr'>signum,</span> <span class='ocrx_word' id='word_1_569' title='bbox 1965 1710 2017 1739; x_wconf 91' lang='lat' dir='ltr'>nisi</span> 
     </span>
     <span class='ocr_line' id='line_1_86' title="bbox 1170 1757 2017 1796; baseline -0.002 -9"><span class='ocrx_word' id='word_1_570' title='bbox 1170 1760 1195 1787; x_wconf 92' lang='lat' dir='ltr'>in</span> <span class='ocrx_word' id='word_1_571' title='bbox 1219 1763 1354 1796; x_wconf 84' lang='lat' dir='ltr'>quantum</span> <span class='ocrx_word' id='word_1_572' title='bbox 1379 1758 1445 1787; x_wconf 87' lang='lat' dir='ltr'>latet</span> <span class='ocrx_word' id='word_1_573' title='bbox 1467 1758 1520 1786; x_wconf 88' lang='lat' dir='ltr'>sub</span> <span class='ocrx_word' id='word_1_574' title='bbox 1535 1758 1713 1786; x_wconf 84' lang='lat' dir='ltr'>Sacramento</span> <span class='ocrx_word' id='word_1_575' title='bbox 1729 1761 1755 1786; x_wconf 90' lang='lat' dir='ltr'>et</span> <span class='ocrx_word' id='word_1_576' title='bbox 1770 1758 1876 1786; x_wconf 86' lang='lat' dir='ltr'>ratione</span> <span class='ocrx_word' id='word_1_577' title='bbox 1892 1757 2017 1794; x_wconf 88' lang='lat' dir='ltr'>ipsarum</span> 
     </span>
     <span class='ocr_line' id='line_1_87' title="bbox 1169 1804 1997 1843; baseline -0.002 -8"><span class='ocrx_word' id='word_1_578' title='bbox 1169 1807 1325 1843; x_wconf 87' lang='lat' dir='ltr'>specierum</span> <span class='ocrx_word' id='word_1_579' title='bbox 1353 1805 1552 1834; x_wconf 88' lang='lat' dir='ltr'>continentium</span> <span class='ocrx_word' id='word_1_580' title='bbox 1575 1808 1602 1833; x_wconf 93' lang='lat' dir='ltr'>et</span> <span class='ocrx_word' id='word_1_581' title='bbox 1623 1805 1752 1833; x_wconf 90' lang='lat' dir='ltr'>sensibus</span> <span class='ocrx_word' id='word_1_582' title='bbox 1773 1805 1968 1841; x_wconf 88' lang='lat' dir='ltr'>apparentium</span> <span class='ocrx_word' id='word_1_583' title='bbox 1979 1804 1997 1832; x_wconf 75' lang='lat'>⁸.</span> 
     </span>
     <span class='ocr_line' id='line_1_88' title="bbox 1250 1851 2019 1889; baseline -0.001 -9"><span class='ocrx_word' id='word_1_584' title='bbox 1250 1854 1274 1881; x_wconf 89' lang='lat'>5</span> <span class='ocrx_word' id='word_1_585' title='bbox 1297 1852 1336 1880; x_wconf 88' lang='lat' dir='ltr'>Ad</span> <span class='ocrx_word' id='word_1_586' title='bbox 1359 1852 1427 1880; x_wconf 87' lang='lat' dir='ltr'>illud</span> <span class='ocrx_word' id='word_1_587' title='bbox 1450 1852 1524 1889; x_wconf 88' lang='lat' dir='ltr'>quod</span> <span class='ocrx_word' id='word_1_588' title='bbox 1540 1852 1685 1885; x_wconf 89' lang='lat' dir='ltr'>obiicitur,</span> <span class='ocrx_word' id='word_1_589' title='bbox 1707 1851 1781 1888; x_wconf 88' lang='lat' dir='ltr'>quod</span> <span class='ocrx_word' id='word_1_590' title='bbox 1803 1851 1900 1880; x_wconf 85' lang='lat' dir='ltr'>eadem</span> <span class='ocrx_word' id='word_1_591' title='bbox 1922 1851 2019 1879; x_wconf 88' lang='lat' dir='ltr'>adora-</span> 
     </span>
     <span class='ocr_line' id='line_1_89' title="bbox 1170 1898 2019 1935; baseline -0.002 -7"><span class='ocrx_word' id='word_1_592' title='bbox 1170 1901 1244 1928; x_wconf 89' lang='lat' dir='ltr'>tione</span> <span class='ocrx_word' id='word_1_593' title='bbox 1265 1900 1400 1928; x_wconf 85' lang='lat' dir='ltr'>adoratur</span> <span class='ocrx_word' id='word_1_594' title='bbox 1422 1902 1505 1935; x_wconf 84' lang='lat' dir='ltr'>caput</span> <span class='ocrx_word' id='word_1_595' title='bbox 1527 1898 1615 1935; x_wconf 81' lang='lat' dir='ltr'>regis,</span> <span class='ocrx_word' id='word_1_596' title='bbox 1637 1902 1663 1927; x_wconf 88' lang='lat' dir='ltr'>et</span> <span class='ocrx_word' id='word_1_597' title='bbox 1686 1899 1739 1926; x_wconf 85' lang='lat' dir='ltr'>alia</span> <span class='ocrx_word' id='word_1_598' title='bbox 1761 1898 1906 1932; x_wconf 77' lang='lat' dir='ltr'>membra3</span> <span class='ocrx_word' id='word_1_599' title='bbox 1929 1898 2019 1927; x_wconf 89' lang='lat' dir='ltr'>dicen-</span> 
     </span>
     <span class='ocr_line' id='line_1_90' title="bbox 1170 1945 2016 1984; baseline -0.002 -9"><span class='ocrx_word' id='word_1_600' title='bbox 1170 1948 1254 1981; x_wconf 86' lang='lat' dir='ltr'>dum,</span> <span class='ocrx_word' id='word_1_601' title='bbox 1277 1946 1352 1984; x_wconf 90' lang='lat' dir='ltr'>quod</span> <span class='ocrx_word' id='word_1_602' title='bbox 1374 1954 1427 1974; x_wconf 90' lang='lat' dir='ltr'>non</span> <span class='ocrx_word' id='word_1_603' title='bbox 1449 1949 1491 1974; x_wconf 89' lang='lat' dir='ltr'>est</span> <span class='ocrx_word' id='word_1_604' title='bbox 1512 1946 1617 1980; x_wconf 84' lang='lat' dir='ltr'>simile,</span> <span class='ocrx_word' id='word_1_605' title='bbox 1649 1946 1714 1982; x_wconf 87' lang='lat' dir='ltr'>quia</span> <span class='ocrx_word' id='word_1_606' title='bbox 1745 1948 1829 1982; x_wconf 89' lang='lat' dir='ltr'>caput</span> <span class='ocrx_word' id='word_1_607' title='bbox 1850 1945 1924 1982; x_wconf 88' lang='lat' dir='ltr'>regis</span> <span class='ocrx_word' id='word_1_608' title='bbox 1952 1953 2016 1974; x_wconf 92' lang='lat' dir='ltr'>cum</span> 
     </span>
     <span class='ocr_line' id='line_1_91' title="bbox 1171 1992 2019 2029; baseline -0.002 -7"><span class='ocrx_word' id='word_1_609' title='bbox 1171 1994 1304 2022; x_wconf 88' lang='lat' dir='ltr'>membris</span> <span class='ocrx_word' id='word_1_610' title='bbox 1325 1993 1387 2021; x_wconf 89' lang='lat' dir='ltr'>aliis</span> <span class='ocrx_word' id='word_1_611' title='bbox 1409 1992 1571 2029; x_wconf 82' lang='lat' dir='ltr'>simpliciter</span> <span class='ocrx_word' id='word_1_612' title='bbox 1593 1996 1634 2021; x_wconf 87' lang='lat' dir='ltr'>est</span> <span class='ocrx_word' id='word_1_613' title='bbox 1648 1992 1773 2021; x_wconf 90' lang='lat' dir='ltr'>eiusdem</span> <span class='ocrx_word' id='word_1_614' title='bbox 1790 1996 1924 2025; x_wconf 87' lang='lat' dir='ltr'>naturae;</span> <span class='ocrx_word' id='word_1_615' title='bbox 1942 1992 2019 2020; x_wconf 91' lang='lat' dir='ltr'>Chri-</span> 
     </span>
     <span class='ocr_line' id='line_1_92' title="bbox 1170 2039 2018 2076; baseline -0.004 -7"><span class='ocrx_word' id='word_1_616' title='bbox 1170 2045 1230 2070; x_wconf 85' lang='lat' dir='ltr'>stus</span> <span class='ocrx_word' id='word_1_617' title='bbox 1252 2044 1361 2073; x_wconf 83' lang='lat' dir='ltr'>autem,</span> <span class='ocrx_word' id='word_1_618' title='bbox 1384 2039 1430 2076; x_wconf 89' lang='lat' dir='ltr'>qui</span> <span class='ocrx_word' id='word_1_619' title='bbox 1453 2043 1495 2068; x_wconf 89' lang='lat' dir='ltr'>est</span> <span class='ocrx_word' id='word_1_620' title='bbox 1516 2042 1600 2076; x_wconf 91' lang='lat' dir='ltr'>caput</span> <span class='ocrx_word' id='word_1_621' title='bbox 1630 2043 1774 2073; x_wconf 85' lang='lat' dir='ltr'>nostrum,</span> <span class='ocrx_word' id='word_1_622' title='bbox 1802 2042 1913 2075; x_wconf 84' lang='lat' dir='ltr'>praeter</span> <span class='ocrx_word' id='word_1_623' title='bbox 1941 2042 2018 2067; x_wconf 89' lang='lat' dir='ltr'>natu-</span> 
     </span>
     <span class='ocr_line' id='line_1_93' title="bbox 1170 2085 2018 2123; baseline -0.004 -8"><span class='ocrx_word' id='word_1_624' title='bbox 1170 2096 1230 2116; x_wconf 87' lang='lat' dir='ltr'>ram</span> <span class='ocrx_word' id='word_1_625' title='bbox 1254 2087 1423 2120; x_wconf 80' lang='lat' dir='ltr'>humanam⁷</span> <span class='ocrx_word' id='word_1_626' title='bbox 1445 2086 1471 2114; x_wconf 93' lang='lat' dir='ltr'>in</span> <span class='ocrx_word' id='word_1_627' title='bbox 1494 2094 1549 2123; x_wconf 89' lang='lat' dir='ltr'>qua</span> <span class='ocrx_word' id='word_1_628' title='bbox 1570 2086 1758 2114; x_wconf 75' lang='lat' dir='ltr'>communicat</span> <span class='ocrx_word' id='word_1_629' title='bbox 1782 2085 1944 2119; x_wconf 90' lang='lat' dir='ltr'>nobiscum,</span> <span class='ocrx_word' id='word_1_630' title='bbox 1972 2093 2018 2113; x_wconf 89' lang='lat' dir='ltr'>na-</span> 
     </span>
     <span class='ocr_line' id='line_1_94' title="bbox 1171 2131 2017 2169; baseline -0.004 -7"><span class='ocrx_word' id='word_1_631' title='bbox 1171 2138 1263 2163; x_wconf 87' lang='lat' dir='ltr'>turam</span> <span class='ocrx_word' id='word_1_632' title='bbox 1287 2134 1370 2162; x_wconf 86' lang='lat' dir='ltr'>babet</span> <span class='ocrx_word' id='word_1_633' title='bbox 1391 2133 1531 2167; x_wconf 78' lang='lat' dir='ltr'>divinam,</span> <span class='ocrx_word' id='word_1_634' title='bbox 1553 2133 1579 2160; x_wconf 92' lang='lat' dir='ltr'>in</span> <span class='ocrx_word' id='word_1_635' title='bbox 1602 2141 1657 2169; x_wconf 86' lang='lat' dir='ltr'>qua</span> <span class='ocrx_word' id='word_1_636' title='bbox 1679 2131 1878 2169; x_wconf 88' lang='lat' dir='ltr'>superexcellit</span> <span class='ocrx_word' id='word_1_637' title='bbox 1906 2139 2017 2160; x_wconf 88' lang='lat' dir='ltr'>omnem</span> 
     </span>
     <span class='ocr_line' id='line_1_95' title="bbox 1170 2178 2019 2209; baseline -0.005 0"><span class='ocrx_word' id='word_1_638' title='bbox 1170 2184 1348 2209; x_wconf 81' lang='lat' dir='ltr'>creaturam:</span> <span class='ocrx_word' id='word_1_639' title='bbox 1371 2183 1398 2208; x_wconf 89' lang='lat' dir='ltr'>et</span> <span class='ocrx_word' id='word_1_640' title='bbox 1420 2180 1481 2208; x_wconf 87' lang='lat' dir='ltr'>ideo</span> <span class='ocrx_word' id='word_1_641' title='bbox 1496 2180 1602 2208; x_wconf 86' lang='lat' dir='ltr'>ratione</span> <span class='ocrx_word' id='word_1_642' title='bbox 1629 2179 1704 2207; x_wconf 88' lang='lat' dir='ltr'>illius</span> <span class='ocrx_word' id='word_1_643' title='bbox 1728 2179 1788 2206; x_wconf 87' lang='lat' dir='ltr'>talis</span> <span class='ocrx_word' id='word_1_644' title='bbox 1804 2178 1892 2206; x_wconf 91' lang='lat' dir='ltr'>honor</span> <span class='ocrx_word' id='word_1_645' title='bbox 1907 2178 1930 2206; x_wconf 91' lang='lat' dir='ltr'>ei</span> <span class='ocrx_word' id='word_1_646' title='bbox 1947 2185 2019 2206; x_wconf 90' lang='lat' dir='ltr'>com-</span> 
     </span>
     <span class='ocr_line' id='line_1_96' title="bbox 1170 2224 2017 2264; baseline -0.004 -9"><span class='ocrx_word' id='word_1_647' title='bbox 1170 2228 1253 2264; x_wconf 74' lang='lat' dir='ltr'>petit,</span> <span class='ocrx_word' id='word_1_648' title='bbox 1276 2227 1387 2264; x_wconf 85' lang='lat' dir='ltr'>qualem</span> <span class='ocrx_word' id='word_1_649' title='bbox 1410 2226 1478 2255; x_wconf 78' lang='lat' dir='ltr'>nulli</span> <span class='ocrx_word' id='word_1_650' title='bbox 1501 2230 1647 2255; x_wconf 85' lang='lat' dir='ltr'>creaturae</span> <span class='ocrx_word' id='word_1_651' title='bbox 1668 2230 1710 2254; x_wconf 89' lang='lat' dir='ltr'>est</span> <span class='ocrx_word' id='word_1_652' title='bbox 1731 2225 1832 2254; x_wconf 86' lang='lat' dir='ltr'>decens</span> <span class='ocrx_word' id='word_1_653' title='bbox 1853 2224 1982 2253; x_wconf 89' lang='lat' dir='ltr'>exhiberi</span> <span class='ocrx_word' id='word_1_654' title='bbox 1998 2224 2017 2252; x_wconf 82' lang='lat'>⁹.</span> 
     </span>
     <span class='ocr_line' id='line_1_97' title="bbox 1251 2271 2017 2310; baseline -0.004 -8"><span class='ocrx_word' id='word_1_655' title='bbox 1251 2276 1276 2302; x_wconf 78' lang='lat'>(3.</span> <span class='ocrx_word' id='word_1_656' title='bbox 1299 2274 1336 2302; x_wconf 84' lang='lat' dir='ltr'>Ad</span> <span class='ocrx_word' id='word_1_657' title='bbox 1359 2274 1427 2301; x_wconf 90' lang='lat' dir='ltr'>illud</span> <span class='ocrx_word' id='word_1_658' title='bbox 1450 2273 1524 2310; x_wconf 88' lang='lat' dir='ltr'>quod</span> <span class='ocrx_word' id='word_1_659' title='bbox 1548 2273 1694 2306; x_wconf 84' lang='lat' dir='ltr'>obiicitur,</span> <span class='ocrx_word' id='word_1_660' title='bbox 1726 2272 1801 2309; x_wconf 87' lang='lat' dir='ltr'>quod</span> <span class='ocrx_word' id='word_1_661' title='bbox 1835 2272 1860 2300; x_wconf 91' lang='lat' dir='ltr'>in</span> <span class='ocrx_word' id='word_1_662' title='bbox 1890 2271 2017 2300; x_wconf 89' lang='lat' dir='ltr'>membro</span> 
     </span>
     <span class='ocr_line' id='line_1_98' title="bbox 1171 2319 2017 2357; baseline -0.004 -7"><span class='ocrx_word' id='word_1_663' title='bbox 1171 2321 1271 2350; x_wconf 84' lang='lat' dir='ltr'>Christi</span> <span class='ocrx_word' id='word_1_664' title='bbox 1294 2324 1335 2350; x_wconf 87' lang='lat' dir='ltr'>est</span> <span class='ocrx_word' id='word_1_665' title='bbox 1356 2321 1519 2349; x_wconf 84' lang='lat' dir='ltr'>assimilatio</span> <span class='ocrx_word' id='word_1_666' title='bbox 1540 2328 1590 2357; x_wconf 86' lang='lat' dir='ltr'>per</span> <span class='ocrx_word' id='word_1_667' title='bbox 1611 2320 1728 2357; x_wconf 79' lang='lat' dir='ltr'>gratiam</span> <span class='ocrx_word' id='word_1_668' title='bbox 1742 2330 1748 2353; x_wconf 73' lang='grc' dir='ltr'><strong>ς</strong></span> <span class='ocrx_word' id='word_1_669' title='bbox 1764 2320 1927 2353; x_wconf 84' lang='lat' dir='ltr'>dicendum,</span> <span class='ocrx_word' id='word_1_670' title='bbox 1942 2319 2017 2356; x_wconf 89' lang='lat' dir='ltr'>quod</span> 
     </span>
     <span class='ocr_line' id='line_1_99' title="bbox 1170 2365 2018 2403; baseline -0.002 -7"><span class='ocrx_word' id='word_1_671' title='bbox 1170 2376 1269 2397; x_wconf 89' lang='lat' dir='ltr'>verum</span> <span class='ocrx_word' id='word_1_672' title='bbox 1292 2371 1349 2402; x_wconf 75' lang='lat' dir='ltr'>est3</span> <span class='ocrx_word' id='word_1_673' title='bbox 1371 2375 1406 2395; x_wconf 88' lang='lat' dir='ltr'>ex</span> <span class='ocrx_word' id='word_1_674' title='bbox 1438 2368 1490 2395; x_wconf 86' lang='lat' dir='ltr'>hoc</span> <span class='ocrx_word' id='word_1_675' title='bbox 1520 2371 1611 2395; x_wconf 85' lang='lat' dir='ltr'>tamen</span> <span class='ocrx_word' id='word_1_676' title='bbox 1633 2374 1687 2394; x_wconf 90' lang='lat' dir='ltr'>non</span> <span class='ocrx_word' id='word_1_677' title='bbox 1711 2366 1853 2403; x_wconf 79' lang='lat' dir='ltr'>sequitur,</span> <span class='ocrx_word' id='word_1_678' title='bbox 1875 2365 1950 2402; x_wconf 89' lang='lat' dir='ltr'>quod</span> <span class='ocrx_word' id='word_1_679' title='bbox 1973 2365 2018 2394; x_wconf 90' lang='lat' dir='ltr'>de-</span> 
     </span>
     <span class='ocr_line' id='line_1_100' title="bbox 1170 2412 2017 2449; baseline -0.005 -5"><span class='ocrx_word' id='word_1_680' title='bbox 1170 2416 1233 2444; x_wconf 87' lang='lat' dir='ltr'>beat</span> <span class='ocrx_word' id='word_1_681' title='bbox 1254 2415 1365 2443; x_wconf 85' lang='lat' dir='ltr'>adorari</span> <span class='ocrx_word' id='word_1_682' title='bbox 1388 2415 1549 2443; x_wconf 87' lang='lat' dir='ltr'>adoratione</span> <span class='ocrx_word' id='word_1_683' title='bbox 1580 2413 1703 2447; x_wconf 67' lang='lat' dir='ltr'>latriae,</span> <span class='ocrx_word' id='word_1_684' title='bbox 1735 2413 1806 2442; x_wconf 88' lang='lat' dir='ltr'>sicut</span> <span class='ocrx_word' id='word_1_685' title='bbox 1837 2413 1865 2441; x_wconf 88' lang='lat' dir='ltr'>in</span> <span class='ocrx_word' id='word_1_686' title='bbox 1898 2412 2017 2449; x_wconf 85' lang='lat' dir='ltr'>imagine</span> 
     </span>
    </p>
   </div>
   <div class='ocr_carea' id='block_1_17' title="bbox 880 2511 1399 2516">
    <p class='ocr_par' dir='ltr' id='par_1_21' title="bbox 880 2511 1399 2516">
     <span class='ocr_line' id='line_1_101' title="bbox 880 2511 1399 2516; baseline 0 0"><span class='ocrx_word' id='word_1_687' title='bbox 880 2511 1399 2516; x_wconf 95' lang='lat' dir='ltr'> </span> 
     </span>
    </p>
   </div>
   <div class='ocr_carea' id='block_1_18' title="bbox 268 2583 1116 2966">
    <p class='ocr_par' dir='ltr' id='par_1_22' title="bbox 271 2583 1113 2653">
     <span class='ocr_line' id='line_1_102' title="bbox 328 2583 1113 2613; baseline -0.005 -5"><span class='ocrx_word' id='word_1_688' title='bbox 328 2586 336 2600; x_wconf 78' lang='lat'>¹</span> <span class='ocrx_word' id='word_1_689' title='bbox 356 2586 400 2608; x_wconf 87' lang='lat' dir='ltr'>Csr.</span> <span class='ocrx_word' id='word_1_690' title='bbox 420 2586 485 2607; x_wconf 72' lang='lat' dir='ltr'>lloui.</span> <span class='ocrx_word' id='word_1_691' title='bbox 508 2586 540 2613; x_wconf 68' lang='lat'>13,</span> <span class='ocrx_word' id='word_1_692' title='bbox 564 2586 580 2607; x_wconf 94' lang='lat' dir='ltr'>l.</span> <span class='ocrx_word' id='word_1_693' title='bbox 598 2591 676 2613; x_wconf 75' lang='lat' dir='ltr'>scqq.;</span> <span class='ocrx_word' id='word_1_694' title='bbox 689 2584 775 2607; x_wconf 75' lang='lat' dir='ltr'>ColosS.</span> <span class='ocrx_word' id='word_1_695' title='bbox 789 2584 810 2611; x_wconf 82' lang='lat'>3,</span> <span class='ocrx_word' id='word_1_696' title='bbox 833 2584 866 2605; x_wconf 68' lang='lat' dir='ltr'>lS.</span> <span class='ocrx_word' id='word_1_697' title='bbox 884 2589 961 2611; x_wconf 78' lang='lat' dir='ltr'>seqq.;</span> <span class='ocrx_word' id='word_1_698' title='bbox 980 2583 994 2604; x_wconf 89' lang='lat' dir='ltr'>l.</span> <span class='ocrx_word' id='word_1_699' title='bbox 1013 2583 1069 2604; x_wconf 77' lang='lat' dir='ltr'>Petr.</span> <span class='ocrx_word' id='word_1_700' title='bbox 1089 2583 1113 2610; x_wconf 69' lang='lat'>⁶2,</span> 
     </span>
     <span class='ocr_line' id='line_1_103' title="bbox 271 2625 385 2653; baseline 0 -6"><span class='ocrx_word' id='word_1_701' title='bbox 271 2625 303 2647; x_wconf 83' lang='lat'>13.</span> <span class='ocrx_word' id='word_1_702' title='bbox 321 2631 385 2653; x_wconf 86' lang='lat' dir='ltr'>seqq.</span> 
     </span>
    </p>

    <p class='ocr_par' dir='ltr' id='par_1_23' title="bbox 268 2660 1116 2926">
     <span class='ocr_line' id='line_1_104' title="bbox 329 2660 1113 2690; baseline -0.005 -4"><span class='ocrx_word' id='word_1_703' title='bbox 329 2663 339 2678; x_wconf 78' lang='lat'><strong>²</strong></span> <span class='ocrx_word' id='word_1_704' title='bbox 356 2664 412 2686; x_wconf 85' lang='lat' dir='ltr'>Edd.</span> <span class='ocrx_word' id='word_1_705' title='bbox 435 2664 457 2690; x_wconf 79' lang='grc'>1,</span> <span class='ocrx_word' id='word_1_706' title='bbox 475 2664 488 2685; x_wconf 79' lang='lat'><strong>2</strong></span> <span class='ocrx_word' id='word_1_707' title='bbox 507 2664 543 2685; x_wconf 86' lang='lat' dir='ltr'>liic</span> <span class='ocrx_word' id='word_1_708' title='bbox 560 2668 612 2685; x_wconf 86' lang='lat' dir='ltr'>cuni</span> <span class='ocrx_word' id='word_1_709' title='bbox 630 2662 697 2685; x_wconf 88' lang='lat' dir='ltr'>codd.</span> <span class='ocrx_word' id='word_1_710' title='bbox 717 2662 734 2684; x_wconf 77' lang='lat' dir='ltr'>K</span> <span class='ocrx_word' id='word_1_711' title='bbox 754 2662 770 2688; x_wconf 92' lang='lat' dir='ltr'>(l</span> <span class='ocrx_word' id='word_1_712' title='bbox 783 2669 794 2683; x_wconf 88' lang='lat' dir='ltr'>a</span> <span class='ocrx_word' id='word_1_713' title='bbox 812 2661 913 2684; x_wconf 85' lang='lat' dir='ltr'>secunda</span> <span class='ocrx_word' id='word_1_714' title='bbox 927 2662 1005 2689; x_wconf 85' lang='lat' dir='ltr'>manu)</span> <span class='ocrx_word' id='word_1_715' title='bbox 1018 2664 1040 2682; x_wconf 87' lang='lat' dir='ltr'>et</span> <span class='ocrx_word' id='word_1_716' title='bbox 1057 2660 1113 2682; x_wconf 78' lang='lat' dir='ltr'>intra</span> 
     </span>
     <span class='ocr_line' id='line_1_105' title="bbox 268 2699 1114 2729; baseline -0.005 -4"><span class='ocrx_word' id='word_1_717' title='bbox 268 2704 289 2725; x_wconf 93' lang='lat' dir='ltr'>in</span> <span class='ocrx_word' id='word_1_718' title='bbox 301 2704 367 2725; x_wconf 87' lang='lat' dir='ltr'>solut.</span> <span class='ocrx_word' id='word_1_719' title='bbox 384 2703 412 2725; x_wconf 79' lang='lat' dir='ltr'>ad</span> <span class='ocrx_word' id='word_1_720' title='bbox 426 2704 446 2725; x_wconf 74' lang='grc'>2,</span> <span class='ocrx_word' id='word_1_721' title='bbox 460 2709 512 2725; x_wconf 68' lang='lat' dir='ltr'>runi</span> <span class='ocrx_word' id='word_1_722' title='bbox 531 2703 579 2724; x_wconf 81' lang='lat' dir='ltr'>aliis</span> <span class='ocrx_word' id='word_1_723' title='bbox 591 2702 658 2724; x_wconf 70' lang='lat' dir='ltr'>codd.</span> <span class='ocrx_word' id='word_1_724' title='bbox 672 2708 714 2729; x_wconf 84' lang='lat' dir='ltr'>pro</span> <span class='ocrx_word' id='word_1_725' title='bbox 726 2701 805 2723; x_wconf 70' lang='lat' dir='ltr'>[Iuliae</span> <span class='ocrx_word' id='word_1_726' title='bbox 817 2701 984 2723; x_wconf 73' lang='lat' dir='ltr'>substituerunt</span> <span class='ocrx_word' id='word_1_727' title='bbox 1000 2699 1114 2729; x_wconf 73' lang='lat' dir='ltr'>ltyperdu-</span> 
     </span>
     <span class='ocr_line' id='line_1_106' title="bbox 269 2738 1113 2770; baseline -0.005 -6"><span class='ocrx_word' id='word_1_728' title='bbox 269 2742 320 2765; x_wconf 80' lang='lat' dir='ltr'>liae.</span> <span class='ocrx_word' id='word_1_729' title='bbox 338 2741 381 2764; x_wconf 77' lang='lat' dir='ltr'>cfr.</span> <span class='ocrx_word' id='word_1_730' title='bbox 395 2748 464 2769; x_wconf 79' lang='lat' dir='ltr'>supra</span> <span class='ocrx_word' id='word_1_731' title='bbox 478 2748 531 2770; x_wconf 82' lang='lat' dir='ltr'>pag.</span> <span class='ocrx_word' id='word_1_732' title='bbox 551 2742 603 2769; x_wconf 70' lang='lat' dir='ltr'>⁵20ssy</span> <span class='ocrx_word' id='word_1_733' title='bbox 618 2745 668 2763; x_wconf 82' lang='lat' dir='ltr'>nota</span> <span class='ocrx_word' id='word_1_734' title='bbox 682 2741 702 2762; x_wconf 86' lang='lat'>3.</span> <span class='ocrx_word' id='word_1_735' title='bbox 721 2740 823 2762; x_wconf 78' lang='lat' dir='ltr'>Subinde</span> <span class='ocrx_word' id='word_1_736' title='bbox 837 2746 878 2768; x_wconf 86' lang='lat' dir='ltr'>pro</span> <span class='ocrx_word' id='word_1_737' title='bbox 890 2739 1049 2762; x_wconf 66' lang='grc' dir='ltr'>Ἰηῑιιὶεΐθνίιωη</span> <span class='ocrx_word' id='word_1_738' title='bbox 1061 2738 1113 2760; x_wconf 88' lang='lat' dir='ltr'>edd.</span> 
     </span>
     <span class='ocr_line' id='line_1_107' title="bbox 268 2776 1116 2810; baseline -0.005 -7"><span class='ocrx_word' id='word_1_739' title='bbox 268 2787 320 2804; x_wconf 86' lang='lat' dir='ltr'>cum</span> <span class='ocrx_word' id='word_1_740' title='bbox 339 2782 452 2803; x_wconf 81' lang='lat' dir='ltr'>nonnullis</span> <span class='ocrx_word' id='word_1_741' title='bbox 477 2781 545 2803; x_wconf 85' lang='lat' dir='ltr'>codd.</span> <span class='ocrx_word' id='word_1_742' title='bbox 570 2780 717 2810; x_wconf 70' lang='lat' dir='ltr'>mysterium.</span> <span class='ocrx_word' id='word_1_743' title='bbox 745 2780 813 2801; x_wconf 79' lang='lat' dir='ltr'>Paulo</span> <span class='ocrx_word' id='word_1_744' title='bbox 838 2780 932 2801; x_wconf 78' lang='lat' dir='ltr'>insertus</span> <span class='ocrx_word' id='word_1_745' title='bbox 949 2784 992 2806; x_wconf 87' lang='lat' dir='ltr'>pro</span> <span class='ocrx_word' id='word_1_746' title='bbox 1009 2776 1116 2800; x_wconf 62' lang='lat' dir='ltr'>extabuit</span> 
     </span>
     <span class='ocr_line' id='line_1_108' title="bbox 268 2816 1114 2847; baseline -0.006 -4"><span class='ocrx_word' id='word_1_747' title='bbox 268 2819 391 2843; x_wconf 73' lang='lat' dir='ltr'>Abraham</span> <span class='ocrx_word' id='word_1_748' title='bbox 408 2821 459 2842; x_wconf 90' lang='lat' dir='ltr'>cod.</span> <span class='ocrx_word' id='word_1_749' title='bbox 478 2821 495 2842; x_wconf 57' lang='lat' dir='ltr'>t&lt;</span> <span class='ocrx_word' id='word_1_750' title='bbox 515 2819 622 2843; x_wconf 63' lang='lat' dir='ltr'>emlu&#39;bnit</span> <span class='ocrx_word' id='word_1_751' title='bbox 639 2819 683 2847; x_wconf 60' lang='lat' dir='ltr'>ess,</span> <span class='ocrx_word' id='word_1_752' title='bbox 703 2823 725 2841; x_wconf 84' lang='lat' dir='ltr'>et</span> <span class='ocrx_word' id='word_1_753' title='bbox 738 2822 788 2846; x_wconf 82' lang='lat' dir='ltr'>post</span> <span class='ocrx_word' id='word_1_754' title='bbox 801 2824 873 2846; x_wconf 81' lang='lat' dir='ltr'>paura</span> <span class='ocrx_word' id='word_1_755' title='bbox 886 2824 928 2845; x_wconf 86' lang='lat' dir='ltr'>pro</span> <span class='ocrx_word' id='word_1_756' title='bbox 945 2823 994 2840; x_wconf 69' lang='lat' dir='ltr'>reon</span> <span class='ocrx_word' id='word_1_757' title='bbox 1005 2816 1030 2839; x_wconf 77' lang='lat' dir='ltr'>in</span> <span class='ocrx_word' id='word_1_758' title='bbox 1042 2822 1114 2846; x_wconf 80' lang='lat' dir='ltr'>quan-</span> 
     </span>
     <span class='ocr_line' id='line_1_109' title="bbox 269 2854 1115 2889; baseline -0.005 -8"><span class='ocrx_word' id='word_1_759' title='bbox 269 2860 319 2882; x_wconf 75' lang='lat' dir='ltr'>tum</span> <span class='ocrx_word' id='word_1_760' title='bbox 338 2859 386 2881; x_wconf 87' lang='lat' dir='ltr'>Vat.</span> <span class='ocrx_word' id='word_1_761' title='bbox 405 2859 463 2881; x_wconf 73' lang='lat' dir='ltr'>bene</span> <span class='ocrx_word' id='word_1_762' title='bbox 480 2865 527 2882; x_wconf 74' lang='lat' dir='ltr'>uon</span> <span class='ocrx_word' id='word_1_763' title='bbox 546 2859 651 2889; x_wconf 57' lang='lat' dir='ltr'>inuitum.</span> <span class='ocrx_word' id='word_1_764' title='bbox 671 2859 769 2880; x_wconf 66' lang='lat' dir='ltr'>nenium</span> <span class='ocrx_word' id='word_1_765' title='bbox 787 2864 829 2885; x_wconf 86' lang='lat' dir='ltr'>pro</span> <span class='ocrx_word' id='word_1_766' title='bbox 847 2856 890 2880; x_wconf 78' lang='lat' dir='ltr'>elsi</span> <span class='ocrx_word' id='word_1_767' title='bbox 906 2857 930 2879; x_wconf 77' lang='lat' dir='ltr'>in</span> <span class='ocrx_word' id='word_1_768' title='bbox 947 2856 980 2879; x_wconf 73' lang='lat' dir='ltr'>eis</span> <span class='ocrx_word' id='word_1_769' title='bbox 997 2856 1049 2877; x_wconf 82' lang='lat' dir='ltr'>edd.</span> <span class='ocrx_word' id='word_1_770' title='bbox 1072 2854 1115 2878; x_wconf 77' lang='lat' dir='ltr'>elsi</span> 
     </span>
     <span class='ocr_line' id='line_1_110' title="bbox 268 2897 809 2926; baseline -0.004 -5"><span class='ocrx_word' id='word_1_771' title='bbox 268 2898 297 2921; x_wconf 83' lang='lat' dir='ltr'>ab</span> <span class='ocrx_word' id='word_1_772' title='bbox 314 2898 359 2926; x_wconf 73' lang='lat' dir='ltr'>eis,</span> <span class='ocrx_word' id='word_1_773' title='bbox 379 2899 446 2921; x_wconf 87' lang='lat' dir='ltr'>codd.</span> <span class='ocrx_word' id='word_1_774' title='bbox 465 2900 480 2920; x_wconf 84' lang='lat' dir='ltr'>A</span> <span class='ocrx_word' id='word_1_775' title='bbox 492 2899 509 2921; x_wconf 89' lang='lat' dir='ltr'>G</span> <span class='ocrx_word' id='word_1_776' title='bbox 519 2899 535 2920; x_wconf 90' lang='lat' dir='ltr'>L</span> <span class='ocrx_word' id='word_1_777' title='bbox 545 2899 560 2920; x_wconf 74' lang='lat' dir='ltr'>N</span> <span class='ocrx_word' id='word_1_778' title='bbox 572 2898 589 2920; x_wconf 96' lang='lat' dir='ltr'>O</span> <span class='ocrx_word' id='word_1_779' title='bbox 602 2899 618 2920; x_wconf 93' lang='lat' dir='ltr'>V</span> <span class='ocrx_word' id='word_1_780' title='bbox 630 2899 649 2920; x_wconf 84' lang='lat' dir='ltr'>X</span> <span class='ocrx_word' id='word_1_781' title='bbox 669 2905 694 2920; x_wconf 87' lang='lat' dir='ltr'>aa</span> <span class='ocrx_word' id='word_1_782' title='bbox 712 2897 755 2920; x_wconf 71' lang='lat' dir='ltr'>alsi</span> <span class='ocrx_word' id='word_1_783' title='bbox 770 2897 809 2920; x_wconf 58' lang='grc' dir='ltr'>εἰς.</span> 
     </span>
    </p>

    <p class='ocr_par' dir='ltr' id='par_1_24' title="bbox 331 2937 787 2966">
     <span class='ocr_line' id='line_1_111' title="bbox 331 2937 787 2966; baseline -0.004 -6"><span class='ocrx_word' id='word_1_784' title='bbox 331 2937 341 2952; x_wconf 76' lang='grc'><strong>3</strong></span> <span class='ocrx_word' id='word_1_785' title='bbox 358 2938 408 2960; x_wconf 88' lang='lat' dir='ltr'>Vat.</span> <span class='ocrx_word' id='word_1_786' title='bbox 426 2941 478 2965; x_wconf 80' lang='lat' dir='ltr'>post</span> <span class='ocrx_word' id='word_1_787' title='bbox 495 2944 549 2959; x_wconf 62' lang='lat' dir='ltr'>eum.</span> <span class='ocrx_word' id='word_1_788' title='bbox 567 2938 658 2965; x_wconf 75' lang='lat' dir='ltr'>supplet</span> <span class='ocrx_word' id='word_1_789' title='bbox 675 2937 787 2966; x_wconf 71' lang='lat' dir='ltr'>Anyelus.</span> 
     </span>
    </p>
   </div>
   <div class='ocr_carea' id='block_1_19' title="bbox 332 2975 1114 3004">
    <p class='ocr_par' dir='ltr' id='par_1_25' title="bbox 332 2975 1114 3004">
     <span class='ocr_line' id='line_1_112' title="bbox 332 2975 1114 3004; baseline -0.005 -5"><span class='ocrx_word' id='word_1_790' title='bbox 332 2976 341 2991; x_wconf 88' lang='lat'><strong>⁴</strong></span> <span class='ocrx_word' id='word_1_791' title='bbox 358 2977 418 2999; x_wconf 90' lang='lat' dir='ltr'>Libr.</span> <span class='ocrx_word' id='word_1_792' title='bbox 437 2977 451 2998; x_wconf 65' lang='lat' dir='ltr'>l⁴</span> <span class='ocrx_word' id='word_1_793' title='bbox 470 2977 552 2999; x_wconf 89' lang='lat' dir='ltr'>Homil.</span> <span class='ocrx_word' id='word_1_794' title='bbox 570 2978 591 2998; x_wconf 89' lang='lat' dir='ltr'>iu</span> <span class='ocrx_word' id='word_1_795' title='bbox 610 2977 695 3004; x_wconf 70' lang='lat' dir='ltr'>Evang.</span> <span class='ocrx_word' id='word_1_796' title='bbox 715 2977 791 2998; x_wconf 72' lang='lat' dir='ltr'>lioniil.</span> <span class='ocrx_word' id='word_1_797' title='bbox 811 2976 831 2997; x_wconf 81' lang='lat'>8.</span> <span class='ocrx_word' id='word_1_798' title='bbox 851 2982 871 2997; x_wconf 88' lang='lat' dir='ltr'>u.</span> <span class='ocrx_word' id='word_1_799' title='bbox 890 2976 910 2997; x_wconf 74' lang='lat'>⁶2.</span> <span class='ocrx_word' id='word_1_800' title='bbox 936 2988 967 2991; x_wconf 92' lang='lat'><strong>—</strong></span> <span class='ocrx_word' id='word_1_801' title='bbox 993 2975 1061 2996; x_wconf 76' lang='lat' dir='ltr'>Paulo</span> <span class='ocrx_word' id='word_1_802' title='bbox 1079 2980 1114 2996; x_wconf 88' lang='lat' dir='ltr'>su-</span> 
     </span>
    </p>
   </div>
   <div class='ocr_carea' id='block_1_20' title="bbox 1171 2578 2017 2995">
    <p class='ocr_par' dir='ltr' id='par_1_26' title="bbox 1171 2578 2017 2727">
     <span class='ocr_line' id='line_1_113' title="bbox 1172 2578 2016 2610; baseline -0.005 -7"><span class='ocrx_word' id='word_1_803' title='bbox 1172 2583 1250 2610; x_wconf 75' lang='lat' dir='ltr'>perius</span> <span class='ocrx_word' id='word_1_804' title='bbox 1268 2588 1309 2609; x_wconf 88' lang='lat' dir='ltr'>pro</span> <span class='ocrx_word' id='word_1_805' title='bbox 1327 2580 1403 2608; x_wconf 74' lang='lat' dir='ltr'>dulia,</span> <span class='ocrx_word' id='word_1_806' title='bbox 1422 2584 1446 2602; x_wconf 92' lang='lat' dir='ltr'>ut</span> <span class='ocrx_word' id='word_1_807' title='bbox 1463 2581 1507 2602; x_wconf 83' lang='lat' dir='ltr'>iam</span> <span class='ocrx_word' id='word_1_808' title='bbox 1526 2580 1711 2606; x_wconf 65' lang='lat' dir='ltr'>observavimus„</span> <span class='ocrx_word' id='word_1_809' title='bbox 1729 2579 1782 2601; x_wconf 84' lang='lat' dir='ltr'>edd.</span> <span class='ocrx_word' id='word_1_810' title='bbox 1804 2579 1827 2606; x_wconf 79' lang='lat' dir='ltr'>l,</span> <span class='ocrx_word' id='word_1_811' title='bbox 1846 2579 1859 2600; x_wconf 78' lang='lat'><strong>2</strong></span> <span class='ocrx_word' id='word_1_812' title='bbox 1877 2584 1929 2601; x_wconf 85' lang='lat' dir='ltr'>cuni</span> <span class='ocrx_word' id='word_1_813' title='bbox 1948 2578 2016 2605; x_wconf 88' lang='lat' dir='ltr'>pluri—</span> 
     </span>
     <span class='ocr_line' id='line_1_114' title="bbox 1172 2617 2017 2648; baseline -0.005 -6"><span class='ocrx_word' id='word_1_814' title='bbox 1172 2621 1216 2643; x_wconf 85' lang='lat' dir='ltr'>bus</span> <span class='ocrx_word' id='word_1_815' title='bbox 1241 2620 1317 2648; x_wconf 66' lang='lat' dir='ltr'>codd„</span> <span class='ocrx_word' id='word_1_816' title='bbox 1335 2621 1391 2642; x_wconf 70' lang='lat' dir='ltr'>inici·</span> <span class='ocrx_word' id='word_1_817' title='bbox 1409 2626 1467 2648; x_wconf 81' lang='lat' dir='ltr'>quos</span> <span class='ocrx_word' id='word_1_818' title='bbox 1485 2621 1501 2641; x_wconf 80' lang='grc' dir='ltr'>Α</span> <span class='ocrx_word' id='word_1_819' title='bbox 1513 2619 1609 2641; x_wconf 71' lang='lat' dir='ltr'>NRST</span> <span class='ocrx_word' id='word_1_820' title='bbox 1627 2624 1664 2646; x_wconf 68' lang='lat' dir='ltr'>cc,</span> <span class='ocrx_word' id='word_1_821' title='bbox 1688 2617 1835 2648; x_wconf 75' lang='lat' dir='ltr'>hyperdulia.</span> <span class='ocrx_word' id='word_1_822' title='bbox 1862 2617 1947 2639; x_wconf 78' lang='lat' dir='ltr'>Deinde</span> <span class='ocrx_word' id='word_1_823' title='bbox 1974 2623 2017 2644; x_wconf 82' lang='lat' dir='ltr'>pro</span> 
     </span>
     <span class='ocr_line' id='line_1_115' title="bbox 1171 2655 2015 2686; baseline -0.006 -4"><span class='ocrx_word' id='word_1_824' title='bbox 1171 2659 1271 2682; x_wconf 78' lang='lat' dir='ltr'>adorari</span> <span class='ocrx_word' id='word_1_825' title='bbox 1296 2660 1346 2681; x_wconf 82' lang='lat' dir='ltr'>cod.</span> <span class='ocrx_word' id='word_1_826' title='bbox 1373 2660 1390 2681; x_wconf 58' lang='lat' dir='ltr'>l&lt;</span> <span class='ocrx_word' id='word_1_827' title='bbox 1411 2658 1530 2686; x_wconf 67' lang='lat' dir='ltr'>veneral-l,</span> <span class='ocrx_word' id='word_1_828' title='bbox 1550 2661 1571 2680; x_wconf 84' lang='lat' dir='ltr'>et</span> <span class='ocrx_word' id='word_1_829' title='bbox 1598 2664 1639 2686; x_wconf 81' lang='lat' dir='ltr'>pro</span> <span class='ocrx_word' id='word_1_830' title='bbox 1662 2658 1717 2686; x_wconf 78' lang='lat' dir='ltr'>post</span> <span class='ocrx_word' id='word_1_831' title='bbox 1739 2655 1936 2686; x_wconf 67' lang='lat' dir='ltr'>⁸qlorz&#39;ficntiomem</span> <span class='ocrx_word' id='word_1_832' title='bbox 1954 2655 2015 2678; x_wconf 86' lang='lat' dir='ltr'>idem</span> 
     </span>
     <span class='ocr_line' id='line_1_116' title="bbox 1172 2697 1595 2727; baseline -0.007 -5"><span class='ocrx_word' id='word_1_833' title='bbox 1172 2699 1223 2721; x_wconf 74' lang='lat' dir='ltr'>cod.</span> <span class='ocrx_word' id='word_1_834' title='bbox 1241 2700 1259 2720; x_wconf 69' lang='lat' dir='ltr'>lx</span> <span class='ocrx_word' id='word_1_835' title='bbox 1278 2700 1375 2727; x_wconf 77' lang='lat' dir='ltr'>propter</span> <span class='ocrx_word' id='word_1_836' title='bbox 1391 2697 1595 2727; x_wconf 73' lang='lat' dir='ltr'>ylori&#39;ficalionem.</span> 
     </span>
    </p>

    <p class='ocr_par' dir='ltr' id='par_1_27' title="bbox 1233 2736 1647 2760">
     <span class='ocr_line' id='line_1_117' title="bbox 1233 2736 1647 2760; baseline -0.005 0"><span class='ocrx_word' id='word_1_837' title='bbox 1233 2736 1331 2760; x_wconf 55' lang='lat' dir='ltr'>⁵JCodd.</span> <span class='ocrx_word' id='word_1_838' title='bbox 1350 2738 1365 2759; x_wconf 84' lang='lat' dir='ltr'>Z</span> <span class='ocrx_word' id='word_1_839' title='bbox 1384 2737 1415 2759; x_wconf 90' lang='lat' dir='ltr'>bb</span> <span class='ocrx_word' id='word_1_840' title='bbox 1432 2737 1541 2759; x_wconf 70' lang='lat' dir='ltr'>adiiciunt</span> <span class='ocrx_word' id='word_1_841' title='bbox 1557 2737 1647 2759; x_wconf 75' lang='lat' dir='ltr'>sancto.</span> 
     </span>
    </p>

    <p class='ocr_par' dir='ltr' id='par_1_28' title="bbox 1234 2773 1737 2805">
     <span class='ocr_line' id='line_1_118' title="bbox 1234 2773 1737 2805; baseline -0.008 -6"><span class='ocrx_word' id='word_1_842' title='bbox 1234 2776 1243 2790; x_wconf 78' lang='lat'><strong>⁶</strong></span> <span class='ocrx_word' id='word_1_843' title='bbox 1261 2776 1316 2799; x_wconf 71' lang='lat' dir='ltr'>Cod.</span> <span class='ocrx_word' id='word_1_844' title='bbox 1335 2777 1350 2798; x_wconf 89' lang='lat' dir='ltr'>Z</span> <span class='ocrx_word' id='word_1_845' title='bbox 1368 2776 1395 2798; x_wconf 75' lang='lat' dir='ltr'>[lc</span> <span class='ocrx_word' id='word_1_846' title='bbox 1412 2781 1511 2805; x_wconf 77' lang='lat' dir='ltr'>corpore</span> <span class='ocrx_word' id='word_1_847' title='bbox 1529 2774 1617 2797; x_wconf 75' lang='lat' dir='ltr'>Christi</span> <span class='ocrx_word' id='word_1_848' title='bbox 1632 2773 1737 2803; x_wconf 61' lang='grc' dir='ltr'>Ἰηῃδῐίσο.</span> 
     </span>
    </p>

    <p class='ocr_par' dir='ltr' id='par_1_29' title="bbox 1171 2811 2017 2917">
     <span class='ocr_line' id='line_1_119' title="bbox 1234 2811 2017 2843; baseline -0.005 -6"><span class='ocrx_word' id='word_1_849' title='bbox 1234 2815 1243 2829; x_wconf 89' lang='lat'><em>⁷</em></span> <span class='ocrx_word' id='word_1_850' title='bbox 1261 2816 1333 2842; x_wconf 70' lang='lat' dir='ltr'>Nam,</span> <span class='ocrx_word' id='word_1_851' title='bbox 1352 2819 1375 2837; x_wconf 85' lang='lat' dir='ltr'>ut</span> <span class='ocrx_word' id='word_1_852' title='bbox 1393 2816 1520 2843; x_wconf 76' lang='lat' dir='ltr'>Avicenna,</span> <span class='ocrx_word' id='word_1_853' title='bbox 1547 2815 1644 2842; x_wconf 65' lang='lat' dir='ltr'>Aletaph.</span> <span class='ocrx_word' id='word_1_854' title='bbox 1670 2817 1696 2835; x_wconf 89' lang='lat' dir='ltr'>tr.</span> <span class='ocrx_word' id='word_1_855' title='bbox 1722 2813 1743 2834; x_wconf 83' lang='lat'>6.</span> <span class='ocrx_word' id='word_1_856' title='bbox 1761 2820 1780 2834; x_wconf 71' lang='lat' dir='ltr'>c.</span> <span class='ocrx_word' id='word_1_857' title='bbox 1803 2813 1823 2839; x_wconf 80' lang='lat'>3,</span> <span class='ocrx_word' id='word_1_858' title='bbox 1842 2813 1878 2839; x_wconf 81' lang='lat' dir='ltr'>ait,</span> <span class='ocrx_word' id='word_1_859' title='bbox 1897 2818 1964 2834; x_wconf 82' lang='lat' dir='ltr'>causa</span> <span class='ocrx_word' id='word_1_860' title='bbox 1983 2811 2017 2833; x_wconf 90' lang='lat' dir='ltr'>di-</span> 
     </span>
     <span class='ocr_line' id='line_1_120' title="bbox 1172 2849 2016 2883; baseline -0.006 -6"><span class='ocrx_word' id='word_1_861' title='bbox 1172 2856 1239 2883; x_wconf 77' lang='lat' dir='ltr'>gnior</span> <span class='ocrx_word' id='word_1_862' title='bbox 1256 2858 1289 2877; x_wconf 75' lang='lat' dir='ltr'>est</span> <span class='ocrx_word' id='word_1_863' title='bbox 1307 2858 1406 2876; x_wconf 71' lang='lat' dir='ltr'>causato.</span> <span class='ocrx_word' id='word_1_864' title='bbox 1424 2866 1455 2870; x_wconf 90' lang='lat'><strong>—</strong></span> <span class='ocrx_word' id='word_1_865' title='bbox 1473 2854 1540 2876; x_wconf 79' lang='lat' dir='ltr'>Paulo</span> <span class='ocrx_word' id='word_1_866' title='bbox 1566 2854 1673 2881; x_wconf 81' lang='lat' dir='ltr'>superius</span> <span class='ocrx_word' id='word_1_867' title='bbox 1699 2857 1740 2879; x_wconf 81' lang='lat' dir='ltr'>pro</span> <span class='ocrx_word' id='word_1_868' title='bbox 1762 2850 1859 2874; x_wconf 72' lang='lat' dir='ltr'>honoris</span> <span class='ocrx_word' id='word_1_869' title='bbox 1877 2849 2016 2873; x_wconf 60' lang='lat' dir='ltr'>emanantia</span> 
     </span>
     <span class='ocr_line' id='line_1_121' title="bbox 1171 2890 1688 2917; baseline -0.006 -1"><span class='ocrx_word' id='word_1_870' title='bbox 1171 2894 1224 2916; x_wconf 85' lang='lat' dir='ltr'>edd.</span> <span class='ocrx_word' id='word_1_871' title='bbox 1242 2893 1340 2917; x_wconf 79' lang='lat' dir='ltr'>honoris</span> <span class='ocrx_word' id='word_1_872' title='bbox 1357 2893 1487 2916; x_wconf 71' lang='lat' dir='ltr'>reverentia</span> <span class='ocrx_word' id='word_1_873' title='bbox 1506 2894 1528 2915; x_wconf 72' lang='lat' dir='ltr'>et</span> <span class='ocrx_word' id='word_1_874' title='bbox 1543 2890 1688 2915; x_wconf 64' lang='lat' dir='ltr'>excellentia.</span> 
     </span>
    </p>

    <p class='ocr_par' dir='ltr' id='par_1_30' title="bbox 1233 2930 1754 2959">
     <span class='ocr_line' id='line_1_122' title="bbox 1233 2930 1754 2959; baseline -0.008 -4"><span class='ocrx_word' id='word_1_875' title='bbox 1233 2933 1243 2947; x_wconf 70' lang='grc' dir='ltr'><strong>Β</strong></span> <span class='ocrx_word' id='word_1_876' title='bbox 1262 2933 1306 2955; x_wconf 85' lang='lat' dir='ltr'>Csr.</span> <span class='ocrx_word' id='word_1_877' title='bbox 1325 2933 1360 2955; x_wconf 86' lang='lat' dir='ltr'>lV.</span> <span class='ocrx_word' id='word_1_878' title='bbox 1379 2933 1439 2954; x_wconf 77' lang='lat' dir='ltr'>Seni.</span> <span class='ocrx_word' id='word_1_879' title='bbox 1458 2932 1479 2954; x_wconf 84' lang='lat' dir='ltr'>d.</span> <span class='ocrx_word' id='word_1_880' title='bbox 1498 2932 1518 2953; x_wconf 89' lang='lat'>8.</span> <span class='ocrx_word' id='word_1_881' title='bbox 1537 2938 1559 2959; x_wconf 91' lang='lat' dir='ltr'>p.</span> <span class='ocrx_word' id='word_1_882' title='bbox 1579 2931 1601 2952; x_wconf 87' lang='grc' dir='ltr'>ΙΙ.</span> <span class='ocrx_word' id='word_1_883' title='bbox 1620 2937 1640 2952; x_wconf 86' lang='lat' dir='ltr'>a.</span> <span class='ocrx_word' id='word_1_884' title='bbox 1659 2931 1679 2951; x_wconf 73' lang='lat'>2.</span> <span class='ocrx_word' id='word_1_885' title='bbox 1692 2936 1714 2958; x_wconf 89' lang='lat' dir='ltr'>q.</span> <span class='ocrx_word' id='word_1_886' title='bbox 1737 2930 1754 2951; x_wconf 94' lang='lat' dir='ltr'>l.</span> 
     </span>
    </p>

    <p class='ocr_par' dir='ltr' id='par_1_31' title="bbox 1234 2970 1565 2995">
     <span class='ocr_line' id='line_1_123' title="bbox 1234 2970 1565 2995; baseline -0.009 0"><span class='ocrx_word' id='word_1_887' title='bbox 1234 2972 1243 2986; x_wconf 75' lang='lat'><strong>⁹</strong></span> <span class='ocrx_word' id='word_1_888' title='bbox 1261 2972 1317 2995; x_wconf 87' lang='lat' dir='ltr'>Cod.</span> <span class='ocrx_word' id='word_1_889' title='bbox 1336 2973 1353 2994; x_wconf 61' lang='lat' dir='ltr'>l(</span> <span class='ocrx_word' id='word_1_890' title='bbox 1373 2972 1436 2994; x_wconf 76' lang='lat' dir='ltr'>decet</span> <span class='ocrx_word' id='word_1_891' title='bbox 1452 2970 1565 2993; x_wconf 61' lang='lat' dir='ltr'>emittam-i.</span> 
     </span>
    </p>
   </div>
  </div>
 </body>
</html>
