2166 3366
150 548 228 574 Species

135 576 217 589 UlllsssslS.

268 180 322 207 1158

581 264 793 285 coNcccsm.

287 352 427 380 Duarum
445 355 627 379 natium-mn
647 350 678 378 in
695 349 809 379 Christo
828 350 897 378 tinio
918 350 1095 378 terminatur

436 398 476 426 aa
497 397 638 425 imitatem
656 405 800 433 personae
822 397 947 425 (ticinae.

347 492 522 520 ResPONnEo:
539 491 707 525 Dicendum,
723 490 798 528 quod
816 490 962 528 quaedam
983 493 1024 518 est
1040 490 1114 524 unio,

244 548 255 565 t
269 539 295 567 in
317 546 373 575 qua
394 541 435 566 est
456 538 540 566 unius
569 537 682 566 unibilis
710 538 737 565 in
760 540 888 565 naturam
916 537 1031 565 alterius
1053 545 1116 565 eon-

266 585 377 618 oersim
398 589 424 614 et
448 585 500 613 hoc
514 589 571 619 est,
593 584 658 621 quia
673 584 757 613 unius
779 587 820 613 est
842 584 876 612 ad
893 584 1012 612 alterum
1036 592 1116 621 repu-

267 632 379 670 gnantia
407 635 434 661 et
466 632 724 669 praedominantia,
756 631 828 660 sicut
862 631 884 660 si
916 634 994 668 gutta
1026 639 1115 668 aquae

266 680 381 708 uniatur
403 679 556 715 amphorae
578 679 642 706 vini.
660 695 697 698 —
714 678 865 713 Quaedam
886 686 951 706 vero
973 680 1014 706 est
1036 678 1115 712 unio,

267 726 294 754 in
317 734 373 763 qua
387 730 428 754 est
450 726 597 762 utriusque
614 725 727 753 unibilis
748 724 884 753 alteratio
900 728 926 753 et
949 724 1052 753 tertiae
1065 733 1117 752 iza-

246 778 253 782 ·
268 778 353 802 tarcte
371 773 543 810 productio,-
564 776 590 801 et
613 772 678 806 hoc,
693 772 759 808 quia
773 774 815 800 est
831 771 866 799 ibi
889 771 1074 808 repugnantia
1089 774 1116 799 et

125 1628 223 1647 Conclusio
235 1628 252 1646 1.

125 2004 224 2023 Conclusio
235 2004 253 2022 2.

126 2192 254 2211 corollarium.

267 829 321 849 non
352 820 493 848 excellens
525 818 761 856 praedominatio,
790 819 862 847 sicut
894 819 1031 846 uniuntur
1063 817 1116 846 ele-

265 872 359 897 menta
380 867 414 895 ad
444 866 669 895 constituendum
696 874 813 902 corpora
836 865 951 893 mixta¹.
967 881 1006 885 —-
1027 865 1117 900 Quae-

266 915 336 943 dam
358 922 424 942 vero
445 917 487 942 est
508 913 586 945 unio,
609 912 635 940 in
652 920 708 949 qna
723 920 776 940 non
798 914 840 940 est
860 911 1004 939 unitorum
1028 914 1116 939 trans-

266 961 395 995 mutatio,
418 961 466 990 sed
490 960 591 988 tertiae
605 963 734 987 *natiuae
748 959 929 991 constitutio·
949 961 976 987 et
992 959 1043 987 hoc
1058 962 1115 992 est,

266 1008 331 1045 quia
352 1007 469 1036 unibilia
491 1015 544 1035 non
569 1006 671 1034 habent
691 1005 930 1042 repugnantiam,
955 1005 1058 1033 habent
1080 1008 1117 1032 ta-

266 1063 330 1084 men
353 1058 480 1083 mutuam
503 1053 730 1091 dependentiam.
753 1053 824 1081 sicut
853 1052 990 1080 uniuntur
1013 1060 1115 1089 corpus

266 1106 290 1131 et
304 1102 396 1131 anima
411 1101 446 1130 ad
462 1100 685 1130 constitutionem
698 1100 827 1128 hominis.
838 1116 874 1119 —
885 1099 1036 1135 Quaedam
1049 1107 1116 1127 vero

266 1153 308 1179 est
329 1149 410 1183 unio⁷
434 1149 459 1177 in
482 1156 537 1185 qua
559 1155 610 1176 nec
631 1150 673 1175 θεῖ
705 1146 920 1175 ῖι“εῖῐ]εῐ]]ῖ]1εῖῖίο2
946 1154 997 1174 nec
1019 1146 1116 1174 tertiae

266 1200 383 1225 naturae
405 1195 577 1228 constitutio,
600 1194 649 1223 sed
670 1202 764 1221 uitam
786 1193 943 1221 ititibiliam
965 1192 1115 1230 fandata?-

268 1247 382 1272 tantam
406 1242 435 1270 in
450 1241 549 1270 attero.
573 1241 603 1269 Et
618 1241 670 1269 boc
692 1244 745 1274 est,
767 1241 833 1277 quia
848 1248 897 1268 nec
919 1243 960 1268 est
976 1240 1012 1267 ibi
1036 1247 1117 1276 repu-

267 1290 380 1327 gnantia
401 1298 451 1318 nec
473 1288 626 1317 essentialis
648 1287 865 1324 dependentia3,
888 1291 929 1315 est
955 1290 1048 1315 tamen
1070 1295 1116 1315 ex-

267 1337 369 1366 cellens
391 1335 627 1374 praedominatio3
650 1335 721 1363 sicut
736 1334 848 1371 quando
870 1334 954 1361 arbor
970 1342 1025 1362 una
1048 1334 1116 1361 inse-

267 1385 339 1412 ritur
368 1383 453 1420 stipiti
485 1382 601 1410 alterius
629 1381 754 1415 arboris,
786 1384 855 1409 tunc
878 1384 998 1418 utraque
1031 1380 1116 1408 arbor

267 1434 360 1460 servat
382 1434 511 1458 naturam
536 1428 691 1466 propriam,
713 1431 739 1456 et
763 1432 853 1456 tamen
876 1436 932 1455 nna
953 1428 1038 1455 arbor
1052 1427 1116 1455 sab-

266 1477 468 1514 sta'nttfieatitr
499 1477 523 1504 in
557 1476 649 1512 stipite
671 1475 787 1503 alterius
818 1474 943 1509 arboris,
976 1474 1013 1502 ita
1040 1474 1116 1511 quod

268 1533 342 1553 unus
364 1528 405 1553 est
426 1524 511 1560 stipes
532 1523 690 1559 utriusque.

346 1572 399 1600 Hoc
415 1570 520 1599 tamen*
530 1574 630 1607 quarto
646 1569 757 1598 unionis
769 1576 870 1606 genere
882 1568 967 1597 habet
982 1568 1055 1596 uniri
1072 1576 1117 1596 na-

266 1622 331 1647 tura
347 1618 440 1646 divina
455 1617 603 1645 humanae.
616 1616 686 1652 Quia
697 1616 770 1644 enim
786 1615 863 1643 nulla
875 1618 916 1643 est
932 1614 1116 1651 repugnantia

266 1667 337 1695 inter
353 1668 481 1693 naturam
498 1664 620 1692 divinam
633 1667 660 1691 et
674 1663 840 1697 humanam,
856 1662 917 1691 ideo
931 1662 1006 1690 nulla
1021 1665 1062 1690 est
1079 1662 1115 1690 ibi

266 1712 490 1745 transmittatio,
507 1719 557 1739 nec
576 1710 734 1738 conversio.
750 1709 820 1745 Quia
836 1717 902 1737 vero
924 1717 977 1737 non
994 1712 1035 1737 est
1058 1716 1116 1737 mu-

267 1765 313 1788 tua
329 1758 528 1796 dependentia,
551 1766 604 1785 non
620 1761 662 1785 est
681 1756 782 1785 tertiae
796 1760 924 1784 iacturae
939 1755 1113 1784 constitutio.

265 1807 318 1835 Sed
331 1806 396 1843 quia
410 1809 451 1834 est
464 1805 499 1833 ibi
512 1805 640 1838 alterius,
653 1803 757 1832 scilicet
772 1803 882 1831 divinae
896 1806 1022 1836 naturae,
1039 1810 1115 1838 prae-

266 1852 429 1884 dominatio,
446 1859 557 1880 necesse
572 1855 626 1885 θεῖ,
642 1851 717 1888 quod
733 1850 826 1879 divina
842 1853 942 1878 natura
962 1850 1114 1878 humanam

266 1903 395 1928 naturam
419 1898 521 1927 trahat
534 1898 575 1926 ad
589 1898 731 1926 unitatem
740 1908 750 1931 ;
764 1897 813 1925 sed
829 1897 864 1925 ad
880 1897 1016 1925 unitatem
1031 1900 1115 1925 itata-

266 1955 319 1975 rae
340 1954 393 1974 non
415 1948 506 1983 potest
531 1945 642 1973 trahere
665 1944 723 1973 sine
752 1944 984 1972 transmutatione
1006 1946 1033 1971 et
1054 1951 1115 1972 con-

268 1994 410 2023 versione:
426 2001 538 2022 necesse
554 1996 595 2021 est
616 2000 695 2029 ergo,
717 1991 792 2028 quod
808 1999 868 2020 eam
893 1991 984 2019 trahat
1005 1990 1040 2019 ad
1057 1991 1115 2019 uni-

267 2044 350 2069 tatem
379 2048 537 2077 personae,
568 2043 595 2067 et
626 2047 682 2067 una
713 2042 740 2067 et.
770 2039 868 2067 eadem
891 2038 1048 2074 hypostasis
1080 2038 1114 2066 sit

267 2088 377 2117 divinae
404 2091 521 2115 naturae
543 2090 570 2115 et
592 2086 747 2120 humanae,
770 2089 800 2113 ut
821 2085 900 2122 quasi
924 2085 1047 2113 humana
1069 2092 1114 2112 na-

268 2139 331 2164 tura
345 2133 487 2172 fundetur
503 2137 528 2162 et
541 2132 792 2170 substantificecur
808 2133 834 2160 in
850 2132 944 2161 divino
960 2132 1060 2169 stipite.
1076 2149 1114 2152 ψ

269 2183 299 2211 Et
320 2182 382 2211 ideo
398 2182 517 2210 multum
540 2180 711 2209 assimilatur
727 2180 779 2208 ista
793 2180 859 2208 unio
874 2179 898 2208 ei
914 2179 1022 2214 unioni,
1042 2187 1113 2216 quae

943 179 1195 207 SENTENTIARUM
1216 179 1276 207 LIB.
1298 179 1337 206 Ill.

1172 259 1213 284 θεῖ
1242 265 1291 293 per
1321 256 1516 284 insertionem.
1546 256 1660 293 Propter
1686 256 1761 293 quod
1790 256 1871 284 etiam
1895 256 2018 284 fortassis

1172 303 1238 331 dicit
1253 303 1351 331 beatus
1367 303 1481 332 lacobus
1503 303 1624 339 primo⁵1
1641 303 1677 330 In
1691 302 1915 330 mansuetudine
1928 302 2019 330 susei-

1168 349 1228 386 pite
1256 350 1378 378 insitam
1408 349 1539 377 Verbum.
1557 366 1593 370 —
1615 349 1829 378 Concedendum
1856 352 1897 378 est
1918 349 2017 386 igitur,

1172 396 1247 432 quod
1270 396 1316 424 illa
1338 397 1404 424 unio
1427 396 1593 425 terminatur
1615 396 1649 424 ad
1672 396 1807 424 unitatem
1830 404 1973 432 personae.

1255 444 1278 471 l.
1300 443 1339 471 Ad
1361 443 1431 471 illud
1457 443 1532 480 quod
1554 443 1697 477 obiicitur,
1720 443 1795 479 quod
1823 442 1915 471 unitas
1944 442 2019 471 illius

1174 497 1309 526 personae
1330 493 1371 518 est
1392 493 1521 523 aeterna;
1543 489 1709 523 dicendum,
1732 489 1806 526 quod
1826 497 1953 526 persona
1975 497 2020 517 no-

1174 537 1261 564 minat
1283 536 1374 573 ipsum
1397 536 1573 573 suppositum
1600 536 1625 564 in
1649 536 1856 573 comparatione
1885 536 1920 564 ad
1941 539 2019 565 natu-

1174 592 1251 617 ram,
1273 583 1317 611 cui
1340 582 1499 616 subiicitur3
1521 583 1559 611 sic
1582 586 1608 611 et
1624 582 1755 620 azymita-5
1772 591 1916 619 personae
1936 586 2021 611 atten-

1174 631 1266 659 denda
1287 634 1328 659 est
1355 633 1485 667 respectu
1506 634 1622 658 naturae
1634 630 1651 657 ⁶.
1675 630 1764 658 Potest
1792 630 1877 667 igitur
1902 638 2020 667 persona

1175 677 1221 705 illa
1243 676 1398 713 comparari
1421 676 1454 704 ad
1478 679 1609 704 naturam
1629 676 1776 709 divitiam,
1800 680 1826 705 et
1847 676 1885 705 sic
1901 677 1961 705 eius
1983 676 2020 705 di-

1174 724 1264 760 gnitas
1285 727 1327 751 est
1347 726 1468 751 aeterna.
1492 723 1582 751 Potest
1603 723 1685 751 etiam
1709 723 1865 759 comparari
1886 723 1921 751 ad
1945 726 2021 751 natu-

1175 779 1233 798 ram
1256 770 1389 798 divinam
1404 770 1520 807 pariter
1541 773 1567 802 et
1584 769 1763 803 liama'nanu
1785 773 1811 799 et
1833 770 1871 799 sic
1893 773 2021 799 connotat

1174 817 1279 854 aliquid
1296 817 1465 854 temporale,
1487 820 1514 846 et
1536 817 1642 845 ratione
1664 817 1739 845 illius
1758 817 1895 846 connotati
1919 817 2021 846 dicitur

1174 872 1234 893 esse
1258 864 1393 893 terminus
1415 864 1533 893 unionis.
1562 864 1609 892 illa
1631 864 1705 893 enim
1726 864 1792 892 unio
1814 873 1868 893 non
1890 864 1968 897 fecit,
1990 867 2022 893 ut

1174 911 1222 939 illa
1242 919 1361 948 persona
1376 914 1448 940 esset
1470 911 1513 940 vel
1529 919 1586 939 una
1604 914 1688 945 esset,
1707 911 1756 940 sed
1770 911 1846 945 fecit,
1869 911 1944 948 quod
1958 919 2019 948 per-

1175 966 1256 992 sona,
1279 966 1350 995 quae
1365 961 1425 986 erat
1446 966 1502 986 nna
1517 958 1543 986 in
1566 962 1666 986 natura
1682 957 1813 995 simplici,
1836 961 1908 987 esset
1923 966 1978 986 una
1994 958 2020 986 in

1174 1007 1275 1032 natura
1296 1004 1428 1040 duplici⁷.

1253 1052 1278 1079 Q.
1301 1051 1340 1079 Ad
1362 1051 1431 1080 illud
1448 1051 1521 1088 quod
1544 1051 1687 1086 obiicitur,
1709 1052 1784 1088 quod
1799 1051 1911 1080 unitas⁸
1926 1059 2019 1089 perso-

1174 1098 1245 1127 nalis
1267 1102 1308 1127 est
1329 1101 1502 1133 extremum,
1524 1107 1591 1135 ergo
1613 1107 1666 1127 non
1695 1099 1909 1134 est¹terminus;
1931 1099 2021 1128 dicen-

1174 1146 1255 1179 dum,
1278 1146 1353 1182 quod
1376 1146 1530 1174 secundum
1553 1154 1637 1174 unam
1661 1146 1912 1183 comparationem,
1937 1155 2020 1183 quam

1174 1192 1271 1226 habet,
1289 1193 1418 1221 videlicet
1432 1192 1467 1221 ad
1484 1192 1616 1221 divinam
1632 1196 1776 1227 naturam,
1791 1197 1832 1222 est
1846 1196 2021 1227 extrenmnm

1175 1240 1329 1268 secundum
1345 1243 1439 1268 autem
1459 1240 1707 1276 comparationem,
1723 1248 1807 1277 quam
1824 1240 1907 1268 habet
1922 1240 1956 1268 ad
1973 1239 2023 1268 ltu-

1174 1295 1296 1314 maitam
1325 1290 1469 1320 naturam,
1497 1291 1538 1315 est
1559 1286 1670 1314 unionis
1701 1287 1858 1320 temnimus,
1885 1287 1950 1324 quia
1973 1295 2022 1323 per

1174 1333 1251 1361 illam
1274 1333 1404 1361 unionem
1427 1333 1529 1361 factum
1559 1336 1615 1367 est,
1638 1337 1668 1362 ut
1691 1342 1809 1370 persona
1836 1333 1919 1362 Verbi
1948 1338 2021 1363 esset

1175 1380 1266 1408 homo.
1282 1379 1440 1408 Secundum
1461 1382 1554 1408 autem
1571 1381 1821 1417 comparationem,
1837 1389 1920 1417 quam
1936 1381 2020 1409 habet

1174 1427 1209 1455 ad
1231 1431 1388 1464 utramque
1402 1430 1561 1460 mitto-am,
1584 1431 1657 1455 tenet
1679 1428 1813 1456 rationem
1830 1427 1926 1456 medii.
1947 1428 2020 1456 Nihil

1174 1477 1268 1502 autem
1291 1473 1419 1510 impedit,
1443 1481 1531 1502 unum
1554 1477 1580 1503 et
1602 1474 1675 1503 idem
1698 1474 1810 1503 diverso
1833 1477 1962 1511 respectu
1977 1475 2022 1503 ha-

1176 1521 1241 1549 bere
1269 1521 1505 1557 comparationem
1524 1521 1614 1549 mcclii
1641 1525 1668 1550 et
1689 1521 1812 1549 extremi
1839 1524 1865 1550 et
1888 1522 2019 1556 termini;

1174 1571 1201 1597 et
1222 1576 1271 1605 per
1294 1568 1368 1597 hunc
1390 1568 1504 1605 quidem
1527 1568 1640 1597 modum
1663 1568 1689 1597 in
1705 1569 1847 1606 proposito
1869 1569 2020 1606 intelligen-

1174 1615 1240 1643 dum
1264 1618 1314 1643 est.

1253 1662 1279 1690 3.
1301 1662 1340 1690 Ad
1362 1662 1431 1691 illud
1455 1662 1529 1699 quod
1551 1662 1693 1697 obiicitur,
1716 1663 1790 1700 quod
1813 1666 1927 1700 propter
1949 1671 2022 1691 sum-

1174 1717 1247 1737 mam
1264 1709 1470 1746 simplicitatem
1486 1709 1597 1738 divinae
1612 1713 1728 1738 naturae
1739 1710 1748 1724 ⁹
1770 1718 1823 1738 non
1842 1713 1932 1747 potest
1946 1709 2021 1738 uniri

1174 1755 1313 1784 humanae
1342 1759 1458 1784 naturae
1484 1756 1510 1784 in
1541 1756 1675 1785 unitatem
1698 1759 1830 1790 naturae;
1853 1747 2018 1792 dicendum,

1173 1803 1248 1839 quod
1270 1811 1324 1831 non
1346 1806 1388 1832 est
1409 1803 1514 1832 simile:
1537 1803 1602 1840 quia
1624 1804 1720 1840 plures
1740 1808 1857 1832 naturas
1879 1804 1906 1832 in
1927 1812 2020 1832 anam

1172 1853 1315 1878 naturam
1338 1850 1437 1879 cedere
1453 1854 1589 1887 repugnat
1612 1851 1729 1887 simplici
1748 1854 1879 1883 naturae,
1897 1851 1946 1879 sed
1962 1851 2021 1887 plu-

1174 1905 1218 1926 res
1240 1901 1354 1925 naturas
1375 1897 1448 1925 uniri
1480 1897 1506 1925 in
1528 1897 1671 1926 unitatem
1696 1906 1838 1934 personae
1859 1905 1914 1926 non
1939 1905 2019 1934 repu-

1172 1947 1237 1981 gnat
1253 1944 1370 1981 simplici
1386 1952 1522 1981 personae
1543 1944 1647 1981 duplici
1664 1952 1700 1973 ex
1718 1953 1810 1973 causa.
1828 1945 1884 1974 Una
1906 1944 2018 1982 quidem

1172 1995 1228 2025 est=
1251 1992 1331 2028 quia,
1354 1992 1426 2020 sicut
1442 1992 1536 2027 plures
1558 2000 1694 2029 personae
1709 1995 1826 2029 possunt
1847 2000 1907 2021 esse
1922 1992 1948 2020 in
1964 2000 2020 2021 una

1172 2041 1285 2073 natura,
1308 2038 1344 2066 ita
1366 2039 1441 2075 quod
1464 2047 1517 2067 non
1538 2039 1695 2075 impediunt
1724 2042 1840 2067 naturae
1862 2039 2021 2076 simplicita-

1172 2089 1241 2116 tem:
1261 2086 1299 2114 sic
1315 2085 1411 2122 plures
1431 2089 1548 2114 naturae
1570 2086 1595 2114 in
1618 2094 1675 2114 una
1696 2094 1815 2123 persona
1826 2087 1852 2114 ¹⁰.
1873 2086 1931 2114 Alia
1952 2095 2018 2115 vero

1172 2132 1242 2161 ratio
1257 2135 1310 2166 est,
1327 2133 1391 2169 quia
1414 2140 1532 2169 persona
1548 2132 1642 2161 divina
1662 2136 1752 2170 potest
1767 2133 1825 2161 fieri
1843 2134 2017 2170 suppositum

1171 2180 1311 2208 humanae
1330 2183 1447 2208 naturae
1463 2180 1521 2209 sola
1543 2180 1676 2209 relatione
1692 2181 1831 2209 hnmanae
1852 2184 1969 2210 naturae
1984 2181 2018 2209 ad

330 2311 337 2325 ¹
356 2311 418 2333 Hanc
435 2311 551 2338 duplicem
570 2311 678 2332 unionem
696 2310 793 2336 Aristot,
811 2309 825 2331 1.
844 2308 872 2331 de
890 2309 993 2331 Gcncrat.
1021 2313 1043 2331 et
1069 2315 1116 2331 cor-

268 2353 328 2378 rupt.
347 2353 397 2372 text.
416 2350 452 2372 88.
470 2356 533 2378 seqq.
552 2348 581 2377 (c.
604 2349 646 2377 10.)
664 2348 773 2371 describit
791 2349 835 2371 sic:
854 2349 986 2371 Activorum
1005 2352 1081 2371 nutem
1094 2352 1116 2371 θῖ

269 2390 415 2417 passivorum
434 2394 596 2417 quaecumque
613 2391 665 2410 sunt
689 2388 751 2409 facilc
770 2387 903 2414 divisibilia,
927 2388 996 2409 multa
1020 2387 1115 2416 quidem

269 2429 348 2456 paucis
365 2431 386 2450 et
404 2434 486 2456 magna
505 2428 583 2455 parvis
601 2428 739 2455 composita,
758 2433 802 2448 non
821 2427 905 2449 iaciunt
917 2427 1060 2453 mixtionem,
1073 2427 1113 2449 sed

268 2468 477 2495 augmentationem
504 2467 653 2493 dominantis;
680 2468 781 2488 mutatur
806 2466 866 2487 cuim
889 2466 985 2487 alterum
1004 2466 1025 2487 in
1043 2465 1115 2487 donii-

269 2513 331 2528 nans.
350 2506 401 2528 ldco
419 2508 482 2534 gutta
500 2506 546 2527 vini
565 2505 644 2527 decem
664 2504 763 2526 millibus
781 2505 869 2532 congiis
887 2510 961 2532 aquae
973 2510 1017 2525 non
1037 2505 1115 2526 misce-

269 2550 314 2570 tur:
341 2545 437 2567 solvitur
462 2545 522 2566 cnim
550 2545 621 2566 forma
648 2546 670 2566 θῖ
695 2546 796 2566 mutatur
821 2544 842 2565 in
870 2544 1003 2565 universam
1021 2549 1114 2572 aquam.

269 2584 365 2612 Quando
378 2586 453 2606 autem
468 2583 573 2611 potentiis
585 2583 743 2611 adaequamur
756 2582 936 2611 quodammodo,
948 2585 1002 2604 tunc
1015 2584 1116 2604 mutatur

270 2623 363 2651 quidem
381 2626 506 2651 utrumque
519 2623 539 2644 in
559 2622 680 2644 dominans
692 2628 718 2644 ex
730 2622 765 2643 sui
782 2622 855 2649 ipsius
872 2626 964 2648 nutura,
986 2628 1028 2643 non
1046 2627 1116 2649 gent·-

269 2665 332 2684 ratur
350 2667 425 2684 niuem
443 2663 551 2690 altorum,
569 2662 609 2684 sed
623 2662 726 2683 modium
745 2663 766 2683 ct
783 2667 930 2683 commune...
950 2661 1025 2682 Mixiio
1039 2664 1115 2683 autem

269 2704 302 2723 est
314 2701 459 2723 misc-ibilium
478 2702 625 2723 alteratorum
639 2702 699 2723 nnio.
713 2713 742 2716 μ-
760 2701 828 2722 Paulo
840 2701 947 2728 superius
965 2704 1017 2727 post
1035 2701 1069 2723 est
1086 2699 1116 2722 ibi

268 2740 427 2769 rcpuy'nuntea
444 2740 513 2762 codd.
538 2740 581 2762 FG
592 2740 612 2762 X
630 2740 759 2767 adiungunt
784 2740 804 2762 et
823 2738 1043 2768 pruedominantia,
1061 2739 1114 2761 edd.

271 2779 290 2805 l,
309 2779 322 2799 2
340 2780 362 2801 et
376 2778 578 2807 praedominatio,
597 2785 656 2807 quac
679 2779 732 2801 cdd.
757 2781 779 2800 θῖ
796 2778 894 2800 subinde
912 2784 955 2806 pro
973 2779 996 2800 et
1012 2783 1061 2800 non
1078 2784 1116 2800 ear-

269 2816 353 2840 crllens
370 2817 510 2840 substituunt
526 2818 566 2840 secl
583 2824 631 2840 novt
647 2817 771 2841 eoecetlens.

330 2856 339 2869 ²
357 2855 411 2878 Cod.
430 2856 447 2878 U
465 2856 528 2878 addit
546 2856 674 2879 [mitorum.

330 2894 339 2908 3
357 2895 386 2917 Ex
404 2896 430 2917 iis
448 2902 506 2923 qnae
525 2896 677 2923 praecedunt,
704 2896 787 2923 supple
812 2902 865 2918 cum
893 2896 942 2918 Vat.
969 2896 1062 2918 ‘matum
1084 2896 1116 2917 De

270 2935 303 2955 his
321 2934 396 2956 modis
413 2934 503 2956 unionis
515 2934 568 2956 vido
586 2941 655 2961 supra
669 2941 721 2962 pag.
740 2935 766 2962 8,
781 2938 833 2956 nota
846 2935 867 2962 3,
880 2939 900 2957 et
913 2935 975 2956 Alan.
988 2934 1017 2956 ab
1037 2934 1115 2962 lnsuL,

270 2973 380 3001 Theolog.
398 2973 487 3001 Regni„
506 2973 577 3001 regul.
597 2973 648 2995 100.

1236 2308 1245 2324 ⁴
1264 2310 1305 2332 Pro
1323 2311 1401 2333 tamen
1424 2310 1477 2332 edd.
1499 2310 1603 2337 tantimz,
1627 2310 1693 2332 codd.
1707 2310 1725 2332 l<
1737 2310 1751 2331 Ρ
1762 2310 1779 2338 Q
1790 2311 1805 2332 Z
1819 2310 1850 2332 bb
1872 2311 1963 2338 autem,
1980 2311 2018 2339 qui

1173 2348 1240 2371 codd.
1258 2352 1279 2371 et
1297 2349 1379 2371 deinde
1398 2351 1482 2371 textum
1509 2350 1674 2378 aliquantulum
1702 2348 1814 2371 mutatum
1840 2349 1947 2371 exhibent
1971 2350 2017 2371 sic:

1171 2386 1238 2409 *uniri
1254 2386 1321 2410 habet
1338 2388 1428 2410 natura
1445 2387 1554 2410 lmmana
1571 2387 1709 2410 dim'nae.-
1721 2388 1751 2410 De
1768 2389 1795 2410 iis
1813 2394 1873 2416 quae
1889 2390 2017 2416 sequuntur

1172 2426 1210 2448 ct'r.
1229 2432 1297 2454 supra
1317 2427 1338 2449 d.
1363 2428 1378 2448 1.
1398 2433 1419 2448 a.
1443 2427 1458 2448 l.
1477 2433 1499 2455 q.
1522 2428 1538 2448 l.

1234 2465 1244 2479 ⁵
1261 2465 1325 2487 Vers.
1344 2466 1380 2487 21.
1400 2478 1431 2482 -
1448 2466 1516 2488 Panlo
1534 2467 1641 2494 superius
1659 2472 1700 2494 pro
1718 2467 1740 2489 ct
1755 2472 1804 2489 wia
1827 2466 1894 2488 codd.
1912 2466 1928 2488 Z
1941 2466 1971 2488 bb
1993 2467 2020 2488 ut

1172 2510 1228 2527 vna.
1702 2523 1706 2524 .

1234 2543 1244 2558 ⁶
1261 2543 1305 2566 Cl'r.
1323 2550 1392 2572 supra
1419 2544 1440 2566 d.
1465 2544 1485 2566 5.
1512 2550 1531 2566 a.
1558 2545 1578 2566 2.
1596 2551 1618 2573 q.
1637 2545 1658 2566 2.
1682 2544 1710 2566 ad
1733 2544 1749 2566 1.
1768 2557 1798 2559 -
1818 2544 1885 2566 Paulo
1911 2544 2017 2572 superius

1171 2586 1223 2610 post
1240 2582 1376 2611 (licendum,
1400 2582 1463 2613 qaod
1487 2583 1539 2605 edd.
1565 2589 1617 2605 cum
1637 2584 1715 2611 paucis
1733 2583 1800 2605 codd.
1820 2584 1922 2605 inserunt
1939 2582 2018 2611 sicat,-

1172 2625 1194 2644 οῖ
1210 2622 1309 2644 subinde
1327 2625 1379 2650 post
1396 2623 1417 2645 et
1433 2622 1467 2645 sic
1484 2622 1534 2645 eius
1551 2621 1653 2651 diffinitas
1671 2623 1721 2645 Vat.
1740 2628 1792 2644 cum
1811 2622 1861 2644 cod.
1880 2628 1905 2644 cc
1927 2622 2020 2650 supplet

1172 2661 1194 2683 et
1211 2660 1301 2688 unitas,
1323 2661 1350 2683 dc.
1368 2667 1412 2689 qua
1431 2667 1511 2683 revera
1529 2662 1576 2689 agit
1593 2660 1696 2683 obiectio.

1234 2699 1244 2714 ⁷
1262 2700 1320 2722 Vide
1337 2706 1406 2727 supra
1425 2706 1444 2721 a.
1468 2701 1484 2721 l.
1503 2706 1524 2728 q.
1544 2701 1563 2722 2.

1235 2738 1244 2752 3
1261 2738 1333 2760 Codd.
1353 2739 1384 2760 lL
1402 2745 1427 2760 aa
1447 2745 1472 2761 cc
1488 2738 1553 2761 uilio.

1234 2776 1243 2791 ⁹
1261 2778 1300 2799 Hic
1317 2778 1352 2799 vel
1371 2778 1454 2805 supple
1472 2784 1524 2800 cum
1543 2779 1591 2800 vat.
1609 2777 1674 2807 ipsa,
1695 2778 1729 2799 vel
1749 2777 1799 2805 lege
1818 2783 1871 2799 cun]
1888 2777 1941 2800 edd.
1961 2778 1985 2805 l,
2003 2778 2016 2799 2

1172 2815 1251 2839 divina
1268 2817 1359 2839 *natura
1377 2823 1418 2844 pro
1436 2816 1529 2839 divinae
1545 2817 1655 2839 naturae.
1674 2817 1722 2838 Mox
1748 2816 1800 2838 edd.
1819 2816 1854 2838 bis
1871 2815 2018 2846 simplicitati

1173 2862 1215 2883 pro
1232 2855 1340 2885 simplici.

1236 2893 1254 2908 ¹0
1273 2894 1303 2916 De
1322 2901 1367 2922 quo
1385 2894 1439 2916 vide
1456 2894 1470 2916 1.
1488 2895 1548 2916 Sent.
1567 2894 1588 2916 d.
1607 2894 1626 2915 8.
1645 2900 1667 2921 p.
1687 2893 1708 2915 11.
1727 2900 1748 2922 q.
1771 2893 1792 2921 ¹3
1812 2893 1840 2915 de
1857 2899 1950 2921 propos.
1968 2899 2016 2922 seq.

1173 2934 1212 2955 cfr.
1230 2940 1299 2961 supra
1317 2933 1339 2955 d.
1363 2934 1378 2955 1.
1397 2940 1416 2955 a.
1440 2934 1456 2955 l.
1475 2940 1496 2962 q.
1520 2933 1537 2955 1.

2032 450 2103 477 Salutio
2116 456 2151 474 op·
2164 438 2166 462 1

2032 476 2142 497 positorum.
2156 480 2166 493 Ἰι

2036 1150 2149 1169 Notandum.

2041 1853 2091 1871 llaec
2107 1853 2151 1871 nnio

2035 1882 2072 1895 uon
2097 1882 2151 1900 repu-

2032 1900 2156 1923 gnatsimpli-

2034 1923 2085 1942 citati
2110 1928 2152 1946 per-

2033 1952 2096 1965 sonae.
