2166 3366
713 173 793 201 DIST.
817 173 894 202 XXX.
916 173 989 201 ΛΒΤ.
1011 173 1127 203 UNlCUS
1149 173 1284 210 QUAEST.
1306 173 1348 201 tv.

154 250 229 279 tione
249 253 276 280 et
296 251 417 280 iustitiae
438 251 650 285 exercitatione,
672 251 710 280 sic
730 251 876 280 veritatem
899 251 998 286 habet3

153 298 202 327 sed
223 298 274 327 iste
296 298 438 335 profectus
458 298 582 327 caritatis
597 306 650 326 non
673 301 781 327 tantum
802 298 956 327 attenditur
971 299 998 327 in

153 344 314 382 impletione
335 344 526 373 consiliorum
545 347 572 373 et
593 352 710 382 operum
734 345 934 382 perfectorum,
950 346 999 375 sed

152 390 236 419 etiam
258 390 286 419 in
306 390 485 420 observantia
505 391 726 419 mandatorum.
749 391 780 420 Et
801 391 863 420 ideo
885 400 921 420 ex
946 392 999 421 hoc

1847 172 1902 201 663

1056 260 1110 280 non
1140 254 1229 288 potest
1254 251 1398 286 concludi,
1427 251 1501 288 quod
1525 251 1608 280 homo
1637 251 1663 279 in
1693 250 1813 288 perfecta
1836 251 1904 279 cari-

1056 301 1111 326 tate
1139 298 1263 327 existens
1290 298 1325 326 ad
1354 305 1439 335 opera
1461 298 1638 335 perfectionis
1667 305 1779 328 necesse
1800 297 1903 326 habeat

1056 344 1201 381 obligari¹.

915 490 1077 527 QUAESTlO
1099 491 1140 519 tv.

483 576 588 605 Utrum
610 585 708 605 omnes
730 581 882 605 teneantur
903 577 1024 615 diligere
1045 577 1181 605 inimicos
1202 580 1346 614 quemnam
1368 576 1409 604 (td
1429 575 1573 613 affectioni.

231 675 337 712 Quarto
357 675 516 712 quaeritur,
538 677 634 704 utrum
657 683 754 704 omnes
770 679 918 704 teneantur
940 675 1000 704 dili-

152 729 218 759 gere
246 722 373 751 inimicos
401 725 536 759 quantum
564 722 598 750 ad
625 721 765 751 affectum.
789 722 819 751 Et
840 722 913 760 quod
944 722 999 756 sic,

152 768 273 798 videtur.

233 817 258 844 1.
273 816 383 844 Levitici
396 816 505 845 decimo
519 816 620 844 nono²:
637 816 743 854 Diliqes
763 816 893 845 amicum
915 820 999 845 titum

14 862 229 891 maamenu.sz'cut
250 865 275 890 te
295 862 393 899 ipsum
401 873 412 896 ;
436 870 521 899 super
547 871 603 900 quo
623 863 690 892 dicit
718 864 901 900 AugustinuS,
923 862 999 900 quod

157 919 171 934 «
186 909 298 938 nomine
312 909 435 946 proximi
451 913 477 938 et
491 909 573 938 amici
588 909 753 947 intelligitur
771 910 861 938 omnis
877 910 960 938 homo
972 920 998 943 »,

152 956 307 985 secundum
323 956 405 985 etiam
421 956 496 994 quod
511 956 570 994 ipse
591 957 727 986 Dominus
742 957 832 986 innuit
851 957 940 985 Lucae
955 956 1000 985 de-

152 1004 239 1033 cimo:
261 1011 328 1041 ergo
343 1003 363 1032 si
387 1004 456 1033 illud
472 1007 653 1041 praeceptum
675 1004 772 1033 datum
791 1007 834 1033 est
854 1003 997 1036 omnibus;

152 1057 217 1079 cum
239 1058 336 1079 omnes
355 1053 503 1080 teneantur
531 1051 632 1080 affectu
654 1051 770 1088 diligere
796 1058 844 1085 se,
867 1050 998 1084 videtur,

152 1097 227 1135 quod
249 1105 346 1126 omnes
368 1100 515 1126 teneantur
536 1097 636 1127 affectu
658 1098 773 1134 diligere
795 1097 929 1126 inimicos.

231 1146 257 1172 2.
280 1144 359 1178 item,
382 1144 509 1172 Matthaei
533 1144 667 1181 quinto³:
690 1144 724 1173 Si
743 1144 867 1181 diliqicis
888 1152 934 1172 eos
949 1144 1001 1182 qui

152 1199 203 1219 vos
224 1190 367 1229 diliyunt,
396 1199 486 1229 quam
514 1191 673 1220 mercedem
701 1190 863 1220 habebitis?
884 1191 998 1220 Glossa:

157 1248 170 1264 α
192 1237 301 1266 Nullam
331 1238 358 1266 in
380 1238 457 1267 caelo
471 1248 498 1266 n:
527 1246 594 1275 ergo
615 1238 662 1275 qui
692 1241 800 1266 tantum
823 1238 907 1267 habet
935 1238 1000 1267 dile-

152 1285 269 1314 ctionem
287 1288 416 1322 respectu
438 1285 612 1322 diligentium
629 1293 658 1314 se
673 1293 727 1313 non
743 1285 827 1314 habet
842 1285 999 1319 caritatem,

152 1339 216 1361 cum
232 1332 333 1360 caritas
355 1339 408 1360 non
424 1331 511 1369 possit
531 1339 592 1360 esse
607 1332 666 1360 sine
688 1331 835 1360 mercede:
865 1332 949 1368 igitur
964 1332 999 1361 ad

153 1378 218 1413 hoc,
239 1378 314 1416 quod
346 1378 447 1416 aliquis
473 1378 574 1407 habeat
604 1378 763 1413 caritatem,
795 1386 908 1407 necesse
939 1381 999 1413 est,

153 1425 226 1463 quod
256 1425 344 1462 ipsius
364 1426 466 1454 caritas
493 1425 529 1454 ad
557 1433 605 1454 eos
633 1425 681 1463 qui
710 1425 802 1462 ipsum
831 1425 942 1460 odiunt,
971 1433 1000 1455 se

153 1472 295 1502 extendat.

233 1518 259 1547 3.
282 1519 362 1553 item,
377 1526 464 1556 super
478 1519 548 1547 illud
571 1519 660 1548 Lucae
679 1519 790 1548 sexto⁴z
811 1519 929 1557 Diliyz'te
948 1519 1001 1548 ini-

153 1566 244 1594 micos
272 1569 403 1599 vestros;
434 1566 530 1595 Glossa
562 1566 761 1595 interlinearis:
782 1566 866 1595 «Non
897 1566 1001 1596 sufficit

108 1618 111 1620 '
154 1620 208 1641 non
223 1612 315 1641 odisse
329 1623 358 1646 »ς
379 1612 427 1641 sed
449 1620 547 1641 omnes
562 1616 692 1641 tenentur
713 1612 747 1641 ad
764 1612 834 1641 illud
857 1613 930 1650 quod
946 1613 1001 1642 suf-

154 1659 211 1688 ficit
231 1659 266 1688 ad
296 1659 433 1688 salutem:
462 1667 529 1696 ergo
550 1667 647 1687 omnes
674 1662 804 1688 tenentur
825 1667 879 1688 non
909 1659 999 1688 solum

153 1706 187 1735 ad
211 1714 264 1734 non
280 1706 432 1735 odiendum
455 1706 596 1740 inimicos,
619 1705 667 1734 sed
683 1706 765 1734 etiam
781 1706 815 1734 ad
838 1706 1001 1735 amandum.

232 1753 259 1782 [ι.
282 1753 362 1787 item,
384 1752 453 1781 nulli
470 1753 544 1781 Deus
566 1752 680 1781 dimittit
701 1756 859 1789 peccatum.
875 1753 926 1781 nisi
943 1753 1001 1790 ipse

154 1801 276 1830 dimittat
296 1800 440 1837 proximo,
463 1800 618 1829 secundum
647 1800 723 1837 quod
745 1800 849 1828 dicitur
872 1800 999 1829 Matthaei

157 1851 237 1877 sexto
252 1851 279 1876 et
300 1847 409 1876 decimo
422 1850 519 1876 octavo
530 1847 551 1881 ⁵3
575 1847 623 1875 sed
639 1854 721 1875 nemo
736 1846 850 1875 dimittit
870 1847 1001 1884 proximo

154 1903 190 1924 ex
211 1894 310 1925 corde.
332 1894 383 1923 nisi
408 1894 499 1931 ipsum
521 1893 618 1931 diligat
633 1893 748 1922 affectu:
771 1901 838 1930 ergo
860 1902 941 1922 nemo
956 1902 1002 1931 po-

155 1945 208 1971 test
228 1941 302 1978 apud
326 1941 413 1970 Deum
437 1940 546 1969 veniam
569 1940 687 1974 mereri,
708 1940 760 1968 nisi
782 1940 953 1969 offendentes
972 1948 1001 1969 se

155 1988 252 2025 diligat
273 1996 308 2017 ex
331 1987 424 2016 corde.

235 2036 260 2063 5.
283 2034 366 2069 item,
395 2034 459 2071 plus
490 2033 649 2071 diligendus
670 2036 711 2062 est
743 2033 891 2070 proximus
916 2041 1000 2070 quam

155 2089 258 2118 corpus
279 2081 439 2118 proprium,
461 2088 512 2109 nec.
539 2080 646 2117 aliquid
668 2080 836 2109 adversatur
858 2079 946 2117 magis
975 2083 1002 2109 et

156 2128 315 2157 inimicatur
336 2127 446 2165 spiritui
467 2135 552 2164 quam
569 2127 628 2164 ipsa
649 2135 714 2156 caro
730 2127 755 2155 ⁶:
777 2135 840 2155 cum
857 2135 923 2163 ergo
945 2127 1004 2164 qui—

219 2226 226 2240 ¹
246 2226 304 2248 Vidc
321 2226 423 2248 scholion
441 2225 470 2248 ad
493 2226 510 2247 l.
529 2226 597 2248 huius
614 2226 702 2248 articuli
720 2228 808 2254 quaest.

218 2265 228 2279 ²
244 2266 309 2287 Vers.
331 2265 364 2287 18.
382 2277 412 2280 —
430 2266 482 2293 Seq.
499 2265 631 2293 scripturae
648 2265 711 2287 locus
728 2268 762 2287 est
778 2265 832 2287 Luc.
850 2265 887 2292 to,
904 2265 941 2287 36.
953 2271 1002 2293 seq.

156 2316 188 2320 —
204 2304 293 2326 Dictum
312 2306 408 2332 August.
426 2304 541 2326 invenitur
559 2305 659 2326 Enarrat.
677 2305 698 2326 in
718 2304 751 2326 ΡΞ.
771 2304 807 2326 25.
825 2307 922 2326 enarrat.
941 2305 961 2326 2.
981 2310 1002 2326 n.

158 2343 182 2370 2;
201 2342 229 2364 do
247 2342 368 2370 Disciplina
386 2343 463 2365 christ.
481 2350 500 2365 c.
519 2343 540 2365 3.
559 2349 579 2364 n.
598 2343 625 2371 3,
642 2346 664 2365 et
680 2343 753 2365 serm.
771 2343 808 2365 62.
821 2343 852 2371 (in
865 2342 1002 2371 appendice)

157 2388 178 2404 n.
200 2382 218 2404 l.
236 2382 300 2405 (alias
312 2381 349 2403 59.
362 2382 390 2403 dc
402 2382 536 2410 Tempore).
547 2394 579 2398 —
597 2382 618 2404 ln
632 2382 676 2404 nne
688 2389 736 2410 arg.
749 2388 791 2410 pro
804 2381 903 2410 videtur,
917 2381 1003 2411 quod...

158 2422 284 2443 teneantur
301 2420 368 2443 codd.
386 2422 403 2442 Α
415 2420 456 2443 FG
467 2421 483 2442 ll
494 2420 510 2442 N
521 2421 539 2442 T
551 2421 566 2442 Z
584 2420 689 2449 vz’delur,
709 2420 794 2450 quod...
813 2421 929 2443 tenentur.

220 2459 229 2474 ³
249 2460 312 2481 Vers.
337 2459 372 2481 46.
391 2472 419 2475 —
442 2460 521 2481 filossa
543 2462 577 2482 ost
599 2458 759 2482 interlinearis
782 2462 803 2481 vt
826 2459 924 2482 habetur
940 2459 1003 2487 apud

159 2500 282 2528 Lyranum.

221 2538 229 2552 ⁴
250 2539 313 2561 Vers.
332 2538 368 2560 27.
386 2550 416 2553 —
434 2537 509 2559 Verba
527 2537 632 2564 Glossac,
651 2543 710 2565 quac
728 2537 790 2564 apud
803 2537 911 2559 Strabum
929 2541 951 2560 et
964 2537 1004 2565 Ly-

159 2584 240 2601 ranum
259 2576 357 2599 habs-tur
374 2580 397 2598 ut
414 2575 555 2603 ordinaria,
576 2576 698 2604 respiciunt
716 2576 847 2603 Hieronymi
865 2577 960 2604 exposit.
982 2577 1004 2598 iu

159 2618 234 2640 Matth.
252 2617 281 2644 5,
303 2616 341 2638 'tiz
361 2616 428 2642 Multi,
448 2618 569 2643 praccepta
589 2615 626 2636 Uri
644 2614 797 2637 imbecillitate
815 2621 869 2642 sua,
888 2621 932 2636 non
951 2616 1003 2636 San-

159 2661 247 2679 ctorum
267 2655 355 2677 viribus
367 2655 524 2681 ric-stimantes,
543 2656 633 2681 putant,
645 2660 695 2675 esse
708 2653 857 2681 impossibilia
871 2660 929 2682 quar¹
943 2660 1005 2681 pluo-

159 2699 224 2723 ccpta
237 2698 302 2721 sunt,
314 2697 335 2715 νι
348 2693 426 2715 dicunt
438 2693 543 2714 sulib-cre
556 2692 678 2714 virtutibus
692 2698 735 2713 non
749 2692 824 2713 odisse
842 2692 946 2713 inimicos
963 2695 1004 2714 otc.

223 2734 232 2748 ⁵
249 2733 303 2761 Cap.
321 2734 347 2760 ὕ,
369 2733 402 2754 tsi.
420 2735 441 2754 ct
463 2732 500 2757 ta,
519 2731 555 2753 335.

222 2772 233 2786 θ
250 2772 379 2799 Ιίυςρίιῑίίυῐ·
396 2771 460 2792 ttoni.
479 2770 500 2797 7,
519 2770 561 2797 23,
579 2772 599 2790 rt
617 2770 664 2790 (lai⁴
682 2769 703 2795 5,
726 2769 758 2791 17.
780 2781 806 2784 ἢ
832 2768 911 2796 Quoad
936 2768 1006 2790 umin-

162 2817 210 2833 rem
229 2812 268 2833 cfr.
286 2810 356 2832 verba
380 2811 474 2835 ¹iiigust.
493 2815 561 2836 supra
581 2809 601 2830 iu
625 2809 655 2830 lit.
678 2808 784 2833 Magistri,
804 2807 824 2829 d.
845 2807 927 2829 ΧΧΙΧ.
946 2815 964 2829 c.
987 2808 1004 2829 1.

161 2850 234 2872 allata.
253 2862 282 2865 —
299 2849 366 2878 Quod
385 2855 470 2876 corpus
488 2849 607 2875 proprium
626 2847 768 2873 diligendum
786 2848 824 2873 sit,
842 2850 960 2868 usti-usum
972 2849 1006 2868 cst

162 2895 231 2916 supra
250 2888 272 2910 (l.
290 2889 327 2910 25³.
345 2895 366 2917 q.
386 2887 405 2910 l».

224 2927 234 2941 ⁷
253 2926 310 2949 Vide
327 2933 396 2955 supra
416 2926 437 2948 d.
456 2926 492 2948 2⁵⁴.
510 2932 532 2954 q.
551 2926 571 2946 sl.
586 2938 613 2939 ff
632 2924 734 2946 Subinde
747 2927 796 2951 post
809 2930 865 2952 erqo
882 2924 1006 2952 qnantum-

163 2972 263 2995 rumqm'
280 2966 331 2988 cod.
350 2967 367 2988 tx·
387 2966 489 2987 inti-t-iirit
516 2963 597 2989 Ιιωιιη,
626 2962 688 2991 quod
713 2961 852 2983 vocabulum
871 2962 891 2983 iu
909 2961 1006 2990 Supple-

1057 674 1124 703 libet
1146 677 1273 703 teneatur
1304 677 1434 703 naturam
1457 674 1548 703 carnis
1580 683 1647 703 suae
1673 675 1802 712 diligere,
1832 676 1905 705 vide-

1057 725 1116 756 tur,
1137 721 1212 759 quod
1235 724 1363 750 teneatur
1385 721 1527 750 inimicum
1551 730 1634 751 suum
1657 722 1758 751 affectu
1780 731 1884 752 amare.

1136 770 1161 796 6.
1184 768 1266 800 Item,
1289 768 1361 796 sicut
1383 768 1466 805 culpa
1488 772 1529 797 est
1544 768 1731 803 detestabilis,
1753 769 1791 798 sic
1814 770 1904 807 imago

1056 815 1104 843 Dei
1127 818 1168 843 est
1190 814 1348 851 diligibilis;
1377 815 1425 843 sed
1447 818 1707 853 quantumcumque
1736 816 1820 845 homo
1847 816 1906 845 dili-

1057 865 1148 898 gatur,
1163 868 1274 898 semper
1295 864 1406 890 tenetur
1425 861 1508 890 homo
1530 861 1662 890 detestari
1677 862 1738 891 eius
1759 863 1870 900 culpam
1882 863 1903 891 ⁷:

1056 916 1123 944 ergo
1144 911 1404 945 quantumcumque
1426 916 1475 945 per
1497 908 1610 945 eulpam
1632 908 1815 943 adversetur,
1837 917 1906 938 sem-

1057 962 1107 991 per
1129 957 1241 983 tenetur
1261 955 1378 991 diligere
1399 958 1538 984 naturam.

1136 1002 1188 1030 Seu
1210 1009 1334 1031 CONTRA:
1370 1003 1394 1030 1.
1426 1002 1554 1031 Matthaei
1587 1002 1721 1040 quintoss:
1756 1003 1905 1038 Audistis,

1057 1049 1128 1087 quia
1150 1049 1262 1077 (lictum
1277 1053 1317 1077 est
1338 1049 1486 1087 antiquis.-
1505 1049 1613 1087 Diliyes
1628 1050 1760 1079 amicum
1782 1055 1864 1079 tuum
1880 1055 1906 1079 et

1057 1094 1123 1123 odio
1145 1093 1262 1123 habebis
1284 1095 1438 1124 inimicmn
1461 1099 1560 1129 tutum
1581 1096 1629 1125 sed
1651 1096 1686 1125 ad
1708 1097 1777 1125 nihil
1800 1097 1906 1126 morale

1056 1141 1216 1178 obligamur
1238 1150 1326 1176 nunc,
1348 1142 1383 1170 ad
1405 1142 1479 1179 quod
1503 1151 1556 1171 non
1578 1143 1770 1180 obligarentur
1796 1145 1903 1181 antiqui

1058 1188 1084 1216 in
1100 1189 1180 1225 Lege:
1207 1196 1274 1225 ergo
1288 1188 1310 1217 si
1333 1192 1399 1218 tunc
1415 1197 1468 1217 non
1492 1190 1658 1218 tenebantur
1672 1190 1707 1219 ad
1730 1190 1903 1228 diligendum

1057 1235 1217 1269 inimicum,
1240 1235 1288 1264 sed
1311 1236 1403 1272 potius
1424 1236 1457 1265 ad
1481 1236 1650 1271 odiendum3
1679 1237 1806 1272 videtur,
1828 1238 1903 1275 quod

1057 1290 1111 1311 non
1133 1290 1230 1311 omnes
1251 1286 1382 1312 tenentur
1404 1291 1477 1312 nunc
1499 1284 1625 1313 inimicos
1654 1284 1778 1322 diligere.
1808 1285 1904 1316 Minor

1057 1330 1208 1367 probatur:
1228 1330 1293 1367 quia
1314 1338 1400 1367 super
1419 1330 1488 1359 illud
1514 1331 1641 1360 Matthaei
1662 1331 1769 1360 decimo
1784 1332 1903 1369 quarto⁹

1057 1377 1091 1406 dc
1105 1377 1231 1415 quinque
1252 1377 1382 1414 panibus
1403 1381 1454 1406 etc.
1479 1378 1589 1406 Glossa:
1621 1378 1701 1407 «Non
1726 1378 1793 1413 alia,
1819 1388 1903 1416 quam

1057 1432 1129 1461 quae
1151 1424 1253 1461 scripta
1274 1427 1366 1458 erant,
1388 1424 1575 1461 praedicavit;
1597 1425 1646 1454 sed
1671 1426 1770 1462 Legem
1792 1429 1819 1454 et
1843 1426 1904 1454 Pro-

1057 1471 1156 1508 phetas
1182 1471 1323 1507 mysteriis
1344 1471 1460 1507 gravida
1481 1479 1541 1500 esse
1563 1471 1777 1500 demonstrat».
1801 1473 1831 1501 Et
1859 1473 1906 1502 ite-

1058 1526 1135 1552 rum,
1164 1517 1237 1546 tertii
1270 1518 1375 1555 Regum
1398 1518 1515 1555 septimo
1528 1519 1556 1546 ¹⁰:
1580 1519 1659 1547 Fecit
1680 1519 1787 1548 Hiram
1820 1528 1905 1548 mare

1057 1564 1146 1603 sitsile
1167 1565 1261 1593 decem
1283 1564 1465 1599 cubitorttm;
1480 1566 1516 1594 ibi
1538 1566 1648 1595 Glossa:
1671 1567 1798 1595 «Decem
1828 1575 1906 1604 prae-

1058 1612 1145 1649 ceptis
1167 1612 1193 1640 in
1223 1612 1292 1649 Lege
1313 1612 1406 1640 omnia
1428 1620 1499 1649 quae
1528 1613 1619 1641 facere
1641 1613 1793 1648 debemus,
1816 1614 1906 1642 Domi-

1058 1666 1112 1687 nus
1133 1658 1314 1695 expressit».
1338 1659 1362 1686 Si
1385 1667 1452 1696 ergo
1474 1659 1500 1687 in
1523 1659 1600 1688 nullo
1630 1659 1724 1688 decem
1748 1664 1906 1697 praecepto-

1058 1713 1122 1734 rum
1148 1705 1306 1733 continetur
1328 1705 1439 1734 dilectio
1468 1705 1584 1739 inimici,
1606 1714 1656 1735 nec
1684 1706 1718 1734 ad
1741 1706 1816 1734 aliud
1839 1707 1907 1735 obli-

1059 1755 1160 1789 gantur
1182 1751 1324 1783 moderni.
1346 1752 1380 1780 ad
1402 1752 1477 1789 quod
1500 1760 1552 1780 non
1569 1752 1762 1789 obligarentur
1784 1753 1905 1790 antiqui3

1058 1797 1170 1826 videtur
1191 1801 1241 1826 etc.

1138 1846 1163 1873 9.
1180 1845 1259 1878 item,
1273 1845 1361 1873 Lucae
1374 1849 1453 1874 sexto
1463 1846 1492 1873 ¹¹:
1502 1845 1620 1883 Diliyite
1632 1846 1767 1875 inimicos
1780 1850 1906 1880 ves-tro&

1058 1892 1096 1920 ibi
1118 1891 1227 1920 Glossa:
1256 1892 1336 1920 «Hoc
1361 1892 1546 1929 perfectorum
1568 1895 1610 1921 est
1625 1904 1656 1927 »3
1678 1895 1706 1921 et
1727 1893 1828 1922 iterum
1852 1894 1906 1921 alia

1059 1939 1167 1970 Glossa.
1190 1939 1242 1967 ibi:
1270 1939 1419 1968 «Ecclesia
1441 1939 1485 1967 hic
1507 1947 1560 1968 non
1577 1939 1647 1968 lacte
1668 1940 1808 1975 nutritur,
1830 1941 1905 1977 quod

1058 1990 1100 2016 est
1121 1986 1289 2023 simplicium
1311 1990 1338 2015 et
1360 1986 1603 2023 imperfectorum,
1623 1987 1671 2016 sed
1695 1987 1822 2015 validiori
1845 1987 1907 2016 cibo

1059 2033 1181 2062 caritatis
1204 2032 1354 2061 roboratur
1371 2043 1403 2066 »;
1425 2033 1474 2061 sed
1505 2033 1540 2061 ad
1573 2041 1605 2062 ea
1626 2041 1698 2070 quae
1730 2033 1907 2070 perfectionis

1059 2084 1137 2114 sunt,
1159 2088 1213 2108 non
1228 2088 1325 2108 omnes
1347 2083 1489 2108 tenentur:
1512 2080 1597 2117 igitur
1619 2088 1673 2109 non
1696 2088 1793 2109 omnes
1815 2084 1908 2109 teneu-

1058 2130 1106 2155 tur
1127 2126 1244 2163 diligere
1260 2127 1393 2155 inimicos.

1058 2227 1136 2248 'triento
1154 2227 1218 2248 Sum.
1237 2226 1297 2248 Alex.
1320 2226 1367 2248 Hal.
1385 2226 1458 2248 collat.
1476 2226 1513 2248 72.
1531 2232 1551 2248 a.
1571 2225 1591 2247 4.
1609 2226 1725 2248 invenitur
1742 2229 1794 2254 post
1815 2231 1907 2255 semper

1059 2265 1158 2287 tenetur.
1177 2264 1237 2286 Tum
1257 2270 1299 2292 pro
1316 2263 1414 2293 diliyere
1429 2265 1545 2287 naturam
1562 2264 1615 2286 edd.
1633 2267 1655 2286 et
1672 2264 1772 2286 nonnulli
1791 2264 1858 2287 codd.
1876 2263 1907 2287 di-

1060 2301 1132 2332 Iiyere
1148 2302 1198 2325 eius
1214 2303 1336 2326 naturam.

1123 2340 1132 2355 ⁸
1151 2342 1214 2364 vers.
1233 2341 1269 2364 43.
1287 2354 1318 2358 —
1340 2342 1360 2364 ln
1383 2341 1471 2364 minori
1491 2348 1536 2364 non
1559 2343 1626 2370 pauci
1647 2342 1714 2364 codd.
1736 2342 1842 2364 omittunt
1864 2347 1907 2364 tm-

1059 2380 1124 2410 tiqui.

1123 2420 1132 2433 ⁹
1150 2421 1215 2442 Vcrs.
1235 2421 1270 2442 119.
1289 2433 1319 2436 —
1335 2421 1414 2442 Glossa
1433 2423 1507 2442 sumta
1525 2423 1559 2442 cst
1576 2426 1602 2442 ex
1620 2420 1748 2442 Commont.
1767 2419 1853 2442 ltabani
1869 2426 1906 2441 su-

1061 2465 1103 2487 per
1120 2460 1181 2482 huuc
1198 2460 1286 2481 locum:
1306 2459 1401 2487 Tui-bis,
1425 2459 1498 2487 iuquit
1516 2459 1637 2487 llabanus,
1654 2458 1808 2481 esurientibus
1829 2458 1907 2480 Salva-

1060 2500 1095 2519 tor
1113 2504 1157 2519 nun
1180 2504 1237 2519 nova
1264 2500 1325 2519 creat
1347 2497 1443 2523 cibaria,
1470 2496 1510 2518 scd
1533 2497 1633 2524 acceptis
1650 2498 1683 2518 cis
1700 2502 1759 2525 quae
1777 2496 1907 2518 habuerunt

1061 2536 1177 2564 discipuli,
1189 2535 1313 2562 benedicit,
1324 2536 1376 2564 quia
1389 2536 1483 2557 venicus
1496 2536 1516 2556 in
1530 2541 1621 2557 carnem
1635 2541 1678 2556 uon
1692 2535 1745 2562 alia,
1758 2540 1828 2562 quam
1841 2536 1918 2561 prat-5

1061 2575 1119 2597 (licta
1132 2578 1191 2603 sunt,
1206 2574 1359 2602 praedicabat,
1377 2574 1417 2596 seit
1437 2575 1502 2602 Legis
1519 2577 1541 2596 et
1553 2574 1718 2601 Prophetarum
1735 2573 1817 2600 scripta
1836 2579 1906 2601 quarn

1061 2615 1104 2636 siut
1122 2615 1236 2642 mysteriis
1254 2615 1339 2641 gratiae
1357 2613 1464 2641 gravida,
1482 2613 1630 2635 demonstrat.
1657 2625 1685 2627 -
1704 2613 1745 2633 l‘ro
1760 2611 1907 2640 prandiam-it

1061 2653 1114 2674 cdd.
1132 2659 1185 2674 cum
1204 2652 1261 2674 bt·t'tt·
1280 2653 1356 2674 inultis
1374 2652 1442 2673 rodel.
1458 2650 1589 2680 prophetat.

1127 2690 1144 2705 ¹⁰
1163 2691 1226 2713 Vcrs.
1246 2692 1282 2713 253.
1298 2703 1330 2707 —
1346 2691 1424 2712 tilossa
1443 2689 1577 2715 (ordinaria
1591 2689 1652 2717 apud
1671 2689 1779 2711 strabum
1797 2693 1819 2711 ot
1837 2689 1904 2717 Lyra-

1063 2730 1128 2758 num)
1144 2729 1242 2751 (lt-libata
1260 2733 1294 2751 ost
1310 2736 1336 2750 cx
1355 2729 1430 2757 noda,
1449 2728 1476 2750 d(-
1495 2729 1592 2756 Templo
1609 2728 1749 2755 Salomonis,
1768 2734 1786 2750 c.
1809 2728 1842 2749 ill.

1126 2767 1142 2782 ¹¹
1163 2768 1227 2789 Vct-s.
1245 2768 1281 2789 27.
1301 2780 1329 2783 —
1343 2768 1414 2789 l’rima
1433 2767 1523 2794 tttossn,
1541 2773 1600 2795 quac
1618 2772 1688 2794 penos
1706 2766 1820 2793 Lyranum
1839 2766 1906 2788 liabe-

1063 2811 1099 2828 tur
1117 2810 1138 2828 ut
1165 2805 1336 2833 interlinearis,
1362 2808 1395 2826 vsi
1417 2805 1545 2827 secundum
1568 2805 1671 2832 August„
1694 2804 1807 2827 lint-hirid.
1831 2812 1849 2826 c.
1868 2805 1905 2827 73.

1063 2852 1083 2867 n.
1106 2846 1139 2867 lb.
1157 2845 1201 2866 Cir.
1220 2845 1255 2866 lii(-
1273 2845 1302 2867 lit.
1328 2844 1433 2871 Magistri.
1457 2844 1561 2866 s··cumt:1
1588 2844 1665 2865 tilossa
1692 2847 1726 2865 est
1743 2843 1866 2866 ordinaria
1885 2847 1906 2865 ct

1063 2887 1136 2905 sumta
1155 2889 1180 2904 vx
1199 2883 1312 2909 Anibi-us..
1331 2883 1357 2904 Υ.
1376 2883 1396 2904 in
1416 2882 1468 2904 Luc.
1487 2889 1507 2904 ιι.
1526 2882 1567 2909 7<2;
1586 2882 1606 2903 in
1625 2889 1650 2903 ca
1670 2888 1711 2910 pro
1728 2881 1836 2904 nutritur
1848 2883 1906 2904 Stiu-

1064 2922 1107 2943 tm<
1119 2928 1170 2943 cum
1184 2924 1242 2943 textu
1256 2922 1359 2947 originali
1372 2921 1486 2944 substituit
1498 2920 1619 2949 imbuitur,
1633 2923 1654 2943 ct
1666 2922 1748 2944 omittit
1760 2921 1829 2943 verba
1844 2921 1906 2951 qnod

1063 2961 1095 2982 est
1113 2960 1254 2989 simplicium
1273 2961 1293 2983 (Ἰ
1310 2959 1508 2989 ίφιι])(’ν[[’(τΙι)ι·ιιιιι.

1918 1009 1948 1028 Ad
1961 1010 2036 1033 opposi-

1954 1034 2000 1051 tum.
