2166 3366
278 190 334 219 406

356 269 383 297 [1.
406 269 485 302 ltem,
508 269 628 304 potestas
643 266 745 295 diaboli
769 266 812 295 vel
834 269 876 294 est
890 266 926 294 ad
948 255 1123 299 nocendam,

277 315 321 344 vel
342 319 384 344 est
405 315 440 343 ad
462 314 650 347 tentandum
672 313 720 342 sed
742 320 887 350 nunquam
914 312 1003 350 potuit
1024 320 1124 341 nocere

277 362 328 390 nisi
352 361 519 398 permissus,
541 368 686 397 nunquam
707 360 790 389 etiam
813 359 903 396 potuit
928 359 955 387 in
978 362 1123 396 peccatum

276 408 480 445 praecipitare,
508 407 559 435 nisi
589 407 773 444 praeberetur
802 407 826 435 ei
856 406 985 435 voluntas
1012 414 1124 435 consen-

278 463 325 484 sus
339 455 364 489 ¹3
385 458 412 483 et
435 455 485 483 hoc
507 455 599 492 ipsum
622 457 711 491 potest
734 454 830 482 modo:
853 454 875 483 si
897 462 964 491 ergo
989 454 1024 483 ab
1046 454 1123 483 initio

277 501 345 530 nihil
367 501 456 538 potuit
470 501 604 538 amplius,
627 501 738 530 videtur
753 501 826 530 idem
848 501 924 538 quod
946 501 1033 538 prius.

592 602 802 623 CONCLUsm.

276 689 335 717 Per
352 689 521 727 passionem
545 688 655 718 Christi
679 689 796 718 liberati
818 698 923 718 sumas
945 698 964 718 a
985 693 1123 726 potestate

355 736 474 771 diaboli,
491 745 588 765 oannes
603 736 719 774 quidem,
734 736 832 774 qaoacl
845 735 1062 774 sufficientiam,
1073 736 1124 764 sed

355 788 469 813 tantam
492 784 622 812 membra
646 784 789 812 Ecclesiae
811 784 908 822 quoad
929 783 1099 822 efficaciam.

356 880 532 908 RESPONDEo:
562 878 732 913 Dicendum,
754 878 842 915 quod,
864 878 936 907 sicut
957 878 1024 907 dicit
1044 878 1124 915 Magi-

156 933 261 952 c0n01us10.
276 928 332 955 ster
354 926 381 954 in
402 926 495 954 littera
505 925 522 960 ²,
549 932 624 962 «per
642 924 798 961 passionem
814 924 915 953 Christi
935 932 1034 953 sumus
1048 932 1064 952 a
1078 932 1124 961 po-

276 975 374 1002 testate
395 972 498 1001 diaboli
517 971 626 1000 liberati
642 982 668 1004 »,
688 979 784 1000 061665
799 971 913 1008 quidem
935 974 1071 1008 quantum
1088 971 1123 999 ad

276 1019 497 1058 sufficientiam,
519 1019 567 1047 sed
590 1018 634 1047 illi
659 1018 728 1052 soli,
751 1018 798 1055 qui
827 1021 893 1046 sunt
914 1018 948 1047 de
977 1018 1037 1046 eius
1066 1026 1123 1046 cor·

277 1074 357 1104 pore,
378 1066 453 1103 quod
475 1069 517 1094 est
538 1065 672 1097 Ecclesia,
694 1068 831 1102 quantum
852 1064 888 1093 ad
909 1064 1079 1102 efficaciam.

356 1113 387 1141 Et
409 1113 460 1141 hoc
479 1114 553 1149 patet
575 1112 621 1140 sic.
637 1111 771 1139 Diabolus
792 1111 866 1139 enim
881 1114 944 1140 ante
966 1111 1122 1147 passionen]

135 1167 208 1200 Duplex
225 1173 263 1194 mei-
276 1160 378 1188 Christi
406 1159 527 1188 hahebat
555 1158 696 1195 duplicem
725 1166 855 1192 manum,
882 1158 1012 1187 videlicet
1032 1162 1124 1187 attra—

136 1196 170 1209 m¹³
185 1191 262 1209 dmm
277 1206 386 1235 stentem
406 1209 433 1235 et
455 1205 642 1242 impellentem
655 1206 677 1233 ³:
701 1212 801 1233 manns
822 1204 975 1233 attrahens
997 1208 1057 1234 erat
1078 1214 1123 1242 po-

277 1257 361 1283 testas
384 1253 511 1282 trahendi
533 1252 568 1281 ad
591 1252 709 1280 limbum
731 1251 814 1280 etiam
837 1252 924 1280 iustos
946 1256 973 1281 et
994 1256 1122 1287 sanctos,

277 1309 376 1330 manus
398 1299 544 1336 impellens
565 1302 624 1328 erat
646 1301 767 1335 potestas
788 1298 988 1335 praecipitandi
1011 1299 1039 1327 in
1069 1307 1123 1327 ma-

276 1348 334 1376 lum
357 1347 400 1376 vel
422 1355 472 1384 per
499 1346 673 1384 fallaciam,
696 1346 739 1375 vel
768 1354 818 1383 per
846 1346 1028 1380 violentiam,
1057 1346 1123 1383 quia

275 1394 399 1424 tentabat
426 1397 458 1423 ut
479 1394 581 1427 draco,
609 1393 731 1422 tentabat
751 1396 783 1421 111
804 1393 845 1421 leo
857 1393 876 1420 ⁴.
901 1393 930 1421 Et
956 1393 1047 1429 prima
1069 1400 1124 1421 ma·

147 1448 260 1467 sommum.
275 1449 344 1475 nus,
370 1440 475 1470 scilicet
503 1440 677 1473 attractiva,
707 1442 765 1468 erat
789 1442 880 1468 tantae
908 1439 1062 1476 potentiae,
1092 1442 1123 1468 ut

275 1488 370 1516 nullus
396 1491 489 1524 posset
516 1487 539 1516 ei
562 1487 708 1519 resistere;
735 1490 762 1515 et
785 1487 852 1515 haec
880 1487 932 1515 fuit
959 1487 983 1515 ei
1010 1486 1122 1515 omnino

272 1538 416 1573 amputata
438 1543 487 1572 per
509 1535 676 1572 passionem.
699 1534 754 1562 lam
784 1535 858 1563 enim
881 1534 990 1563 nullum
1016 1534 1122 1562 iustum

273 1585 362 1620 potest
375 1582 410 1611 ad
426 1582 545 1610 limbum
560 1582 685 1617 trahere,
701 1582 767 1619 quia
781 1589 832 1619 per
847 1582 1003 1618 passionem
1020 1581 1121 1610 Christi

272 1630 396 1659 deletum
412 1633 453 1658 est
474 1629 694 1666 chirographum
710 1629 814 1666 peccati
837 1629 910 1657 Adae
923 1628 941 1656 ὅ.
958 1645 996 1649 —-
1011 1629 1122 1657 Manum

272 1680 367 1705 autem
389 1676 577 1713 impellentem
601 1675 720 1704 habebat
742 1675 779 1703 ita
798 1676 912 1710 sortem,
935 1678 966 1704 ut
981 1683 1044 1704 cum
1068 1683 1123 1703 ma-

275 1732 329 1762 gna
350 1723 514 1752 difficultate
535 1726 629 1760 posset
650 1723 713 1760 quis
743 1722 768 1751 ei
790 1722 928 1751 resistere.
952 1723 983 1751 Et
1004 1722 1067 1751 ideo
1094 1722 1122 1750 in

275 1772 372 1801 61111115
386 1771 533 1808 regnabat,
556 1770 641 1798 immo
656 1770 713 1799 fere
735 1770 762 1798 in
778 1770 922 1803 omnibus,
937 1777 1033 1798 omnes
1048 1770 1122 1798 enim

158 1827 262 1854 Dupliciter
275 1819 320 1848 vel
345 1818 496 1856 superabat
520 1825 570 1855 per
591 1816 829 1854 fh·ctztclztleittict1n
843 1840 850 1850 ‚
881 1817 924 1845 vel
948 1824 999 1853 per
1021 1816 1123 1845 violen-

166 1853 262 1893 fflffiff
276 1866 356 1895 tiam.
374 1866 404 1894 Et
426 1866 494 1894 haec
515 1867 638 1902 potestas
660 1864 803 1893 debilitata
817 1867 859 1892 est
882 1872 931 1901 per
946 1864 1122 1901 passionem,

147 1921 221 1948 nimiu
233 1925 262 1939 re·
275 1921 325 1950 per
340 1920 424 1950 quam
441 1912 537 1940 lamen
551 1911 685 1940 veritatis
699 1911 825 1948 aperitur
846 1914 942 1940 contra
957 1911 1121 1940 diabolicam

146 1945 236 1963 mefflum'
275 1959 523 1998 fh'aaclalentz‘am,
539 1961 566 1987 et
580 1958 764 1987 acliatorimn
777 1958 895 1986 virtutis
911 1958 1045 1987 tribuitur
1063 1966 1124 1987 con-

277 2009 320 2035 tra
334 2005 499 2035 diabolicam
515 2005 690 2033 violentiam.
706 2005 841 2042 Apparuit
861 2008 955 2033 autem
972 2004 1068 2033 lamen
1083 2014 1125 2033 ve-

276 2052 377 2081 ritatis
390 2055 418 2081 et
432 2052 550 2080 interius
572 2059 622 2088 per
637 2051 761 2079 divinam
777 2051 985 2088 inspirationem
1008 2055 1035 2080 et
1049 2054 1125 2080 exte-

278 2100 338 2128 rius
352 2107 402 2136 per
413 2099 566 2127 humanam
582 2098 802 2127 instructionem.
814 2098 870 2126 lam
881 2098 954 2126 enin]
971 2098 1028 2127 fere
1039 2098 1125 2126 omni-

274 2147 328 2175 bus
349 2149 390 2175 est
411 2145 514 2174 veritas
536 2145 693 2182 propalata,
716 2148 743 2173 et
765 2145 826 2173 ideo
848 2145 992 2173 destructa
1006 2148 1048 2174 est
1069 2145 1125 2173 ido-

273 2193 395 2227 lolatria,
411 2200 483 2230 quae
503 2192 582 2229 prius
601 2192 735 2229 regnabat
745 2191 764 2220 ²³.
777 2208 816 2212 —
828 2191 1021 2220 Anactorium
1040 2192 1123 2220 etiam

275 2240 393 2269 uirtutis
419 2239 554 2268 tribuitur
576 2247 627 2276 per
640 2239 758 2276 qratiae
781 2237 975 2275 infusionem,
991 2246 1062 2275 quae
1084 2246 1125 2267 re-

272 2287 370 2324 primit
388 2286 654 2323 concupiscentiam,
676 2288 703 2314 et
724 2293 774 2322 per
789 2285 954 2322 angel-icam
973 2285 1123 2322 protectio-

274 2343 354 2367 nem,
377 2342 449 2371 quae
470 2333 629 2370 comprimit
654 2336 681 2361 et
702 2332 830 2369 reprimit
854 2335 1005 2369 potestates
1026 2332 1123 2360 adver-

273 2388 334 2414 sas3
355 2383 382 2409 et
404 2380 455 2409 hoc
478 2379 551 2408 idem
566 2380 575 2394 ⁷
602 2380 705 2408 virtute
734 2378 885 2416 passionis,
916 2378 1014 2407 merito
1043 2378 1124 2407 cums

952 187 1205 217 SENTENTIARUM
1227 188 1286 216 LlB.
1308 188 1348 216 111.

1183 266 1301 295 mittitur
1323 267 1403 295 nobis
1424 267 1544 303 Spiritus
1566 269 1697 301 sanctus,
1720 266 1868 295 mittuntur
1894 267 1978 296 etiam
1999 270 2026 296 et

1182 314 1232 350 ipsi
1249 314 1364 351 angelici
1380 314 1507 351 spiritus,
1529 317 1561 342 ut
1575 317 1724 350 superetur
1745 314 1934 343 adversarius.
1950 315 2026 343 Unde
2040 321 2153 341 >lomna-sm.

1181 360 1309 389 diabolus
1331 360 1523 397 superomnia
1546 360 1679 389 abhorret
1703 360 1867 389 memoriam
1890 361 2026 397 passionis

1181 410 1208 436 et
1229 407 1349 444 figuram
1372 407 1478 441 crucis,
1494 415 1544 444 per
1559 415 1643 444 quam
1666 415 1764 436 sumus
1779 415 1795 435 a
1817 410 1950 444 potestate
1965 408 2025 436 eius

1183 454 1299 483 liberati.
1315 472 1353 475 —
1369 455 1495 483 Rationes
1511 454 1594 491 igitur
1617 454 1668 483 hoc
1683 455 1860 483 ostendentes
1878 455 2028 484 conceden-

1181 501 1232 530 dae
1255 505 1327 530 sunt.

1264 549 1286 576 1.
1308 548 1346 576 Ad
1370 548 1437 576 illud
1454 555 1520 584 ergo
1542 548 1617 584 quod
1634 548 1724 585 primo
1738 548 1876 582 obiicitur,
1892 549 1967 585 quod
1982 548 2027 577 ad·
2040 554 2111 582 Solqtio
2124 561 2156 580 op-

1182 595 1237 623 huc
1259 598 1344 623 restat
1365 594 1445 623 nobis
1466 594 1604 623 adversus
1632 595 1728 623 mundi
1752 598 1874 624 rectores
1899 595 2027 624 collucta-
2041 581 2149 602 positorum.

1181 642 1234 676 ti03
1256 641 1419 675 dicendum,
1435 641 1511 678 quod
1525 641 1653 678 quamvis
1669 642 1748 670 nobis
1764 642 1906 671 incumbat
1921 651 2026 680 pugna,

1182 697 1235 717 non
1251 692 1342 717 tamen
1364 689 1529 725 elongamur
1543 697 1559 717 a
1581 688 1712 720 victoria,
1728 689 1779 718 nisi
1803 689 1968 718 interveniat
1983 698 2028 718 no-

1181 739 1239 764 stra
1260 735 1443 772 negligentia,
1463 735 1618 764 secundum
1640 735 1715 772 quod
1738 735 1840 764 dicitur
1862 735 1968 773 primae
1989 736 2025 765 ad

1181 782 1337 811 Corinthios
1352 782 1460 811 decimo
1473 782 1495 810 ⁸:
1518 782 1626 810 Fidelis
1642 782 1735 816 Deas,
1750 782 1802 821 qai
1815 791 1874 811 non
1888 783 2027 820 patietur,

1183 838 1231 857 oos
1254 829 1362 857 tentari
1382 832 1442 863 etc.,
1463 829 1514 858 sert
1533 827 1624 866 faciet
1648 838 1715 857 cam
1737 829 1891 858 tentatione
1910 838 2028 866 proven-

1182 880 1265 909 tum,-
1286 879 1313 904 et
1334 876 1397 904 ideo
1418 883 1454 904 ex
1477 876 1524 904 illa
1546 876 1711 905 auctoritate
1732 884 1787 905 non
1808 879 1898 913 potest
1914 876 2026 910 haberi,

1182 923 1257 960 quod
1278 923 1358 951 nohis
1386 923 1545 960 praesideat
1572 926 1693 960 potestas
1719 923 1870 958 diabolica,
1899 923 2029 960 quamvis

1181 979 1231 999 nos
1253 978 1386 999 exercere
1408 978 1461 998 non
1484 970 1607 999 desistat.

1261 1019 1286 1046 ⁶2.
1310 1017 1347 1046 Ad
1370 1017 1439 1046 illud
1465 1017 1539 1053 quod
1561 1017 1704 1052 obiicitur,
1726 1017 1800 1054 quod
1820 1017 1846 1045 in
1869 1018 2028 1047 novissimis

1182 1064 1281 1093 diebus
1314 1064 1456 1092 instabunt
1488 1068 1615 1101 tempora
1646 1064 1826 1101 periculosa;
1857 1064 2157 1099 dicendum,u02andum.

1181 1112 1255 1149 quod
1277 1111 1406 1148 quamvis
1432 1119 1482 1148 per
1508 1111 1664 1148 passionen]
1693 1111 1728 1140 sit
1749 1114 1870 1148 potestas
1893 1111 2029 1140 diabolica

1181 1161 1328 1195 superata;
1344 1161 1436 1186 tamen
1460 1158 1485 1186 in
1502 1158 1581 1186 nobis
1602 1161 1643 1186 est
1659 1157 1732 1186 vires
1748 1158 1815 1186 dare
1838 1158 1908 1186 hosti
1928 1161 1954 1186 et
1979 1166 2029 1187 nos

1181 1205 1333 1242 subiugare
1362 1205 1489 1242 potestati
1518 1205 1630 1233 diaboli.
1659 1205 1690 1233 Et
1718 1205 1783 1242 quia
1813 1205 1839 1233 in
1871 1205 2028 1234 novissimis

1182 1252 1281 1281 diebus
1302 1251 1465 1280 abundabit
1486 1251 1647 1280 maltorum
1659 1251 1851 1288 perversitas,
1868 1256 1894 1280 et
1908 1251 2028 1290 refrige-

1180 1302 1238 1327 scet
1251 1299 1365 1327 caritas
1376 1298 1400 1331 ⁰;
1415 1298 1488 1327 vires
1503 1302 1596 1327 sumet
1610 1298 1746 1327 diabolica
1768 1302 1901 1335 potestas,
1917 1302 1943 1328 et
1955 1299 2028 1328 iusto

1182 1346 1229 1374 Dei
1246 1345 1348 1374 iudicio
1363 1346 1540 1382 permittetur
1563 1345 1684 1382 amplius
1699 1346 1734 1374 ad
1751 1345 1858 1374 malum
1874 1346 2027 1383 impellere,

1181 1400 1266 1429 quam
1288 1392 1443 1429 permissus
1464 1392 1556 1420 fuerat
1578 1392 1605 1420 16
1627 1396 1753 1429 tempore
1774 1392 1962 1429 praecedenti.

1261 1439 1287 1467 3.
1310 1439 1347 1467 Ad
1370 1439 1439 1467 illud
1462 1439 1537 1476 quod
1555 1439 1700 1473 obiicitur,
1723 1440 1798 1476 quod
1823 1439 1916 1468 adhuc
1938 1442 2028 1477 potest

1181 1486 1207 1514 16
1224 1486 1401 1515 vexationem
1417 1494 1567 1523 corporum
1583 1489 1610 1514 et
1631 1486 1855 1515 excaecationem
1877 1487 2028 1521 mentium;

1181 1533 1344 1567 dicendum,
1370 1532 1445 1569 quod
1468 1532 1519 1561 hoc
1541 1540 1595 1560 non
1617 1535 1707 1569 potest
1729 1533 1824 1567 modo,
1846 1533 1899 1561 nisi
1921 1533 1983 1570 quis
2004 1534 2028 1562 ei

1181 1588 1216 1609 ex
1239 1580 1322 1617 culpa
1337 1588 1388 1609 sua
1402 1580 1476 1608 vires
1500 1579 1615 1614 tribuat,
1631 1580 1703 1609 51661
1724 1583 1789 1609 sunt
1810 1580 1848 1608 illi
1866 1580 1914 1618 qui
1936 1581 2030 1609 Sacra-

1181 1630 1274 1655 menta
1295 1627 1397 1655 Christi
1416 1629 1610 1660 contemnunt3
1632 1627 1762 1664 quivero
1784 1627 1928 1656 humiliter
1942 1630 1970 1656 et
1984 1627 2028 1656 de-

1181 1677 1244 1703 vote
1265 1674 1450 1703 Sacramentis
1475 1677 1502 1702 et
1523 1674 1774 1703 sacramentalibus
1800 1681 1829 1703 se
1858 1674 2028 1709 subiiciunt,

1181 1729 1253 1759 quae
1274 1729 1290 1749 a
1311 1720 1438 1757 passione
1454 1720 1554 1749 Christi
1574 1720 1678 1749 habent
1699 1721 1845 1756 virtutem,
1861 1729 1915 1749 non
1937 1721 2030 1750 formi-

1181 1769 1248 1797 dant
1270 1767 1434 1797 diabolicam
1462 1770 1634 1804 potestatem.
1664 1768 1750 1796 Tanta
1771 1771 1813 1796 est
1838 1768 1912 1797 enim
1938 1768 2029 1797 virtus
2043 1776 2157 1795 Notandum.

1181 1816 1425 1844 sacramentorum
1443 1814 1590 1849 Ecclesiae,
1605 1818 1636 1843 ut
1651 1815 1733 1843 etiam
1749 1822 1778 1844 se
1790 1815 1924 1844 extendat
1939 1823 2028 1852 usque

1181 1862 1217 1891 ad
1239 1861 1384 1895 1611116165;
1406 1861 1480 1890 unde
1502 1869 1556 1890 non
1578 1864 1617 1890 tot
1645 1862 1727 1891 hodie
1748 1862 1877 1891 diabolus
1905 1862 2029 1897 obsidet,

1182 1912 1249 1946 quot
1264 1908 1393 1937 diabolus
1408 1912 1592 1937 consueverat
1606 1908 1744 1937 obsidere.
1760 1909 1860 1937 Scribit
1878 1909 1952 1938 enim
1968 1909 2031 1938 Gre-

1182 1955 1278 1993 gorius
1301 1955 1327 1983 in
1348 1955 1462 1991 Dialogo
1476 1955 1493 1969 ¹⁰
1507 1955 1542 1984 de
1557 1955 1678 1992 quodam
1698 1955 1811 1989 Iudaeo,
1828 1956 1875 1993 qui
1898 1964 1962 1985 cum
1977 1956 2030 1985 vel—

1184 2003 1219 2031 let
1234 2002 1358 2031 dormire
1379 2002 1405 2030 in
1422 2002 1481 2030 loco
1502 2002 1625 2036 deserto,
1642 2002 1761 2030 munivit
1782 2010 1811 2031 se
1826 2002 1904 2039 signo
1925 2003 2030 2037 crucis,

1182 2053 1209 2078 et
1231 2050 1380 2078 daemones
1402 2049 1647 2086 supervenientes,
1669 2057 1733 2078 cum
1756 2049 1859 2078 vellent
1880 2049 1973 2086 ipsum
1994 2050 2031 2079 of-

1182 2092 1308 2130 fendere,
1337 2104 1352 2124 a
1381 2095 1459 2133 signo
1480 2096 1572 2124 crucis
1598 2095 1702 2133 repulsi
1731 2099 1796 2124 sunt
1825 2099 1852 2125 et
1880 2097 2030 2131 dixerunt,

1183 2144 1275 2181 ipsum
1297 2151 1357 2172 esse
1379 2151 1428 2171 vas
1451 2151 1587 2177 vacuum,
1609 2143 1658 2171 sed
1679 2143 1828 2180 signatum.

1261 2191 1288 2218 4.
1309 2190 1349 2218 Ad
1374 2189 1443 2218 illud
1469 2189 1544 2227 quod
1566 2189 1709 2224 obiicitur,
1735 2190 1810 2227 quod
1831 2190 1900 2218 nihil
1922 2193 2031 2228 poterat

1182 2237 1234 2266 nisi
1256 2245 1306 2274 per
1328 2237 1376 2265 Dei
1400 2237 1625 2273 permissionem,
1647 2240 1711 2265 ante
1736 2237 1808 2265 sicut
1829 2240 1856 2265 et
1880 2245 1971 2271 nune:
1993 2237 2031 2266 di-

1183 2285 1316 2318 cendum,
1338 2284 1413 2321 quod
1434 2284 1508 2312 Deus
1529 2283 1622 2320 ipsum
1647 2283 1768 2320 amplius
1794 2284 1972 2321 permittebat
1993 2292 2029 2313 ex

1183 2332 1255 2360 iusto
1277 2339 1328 2360 suo
1356 2331 1478 2365 1111116111,
1510 2334 1537 2359 61
1557 2338 1709 2360 consensus
1740 2334 1834 2360 noster
1855 2331 1977 2368 amplius
2005 2332 2028 2360 ei

1182 2378 1345 2407 subiacebat
1366 2386 1402 2406 ex
1425 2377 1490 2406 vitio
1516 2381 1623 2412 nostro,
1646 2385 1696 2415 per
1724 2378 1776 2406 hoc
1799 2378 1873 2415 quod
1897 2378 2030 2415 regnabat

337 2525 343 2539 ¹
361 2525 406 2548 Csr.
424 2526 528 2553 August,
550 2525 651 2547 Enarrnt.
674 2526 695 2547 in
714 2525 748 2547 Ps.
767 2525 803 2547 61.
822 2531 843 2547 11.
862 2525 898 2546 20.
910 2537 941 2541 —
953 2524 1024 2547 Codd.
1048 2525 1077 2546 W
1089 2524 1121 2547 bb

274 2563 401 2587 voluntatis
419 2570 561 2593 consensus,
580 2564 632 2587 cdd.
652 2564 761 2587 voluntas
778 2565 799 2587 ct
816 2570 952 2587 consensus.

336 2603 346 2617 ¹2
363 2604 403 2626 Hic
420 2610 438 2625 6.
461 2604 478 2625 1.
496 2603 541 2626 Csr.
559 2604 627 2626 611661
645 2604 701 2625 intra
720 2603 741 2625 d.
761 2603 812 2625 XX.
831 2609 849 2625 6.
868 2603 889 2625 5.

336 2643 345 2657 ³
364 2643 421 2665 Vide
439 2644 548 2665 scholion.

337 2682 345 2696 ⁴
363 2683 466 2710 August„
485 2683 584 2704 linai-rat.
604 2683 624 2704 16
644 2682 677 2703 1)5.
696 2682 737 2709 90,
759 2682 796 2709 13,
814 2687 882 2703 serm.
902 2682 922 2703 2.
941 2687 963 2703 n.
982 2682 1006 2703 9:
1025 2680 1123 2704 Concol-

273 2719 336 2743 caln's
358 2720 446 2743 leonem
468 2722 490 2743 et
510 2720 660 2743 draconem...
683 2721 717 2742 leo
735 2723 813 2748 aperte
834 2721 918 2747 snex-it,
942 2719 1011 2742 draco
1034 2719 1122 2742 occulte

274 2759 403 2786 insidiatum
417 2762 538 2787 utramque
551 2759 598 2780 vim
616 2762 637 2781 61
650 2762 784 2787 potestatem
803 2758 870 2781 1161161
883 2758 995 2780 diabolus.
1009 2758 1052 2781 Csr.
1067 2761 1120 2780 tom.

275 2797 297 2819 11.
316 2803 368 2825 pag.
388 2797 440 2825 511,
460 2801 510 2819 nota
530 2798 550 2819 6.
1120 2794 1122 2796 ’

337 2835 347 2849 ⁵
364 2835 407 2858 Cl'r.
426 2839 512 2864 quaest.
531 2836 637 2863 praeced.
655 2840 676 2858 61
693 2836 715 2858 11.
738 2837 770 2858 18.
790 2843 809 2858 6.
828 2837 848 2858 ’2.
868 2843 889 2865 q.
909 2837 929 2858 3.

338 2874 348 2888 ⁴³
365 2874 427 2895 Sicut
444 2874 557 2901 praedixit
574 2875 623 2896 1561.
642 2876 669 2903 2,
692 2875 724 2896 17.
747 2876 779 2896 18.

337 2912 347 2926 7
364 2911 418 2934 Cod.
437 2912 451 2933 F
470 2913 551 2934 61611115
568 2914 589 2935 et
605 2912 648 2936 1106
665 2913 765 2942 quidem.

338 2950 347 2964 ὃ
365 2950 429 2972 Vers.
448 2951 546 2972 l3.—ln
560 2952 687 2973 testimonio
698 2952 764 2974 611610
777 2958 819 2979 pro
829 2952 933 2981 patietur
946 2953 1009 2975 multi
1020 2952 1087 2975 codd.
1100 2955 1122 2975 61

276 2989 328 3011 edd.
346 2989 363 3015 1,
374 2990 386 3010 ’Ξ
400 2993 476 3011 606116
491 2989 613 3017 Vulgatnm
626 2990 732 3012 exhibent
741 2990 856 3019 permittit
869 2991 928 3015 (cod.
942 2991 973 3013 bb
983 2991 1120 3020 permittet).

1240 2524 1249 2538 9
1268 2524 1342 2546 Manli.
1367 2523 1408 2551 224,
1435 2524 1472 2545 lQ:
1497 2524 1522 2546 Et
1544 2524 1653 2552 quonian]
1675 2523 1802 2545 abundavit
1824 2524 1945 2552 iniquitas,
1967 2524 2029 2546 resri-

1182 2566 1259 2591 gescet
1276 2564 1357 2586 6611165
1379 2563 1512 2585 multorum.
1527 2574 1559 2578 —
1577 2563 1598 2584 ln
1620 2562 1664 2585 fine
1684 2563 1750 2584 solut.
1773 2568 1814 2590 pro
1834 2562 1915 2591 fuerat
1937 2563 2030 2590 plurimi

1181 2602 1248 2625 codd.
1268 2603 1344 2624 minus
1361 2602 1419 2624 bene
1436 2601 1515 2631 fuerit.

1244 2640 1263 2655 ¹⁰
1279 2641 1340 2663 Libr.
1359 2641 1391 2663 111.
1412 2641 1498 2668 Diolog.
1511 2647 1529 2662 c.
1543 2641 1568 2662 7:
1582 2640 1686 2669 Quadam
1698 2646 1754 2662 vero
1772 2640 1807 2662 die
1820 2640 1917 2662 ludaeus
1934 2640 2030 2669 quidam

1181 2687 1207 2702 ex
1225 2680 1363 2708 Campaniae
1381 2679 1485 2707 portibus
1502 2679 1599 2701 Romam
1616 2680 1722 2707 veniens,
1740 2680 1828 2707 Appiae
1851 2678 1959 2707 carpebat
1977 2680 2026 2706 iter;

1181 2720 1219 2748 qui
1237 2719 1266 2741 ad
1284 2718 1420 2741 Fundanum
1438 2719 1524 2740 clivum
1542 2719 1689 2746 perveniens,
1709 2724 1760 2740 cum
1780 2719 1823 2740 iam
1842 2718 1903 2740 diem
1921 2724 2029 2746 vespera—

1181 2764 1244 2780 sccre
1262 2760 1365 2780 cerneret
1381 2760 1403 2779 61
1420 2763 1465 2786 qno
1484 2757 1596 2779 declinare
1615 2760 1704 2784 posset,
1723 2757 1816 2778 minime
1829 2757 1949 2784 reperiret,
1967 2757 2026 2778 iuxta

1181 2797 1290 2824 Apollinis
1308 2797 1419 2823 templum
1437 2797 1492 2823 11111,
1516 2796 1593 2824 ibique
1610 2802 1634 2818 se
1652 2795 1681 2817 ad
1703 2795 1843 2817 manendum
1861 2795 1960 2817 contulit.
1984 2795 2026 2823 Qui

1181 2837 1258 2863 ipsum
1276 2835 1316 2857 loci
1330 2836 1388 2857 illius
1405 2835 1549 2863 sacrilegium
1563 2835 1738 2862 pertimescens,
1752 2834 1858 2862 quamvis
1871 2833 1939 2855 fidem
1954 2834 2028 2855 crucis

1181 2875 1275 2896 1111611116
1293 2873 1398 2901 haberet,
1416 2875 1482 2901 signo
1501 2877 1575 2896 11111166
1593 2880 1617 2895 56
1635 2874 1709 2895 crucis
1722 2873 1811 2894 munire
1828 2872 1940 2894 curavit...
1953 2872 2029 2900 Quem

1181 2914 1274 2941 maligni
1292 2914 1385 2941 spiritus
1403 2916 1525 2941 pergentes
1542 2916 1564 2935 et
1580 2912 1684 2935 subtilius
1702 2913 1814 2934 intuentes
1826 2912 1900 2934 crucis
1917 2912 2027 2939 mysterio

1181 2954 1297 2981 signatum
1310 2953 1417 2975 viderunt
1428 2953 1582 2981 mirantesque
1595 2952 1711 2974 dixerunt:
1726 2951 1783 2979 Vae,
1801 2957 1854 2978 vae,
1868 2957 1909 2973 vas
1926 2957 2029 2973 vacuum

1182 2994 1203 3012 et
1220 2991 1342 3019 signatum.
1356 3003 1387 3006 —
1400 2991 1441 3012 l‘ro
1458 2990 1548 3013 deserto
1566 2989 1632 3012 codd.
1651 2989 1707 3011 lLs
1718 2995 1744 3011 aa
1754 2995 1779 3011 cc
1796 2990 1890 3012 secreto.
