2166 3366
142 486 223 505 Dubium
239 487 256 504 ι’».

123 1992 185 2015 Quare
203 1992 253 2010 solus

136 2015 194 2033 Filius
215 2020 253 2033 me-

136 2038 203 2057 diator.

252 2111 299 2143 de
320 2117 397 2143 Patre
416 2116 523 2150 legitur,
552 2115 623 2149 quod
653 2115 868 2142 reconciliaverit
897 2115 945 2141 sihi
974 2116 1112 2143 mundum.

195 2246 251 2269 Hesp.

271 193 327 222 398

271 278 348 297 usum
372 270 454 296 Filius
473 270 583 304 proprie
602 269 701 296 dicitur
720 269 889 302 redemptor,
909 269 974 303 quia
992 272 1017 294 et
1037 268 1062 294 in
1086 275 1115 295 sc

271 314 388 348 explevit
409 321 456 347 per
475 320 545 347 quae
564 313 698 339 iustificati
719 319 820 344 sumuS,
840 315 866 338 et
886 312 971 345 ipsam
991 311 1115 338 iustifica-

271 357 368 383 tionem
398 359 437 382 est
465 359 592 389 operatus
621 355 738 389 potentia
758 355 868 381 Deitatis
896 362 958 380 euni
988 355 1064 380 Patre
1091 357 1117 380 et

272 399 370 433 Spiritu
391 402 489 425 sancto.
510 398 556 424 Est
585 398 665 431 igitur
684 398 852 431 redemptor,
872 398 897 423 in
928 401 1057 432 quantum
1077 400 1116 422 est

272 443 356 472 Deus,
376 441 515 475 potestatis
535 449 602 472 usu,
622 444 647 467 et
676 441 701 466 in
730 444 859 475 quantum
889 439 983 470 stoma,
1013 439 1117 466 luunili-

271 485 331 510 tatis
351 484 459 510 effectu?
474 484 507 509 Et
532 483 640 517 saepius
665 483 764 509 dicitur
793 483 947 517 redemptor
966 482 1114 509 secundum

271 527 471 559 humanitatem,
498 527 562 561 quia
589 526 737 553 secundum
767 533 824 552 eam
855 529 880 552 et
901 527 925 552 in
946 533 976 552 ea
996 526 1117 559 suscepit

270 574 295 596 et
315 570 436 604 implevit
462 570 505 596 illa
534 573 717 603 sacramenta,
737 577 806 603 quae
825 573 886 596 sunt
907 576 989 596 causa
1010 572 1116 595 nostrae

269 613 469 647 redemptionis.
489 612 604 648 Proprie
625 613 705 646 igitur
724 612 807 639 Filius
835 613 934 639 dicitur
954 612 1115 645 redemptor.

633 698 692 725 cip.
714 698 754 725 VI.

584 786 622 811 De
641 784 794 811 mediatore.

339 870 386 902 Qui
402 871 475 897 solus
488 870 588 897 dicitur
600 869 743 901 medialor,
758 877 808 896 non
822 871 913 901 Pater,
935 870 974 896 vel
994 870 1110 904 Spiritus

268 917 383 940 sanctus.
404 914 441 940 De
460 921 513 948 quo
533 913 711 948 Apostolus¹z
735 914 808 940 [sniis
821 912 954 939 mediator
969 912 1019 939 Dei
1036 916 1059 938 et
1072 912 1116 939 lio-

266 956 375 983 minam
388 956 466 983 homo
482 955 604 983 Christus
618 956 706 986 lestis,
723 955 747 981 id
762 959 814 988 est,
828 963 876 989 per
890 956 1024 982 hominem
1038 955 1113 989 qnasi

268 1000 293 1025 in
315 1000 403 1026 medio
422 998 524 1025 arbiter
543 1002 582 1025 est
607 999 640 1025 ad
665 998 878 1033 componendam
900 1006 1008 1032 pacem,
1030 998 1054 1024 id
1076 1001 1116 1024 est

268 1044 300 1070 ad
330 1043 558 1070 reconciliandum
587 1043 709 1069 homines
737 1043 799 1068 Deo.
829 1042 899 1068 «Hic
928 1045 968 1068 est
995 1040 1114 1072 arbiter,

267 1093 346 1120 quem
367 1086 412 1112 lob
431 1086 577 1112 desiderat:
601 1084 710 1112 Utinam
730 1089 793 1111 esset
812 1084 889 1111 nohis
908 1083 1011 1111 arbiter
1025 1095 1048 1111 n.
1069 1085 1115 1111 Re-

266 1128 405 1155 cmzeiiiati
416 1128 489 1155 enim
501 1136 596 1155 sumas
610 1129 679 1158 Deo,
695 1132 723 1154 ut
741 1128 775 1154 ait
790 1128 933 1162 Apostolus
945 1128 962 1158 ²,
972 1136 1023 1162 per
1042 1136 1116 1153 mor-

267 1176 317 1198 tem
339 1171 459 1203 Cla-istst
484 1171 578 1206 «quod
599 1179 649 1197 non
669 1172 709 1197 sic
738 1174 777 1197 est
798 1171 1013 1204 intelligendum,
1035 1171 1113 1205 quasi

266 1222 314 1241 nos
335 1215 357 1240 ei
378 1215 417 1240 sic
436 1214 651 1240 reconciliaverit
670 1213 805 1245 Christus,
827 1216 854 1239 ut
869 1213 1000 1247 inciperet
1020 1220 1111 1239 amare

266 1265 334 1291 quos
352 1257 458 1289 oderat,
478 1257 547 1283 sicut
577 1256 767 1283 reconciliatur
796 1256 920 1282 inimicus
941 1256 1065 1288 inimico,
1085 1259 1114 1282 ut

266 1300 363 1327 deinde
391 1301 442 1326 sint
462 1300 557 1331 amici,
584 1300 628 1334 qui
654 1303 714 1326 ante
733 1307 761 1325 se
781 1299 906 1331 odcrant;
927 1299 972 1325 sed
995 1299 1045 1325 iam
1067 1307 1114 1325 nos

266 1343 384 1377 diligenti
406 1343 460 1369 Deo
480 1343 645 1369 reconciliati
663 1349 764 1368 sumus.
784 1341 842 1368 Non
863 1342 942 1373 enim,
963 1349 994 1368 ex
1015 1349 1069 1375 quo
1089 1341 1113 1367 ci

265 1385 430 1412 reconciliati
451 1392 543 1411 snmus
564 1392 612 1419 per
631 1384 787 1417 sanguinem
802 1384 873 1417 Filii,
889 1391 936 1410 nos
950 1384 1039 1418 coepit
1058 1383 1115 1410 dili-

265 1436 340 1462 gcre,
359 1428 405 1455 sed
426 1431 487 1455 ante
507 1428 650 1459 mundum,
671 1428 828 1462 priusquam
859 1435 906 1453 nos
925 1427 1026 1461 aliquid
1048 1434 1115 1453 esse-

266 1479 358 1498 mus».
379 1471 517 1503 Quomodo
538 1472 617 1506 igitur
637 1471 755 1505 diligenti
777 1478 824 1497 nos
845 1471 898 1497 Deo
912 1478 1005 1496 sumus
1025 1478 1115 1496 recon-

265 1514 368 1541 ciliati?
392 1515 525 1548 «Propter
545 1517 685 1548 peccatum
705 1520 767 1540 cuin
787 1521 817 1539 eo
839 1513 1006 1539 habebamus
1027 1513 1114 1539 inimi-

265 1558 357 1588 citias,
385 1557 432 1591 qni
461 1557 577 1583 habebat
605 1564 666 1591 erga
696 1564 744 1582 nos
769 1556 925 1587 caritatem,
951 1556 1030 1582 etiam
1051 1563 1113 1582 cum

266 1601 419 1627 inimicitias
439 1600 632 1627 exercebamus
658 1600 787 1627 adversus
815 1607 890 1632 eum,
910 1599 1047 1633 operando
1068 1599 1114 1625 ini-

266 1644 427 1678 quitatem».
453 1644 511 1670 «lta
532 1651 594 1677 ergo
615 1643 714 1670 inimici
736 1650 842 1669 eramus
862 1643 932 1673 Deo,
951 1643 1022 1669 sicut
1043 1642 1115 1668 iusti-

266 1687 318 1713 tiae
337 1690 398 1713 sunt
419 1687 525 1713 inimica
552 1690 677 1721 peccata3
698 1690 723 1712 et.
743 1686 820 1719 ideo,
840 1686 958 1712 remissis
979 1686 1113 1720 peccatis,

265 1730 331 1756 tales
351 1730 506 1756 inimicitiae
527 1730 672 1760 finiuntur,
685 1732 710 1756 et
731 1729 939 1755 reconciliantur
954 1729 1022 1755 iusto
1043 1736 1113 1763 quos

265 1773 323 1807 ipsc
350 1772 507 1799 iustificat».
538 1772 658 1799 Christus
687 1779 750 1805 ergo
779 1772 878 1798 dicitur
906 1771 1054 1802 mediator,
1080 1779 1112 1798 eo

265 1816 336 1850 quod
357 1815 461 1842 medius
482 1816 549 1842 inter
570 1816 652 1842 Deum
673 1818 699 1841 et
719 1815 839 1841 homines
866 1815 938 1849 ipsos
958 1815 1114 1841 reconciliat

265 1860 326 1885 Dco.
347 1859 511 1886 Reconciliat
525 1862 622 1891 autem,
636 1858 699 1885 dum
714 1858 873 1885 offendicula
889 1858 1026 1885 hominnm
1042 1857 1109 1884 tollit

266 1902 299 1929 ab
320 1902 405 1928 oculis
424 1902 482 1933 Dei,
504 1901 528 1927 id
550 1904 602 1933 est,
623 1901 686 1927 dum
701 1904 811 1935 peccata
826 1901 908 1932 delet,
921 1901 1021 1935 quibus
1041 1902 1113 1928 Deus

267 1945 463 1977 offendebatur,
482 1948 507 1971 et
527 1952 575 1971 nos
595 1944 694 1971 inimici
715 1944 772 1970 eius
791 1951 904 1971 eramus.
924 1959 960 1964 —
979 1944 1030 1971 Sed
1051 1952 1112 1971 cum

267 1991 378 2023 peccata
407 1987 495 2014 deleat
520 1995 571 2013 non
592 1987 664 2013 solus
683 1987 780 2015 FiliuS.
800 1986 847 2013 sed
870 1990 894 2013 et
915 1987 992 2013 Pater
1012 1990 1037 2013 ct
1056 1987 1114 2021 Spi-

265 2031 332 2057 ritus
351 2034 474 2062 sanctus,
493 2037 608 2064 quorum
629 2030 726 2056 deletio
746 2033 785 2056 est
805 2033 896 2056 nostra
915 2029 948 2056 ad
968 2030 1052 2056 Deum
1074 2037 1112 2056 re-

266 2073 432 2105 conciliatio,
452 2079 535 2106 quare
555 2072 628 2098 solus
647 2072 730 2098 Filius
754 2072 853 2098 dicitur
872 2071 1025 2098 mediator?
1044 2072 1111 2099 Nam

266 2160 308 2186 Ait
327 2159 397 2185 enim
418 2158 593 2193 Apostolus³t
615 2160 685 2185 Deus
713 2162 770 2185 erat
795 2158 824 2184 ia
851 2158 956 2184 Christo
976 2158 1112 2185 meandum

264 2202 318 2230 sibi
328 2201 515 2229 reconcilians.
535 2202 600 2228 Cum
622 2202 701 2236 igitur
720 2202 886 2233 reconciliet,
903 2209 988 2236 quare
1009 2209 1059 2228 nou
1076 2202 1113 2228 di-

265 2245 335 2271 citur
354 2244 626 2275 mediator?—Quia
641 2252 689 2271 nec
709 2244 813 2271 medias
833 2248 873 2271 est
894 2245 962 2270 inter
982 2245 1065 2271 Deum
1086 2248 1112 2271 et

265 2288 386 2314 homines
409 2295 457 2314 nec
487 2288 511 2313 iu
540 2295 568 2314 se
599 2287 692 2314 habuit
721 2287 764 2314 illa
794 2291 974 2319 sacramenta,
995 2295 1111 2321 quorum

266 2330 317 2356 fide
345 2333 369 2357 et
399 2330 545 2357 imitatione
572 2331 760 2361 iustificatum,
791 2330 814 2356 id
836 2334 875 2357 est
904 2331 1111 2357 reconciliamur

265 2374 326 2400 Deo.
346 2373 539 2400 Reconciliavit
559 2374 638 2407 igitur
657 2381 705 2400 nos
726 2377 777 2401 tota
792 2374 906 2400 Trinitas
919 2373 1028 2400 virtutis
1047 2382 1109 2404 usa,

945 191 1197 220 SENTENTIARUM
1218 193 1279 220 LlB.
1302 193 1340 220 tlt.

1173 270 1275 296 scilicet
1294 270 1356 296 duni
1378 273 1487 303 peccata
1509 269 1593 301 delet,
1614 269 1660 296 sed
1686 269 1768 296 Filius
1793 270 1865 297 solus
1892 269 2022 305 impletio-

1172 320 1206 338 ne
1224 311 1404 343 obedientiae,
1426 312 1450 338 in
1471 320 1524 347 quo
1544 315 1648 346 patrata
1677 316 1738 339 sunt
1757 313 1905 339 secundum
1929 314 2020 340 huma-

1173 362 1233 381 nam
1256 358 1385 386 naturam,
1406 363 1454 389 per
1473 362 1542 389 quae
1570 355 1710 381 eredentes
1730 359 1755 382 et
1775 356 1907 382 imitantes
1928 356 2020 383 iustifi-

1173 401 1275 424 cantur.

1529 484 1589 510 CM).
1610 484 1663 511 Vll.

1287 569 1438 596 Secundam
1457 578 1539 605 qaam
1558 574 1687 597 naturam
1706 570 1740 596 sit
1760 569 1902 597 mediator.

1244 655 1319 682 Unde
1338 659 1363 682 et
1382 655 1515 682 mediator
1529 656 1627 683 dicitur
1641 656 1788 683 secundum
1809 656 2016 688 humanitatem,

1160 705 1224 724 ‚non
1244 698 1391 724 secundum
1413 698 1590 725 Divinitatem.
1616 698 1694 725 «Non
1724 702 1763 725 est
1792 699 1862 725 enim
1888 699 2019 726 mediator

1174 741 1242 767 inter
1262 742 1345 767 Deum
1365 744 1389 767 et
1409 741 1506 773 Deum,
1534 742 1597 775 quia
1627 749 1695 768 unus
1720 745 1760 768 est
1779 742 1862 773 Deus;
1882 742 1929 768 sed
1949 742 2018 769 inter

1173 783 1256 810 Deum
1277 787 1302 810 et
1321 784 1466 814 homiuem,
1489 784 1565 818 quasi
1580 784 1648 810 inter
1667 784 1721 810 duo
1734 788 1868 817 extrema,
1887 785 1951 819 quia
1966 777 2021 812 me-

1173 826 1233 853 dius
1253 834 1310 853 esse
1331 834 1381 853 non
1402 829 1489 861 potest
1509 827 1558 853 nisi
1579 827 1647 853 inter
1666 827 1810 861 aliquast».
1831 827 1960 854 Mediator
1980 831 2019 854 est

1174 870 1267 904 igitur,
1287 870 1313 895 in
1333 872 1463 904 quantum
1483 865 1582 900 lmmo,·
1602 870 1702 896 namin
1722 873 1851 904 quantum
1873 870 1951 903 Deus,
1966 878 2017 897 non

1173 912 1317 944 mediator,
1337 912 1382 938 sed
1404 912 1524 946 aequalis
1550 912 1618 939 Patri
1639 915 1692 944 est,
1713 912 1764 938 hoc
1791 913 1861 939 idem
1881 913 1953 947 qnod
1975 913 2019 940 Pa-

1173 959 1224 985 ter,
1243 962 1304 981 cum
1326 955 1401 981 Patre
1420 963 1489 981 unus
1509 956 1586 982 Dens.
1607 955 1705 981 Mediat
1725 962 1787 989 ergo
1808 956 1875 982 inter
1895 955 2016 982 homines

1172 1001 1198 1024 et
1225 998 1476 1024 Deum-Trinitatem
1503 998 1651 1024 secundum
1682 998 1796 1024 hominis
1824 1001 1962 1031 naturam,
1992 998 2017 1024 in

1171 1048 1223 1075 qua
1243 1041 1362 1075 suscepit
1377 1041 1428 1073 illa,
1445 1048 1492 1074 per
1506 1048 1575 1075 quae
1590 1041 1796 1067 reconciliamur
1816 1041 2017 1073 Deo-Trinitati;

1172 1088 1197 1110 et
1215 1084 1363 1110 secundum
1384 1083 1494 1110 eandem
1516 1083 1597 1110 habet
1620 1083 1721 1118 aliquid
1742 1083 1828 1110 simile
1848 1084 1902 1109 Deo
1929 1086 1954 1110 et
1973 1083 2019 1110 ali-

1171 1126 1236 1161 quid
1262 1126 1348 1153 simile
1378 1126 1542 1158 hominibus,
1571 1126 1643 1160 quod
1674 1126 1814 1153 mediatori
1835 1126 2016 1160 congruebat,

1172 1177 1204 1196 ne
1224 1177 1273 1203 per
1292 1169 1381 1195 omnia
1409 1169 1504 1195 similis
1533 1168 1689 1195 hominibus
1718 1169 1795 1202 longe
1824 1172 1893 1195 esset
1912 1176 1926 1195 a
1948 1169 2018 1201 Deo,

1172 1216 1218 1239 aut
1236 1220 1284 1246 per
1303 1213 1393 1239 (nimia
1412 1213 1465 1239 Deo
1485 1213 1580 1239 similis
1609 1212 1686 1245 longe
1706 1216 1774 1238 esset
1794 1212 1827 1239 ab
1848 1212 2018 1244 hominibus,

1172 1259 1197 1282 et
1216 1256 1251 1282 ita
1273 1256 1403 1282 mediator
1424 1263 1474 1282 non
1495 1259 1571 1282 cssct.
1592 1255 1678 1282 Verus
1698 1255 1777 1289 igitur
1798 1255 1928 1282 mediator
1947 1255 2020 1282 Chri-

1171 1302 1227 1325 stus
1249 1299 1316 1325 inter
1336 1298 1461 1325 mortales
1481 1302 1638 1333 peccatores
1666 1301 1691 1324 et
1721 1298 1898 1325 immortalem
1919 1298 2016 1324 iustum

1172 1342 1298 1375 apparuit
1316 1340 1441 1367 mortalis
1461 1348 1521 1367 cum
1549 1341 1716 1372 hominibus,
1746 1340 1832 1367 iustas
1858 1348 1919 1367 cum
1949 1341 2018 1372 Deo;

1172 1391 1219 1418 per
1240 1383 1424 1418 infirmitatem
1445 1384 1629 1418 propinquans
1643 1383 1733 1415 nobis,
1748 1391 1796 1417 per
1811 1382 1940 1410 iustitiam
1955 1384 2017 1410 Deo.

1171 1427 1252 1453 Recte
1282 1427 1362 1459 igitur
1388 1426 1521 1453 mediator
1550 1426 1638 1453 dictus
1664 1429 1717 1458 est,
1746 1427 1807 1461 quia
1841 1427 1908 1453 inter
1935 1426 2017 1453 Deum

1172 1470 1347 1496 immortalem
1379 1473 1405 1496 et
1433 1470 1567 1495 hominem
1603 1469 1740 1496 mortalem
1771 1472 1810 1495 est
1839 1469 2018 1502 Deus-homo,

1172 1513 1348 1540 reconcilians
1377 1513 1512 1539 hominem
1543 1513 1611 1541 Deo.
1640 1513 1665 1538 in
1696 1515 1797 1539 tantum
1827 1512 1970 1543 mediator,
1991 1512 2016 1538 in

1171 1559 1300 1590 quantum
1321 1560 1361 1582 est
1380 1555 1478 1587 lzomm·
1499 1556 1524 1582 in
1553 1559 1682 1590 quantum
1703 1559 1792 1582 antem
1818 1553 1946 1585 Verbum,
1967 1562 2018 1581 non

1171 1603 1211 1625 est
1231 1599 1350 1631 medius,
1378 1599 1441 1633 quia
1471 1606 1539 1625 unus
1568 1606 1630 1625 cnm
1658 1599 1735 1624 Patre
1756 1599 1831 1624 Deus.
1852 1612 1889 1617 —
1908 1597 1934 1624 Si
1955 1605 2017 1632 ergo

1171 1641 1291 1668 Christus
1311 1642 1458 1668 secundnm
1482 1649 1543 1674 vos,
1563 1649 1578 1668 0
1593 1641 1735 1673 haeretici,
1757 1648 1835 1667 unam
1851 1643 1952 1666 tantum
1973 1640 2019 1667 ha-

1172 1685 1216 1711 het
1236 1688 1372 1715 naturam,
1393 1684 1463 1711 unde
1489 1683 1593 1710 wzedias
1623 1684 1694 1710 erit?
1714 1683 1769 1710 Nisi
1791 1684 1825 1710 ita
1845 1684 1879 1710 sit
1899 1683 2017 1714 medius,

1172 1732 1200 1754 ut
1219 1728 1288 1754 Deus
1307 1728 1341 1754 sit
1362 1731 1471 1762 propter
1492 1731 1613 1754 naturam
1634 1727 1784 1754 Divinitatis
1810 1730 1836 1753 et
1860 1727 1940 1753 homo
1961 1734 2019 1761 pro-

1170 1774 1230 1805 pter
1251 1771 1423 1797 humanitatis
1443 1774 1578 1801 naturam;
1599 1770 1734 1804 quomodo
1749 1770 1865 1796 bumana
1880 1770 1905 1796 in
1925 1777 1957 1796 eo
1976 1776 2017 1796 re-

1170 1813 1348 1840 conciliantur
1367 1813 1501 1839 divinis⁵?
1521 1813 1587 1839 Nam
1618 1813 1674 1847 ipse
1705 1812 1813 1839 veniens
1838 1813 1914 1846 prius
1944 1813 1967 1838 in
1989 1819 2017 1839 se

1171 1856 1287 1883 humana
1306 1856 1419 1882 sociavit
1438 1856 1536 1882 divinis
1556 1863 1604 1890 per
1624 1856 1763 1889 utriusque
1779 1858 1890 1882 naturae
1909 1855 2019 1887 coniun-

1170 1899 1285 1925 ctionem
1315 1899 1340 1925 in
1369 1906 1420 1925 una
1451 1906 1579 1933 persona;
1607 1898 1705 1925 deinde
1734 1905 1826 1925 omnes
1855 1898 1947 1925 fideles
1967 1905 2015 1932 per

1171 1945 1281 1968 mortem
1303 1941 1487 1968 reconciliavit
1506 1942 1572 1973 Deo,
1593 1941 1655 1968 dum
1684 1941 1768 1968 sanati
1789 1944 1851 1967 sunt
1870 1941 1904 1968 ab
1925 1941 2017 1975 impie-

1171 1988 1238 2016 tate,
1257 1985 1422 2019 quicumque
1442 1984 1618 2011 humilitatem
1647 1984 1763 2017 Christi,
1791 1984 1926 2011 credendo
1954 1984 2018 2011 dile-

1169 2031 1266 2054 xerunt
1285 2031 1310 2054 et
1329 2027 1465 2061 diligendo
1486 2028 1579 2054 imitati
1599 2030 1667 2053 sunt.
1687 2042 1723 2046 —
1742 2027 1829 2057 Ecce,
1850 2027 1893 2054 hic
1913 2027 2016 2062 aliqua-

1171 2074 1246 2097 tenus
1276 2071 1444 2101 insinuatur,
1472 2078 1556 2106 quare
1588 2070 1708 2097 Christus
1737 2071 1809 2096 solus
1839 2070 1938 2097 dicitur
1966 2078 2019 2097 me-

1169 2114 1256 2141 diator
1276 2115 1322 2141 Dei
1343 2117 1367 2140 et
1394 2114 1544 2145 bominum;
1572 2116 1598 2139 et
1616 2113 1764 2140 secundum
1784 2121 1867 2148 quam
1885 2117 2015 2140 naturam

1170 2157 1281 2188 mediet,
1301 2157 1404 2183 scilicet
1425 2157 1582 2187 humananu
1603 2160 1629 2182 et
1648 2155 1693 2182 eui
1705 2156 1817 2188 mediet,
1831 2156 1933 2182 scilicet
1953 2157 2017 2183 Deo-

1168 2201 1297 2227 Trinitati.
1319 2201 1439 2226 Trinitati
1459 2200 1529 2226 enim
1551 2207 1597 2226 nos
1617 2199 1801 2226 reconciliavit
1820 2206 1868 2233 per
1889 2202 2014 2232 mortem,

1169 2252 1217 2278 per
1236 2251 1317 2278 quam
1337 2244 1416 2269 etiam
1431 2250 1478 2269 nos
1493 2242 1606 2269 redemit
1625 2250 1640 2268 a
1659 2242 1788 2268 servitute
1807 2241 1915 2268 diaboli.
1935 2241 2015 2274 Nam,

1169 2290 1196 2313 ut
1218 2287 1309 2313 Petrus
1329 2287 1364 2312 ait
1387 2286 1411 2311 in
1431 2285 1560 2312 canonica
1580 2285 1698 2319 Epistola
1711 2284 1734 2316 ⁶,
1754 2292 1810 2310 non
1830 2283 2016 2319 corruptibili-

1169 2329 1217 2357 bus
1237 2338 1305 2356 (curo
1333 2328 1377 2355 vel
1403 2331 1513 2362 aryemo
1541 2326 1674 2362 redempti
1700 2334 1809 2357 siamus,
1834 2327 1881 2353 sed
1896 2326 2015 2362 pretioso

1168 2372 1300 2408 sanquine
1319 2371 1396 2406 :tyni
1414 2369 1589 2397 immaculati.

327 2681 333 2694 ¹
352 2681 404 2703 Loc.
423 2682 459 2703 cit.
477 2681 506 2703 ad
524 2681 583 2702 Τιιιι.
602 2682 627 2708 2,
646 2680 666 2702 5.
682 2693 710 2696 —-
724 2681 831 2709 Sequitur
848 2681 911 2703 locus
923 2682 1032 2708 August.⁷
1045 2681 1111 2702 Enar-

263 2722 303 2741 rat.
322 2721 343 2741 in
362 2720 395 2741 l‘s.
418 2720 465 2741 103.
485 2720 557 2741 Serui.
577 2719 596 2741 i.
616 2726 636 2741 n.
655 2720 680 2747 8,
699 2719 738 2741 ubi
761 2720 882 2747 respicitur
899 2719 953 2747 lob,
972 2720 997 2747 9,
1016 2719 1058 2747 313,
1077 2726 1109 2741 sc·

266 2758 368 2780 cundum
393 2759 549 2786 Septuaginta.
577 2758 690 2786 Vulgata:
716 2758 764 2780 Non
781 2761 815 2780 cst
832 2758 871 2786 qui
889 2760 1013 2786 utrumque
1037 2758 1111 2779 valeat

265 2803 374 2825 arguere,
392 2801 414 2819 et
431 2804 517 2825 ponere
535 2803 629 2819 manum
646 2803 712 2820 suam
731 2798 752 2818 in
770 2797 894 2819 ambobus.

327 2836 335 2850 ‘2
354 2837 419 2858 Rom.
437 2837 462 2864 5,
485 2837 517 2858 10.
536 2837 644 2865 Sequitur
662 2837 725 2858 locus
742 2837 852 2864 August„
871 2836 892 2857 in
911 2836 996 2863 iix-ang.
1012 2836 1069 2857 ioan.
1084 2839 1110 2857 tr.
1138 2834 1140 2870 l

268 2875 316 2896 110.
334 2881 355 2896 n.
373 2876 394 2896 fi.
413 2876 464 2903 Seq.
482 2876 546 2897 locus
563 2878 597 2897 cst
614 2875 683 2903 ibid.;
702 2876 780 2897 tertius
793 2875 855 2896 locus
873 2878 906 2896 est
924 2874 1035 2903 eiusdem,
1054 2875 1108 2896 Xlll.

264 2912 293 2934 de
311 2913 372 2934 Trin.
391 2919 410 2935 c.
433 2914 464 2934 io.
483 2919 504 2935 n.
523 2914 558 2935 at.

327 2950 336 2965 3
354 2952 420 2978 Epist.
439 2952 462 2973 ll.
480 2951 530 2974 Cor.
549 2953 575 2980 5,
598 2954 630 2974 19.

328 2988 336 3002 ⁴
352 2990 461 3017 August,
479 2990 560 3017 Expos.
579 2991 600 3012 in
619 2991 688 3018 Epist.
706 2991 735 3013 ad
753 2992 842 3014 Galatas
860 2992 895 3019 (3,
919 2992 961 3019 19.)
980 2997 1001 3013 n.
1020 2990 1069 3019 22„
1088 2992 1109 3012 in

1139 2683 1141 2688 '
1169 2687 1215 2708 quo
1242 2681 1291 2702 loco
1309 2684 1360 2707 post
1385 2679 1439 2708 qm'a
1465 2679 1529 2706 cdd„
1555 2682 1647 2706 excepta
1671 2679 1690 2705 l,
1717 2678 1805 2700 addunt
1822 2678 1926 2705 tantum,
1946 2678 2017 2699 refra-

1168 2724 1235 2747 gante
1253 2720 1321 2741 etium
1339 2719 1449 2746 originali.
1469 2730 1498 2733 —
1516 2718 1579 2746 Quae
1603 2720 1732 2746 sequuntur
1757 2717 1884 2739 secundum
1905 2722 2014 2744 sensum,

1168 2759 1260 2780 retentis
1278 2757 1382 2785 pluribus
1394 2757 1482 2784 verbis,
1497 2757 1601 2785 Magister
1613 2757 1723 2779 contraxit
1739 2762 1765 2778 ex
1784 2756 1891 2784 August,
1910 2755 1938 2777 X.
1956 2755 2013 2777 Con-

1168 2797 1219 2819 l'ess.
1232 2802 1250 2818 c.
1265 2796 1300 2818 42.
1315 2796 1350 2818 43.
1364 2803 1384 2818 ιι.
1403 2796 1439 2818 67.
1453 2796 1488 2818 68,
1503 2796 1650 2818 inveniuntur
1666 2796 1734 2817 etiam
1752 2796 1773 2816 in
1792 2794 1870 2816 Glossa
1882 2794 1910 2815 ad
1923 2794 1937 2815 l.
1951 2793 2012 2815 Tim.

1169 2837 1192 2863 2,
1211 2836 1236 2861 5
1255 2836 1317 2863 apud
1334 2836 1456 2863 Lyranum.
1475 2834 1519 2857 Csr.
1536 2835 1643 2863 August,
1662 2834 1676 2855 l.
1695 2834 1723 2855 de
1740 2833 1856 2856 Consensu
1874 2832 2012 2860 Evangetist.

1168 2880 1186 2896 c.
1205 2874 1241 2896 35.
1260 2881 1280 2896 n.
1300 2874 1335 2896 553.

1229 2913 1238 2927 5
1256 2913 1319 2941 Quae
1340 2912 1480 2940 praecedunt
1503 2916 1577 2933 sumta
1603 2917 1652 2933 esse
1674 2910 1780 2932 videntur
1802 2916 1828 2931 ox
1856 2909 1937 2937 vigilio
1962 2909 2010 2931 Ta-

1168 2953 1255 2980 pseusi‚
1276 2952 1301 2974 V.
1320 2955 1397 2973 contra
1416 2952 1569 2978 finis-cheten,
1589 2956 1609 2971 n.
1632 2949 1664 2971 123.

1229 2990 1238 3004 ⁶
1258 2990 1279 3012 ld
1298 2994 1330 3012 est
1350 2990 1363 3012 1.
1382 2989 1552 3017 e.l‚18.19.
