2166 3366
128 2259 261 2277 Fundamenta.

278 181 331 208 10ss

273 259 437 296 glorificatio
459 259 510 287 sihi
540 259 599 287 soli.
624 259 654 287 Et
675 258 737 287 ideo
767 266 819 286 non
850 258 992 295 sequitur,
1021 257 1119 295 quodsi

273 306 374 343 aliquis
389 309 478 343 potest
499 306 550 334 sihi
568 305 668 334 mereri
684 313 764 334 suam
781 305 1024 341 glorificationem,
1046 305 1121 341 quod

274 357 415 382 mereatur
437 353 537 381 Christi
561 353 777 389 conceptionem.

351 401 377 429 li..
400 401 439 429 Ad
461 400 531 429 illud
554 400 628 437 quod
650 400 793 434 obiicitur,
816 400 891 437 quod
909 399 958 437 qui
973 400 1041 436 petit
1063 407 1122 436 per-

273 451 451 482 severanter,
480 448 524 484 pie
552 450 579 475 et
606 447 641 476 ad
670 447 806 481 salutem,
836 447 1003 481 meretur13
1032 447 1123 475 dicen-

273 495 357 528 dum,
379 494 453 531 quod
478 502 574 523 verum
598 497 655 529 est,
677 494 698 522 si
715 497 790 531 petat
808 502 865 531 pro
885 502 933 527 se,·
955 494 1004 523 sed
1026 494 1122 523 nullus

273 541 365 578 petiit,
387 541 460 577 quod
484 540 569 569 Filius
590 540 638 569 Dei
660 544 817 569 assumeret
834 549 877 575 se,
900 545 927 570 et
943 542 1005 571 ideo
1026 541 1122 570 nullus

948 179 1203 208 SEN'l‘EN'l'lARUM
1226 180 1285 208 tin.
1309 180 1348 208 111.

1179 257 1231 288 hoc
1253 259 1356 290 meruit
1364 271 1370 294 3
1393 260 1512 296 petendo
1534 263 1626 288 tan‘ien
1648 260 1717 288 (aliis
1738 260 1919 288 merebantur
1943 260 2029 289 vitam

1179 311 1321 337 aeternam
1345 308 1412 342 sihi;
1434 311 1461 336 et
1483 308 1545 336 ideo
1574 316 1627 335 non
1651 308 1822 336 infructuose
1850 306 1975 335 orabant.
1991 324 2029 327 -—

1180 355 1274 384 Posset
1302 356 1384 383 etiam
1408 355 1480 389 dici,
1510 355 1585 391 quod
1608 354 1701 383 adhuc
1722 354 1806 382 hahet
1836 354 1905 382 illud
1927 355 2028 383 instan-

1179 403 1260 431 tiam:
1291 403 1403 439 quando
1434 402 1497 439 quis
1528 405 1677 438 quaereret
1698 409 1713 429 a
1746 401 1800 430 Deo
1832 401 2027 430 excellentiam

1181 450 1285 487 gloriae
1301 450 1389 483 Petri,
1406 449 1451 486 qui
1476 453 1548 477 esset
1564 456 1668 485 parvae
1683 448 1821 482 caritatis,
1841 456 1894 476 non
1910 448 2029 477 11001110-

1180 501 1273 530 101111,
1297 497 1362 533 quia
1388 497 1440 525 hoc
1466 496 1540 533 quod
1558 496 1637 533 petit.
1657 496 1756 524 merita
1771 503 1822 524 sua
1836 495 1956 524 excedit.
1978 496 2028 524 Per

1180 545 1255 573 hunc
1271 544 1385 572 modum
1411 546 1438 572 et
1453 543 1479 571 in
1496 543 1637 579 proposito
1656 545 1747 579 potest
1771 542 1901 570 instantia
1922 542 2027 571 inferri.

1019 666 1281 702 SOHOLION.

333 777 347 799 1.
366 778 448 806 Quoad
466 779 524 800 hane
541 780 564 800 ct
580 784 628 807 seq.
646 779 804 806 quaestionem
826 778 923 801 evidens
939 781 973 801 est
989 780 1120 802 communis

271 819 393 846 sententia,
412 818 474 847 quod
494 819 593 840 humana
612 817 693 840 Christi
712 820 791 840 natura
811 819 940 841 nullatcnus
957 820 1057 846 potuerit
1075 825 1120 841 me-

272 859 315 880 reri
334 858 443 879 unionem
462 858 641 885 hypostaticam,
667 861 689 879 et
714 857 777 886 quod
805 864 846 879 nec
871 858 947 880 Sancti
973 859 1057 880 vetoris
1079 858 1120 880 'l'e-

271 898 375 920 stamenti
402 903 443 919 nee
461 898 509 925 ipsa
528 897 551 919 B.
579 897 650 924 Virgo
668 898 784 924 potuerint
808 897 906 919 eandem
929 898 1012 919 mereri
1039 899 1120 920 merito

272 937 364 964 proprie
382 936 443 958 dicto
466 936 480 958 i.
497 942 517 958 e.
537 937 617 958 morito
635 935 761 965 condi-qni,
781 936 831 957 sive
850 937 974 958 incarnatio
992 936 1120 958 considero-

271 979 307 998 tur
324 976 345 997 in
364 975 444 997 ordine
461 974 595 997 intentionis
619 975 655 997 vol
682 975 877 1003 praedefinitionis
902 976 1006 1003 divinaey
1031 976 1079 997 sive
1097 976 1119 997 in

271 1015 351 1037 ordine
368 1014 532 1038 exsecutionis.
551 1014 677 1043 Loquendo
695 1017 770 1037 nutem
790 1014 818 1036 do
836 1016 917 1037 morito
935 1014 1037 1044 conqrui
1052 1018 1074 1037 ct
1092 1015 1120 1037 de

271 1055 370 1083 antiquis
388 1054 492 1077 Patribus
510 1057 531 1076 et
548 1054 690 1076 sanctissima
709 1053 778 1076 Matre
796 1054 849 1082 Dei,
868 1047 1000 1076 Scliolfistici
1018 1060 1120 1076 cominu-

272 1095 328 1116 nitcr
346 1093 490 1121 distinguunt
507 1094 581 1120 ipsam
600 1093 779 1115 incarnationem
802 1092 827 1115 in
843 1099 868 1115 se
885 1095 907 1115 et
924 1093 1001 1121 quoad
1019 1092 1121 1116 σίιύιιυι-

270 1132 380 1161 stantius,
402 1140 413 1153 «
424 1132 531 1154 videlicet
544 1133 665 1160 temporis,
678 1133 770 1160 generis
787 1135 810 1155 et
827 1138 960 1160 personae»
983 1132 1067 1159 (Aigid.
1086 1132 1119 1160 n„

271 1173 307 1194 hic
324 1179 346 1200 q.
365 1172 386 1194 3.
404 1179 424 1194 a.
443 1171 481 1200 1.),
500 1174 522 1194 et
539 1171 679 1200 concedunt,
697 1172 761 1200 quod
778 1172 833 1194 istae
847 1172 1042 1199 circumstantiae,
1056 1178 1120 1200 prae-

270 1212 348 1234 sertim
366 1212 499 1234 acceleratio
518 1212 641 1239 temporis,
660 1212 775 1239 potuerint
792 1211 869 1240 aliquo
888 1211 958 1234 modo
976 1211 1059 1234 cadero
1075 1211 1119 1233 sul)

271 1251 381 1273 rationem
395 1250 476 1272 meriti.
489 1250 557 1272 Addit
569 1252 645 1272 autem
658 1250 680 1272 S.
692 1250 852 1272 Bonaventura
866 1251 957 1272 tertium
969 1250 1120 1272 distinctionis

272 1289 415 1317 membrum,
434 1289 519 1311 scilicet
537 1289 615 1317 quoad
632 1288 773 1319 efficacium,
799 1289 827 1311 de
844 1296 891 1318 quo
909 1290 945 1311 hic
963 1291 1056 1318 proprie
1074 1296 1118 1311 non

270 1332 304 1352 est
320 1329 431 1358 quaestio.
450 1341 480 1344 —
497 1329 514 1350 Α
533 1329 647 1350 nonnullis
664 1329 830 1351 recentioribus
848 1330 884 1351 liic
901 1329 1023 1351 adhibetur
1041 1329 1119 1351 distin-

270 1369 314 1391 ctio
336 1369 394 1391 inter
419 1368 524 1390 ordinem
555 1367 689 1390 intentionis
715 1371 736 1390 et
760 1367 919 1391 eoeseciztionis
943 1368 1022 1396 (quam
1051 1369 1118 1390 otiam

271 1407 376 1430 Richard.
395 1414 405 1429 a
425 1407 482 1430 Med.
502 1408 538 1429 hic
556 1408 649 1435 innuit);
673 1407 734 1429 unde
751 1408 818 1430 etiam
839 1408 906 1435 paulo
924 1408 988 1429 aliter
1005 1408 1119 1436 quaestio-

271 1454 322 1470 nem
340 1448 469 1475 resolvunt,
488 1447 517 1469 (le
530 1453 576 1476 quo
589 1447 629 1469 csr.
648 1448 733 1469 Suarez
747 1448 767 1469 in
785 1453 808 1474 p.
822 1447 853 1469 lll.
867 1447 977 1469 Summae
994 1449 1008 1469 t.
1027 1447 1040 1468 l.
1059 1447 1118 1475 disp.

274 1488 306 1510 l0.
325 1490 378 1510 sect.
397 1487 444 1509 5-8.

333 1527 354 1548 ll.
373 1526 455 1555 Quoad
473 1526 496 1548 B.
515 1526 541 1547 V.
560 1526 665 1552 Mariam,
684 1525 712 1547 de
725 1532 769 1554 qua
788 1526 864 1553 agitur
880 1526 902 1547 in
916 1532 964 1554 seq.
978 1526 1118 1554 quaestione,

270 1565 370 1587 nonnulli
388 1565 526 1592 posteriores
539 1564 670 1586 Scliolastici
683 1565 798 1586 attii-mare
811 1564 945 1592 votuerunt,
963 1564 1061 1586 eandem
1074 1570 1119 1586 mc-

1177 781 1250 802 ruisse
1268 779 1295 802 de
1312 779 1428 809 011111ἰὶ9110
1446 786 1496 801 esse
1510 780 1603 801 Matrem
1621 779 1660 801 Dei
1678 780 1727 801 sive
1745 780 1819 807 ipsam
1831 778 1968 809 dlgynltutem
1980 785 2027 801 ma-

1177 820 1287 841 ternitatis
1304 820 1407 844 (11111111ος
1427 819 1491 848 quod
1503 820 1571 841 ceteri
1585 819 1739 841 communiter
1752 822 1846 847 negant,
1859 825 1912 841 cum
1926 825 1969 841 non
1983 819 2027 841 nisi

1177 858 1204 881 de
1222 864 1328 888 eonyruo
1347 860 1390 881 hoc
1406 860 1522 881 meruerit.
1535 858 1629 880 Addunt
1646 861 1722 880 autem
1740 858 1817 885 iidem,
1835 858 1897 887 quod
1916 859 1964 886 ipsa
1983 857 2026 880 dis-

1176 897 1316 927 positionem
1333 898 1362 920 ad
1388 899 1455 920 talem
1482 898 1628 925 dignitatem,
1647 897 1670 919 id
1691 899 1725 919 est
1742 900 1787 919 tam
1811 898 1949 920 eminentem
1975 904 2027 919 san-

1178 937 1259 959 ctitatis
1276 937 1388 965 gradum,
1407 940 1431 959 ut
1457 943 1559 965 congrue
1585 937 1684 964 potuerit
1702 943 1752 959 csse
1770 937 1839 959 Mater
1858 937 1906 965 Dci,
1932 942 2027 964 praeve-

1178 976 1293 998 nientibus
1311 976 1468 1004 singularibus
1485 977 1576 1004 gratiis,
1594 976 1662 998 ctiam
1680 975 1707 998 de
1726 975 1841 1005 condique
1859 976 1975 998 meruerit.
1996 987 2027 992 —

1178 1016 1223 1038 Nec
1240 1016 1302 1038 aliud
1320 1017 1340 1038 111
1359 1022 1384 1038 re
1409 1016 1430 1038 S.
1459 1017 1544 1038 Bonav.
1570 1016 1649 1043 sentit,
1668 1016 1723 1037 dum
1750 1019 1841 1043 praeter
1866 1016 1973 1037 meritum
1999 1014 2027 1037 de

1178 1061 1298 1084 conyruo,
1319 1055 1381 1084 quod
1400 1055 1482 1077 eadem
1500 1055 1579 1077 habuit
1596 1059 1647 1077 ante
1664 1055 1872 1082 annuntiationem,
1894 1055 1962 1076 etiam
1979 1059 2027 1076 me-

1158 1124 1160 1127 ,
1178 1094 1252 1117 iilum
1268 1094 1335 1124 ‹Ilynt'
1351 1094 1405 1123 (non
1425 1098 1502 1117 autem
1515 1094 1632 1124 conclz'qnt)
1649 1098 1700 1122 post
1718 1100 1856 1117 consensum
1874 1094 1950 1115 eidem
1967 1094 2027 1115 attri-

1178 1134 1234 1156 buit.
1247 1146 1277 1149 ——
1290 1135 1319 1155 De
1339 1134 1419 1161 triplici
1437 1134 1580 1156 distinctione
1599 1134 1684 1161 meriti,
1698 1140 1742 1162 qua
1760 1134 1831 1155 utitur
1843 1133 1879 1155 hic
1891 1133 1913 1154 S.
1932 1132 2026 1160 Bonam,

1178 1173 1217 1195 cfr.
1236 1173 1259 1195 ll.
1277 1173 1337 1195 Seni.
1356 1173 1378 1194 d.
1397 1173 1433 1194 27.
1452 1179 1471 1195 a.
1491 1173 1512 1194 2.
1531 1179 1552 1200 q.
1571 1173 1591 1194 2.
1611 1173 1631 1195 3.
1656 1172 1762 1194 Richard.
1781 1179 1792 1194 a
1810 1172 1868 1193 Med.
1886 1172 1933 1200 (hic
1958 1177 1977 1193 a.
2005 1170 2026 1193 3.

1178 1220 1199 1241 q.
1223 1213 1250 1241 l.)
1276 1212 1304 1234 ad
1332 1218 1380 1234 rem
1398 1212 1464 1235 dicit:
1487 1212 1562 1234 «titud
1590 1213 1710 1240 meritum,
1735 1218 1781 1240 quo
1805 1212 1826 1233 Β.
1855 1212 1925 1239 Virgo
1943 1211 2027 1233 meruit

1179 1252 1225 1273 lieri
1244 1252 1312 1273 Mater
1331 1251 1381 1278 Dei,
1399 1254 1474 1279 potest
1492 1251 1570 1273 vocari
1590 1252 1696 1273 meritum
1715 1249 1844 1278 decentiae,
1864 1250 1900 1272 vel
1918 1248 2027 1279 001191·μὲ-

1177 1290 1244 1319 tutis,
1264 1291 1300 1312 vel
1320 1293 1447 1312 secundum
1466 1291 1555 1319 aliquos
1574 1291 1681 1312 meritum
1699 1289 1851 1319 dignitatis».

1242 1330 1265 1351 lll
1285 1330 1324 1351 Alii
1343 1330 1475 1352 Scholastici
1494 1329 1522 1351 de
1540 1332 1637 1358 utraque
1654 1330 1787 1357 quaestione
1804 1329 1871 1351 simul
1885 1332 1980 1351 tractare
1992 1334 2026 1350 so-

1177 1369 1233 1390 lent:
1251 1369 1312 1390 Alex.
1331 1369 1385 1396 llal.,
1404 1369 1426 1390 S.
1445 1375 1467 1396 p.
1485 1368 1518 1390 lll.
1532 1375 1554 1397 q.
1573 1369 1593 1390 8.
1606 1375 1637 1390 111.
1657 1369 1677 1390 3.
1696 1375 1715 1390 a.
1734 1369 1755 1390 2.
1769 1369 1875 1395 —Scot.‚
1888 1367 1920 1389 Ill.
1932 1367 2025 1395 Report.

1177 1407 1199 1429 (l.
1216 1407 1238 1429 7.
1256 1414 1278 1435 q.
1297 1406 1317 1429 lt.
1337 1420 1365 1422 —
1383 1408 1405 1428 S.
1425 1407 1515 1435 Tuom,
1535 1407 1571 1429 liic
1583 1413 1605 1435 q.
1624 1407 1644 1428 3.
1658 1413 1677 1428 a.
1694 1407 1699 1428 l
1715 1414 1719 1433 ;
1737 1407 1759 1428 S.
1778 1407 1808 1428 lll.
1826 1413 1848 1435 q.
1867 1407 1888 1428 2.
1907 1406 1977 1428 3.·11.
1995 1418 2026 1421 —

1177 1446 1200 1468 B.
1219 1445 1311 1474 Athen„
1331 1447 1366 1468 hic
1383 1452 1402 1468 a.
1422 1446 1443 1468 8.
1461 1458 1491 1461 —-
1516 1446 1572 1468 l'ctr.
1599 1453 1610 1467 a
1639 1446 1700 1474 Tar,
1719 1446 1755 1468 nic
1773 1452 1794 1474 q.
1821 1446 1841 1467 2.
1867 1452 1887 1467 a.
1913 1445 1934 1467 2.
1953 1445 1974 1467 3.
1994 1456 2027 1461 —-

1177 1486 1251 1513 digiti.
1268 1486 1301 1513 R..
1320 1486 1355 1507 hic
1373 1492 1394 1514 q.
1419 1486 1439 1507 3.
1458 1492 1478 1507 a.
1498 1485 1518 1507 ¹l.
1538 1497 1567 1500 —
1584 1485 1678 1512 Dionys.
1696 1484 1779 1513 Carth„
1798 1485 1834 1506 nie
1851 1491 1872 1513 q.
1892 1485 1913 1506 2.
1933 1496 1962 1500 —
1980 1484 2025 1506 Biel

1177 1525 1206 1547 de
1224 1526 1265 1547 hac
1282 1528 1304 1546 et
1321 1531 1385 1553 seqq.
1404 1531 1442 1553 qq.
1461 1524 1497 1546 hic
1515 1530 1537 1552 q.
1554 1525 1629 1546 unica.

1041 1667 1204 1703 QUAESTtO
1226 1667 1255 1695 ll.

457 1756 562 1784 Utrum
585 1755 669 1784 beata
697 1755 784 1793 Vt'ryo
803 1755 904 1784 Μανία
925 1755 1067 1783 ‘meruerit
1090 1754 1241 1783 Christum
1260 1755 1426 1791 concipere,
1449 1762 1489 1782 (m
1510 1754 1656 1791 conceptio
1678 1753 1730 1782 illa
1750 1752 1843 1791 fuerit

855 1806 952 1835 30111111
972 1815 1007 1834 eac
1028 1815 1149 1834 munere
1168 1806 1288 1844 procliue
1309 1805 1435 1834 (livinae.

348 1919 475 1948 Secundo
507 1918 654 1955 quaeritur
686 1918 720 1946 de
751 1918 930 1954 conceptione
956 1916 1058 1946 Christi
1092 1918 1119 1945 in

268 1965 474 2002 comparatione
496 1965 530 1993 ad
555 1964 684 1993 meritum
703 1964 798 1993 heatae
815 1964 935 2001 Virginis
957 1964 1071 1999 Mariae,
1093 1967 1120 1992 et

268 2016 309 2042 est
324 2014 462 2050 quaestio,
485 2016 581 2041 utrum
600 2012 734 2041 meruerit
749 2012 829 2040 beata
845 2012 928 2049 Virgo
943 2012 1029 2040 Maria
1044 2011 1120 2039 Chri-

269 2063 343 2089 stum
373 2060 532 2097 concipere,
559 2068 593 2087 an
615 2059 701 2088 suerit
727 2060 870 2096 conceptio
896 2059 944 2087 illa
969 2058 1060 2087 solum
1082 2066 1118 2087 ex

269 2116 385 2136 munere
407 2107 518 2136 divinae
533 2107 647 2144 gratiae.
670 2107 701 2135 Et
716 2106 790 2143 quod
812 2106 891 2135 beata
906 2106 990 2143 Virgo
1013 2113 1120 2134 merue-

270 2155 305 2183 rit
326 2155 468 2183 Christum
491 2155 649 2191 concipere,
671 2154 840 2182 ostenditur:

350 2202 373 2229 t.
398 2201 447 2230 Per
464 2201 533 2229 illud
548 2200 623 2237 quod
639 2200 741 2229 dicitur
763 2200 853 2228 Lucae
870 2199 960 2236 primo
973 2199 995 2227 ²:
1015 2199 1118 2233 Beata,

269 2257 343 2287 quae
365 2248 518 2277 credidisti
522 2259 531 2282 ;
546 2248 685 2286 quoniam
700 2247 890 2285 perficientem·
905 2246 936 2275 in
952 2251 975 2275 te
990 2255 1065 2284 quae
1080 2246 1119 2275 tli-

269 2300 315 2325 cta
336 2299 407 2324 sunt
428 2295 480 2324 tibi
500 2304 520 2323 11
544 2295 684 2328 Domum,-
711 2295 759 2323 sed
786 2294 951 2322 annuntiata
976 2296 1036 2322 erat
1058 2302 1119 2322 con-

269 2344 358 2381 ceptio
379 2352 395 2371 a
417 2343 548 2371 Domino:
572 2350 638 2379 ergo
661 2342 722 2370 ideo
744 2341 881 2378 concepit,
903 2341 969 2378 quia
990 2340 1117 2369 credidit.

268 2391 321 2420 Sed
336 2393 456 2425 constat,
472 2390 547 2427 qnod
562 2389 632 2418 fides
654 2389 712 2418 sive
727 2389 879 2417 credulitas
898 2396 951 2416 non
967 2388 1020 2416 suit
1034 2396 1119 2416 cansa

268 2438 390 2467 efficiens
412 2437 616 2474 conceptionis:
640 2445 706 2473 ergo
727 2436 779 2465 suit
801 2444 885 2464 causa
908 2435 1059 2464 meritoria.

348 2487 373 2514 ἓ.
396 2485 476 2517 [tem.v
499 2485 526 2512 in
549 2484 679 2518 collecta,
708 2491 780 2520 quae
802 2483 905 2512 dicitur
932 2483 1119 2511 communiter

268 2533 303 2561 al]
330 2532 485 2561 Ecclesia⁵:
514 2531 736 2568 «Omnipotens,
763 2531 932 2567 sempiterne
961 2530 1048 2560 Deus.
1070 2530 1118 2567 qui

269 2579 404 2616 gloriosae
427 2578 548 2615 Virginis
569 2578 670 2606 Mariae
692 2585 795 2614 corpus
817 2581 844 2605 et
865 2576 1003 2610 animam,
1029 2579 1060 2605 ut
1082 2576 1120 2604 di-

269 2634 353 2663 gnuin
377 2626 434 2653 Filii
459 2626 497 2654 tui
522 2625 713 2653 habitaculum
734 2624 804 2652 effici
822 2627 992 2657 mereretur,
1014 2623 1119 2660 Spiritu

269 2676 363 2702 sancto
385 2676 550 2710 cooperante
566 2671 763 2709 praeparasti»
780 2674 831 2699 etc.
848 2671 878 2699 Et
893 2678 929 2699 ex
945 2671 996 2699 hoc
1018 2670 1120 2707 colligi-

1178 1921 1238 1951 tur,
1262 1917 1336 1954 quod
1358 1917 1438 1945 beata
1460 1916 1544 1945 Maria
1568 1916 1670 1945 meruit
1694 1919 1721 1945 et
1752 1916 1827 1953 quod
1849 1916 1933 1953 digna
1953 1916 2023 1944 fuit:

1178 1972 1244 2001 ergo
1267 1964 1370 1992 meruit
1391 1963 1491 1991 merito
1512 1963 1641 1999 condigni
1663 1963 1817 2000 concipere.

1257 2011 1281 2039 3.
1305 2011 1387 2045 110111,
1410 2010 1569 2039 Bernardus
1584 2010 1680 2047 quinto
1700 2010 1734 2038 de
1749 2009 1973 2039 Consideratione
1988 2009 2024 2038 ad

1179 2058 1331 2095 Eugenium
1345 2058 1364 2092 ⁴,
1387 2061 1509 2086 tractans
1532 2057 1600 2085 illud
1635 2057 1761 2085 Matthaei
1794 2057 1902 2085 decimo
1923 2057 2023 2085 tertio:

1178 2105 1279 2133 Sin'tz'le
1300 2109 1340 2133 est
1371 2114 1493 2142 requam
1522 2104 1672 2133 caelorum
1693 2103 1835 2142 fermento
1856 2107 1923 2138 etc.,
1945 2104 2024 2139 dicit,

1176 2152 1250 2189 qnod
1279 2152 1412 2180 «mulier
1441 2152 1493 2180 fuit
1519 2152 1670 2189 Sapientia,
1696 2160 1768 2188 quae
1788 2151 1930 2189 fermeuto
1958 2151 2024 2180 fidei

1176 2199 1273 2227 heatae
1296 2199 1415 2236 Virginis
1431 2199 1458 2227 in
1480 2198 1669 2227 incarnatione
1688 2198 1740 2226 tria
1755 2202 1815 2227 sata
1836 2198 2023 2233 commiscuit,

1175 2254 1301 2280 nouum,
1328 2246 1498 2284 emtiquum,
1525 2249 1698 2274 aeternum:
1725 2254 1832 2274 novum
1859 2246 1886 2274 in
1914 2245 2023 2274 animae

1176 2293 1315 2322 creatione
1337 2293 1371 2322 de
1393 2293 1492 2327 nihilo,
1514 2293 1670 2330 antiquum
1692 2293 1718 2321 in
1737 2292 1908 2321 assumtione
1930 2301 2024 2330 corpo-

1176 2341 1215 2369 ris
1237 2340 1270 2369 de
1300 2343 1401 2368 natura
1430 2340 1529 2374 Adam,
1552 2343 1705 2368 (tenemium
1727 2340 1752 2368 in
1775 2339 1877 2368 unione
1899 2340 2025 2368 divinita-

1176 2387 1251 2416 tis».
1277 2387 1346 2424 Ergo
1368 2387 1437 2415 fides
1466 2387 1563 2415 beatae
1585 2386 1704 2423 Virginis
1732 2386 1825 2423 aliquo
1854 2386 1937 2415 modo
1965 2394 2025 2415 coo-

1177 2438 1273 2471 perata
1294 2438 1335 2463 est
1357 2434 1383 2462 in
1414 2435 1465 2463 ista
1486 2434 1700 2468 couiniixtione3
1730 2433 1777 2462 sed
1804 2442 1857 2462 non
1886 2436 2021 2470 quantum

1176 2482 1212 2510 ad
1234 2481 1402 2518 principium
1429 2481 1519 2510 solum
1542 2481 1716 2509 effectivum:
1742 2488 1808 2517 ergo
1832 2488 1882 2517 per
1907 2480 2023 2509 modum

1177 2529 1277 2557 meriti.
1691 2530 1694 2531 ⁷

1254 2576 1280 2604 [1.
1302 2576 1386 2607 Item.
1408 2576 1488 2604 beata
1513 2575 1597 2612 Virgo
1618 2580 1666 2604 aut
1687 2574 1790 2603 ltabuz‘c
1810 2575 1927 2611 gratiam
1949 2573 2024 2603 suffi-

1176 2624 1293 2652 cientem
1307 2623 1326 2656 ⁵,
1348 2626 1560 2660 praeparantem
1584 2623 1671 2659 ipsam
1688 2622 1722 2651 ad
1742 2622 1948 2659 conceptionem
1964 2622 2023 2650 Filii

1175 2670 1243 2704 Dei,
1264 2673 1394 2698 autnon.
1416 2670 1441 2698 Si
1463 2670 1524 2703 310,-
1545 2670 1594 2699 sed
1616 2670 1704 2707 gratia
1719 2669 1888 2698 sufficienter
1909 2677 2023 2706 praepa-

334 2831 340 2845 ¹
359 2830 431 2853 Codd.
449 2834 471 2853 et
488 2830 540 2852 edd.
564 2831 584 2856 1,
603 2831 616 2852 ’2
634 2833 685 2852 ante
711 2831 817 2852 meretur
842 2832 949 2857 repetunt
973 2829 1043 2859 quud.
1069 2830 1119 2852 lllox

271 2877 312 2899 pro
330 2871 463 2893 assumeret
479 2875 503 2892 se
520 2870 571 2891 cod.
589 2870 606 2891 U
624 2870 759 2892 ussmneret
775 2875 872 2892 curnem
888 2874 933 2898 pro
945 2874 969 2892 se
981 2869 1081 2891 tumtun.
1096 2869 1117 2890 ln

271 2910 314 2931 linc
332 2910 398 2932 solut.
417 2915 459 2937 pro
476 2908 562 2937 ‘inferri
579 2909 630 2930 cod.
648 2909 666 2930 li
685 2908 752 2937 ferri.

334 2949 343 2962 ²
360 2949 425 2970 Vers.
444 2947 479 2969 45.
499 2960 528 2963 —
546 2948 658 2975 Superius
676 2953 718 2975 pro
735 2946 814 2969 solum
836 2953 867 2969 eae
892 2947 959 2969 codd.
978 2947 996 2969 K
1009 2946 1118 2975 l‘Qbe

270 2994 301 3011 er
318 2987 375 3010 solo.

1239 2829 1249 2843 ³
1266 2829 1287 2851 ln
1306 2829 1461 2857 Completorio
1478 2832 1529 2856 post
1547 2829 1695 2856 antiphonam
1713 2826 1783 2850 Salve
1802 2826 1896 2857 Rapina.
1934 2841 1941 2848 2

1239 2868 1248 2882 ⁴
1265 2868 1319 2897 Cap.
1340 2869 1375 2890 10.
1394 2875 1415 2890 n.
1434 2869 1471 2890 22.
1488 2874 1548 2896 seq.,
1562 2867 1602 2889 sed
1620 2867 1694 2889 fusius
1706 2866 1736 2888 ibi
1749 2873 1819 2895 quam
1833 2867 1868 2889 hic
1881 2867 1902 2888 in
1915 2873 1964 2894 arg.
1977 2866 2021 2889 Cfr.

1175 2908 1248 2930 Serm.
1267 2908 1287 2929 ⁶2.
1314 2908 1342 2930 de
1367 2908 1439 2929 Nativ.
1467 2907 1568 2935 Domini,
1595 2912 1616 2928 n.
1643 2906 1663 2927 4.
1689 2906 1763 2928 Locus
1786 2906 1868 2934 Script.
1889 2910 1923 2928 est
1945 2906 2021 2928 11131111.

1179 2947 1215 2974 13,
1234 2947 1271 2969 33.
1289 2959 1320 2962 -
1336 2947 1393 2968 Ante
1409 2945 1434 2968 in
1450 2944 1617 2969 incarnatione
1640 2950 1684 2966 non
1703 2945 1770 2972 pauci
1788 2944 1855 2967 codd.
1874 2951 1969 2967 erronee
1987 2951 2023 2967 re-

1175 2988 1256 3014 petunt
1272 2992 1339 3015 qaue.
1733 2983 1744 2997 ⁵
1760 2983 1816 3006 Cod.
1833 2984 1852 3006 t<
1870 2983 2021 3014 sufficienter.

2041 360 2106 378 Aliter.
