2166 3366
749 198 832 226 DlST.
855 198 919 227 XlV.
941 199 1004 226 ART

226 278 252 305 2.
275 277 357 310 Item,
390 276 497 305 Ioannis
522 276 653 313 primolz
687 276 779 303 Deum
810 284 892 304 nemo
918 276 992 305 vidit

148 332 301 362 tamquarm
323 331 407 360 super
437 323 514 351 illum
545 323 635 351 locum
666 323 732 351 dicit
759 323 991 359 Chrysostomus:

154 383 166 396 «
181 370 261 399 Solus
284 370 367 398 Filius
388 378 451 398 eum
475 369 544 398 vidit
565 373 592 398 et
606 369 726 406 Spiritus
741 373 869 403 sanctus;
884 370 931 406 qui
947 378 993 398 au-

148 422 203 447 tem
225 417 354 446 creabilis
375 421 416 445 est
438 421 554 445 naturae
582 416 702 453 qualiter
724 416 820 445 videre
841 420 931 453 potest
956 417 994 445 in—

149 464 297 494 creabilem
313 466 346 492 »?
368 464 393 492 Si
415 472 482 500 ergo
500 464 593 492 anima
607 463 708 491 Christi
725 471 774 492 nec
788 467 830 491 est
845 463 928 492 Filius
943 472 993 493 nec

149 511 269 548 Spiritus
290 514 418 544 sanctus,
440 510 489 538 sed
512 510 600 546 magis
622 513 767 544 creatura3
789 518 842 538 non
865 510 993 545 videtur,

148 558 224 595 quod
246 557 321 585 illam
344 556 434 585 lucem
457 556 549 584 videat
572 556 597 584 in
620 564 649 584 se
670 556 738 593 ipsa.

228 604 254 632 3.
276 603 356 637 item,
378 606 514 639 quantum
530 602 614 631 distat
629 602 738 631 finitum
753 603 788 631 ab
804 602 923 637 infinito,
939 607 995 632 tan-

149 655 208 679 tum
231 650 314 678 distat
345 653 474 678 creatura
495 657 511 677 a
532 648 681 682 Creatore;
702 649 749 677 sed
772 653 886 686 propter
908 649 995 677 infini—

150 702 204 726 lam
227 696 386 725 distantiam
409 695 485 723 nulla
507 696 597 724 virtus
619 695 695 723 finita
717 699 806 732 potest
829 704 994 732 cognoscere

149 744 237 772 Deum
260 746 290 771 ut
312 742 525 770 immensum&
547 750 613 778 ergo
633 742 692 779 pari
709 742 813 770 ratione
829 746 942 779 propter
958 742 994 770 in-

149 790 255 818 finitam
277 788 435 818 distantiam
458 788 536 817 nulla
557 789 647 817 virtus
669 793 761 817 creata
783 789 884 825 poterit
898 797 995 824 cogno-

149 843 226 865 scere
247 839 275 864 et
296 835 391 864 videre
413 835 509 863 lumen
531 835 695 863 increatum
717 844 767 872 per
788 843 817 863 se
839 835 940 872 ipsum.

228 883 254 911 [ι.
277 882 359 915 ltem,
381 882 453 910 sicut
474 882 508 911 ad
525 883 707 919 cognitionem
730 881 994 918 comprehensionis

150 930 303 967 requiritur
325 929 560 958 commensuratio
581 929 735 966 quaedam,
758 929 795 957 ita
815 929 848 957 ad
866 928 994 965 cognitio-

149 984 212 1005 nem
228 984 243 1004 a
259 980 337 1013 parte
350 976 359 989 ⁸
374 976 497 1004 visionis
514 976 666 1012 requiritur
680 976 842 1004 assimilatio
857 983 993 1012 congrua3

149 1023 199 1052 sed
219 1030 291 1060 quae
312 1023 338 1050 in
362 1022 439 1051 nullo
460 1023 628 1051 conveniunt
656 1031 709 1050 non
742 1026 858 1059 possunt
889 1022 994 1050 assimi-

151 1070 219 1098 lari:
242 1077 308 1106 ergo
330 1070 443 1097 Creator
465 1077 518 1097 non
541 1073 631 1106 potest
652 1077 668 1097 a
690 1072 819 1097 creatura
840 1069 867 1096 in
890 1076 918 1097 se
934 1069 994 1105 ipso

150 1116 254 1151 videri,
276 1124 339 1145 cum
362 1115 429 1144 nihil
454 1116 574 1144 habeant
595 1123 750 1144 commune.

227 1163 252 1191 5.
275 1162 354 1195 Item,
378 1162 465 1190 multo
487 1162 551 1198 plus
572 1162 683 1191 excedit
702 1162 814 1190 claritas
829 1162 939 1190 divinae
956 1161 994 1189 lu-

148 1209 187 1237 cis
208 1209 320 1237 oculum
343 1209 452 1237 animae
473 1208 592 1243 Christi,
614 1216 698 1245 quam
721 1208 761 1237 sol
777 1202 895 1236 ex'cedat
916 1207 995 1236 clari-

149 1259 232 1284 tatem
247 1255 319 1284 oculi
343 1255 513 1289 materialis3
536 1255 583 1283 sed
606 1255 705 1283 oculus
727 1258 820 1283 noster
843 1254 995 1283 materialis

148 1310 201 1330 non
223 1305 313 1339 potest
334 1302 434 1330 intueri
459 1302 552 1330 lumen
575 1302 720 1339 corporale
742 1302 768 1329 in
787 1300 866 1339 fonte
882 1305 995 1338 propter

147 1349 360 1378 excellentiam:
382 1357 449 1386 ergo
470 1357 520 1377 nec
542 1349 699 1377 intellectus
720 1348 831 1376 Christi.

226 1398 252 1425 6.
275 1397 358 1430 Item,
379 1396 440 1425 fons
462 1396 565 1424 aeterni
590 1396 703 1424 luminis
726 1396 751 1424 in
774 1403 804 1424 se
827 1396 886 1432 ipso
901 1399 943 1424 est
959 1396 996 1423 in-

150 1443 244 1472 tinitus
265 1447 292 1471 et
314 1443 486 1475 immensus;
520 1443 567 1471 sed
590 1442 699 1470 finitum
723 1450 777 1470 non
800 1446 889 1479 potest
912 1450 997 1479 super

150 1490 306 1518 infinitum:
329 1498 395 1526 ergo
417 1497 481 1518 cum
504 1489 594 1517 virtus
612 1489 722 1517 animae
737 1489 837 1517 Christi
855 1490 889 1517 sit
905 1489 997 1523 finita,

151 1546 202 1565 uon
218 1537 318 1573 poterit
333 1541 412 1565 actus
426 1537 487 1565 eius
502 1544 532 1564 se
547 1536 713 1572 protendere
729 1544 819 1572 usque
835 1536 870 1564 ad
888 1536 995 1572 ipsum:

150 1591 216 1620 ergo
236 1590 289 1610 non
314 1582 414 1619 poterit
436 1582 527 1618 ipsum
549 1590 716 1618 cognoscere
738 1582 765 1610 in
788 1589 817 1610 se
834 1581 907 1618 ipso:
931 1590 997 1618 ergo

151 1630 278 1663 videtur,
299 1628 373 1665 quod
397 1636 446 1657 nec
467 1629 559 1656 anima
581 1628 681 1656 Christi
704 1636 753 1657 nec
775 1628 830 1656 alia
844 1629 938 1656 anima
957 1636 999 1656 co·

149 1680 263 1714 gnoscat
285 1676 373 1704 Deum
397 1675 422 1703 in
445 1675 570 1703 claritate
592 1683 651 1703 sua.

228 1724 280 1752 SED
296 1731 420 1752 CONTRAt
440 1723 462 1750 l.
485 1722 574 1758 Super
596 1722 666 1750 illud
688 1722 827 1751 secundae
849 1722 883 1750 ad
907 1722 998 1750 Corin-

24 1785 142 1804 undamenia.
151 1771 223 1800 tutos
245 1770 363 1799 tertio⁴:
397 1769 456 1798 Nos
487 1768 615 1797 revelata
635 1767 735 1806 faeie;
756 1769 865 1797 Glossa:
894 1780 907 1793 «
923 1769 999 1797 Chri-

150 1822 210 1847 stus
231 1822 273 1847 est
294 1818 385 1852 imago
408 1817 495 1845 Patris
516 1816 612 1845 eadem
636 1824 699 1844 cum
723 1816 784 1849 illo,
800 1816 825 1844 in
842 1823 924 1853 quem
943 1819 999 1844 ten-

150 1865 259 1897 dimus,
281 1864 385 1892 scilicet
406 1867 437 1891 ut
458 1870 521 1892 eum
545 1862 571 1890 in
600 1863 719 1891 essentia
752 1862 897 1891 videamus
912 1872 944 1890 »2
975 1862 996 1890 si

151 1920 217 1949 ergo
245 1911 346 1939 Christi
379 1911 471 1938 anima
502 1909 586 1938 habet
607 1910 641 1938 ad
664 1910 738 1946 quod
767 1910 881 1938 nitimur
903 1917 998 1946 perve-

152 1959 224 1992 nire,
246 1966 313 1994 ergo
335 1958 422 1986 Deum
445 1957 520 1985 videt
541 1956 568 1984 in
589 1956 745 1985 substantia
766 1959 793 1985 et
814 1959 923 1984 natura.

229 2006 255 2033 9.
277 2005 358 2038 ltem,
381 2004 444 2040 plus
464 2008 505 2032 est
526 2004 599 2032 uniri
622 2003 703 2031 alicui
728 2004 754 2032 in
777 2003 911 2032 unitatem
938 2011 997 2039 per-

150 2059 232 2080 sonae
254 2059 337 2088 quam
365 2051 390 2079 in
414 2051 543 2080 unionem
566 2051 710 2079 facientem
733 2050 932 2087 cognitionem;
948 2049 995 2077 sed

150 2098 243 2126 anima
265 2097 366 2126 Christi
389 2097 479 2126 Verbo
501 2101 613 2126 aeterno
634 2097 792 2125 immediate
814 2096 891 2124 unita
913 2100 954 2124 est
970 2096 996 2124 in

151 2144 285 2173 unitatem
308 2144 479 2181 personae⁵:
501 2152 567 2180 ergo
591 2143 678 2172 multo
701 2143 800 2172 fortius
817 2142 867 2180 ipsi
885 2142 994 2171 veritati

151 2194 177 2220 et
200 2191 253 2219 luci
276 2191 358 2219 Verbi
388 2191 484 2218 unitur
506 2198 555 2227 per
577 2190 759 2226 cognitionem
783 2189 870 2226 ipsius
892 2189 917 2217 in
948 2197 995 2218 se:

151 2244 217 2273 ergo
239 2236 297 2265 sine
319 2236 412 2273 aliquo
434 2236 526 2264 medio
548 2236 634 2264 Deum
658 2236 740 2264 videt.

231 2282 256 2311 3.
279 2283 361 2316 item,
394 2283 419 2310 in
451 2282 605 2319 cognitione
634 2282 842 2311 conclusionum
873 2290 925 2310 non
955 2286 997 2311 est

152 2329 246 2366 quies,
280 2329 328 2357 sed
350 2329 439 2357 solum
463 2328 489 2356 in
512 2328 666 2365 cognitione
688 2328 888 2365 principiorum
911 2345 948 2349 -
970 2331 997 2357 et

153 2376 223 2403 ratio
245 2375 329 2404 huius
357 2378 414 2409 est,
445 2375 510 2412 quia
532 2375 623 2403 anima
645 2375 784 2411 cognoscit
805 2375 997 2404 conclusiones

1007 220 1013 225 .
1036 199 1053 226 1.
1076 199 1212 235 QUAEST.
1234 199 1272 226 lll.
1838 201 1893 230 303

1049 284 1098 313 per
1120 277 1257 311 medium,
1272 277 1408 314 principia
1422 285 1489 306 vero
1503 277 1642 314 cognoscit
1657 278 1715 306 sine
1731 278 1822 307 medio
1832 279 1841 293 ⁵
1856 295 1895 299 —

1049 324 1071 351 si
1093 331 1160 360 ergo
1181 323 1274 351 anima
1295 324 1395 352 Christi
1418 324 1558 360 cognoscit
1579 324 1667 352 Deum
1691 324 1829 353 mediante
1847 325 1895 353 ali-

1049 378 1123 407 quo,
1144 378 1210 406 ergo
1231 378 1286 398 non
1301 370 1418 407 quiescit
1440 370 1466 398 in
1488 371 1642 407 cognitione
1664 371 1732 405 Dei;
1754 374 1780 399 et
1802 372 1822 400 si
1840 380 1893 400 non

1050 417 1167 454 quiescit
1188 417 1214 444 in
1237 417 1308 451 Deo,
1331 424 1393 445 cum
1416 417 1491 445 Deus
1510 417 1545 445 sit
1559 417 1622 446 finis
1637 418 1769 452 ultimus,
1784 426 1838 446 non
1853 422 1895 447 est

1051 463 1138 491 beata.
1161 463 1186 490 Si
1209 471 1275 500 ergo
1298 463 1377 491 beata
1398 468 1454 497 est,
1477 464 1633 492 necessario
1655 465 1797 501 sequitur,
1819 464 1894 502 quod

1050 513 1198 546 cognoscat
1218 510 1340 538 divinam
1364 510 1455 538 lucem
1478 510 1504 538 in
1520 518 1549 539 se
1565 511 1643 547 ipsa;
1666 511 1724 548 pari
1747 511 1853 540 ratione
1868 515 1895 540 et

1050 557 1139 585 omnis
1161 557 1253 585 anima
1276 557 1363 585 beata.

1129 603 1155 631 [ι.
1178 603 1260 637 ltem,
1283 603 1439 632 intellectus
1459 605 1701 641 comprehensoris
1720 608 1827 633 tantum
1843 605 1896 633 ele-

1051 654 1146 684 vatur,
1168 653 1304 687 quantum
1327 650 1458 685 affectus,
1480 652 1609 688 quamvis
1630 659 1730 680 caecus
1751 652 1786 680 sit
1807 651 1833 680 in
1851 652 1895 680 via

1052 701 1165 734 propter
1195 697 1354 725 caecitatem
1388 692 1577 734 ignorantiae;
1609 698 1656 727 sed
1689 699 1816 728 Christus
1843 699 1896 728 fuit

1051 743 1271 781 perfectissimus
1292 744 1527 780 comprehensor:
1550 753 1612 773 cum
1635 753 1702 782 ergo
1724 746 1781 782 ipse
1802 745 1896 782 dilige-

1051 794 1092 819 ret
1113 797 1253 819 summam
1275 790 1323 819 Dei
1346 790 1495 819 bonitatem
1518 791 1544 819 in
1567 799 1596 820 se
1618 792 1692 828 ipsa,
1706 792 1780 820 omni
1795 793 1895 821 effectu

1050 837 1276 873 circumscripm,
1299 837 1359 873 pari
1382 837 1487 866 ratione
1510 837 1600 866 lucem
1622 842 1649 866 et
1664 838 1807 867 veritatem
1824 839 1850 867 in
1866 847 1895 867 se

1050 883 1110 920 ipsa
1131 883 1243 911 videbat
1265 884 1369 919 absque
1392 884 1491 911 medio.

1130 930 1154 957 5.
1178 930 1242 957 ltem
1254 952 1260 963 ,
1275 933 1324 958 aut
1339 929 1504 958 immediate
1519 931 1611 964 videt,
1631 935 1679 959 aut
1691 940 1744 968 per
1758 932 1894 960 medium.

1050 976 1076 1004 Si
1099 975 1277 1009 immediate,
1301 976 1389 1004 habeo
1418 976 1610 1012 propositum;
1632 977 1654 1005 si
1676 985 1726 1014 per
1747 978 1895 1012 inedium,

1050 1025 1098 1050 aut
1119 1030 1169 1058 per
1191 1022 1314 1050 medium
1334 1023 1599 1059 proportionatae,
1622 1027 1670 1052 aut
1695 1024 1897 1061 improportio-

1050 1068 1154 1097 nabile.
1177 1069 1202 1097 Si
1225 1077 1275 1106 per
1297 1069 1421 1097 medium
1444 1069 1748 1106 improportionabz'le,
1771 1079 1837 1108 ergo
1852 1080 1898 1108 po-

1051 1116 1107 1145 tius
1128 1116 1289 1152 impeditur.
1311 1124 1395 1153 quam
1419 1116 1550 1150 iuvetur;
1572 1117 1593 1145 si
1616 1125 1666 1153 per
1688 1117 1811 1146 medium
1830 1127 1897 1155 pro-

1047 1162 1258 1200 portionabile,
1280 1167 1403 1191 contra.-
1426 1166 1474 1191 aut
1489 1166 1530 1192 est
1549 1167 1695 1197 creatum,
1717 1168 1765 1192 aut
1787 1164 1898 1193 increa-

1052 1213 1135 1243 tum‚·
1157 1209 1321 1237 increatum
1343 1218 1411 1244 non,
1433 1209 1500 1246 quia
1522 1210 1591 1238 illud
1612 1214 1653 1239 est
1675 1219 1762 1239 unum
1785 1211 1896 1245 solum;

1052 1257 1073 1285 si
1097 1260 1248 1284 creatum:
1278 1264 1345 1293 ergo
1366 1260 1496 1285 creatura
1518 1260 1607 1293 potest
1628 1265 1688 1286 esse
1710 1258 1898 1295 proportiona-

1052 1303 1115 1332 bilis
1129 1303 1137 1316 ⁷
1160 1303 1281 1331 Creatori
1295 1314 1301 1336 ;
1323 1306 1350 1331 et
1371 1303 1393 1331 si
1416 1303 1483 1336 hoc,
1499 1311 1562 1331 cum
1579 1303 1647 1331 nihil
1663 1303 1739 1332 aliud
1756 1303 1897 1341 impediat,

1052 1350 1118 1386 quin
1141 1352 1271 1378 creatura
1292 1350 1378 1386 possit
1400 1350 1495 1378 videre
1516 1350 1605 1378 Deum
1622 1350 1648 1378 in
1663 1358 1715 1378 sua
1729 1350 1897 1385 substantia,

1053 1400 1154 1430 restat,
1177 1397 1251 1433 quod
1273 1396 1365 1425 anima
1386 1396 1487 1425 Christi
1516 1397 1555 1425 sic-
1586 1405 1649 1426 eum
1674 1397 1768 1426 videre
1790 1401 1898 1434 poterat

1053 1447 1080 1472 et
1101 1443 1220 1471 videbat.

1133 1491 1159 1518 6.
1182 1490 1263 1523 item,
1285 1490 1307 1518 si
1340 1498 1389 1526 per
1422 1490 1562 1524 medium,
1594 1494 1642 1518 aut
1664 1490 1731 1519 illud
1755 1495 1797 1520 est
1817 1500 1898 1528 supe-

1054 1537 1120 1565 rius
1141 1537 1233 1564 anima
1255 1536 1355 1565 Christi
1378 1537 1473 1571 beata,
1488 1541 1537 1565 aut
1559 1536 1694 1574 inferias.
1711 1538 1736 1566 Si
1753 1537 1898 1575 inferius,-

1054 1591 1121 1619 ergo
1142 1582 1328 1611 immediatior
1349 1586 1391 1611 est
1418 1583 1510 1611 anima
1531 1583 1630 1612 Christi
1654 1584 1726 1616 Deo,
1758 1593 1841 1621 quam
1864 1585 1899 1613 sit

1056 1630 1122 1658 illud
1146 1629 1220 1666 quod
1236 1633 1266 1657 tu
1282 1629 1350 1658 dicis
1367 1630 1504 1658 medium:
1520 1638 1587 1666 ergo
1606 1630 1653 1658 illo
1674 1630 1898 1668 circumscripto,

1056 1676 1156 1704 melius
1178 1676 1282 1704 videbit
1303 1676 1400 1704 Deum.
1423 1676 1448 1704 Si
1470 1677 1625 1713 superius:
1641 1685 1708 1713 ergo
1729 1677 1834 1714 aliquid
1857 1682 1899 1707 est

1055 1723 1237 1752 excellentius
1259 1727 1359 1751 natura
1380 1723 1519 1752 humanae
1543 1724 1641 1752 mentis
1663 1725 1689 1752 in
1705 1724 1822 1753 Christo.
1845 1726 1898 1754 Sed

1055 1770 1107 1798 hoc
1127 1773 1169 1798 est
1190 1769 1375 1806 impossibile,
1398 1767 1463 1806 quia
1495 1770 1594 1799 omnia
1615 1774 1685 1798 sunt
1704 1771 1835 1800 subiecta
1853 1781 1899 1809 pe-

1054 1816 1140 1844 dibus
1160 1816 1251 1844 eiusss.
1275 1816 1366 1844 Restat
1387 1817 1486 1853 igitur,
1510 1817 1585 1854 quod
1607 1817 1700 1846 anima
1721 1818 1781 1846 eius
1803 1818 1898 1847 imme-

1054 1863 1127 1891 diate
1149 1867 1174 1891 et
1197 1862 1222 1890 in
1245 1863 1304 1899 ipso
1326 1863 1399 1891 sonte
1421 1863 1532 1892 videbat
1553 1867 1579 1892 et
1601 1864 1675 1892 videt
1698 1864 1791 1893 lumen
1813 1869 1899 1894 aeter-

1054 1917 1130 1937 num.
1152 1926 1191 1929 —-
1211 1909 1256 1937 His
1287 1909 1368 1938 etiam
1398 1910 1552 1939 rationibus
1584 1911 1656 1939 idem
1679 1912 1786 1940 ostendi
1808 1916 1898 1949 potest
1912 1921 1968 1939 Nota.

1054 1956 1088 1985 de
1110 1956 1235 1993 qualibet
1255 1956 1347 1984 anima
1368 1957 1456 1985 beata.

1369 2057 1584 2079 CONCLUSIO.

1094 2142 1204 2181 Anima
1228 2141 1339 2173 Christi
1359 2146 1384 2171 et
1406 2142 1484 2171 aliae
1505 2143 1623 2172 animae
1645 2143 1743 2172 beatae
1764 2144 1861 2173 vident

1289 2189 1386 2226 ipsum
1405 2189 1525 2218 luminis
1546 2189 1662 2227 fontem.

1132 2283 1309 2311 Respoxusso:
1332 2283 1369 2311 Ad
1392 2283 1600 2320 praedictorum
1624 2283 1832 2320 intelligentiam
1855 2287 1898 2313 est

1054 2329 1220 2362 notandum,
1242 2329 1315 2365 quod
1332 2329 1417 2365 aliqui
1434 2329 1583 2357 voluerunt
1605 2329 1710 2364 dicere,
1732 2330 1806 2366 quod
1823 2330 1895 2359 Deus
1908 2340 1978 2364 opinio
1992 2341 2012 2360 1.

1053 2384 1069 2403 a
1091 2375 1168 2403 nulla
1189 2379 1318 2404 creatura
1340 2376 1480 2404 videbitur
1502 2384 1552 2404 nec
1568 2376 1679 2405 videtur
1695 2377 1720 2405 in
1736 2385 1787 2405 sua
1807 2386 1898 2406 essen-

211 2515 217 2530 ¹
237 2516 301 2538 Vers.
321 2517 355 2538 153,
373 2516 416 2538 cfr.
436 2517 448 2538 Ι.
462 2517 520 2538 loan.
534 2516 560 2543 t,
581 2517 656 2538 12.—
668 2516 742 2538 Verba
761 2516 916 2544 Chrysostomi
935 2517 996 2537 inve-

155 2556 247 2577 niuntur
264 2555 286 2576 in
303 2556 352 2577 eins
373 2555 450 2577 homil.
472 2555 505 2576 ¹5.
524 2555 593 2582 (alins
615 2555 657 2582 tl.)
679 2556 700 2576 in
720 2555 777 2576 toan.
803 2561 823 2576 n.
851 2556 868 2576 1.
886 2554 931 2576 Csr.
948 2555 997 2576 cius

155 2594 192 2616 lib.
219 2594 247 2616 dn
273 2595 456 2621 incomprelicns.
480 2594 518 2616 Dei
545 2598 639 2621 natura,
664 2594 739 2615 homil.
764 2593 785 2615 5.
809 2600 829 2615 n.
856 2594 874 2620 l,
897 2596 919 2615 et
942 2593 997 2615 ibid.

156 2633 232 2655 homil.
251 2633 271 2655 4.
290 2640 310 2654 n.
330 2632 350 2654 4.
369 2633 390 2654 ln
409 2633 452 2655 hoc
469 2633 582 2654 testimon.
600 2633 650 2654 cod.
670 2632 686 2654 U
705 2639 747 2660 pro
764 2631 866 2661 qualiter
883 2631 998 2653 substituit

155 2671 279 2700 quomodo.

218 2709 227 2723 ‘²
245 2709 289 2731 Clr.
307 2713 393 2738 qum-si.
412 2709 517 2737 praeced.

220 2748 229 2762 ³
247 2748 321 2770 Lectio
339 2753 352 2769 a
370 2749 437 2776 purte
454 2748 474 2769 in
494 2747 598 2774 pluribus
616 2747 683 2768 codd.
706 2747 775 2769 (lubia
793 2750 828 2769 est
849 2751 942 2774 propter
959 2747 1000 2769 ab·

158 2786 321 2808 breviationem
341 2787 433 2813 tiit-tnm;
452 2792 493 2813 pro
510 2792 525 2807 a.
541 2787 609 2814 parte
626 2786 694 2807 etium
714 2786 756 2813 tvgt
773 2789 851 2813 posset
865 2786 967 2814 apertae.

219 2825 228 2839 ⁴
248 2825 310 2847 vers.
339 2826 371 2847 18.
391 2837 420 2840 —
437 2826 527 2852 (Nossa,
549 2824 611 2852 apud
634 2824 749 2852 Lyruuum
771 2824 943 2853 interlinearis,
969 2825 999 2847 in-

158 2864 248 2886 venitur
264 2865 331 2886 etiam
350 2863 411 2891 apud
431 2864 486 2885 ΡοιΓ.
506 2863 673 2890 Lombardum,
691 2863 712 2884 in
731 2864 791 2885 hunc
808 2863 849 2885 loc.

221 2902 231 2917 ⁵
247 2902 290 2925 Cir,
309 2909 378 2930 supra
397 2902 418 2924 d.
436 2903 456 2924 2.
475 2908 494 2923 a.
514 2902 534 2923 3.
552 2909 573 2930 q.
592 2902 610 2923 1.
628 2908 675 2930 seq.
689 2914 718 2917 ——
731 2902 772 2923 l’ro
784 2901 808 2924 in
824 2901 939 2924 unitatem
949 2908 1000 2931 per-

159 2946 231 2963 sonae
254 2947 297 2962 non
321 2942 387 2968 pauci
409 2940 476 2962 codd.
499 2941 535 2962 liic
552 2944 573 2963 ct
595 2941 616 2962 in
635 2941 697 2962 initio
715 2941 781 2963 huius
803 2947 851 2968 arg.
870 2940 893 2962 ίη
913 2942 1000 2963 umente

157 2984 280 3007 personae.

1116 2515 1126 2530 θ
1143 2515 1187 2538 cfr.
1206 2516 1302 2543 Ariston,
1321 2516 1334 2537 l.
1353 2515 1436 2537 Pastor.
1459 2522 1478 2537 c.
1496 2516 1669 2544 2.—August.,
1688 2517 1701 2538 l.
1719 2516 1820 2539 Contess.
1838 2524 1857 2540 c.
1877 2518 1896 2539 l.

1056 2560 1076 2575 n.
1097 2554 1103 2575 1
1117 2560 1123 2575 :
1141 2555 1196 2581 Quia
1215 2554 1285 2576 fecisti
1304 2560 1345 2576 nos
1360 2553 1389 2575 ad
1406 2556 1440 2582 te,
1458 2556 1480 2576 et
1491 2555 1617 2583 inquietum
1635 2558 1669 2577 est
1680 2561 1720 2577 eor
1732 2559 1846 2584 nostrum,
1859 2556 1897 2578 do·

1057 2599 1098 2614 uec
1115 2593 1242 2621 requiescat
1259 2594 1280 2615 in
1299 2596 1327 2615 te.

1118 2631 1127 2646 ⁷
1144 2631 1192 2653 Non
1209 2631 1363 2661 quantitative
1380 2633 1392 2654 i.
1411 2639 1431 2654 e.
1450 2635 1474 2654 ut
1490 2633 1518 2654 sit
1535 2635 1605 2660 tanta,
1628 2635 1727 2661 quantus
1749 2633 1809 2655 Deus
1825 2637 1859 2656 est
1877 2635 1898 2656 in

1056 2671 1150 2698 virtutey
1168 2670 1208 2692 scd
1226 2670 1362 2700 qualitative
1379 2671 1427 2693 sive
1445 2674 1556 2699 quantum
1574 2671 1603 2693 ad
1620 2672 1791 2694 similitudinem
1809 2678 1899 2700 expres-

1057 2715 1121 2737 sum,
1140 2716 1199 2737 quae
1216 2709 1282 2731 datur
1300 2709 1413 2731 mediante
1431 2710 1515 2731 lumine
1534 2710 1626 2737 gloriae.
1644 2710 1688 2732 Sed
1707 2711 1750 2733 hoc
1769 2711 1900 2739 intelligitur

1058 2748 1086 2769 de
1104 2747 1180 2769 medio
1197 2747 1345 2776 disponente,
1365 2754 1409 2770 non
1432 2748 1460 2769 de
1482 2748 1519 2770 illo
1542 2748 1617 2771 medio
1639 2754 1697 2778 quo,
1721 2749 1783 2777 quod
1805 2753 1901 2772 vocatur

1057 2785 1144 2815 species
1160 2785 1282 2815 impressa.
1300 2786 1345 2808 Csr.
1364 2787 1386 2808 ΙΙ.
1404 2787 1464 2808 Seni.
1477 2787 1499 2809 d.
1521 2788 1557 2809 23.
1575 2794 1594 2809 a.
1613 2788 1634 2809 2.
1652 2794 1673 2816 q.
1693 2788 1713 2810 3.
1731 2788 1760 2810 ad
1783 2788 1804 2810 7.
1826 2791 1848 2810 ot
1865 2789 1900 2811 hic

1057 2832 1078 2854 q.
1097 2825 1117 2847 3.
1135 2825 1163 2847 ad
1181 2826 1202 2847 6.

1120 2862 1130 2877 ⁸
1148 2863 1274 2891 despicitur
1292 2863 1325 2885 Ps.
1344 2863 1369 2891 8,
1388 2864 1412 2891 83
1432 2864 1486 2892 Eph.
1508 2864 1526 2891 l,
1545 2865 1585 2892 22;
1604 2864 1671 2887 Holir.
1690 2865 1714 2892 2,
1733 2865 1754 2887 8.
1766 2864 1810 2887 Csr.
1829 2871 1899 2893 supra

1059 2907 1111 2929 pag.
1130 2902 1189 2928 266,
1208 2906 1258 2924 uota
1277 2901 1298 2924 5.
1316 2914 1345 2917 —
1364 2903 1431 2924 l'ziulo
1449 2903 1555 2930 superius
1579 2906 1630 2930 post
1647 2903 1710 2932 quod
1732 2904 1756 2925 m
1774 2902 1831 2927 dicis
1849 2904 1899 2926 cod.

1059 2940 1075 2962 U
1095 2941 1169 2963 inst-rii
1187 2947 1242 2963 esse.
1260 2940 1323 2963 Circa
1342 2942 1409 2963 [luem
1427 2948 1475 2970 urg.
1494 2948 1536 2970 pro
1560 2942 1600 2965 His
1622 2942 1692 2965 etiam
1715 2943 1765 2965 cod.
1790 2944 1808 2965 Κ
1833 2943 1901 2966 habet

1059 2978 1099 3001 llis
1116 2980 1207 3007 autem,
1227 2982 1248 3001 et
1260 2980 1342 3002 deinde
1360 2981 1423 3003 inulti
1442 2980 1509 3003 codd.
1522 2981 1581 3003 male
1597 2982 1704 3004 omittunt
1719 2981 1786 3004 idem.
