2166 3366
241 196 297 224 860

599 271 660 297 Cap,
687 270 717 296 X.

272 359 301 386 δι’
319 363 355 385 est
373 357 502 393 perimus
522 356 571 392 (μα’
587 364 643 382 non
660 355 727 391 facit
745 355 817 391 quod
835 355 941 382 incaute
964 355 1045 382 iim-al.

304 444 352 475 Qui
375 451 437 470 vero
458 446 555 475 mutat,
576 446 664 469 utrum
686 442 811 476 periurus
835 442 931 468 debeat
951 442 1019 474 (1101,
1044 449 1083 468 so-

106 522 112 540 l
139 498 191 539 meki
204 499 222 515 et
234 489 268 514 let
288 487 389 521 quaeri.
405 486 474 512 Beda
488 486 587 520 supra¹
603 485 654 511 talc
670 485 848 511 iuramentum
870 485 977 511 vocavit
996 485 1084 518 periu-

114 527 168 547 01111.Ι
190 526 220 544 po-

104 550 198 563 crisarlus.

233 531 311 556 rium.
331 530 443 555 loannes
463 529 542 555 etiam
558 527 766 562 ,1110011511111152
787 527 958 554 orientalium
978 527 1082 553 sedium

233 573 312 599 dixit:
337 572 451 598 «Sermo
470 572 555 605 patris
575 571 657 597 nostri
678 571 822 605 Sophronii
842 570 987 603 siguificat,
1010 570 1083 604 quod

235 616 329 642 melius
349 619 402 646 est,
418 615 549 641 iurantem
565 614 687 648 peierare
706 621 786 647 quam
801 620 911 640 servare
931 620 1084 639 sacramen-

233 663 287 685 tum
303 659 328 684 iu
348 658 478 684 fractione
492 661 646 684 sanctarum
661 657 806 691 imaginum
819 667 842 682 n.
862 656 914 683 Sed
926 655 1084 691 periurium

233 701 332 727 dicitur
351 700 405 727 tale
429 701 607 727 iuramentui‘n
634 707 685 726 uon
706 699 893 732 observatum,
918 702 944 725 et
961 698 1084 733 peierare

232 745 332 770 dicitur
356 743 401 778 qui
429 751 479 769 non
506 743 611 777 implet,
637 743 701 776 quia
725 742 819 768 falsum
845 742 926 773 iurat,
947 749 998 768 nou
1019 742 1083 776 qnia

234 788 295 814 inde
322 794 383 813 reus
402 787 451 818 sit,
471 786 542 821 quod
570 793 621 812 non
650 785 793 815 observat,
819 785 866 811 sed
892 785 955 819 quia
984 785 1084 811 iuravit

233 831 375 861 iniustum⁷
395 837 428 856 ex
448 837 501 864 quo
521 837 583 856 rcus
605 832 658 860 est,
678 828 748 855 sicut
768 828 811 854 ille
831 828 875 862 qui
897 828 1007 862 peierat.

600 914 660 941 CAP.
681 915 724 941 XI.

337 1002 375 1028 De
395 1001 452 1028 illis
472 1000 521 1037 qui
537 999 683 1027 verborum
703 999 852 1026 calliditate
872 999 974 1026 iuram.

304 1088 360 1113 Hoc
379 1087 458 1113 ctiam
478 1086 618 1113 sciendum
639 1089 691 1117 est,
711 1085 783 1120 quod
810 1096 820 1108 ι(
831 1092 1004 1120 quacumque
1027 1088 1084 1111 arte

226 1130 376 1158 verborum
402 1130 463 1164 quis
482 1130 563 1161 iuret,
583 1130 654 1155 Deus
669 1132 769 1160 tamen,
789 1128 834 1162 qui
849 1128 1030 1154 conscientiae
1051 1131 1085 1154 te-

919 192 1171 222 SENTENTmRUM
1193 193 1252 221 Llss.
1275 193 1314 221 111.

1140 270 1187 296 stis
1201 273 1252 300 est,
1268 270 1302 297 ita
1318 270 1368 296 1100
1388 271 1499 304 accipit,
1513 271 1582 297 sicut
1603 271 1646 297 ille
1660 271 1703 297 0111
1724 271 1839 302 iuratur,
1860 271 1989 305 intelligit.

1141 313 1289 346 Dupliciter
1309 316 1398 339 autem
1419 321 1480 339 reus
1501 313 1542 345 fit,
1563 314 1608 347 qui
1629 317 1654 339 01
1675 321 1770 339 nomen
1784 314 1830 340 Dei
1852 314 1876 340 in
1892 321 1989 340 vanum

1141 355 1253 381 assumit
1273 358 1298 381 et
1317 356 1470 389 proximum
1491 356 1516 382 in
1537 356 1599 382 dolo
1619 356 1711 390 eapit³
1727 367 1750 382 ».

1499 441 1560 468 CAP.
1579 442 1634 468 ΧΗ,

1305 527 1342 553 De
1361 526 1410 553 illo
1430 526 1479 561 qui
1497 527 1565 561 cessit
1584 527 1704 562 aliquem
1723 527 1824 554 tumre.

1212 612 1354 643 Quaeritur
1369 613 1461 643 etiam,
1475 613 1495 638 si
1517 616 1611 645 peccet
1630 613 1675 647 qui
1691 613 1826 639 homiuem
1846 614 1936 640 iurare
1949 621 1991 639 00-

1140 656 1185 689 git.
1206 656 1243 682 De
1263 656 1314 682 hoc
1335 656 1520 689 Augustinus*
1541 656 1588 682 ait:
1614 667 1625 679 «
1642 655 1690 687 Qui
1711 657 1794 689 exigit
1814 657 1992 690 iurationem,

1141 699 1253 725 inultum
1274 699 1397 731 interest,
1418 699 1438 724 si
1460 699 1557 731 nescit,
1574 699 1649 725 illum
1663 699 1815 725 iuraturum
1837 699 1944 731 falsum,
1958 707 1991 726 an

1140 742 1197 767 scit.
1218 742 1244 768 Si
1266 742 1335 768 euim
1357 743 1454 772 nescit,
1475 745 1501 767 et
1522 741 1580 767 ideo
1600 742 1679 768 dicit:
1702 742 1761 768 iura
1780 742 1864 773 1111111,
1885 741 1992 768 uirides

1141 786 1164 811 ei
1179 785 1226 817 sit;
1242 792 1293 811 nou
1308 788 1348 811 est
1362 788 1517 818 peccatum,
1532 788 1619 811 tamen
1634 784 1757 811 humana
1769 783 1876 811 tentatio
1888 784 1950 810 0315.
1965 784 1992 811 Si

1142 836 1204 854 vero
1218 828 1280 859 seit,
1302 835 1362 854 eum
1384 828 1491 860 fecisse,
1511 831 1536 854 et
1559 828 1630 861 cogit
1648 835 1710 854 eum
1733 828 1837 859 iurare,
1856 827 1993 854 homicida

1141 873 1181 896 est
1195 882 1218 896 ».
1238 870 1326 896 Idem:
1346 882 1356 893 ι(
1369 870 1417 901 Qui
1432 873 1562 904 provocat
1575 870 1710 897 nominem
1726 870 1758 896 ad
1784 870 1943 896 iurationem
1967 873 1993 896 et

1140 914 1203 946 scit,
1223 921 1283 940 eum
1305 913 1400 940 falsum
1415 914 1517 946 iurare,
1538 913 1619 939 vincit
1632 913 1814 945 lioniicidam;
1833 913 1897 946 quia
1911 913 1994 939 liomi-
2007 915 2092 934 Dubium
2104 916 2122 935 5-

1141 957 1201 984 cida
1215 964 1315 991 corpus
1336 957 1476 983 occisurus
1490 959 1540 989 est,
1555 956 1599 983 ille
1613 957 1743 988 animam,
1757 957 1839 982 immo
1853 957 1921 983 duas
1940 956 1994 983 aui-

1142 1007 1212 1031 mas,
1232 1003 1258 1025 et
1278 999 1336 1025 etus
1355 1006 1434 1033 que-m
1455 999 1544 1025 iurare
1564 999 1733 1032 provocavit.
1754 1002 1780 1025 et
1799 1006 1874 1025 suam
1889 1009 1913 1024 ».

1211 1042 1309 1068 Sancta
1329 1042 1454 1076 Synodus
1474 1042 1608 1073 decrevit,
1629 1042 1677 1067 nisi
1699 1049 1747 1075 pro
1768 1048 1836 1075 pace
1856 1041 1992 1075 facienda,
2007 1044 2089 1063 Dubium
2103 1045 2121 1063 6-

1142 1088 1171 1112 ut
1190 1092 1283 1111 omues
1304 1085 1395 1111 fideles
1416 1085 1497 1111 ieiuni
1518 1085 1552 1111 ad
1573 1087 1741 1111 sacramenta
1761 1084 1892 1111 accedant
1902 1084 1919 1111 ⁶.

483 1229 925 1279 COMMENTARIUS
959 1229 1021 1277 IN
1053 1229 1494 1277 DISTINCTIONEM
1528 1230 1730 1278 XXXIX.

1004 1334 1049 1367 De
1074 1333 1216 1378 periurio.

838 1428 923 1457 Nunc
945 1429 978 1457 de
996 1428 1132 1466 periurio
1154 1428 1308 1456 videamus
1330 1431 1380 1456 etc.

969 1515 1092 1545 DlVlSlO
1114 1516 1252 1544 TEXTUS.

312 1619 403 1655 Supra
424 1617 480 1654 egit
509 1617 638 1654 Magister
661 1616 695 1645 de
717 1616 877 1650 mendacio,
906 1616 981 1653 quod
1003 1624 1085 1653 oppo-

232 1665 353 1694 nebatur
374 1665 471 1702 quinto
492 1666 642 1701 praecepto
668 1663 808 1692 secundae
830 1663 951 1691 tabulae.
982 1663 1009 1691 ln
1033 1663 1085 1692 hac

233 1720 300 1741 vero
322 1715 401 1749 parte
427 1711 544 1740 intendit
566 1718 649 1747 agere
678 1710 712 1739 de
734 1710 868 1747 periurio.
891 1706 1084 1739 Haec‘autem

232 1767 299 1796 pars
320 1758 442 1787 continet
464 1761 638 1795 praesentem
661 1757 867 1786 distinctionem
893 1760 920 1785 et
948 1756 1085 1785 dividitur

232 1806 260 1833 111
282 1808 377 1842 partes
398 1808 463 1833 tres.
486 1804 513 1832 ln
536 1812 658 1841 quarum
680 1804 771 1840 prima
804 1803 918 1840 inquirit
939 1803 1084 1839 Magister,

234 1852 302 1889 quid
331 1852 365 1880 sit
398 1851 565 1888 periurium.
598 1851 624 1878 ln
652 1850 776 1879 secunda
805 1858 872 1878 vero
900 1850 1084 1883 determinat,

233 1899 354 1936 qualiter
370 1899 405 1927 sit
420 1898 588 1932 iurandum,
611 1897 661 1925 ibi:
679 1897 841 1933 Quaeritur
863 1896 965 1930 etiam,
981 1900 1084 1924 utrum

234 1945 319 1974 liceat
340 1945 445 1973 iurare
464 1953 517 1981 per
539 1947 719 1972 erectam-am.
743 1944 770 1971 ln
800 1943 882 1971 tertia
903 1950 986 1977 vero,
1008 1943 1085 1980 quod

234 1991 447 2020 1111ε11110111111111
470 1991 506 2019 sit
533 1990 746 2027 adimplendum
769 1994 833 2025 eto,
850 1990 901 2018 ibi:
925 1989 1012 2018 Nune
1038 1998 1086 2017 su-

230 2042 328 2075 perest
355 2037 552 2075 investigare,
574 2041 677 2065 utrum
706 2045 789 2065 omne
817 2037 1020 2065 iuramentum
1046 2036 1086 2064 sit

235 2084 415 2122 implendum
437 2088 487 2113 etc.

314 2131 405 2160 Prima
420 2139 485 2168 pars
501 2131 636 2160 dividitur
658 2131 684 2159 in
707 2134 801 2168 partes
817 2131 896 2159 duas.
918 2131 947 2158 ln
962 2138 1084 2167 quarum

234 2179 325 2216 prima
347 2179 514 2207 determinat
535 2178 570 2207 de
590 2178 714 2214 periurio
732 2186 782 2215 per
797 2178 1033 2215 comparationem
1049 2177 1084 2205 ad

236 2226 420 2255 mendacium.
444 2226 471 2253 ln
494 2226 618 2254 secunda
640 2233 706 2254 vero
728 2233 778 2262 per
796 2225 1032 2262 comparationem
1049 2224 1084 2252 ad

236 2273 439 2307 iuramentum,
462 2273 513 2301 ibi:
538 2273 572 2301 St·
596 2276 694 2301 autem
723 2272 891 2310 quaeritur,
919 2275 1023 2299 utrum
1044 2271 1085 2299 111,-

234 2329 306 2348 rctre
326 2320 365 2348 sit
385 2320 498 2348 malum
520 2323 571 2348 ete.

314 2367 367 2395 Hae
390 2367 513 2396 secunda
542 2370 620 2403 parte
648 2366 768 2395 indivisa
791 2368 966 2399 remanente,
996 2365 1086 2402 prima

235 2414 370 2443 dividitur
392 2414 419 2442 111
442 2418 536 2451 partes
558 2417 622 2442 tres.
646 2413 673 2441 ln
696 2421 817 2449 quarum
841 2412 931 2449 prima
953 2411 1085 2449 inquirit,

235 2465 331 2490 utrum
355 2461 501 2489 essentiale
527 2461 562 2489 sit
584 2460 708 2497 periurio
723 2460 732 2474 ²
753 2468 813 2488 esse
844 2459 1037 2493 mendacium,
1059 2462 1086 2487 et

235 2508 403 2537 determinat
421 2508 577 2537 secundum
593 2507 751 2544 opinionem
767 2507 895 2535 alienam.
911 2506 939 2534 ln
962 2506 1086 2534 secunda

236 2564 302 2584 vero
317 2555 485 2584 determinat
507 2555 662 2584 seeundum
679 2554 835 2591 opinionem
858 2553 1016 2590 propriam,
1032 2553 1084 2581 ibi:

298 2713 305 2727 ¹
324 2713 365 2735 Hic
382 2719 401 2735 c..
419 2714 440 2735 9.

299 2751 309 2766 2
325 2752 432 2779 Gratiam,
444 2751 468 2775 C.
481 2751 577 2775 Actione
594 2753 682 2781 quarta
693 2758 712 2774 c.
732 2752 768 2774 22.
786 2758 808 2780 q.
828 2751 848 2773 4.

299 2789 308 2804 ³
325 2790 411 2818 Isidos„
426 2791 448 2812 ll.
462 2791 522 2812 Seut.
535 2796 554 2812 c.
568 2791 604 2812 31.
622 2796 644 2812 n.
658 2791 679 2812 8.

299 2827 308 2841 ⁴¹
326 2829 398 2850 Serui.
421 2830 469 2851 180,
487 2835 557 2857 snpra
570 2830 606 2851 cit.
625 2835 644 2851 c.
671 2830 704 2851 10.
727 2835 749 2851 n.
773 2829 809 2851 11.
826 2829 879 2858 Seq.
903 2829 967 2851 loeus
989 2828 1045 2851 ibid.
1066 2835 1085 2851 c.

256 2883 260 2887 .
273 2872 294 2887 n.
308 2866 328 2888 it.

301 2904 310 2918 ⁵
328 2905 458 2933 Respieitui·
475 2907 489 2929 l.
507 2907 558 2929 Cor.
580 2908 618 2935 10,
639 2907 680 2929 13;
699 2907 803 2930 Tentatio
815 2913 858 2929 vos
871 2913 914 2930 non
928 2907 1087 2935 apprehendat

240 2944 281 2965 nisi
299 2944 405 2966 humana.
416 2957 445 2960 —
455 2946 577 2973 Quomodo
590 2949 666 2968 autem
679 2947 772 2968 tentatio
784 2946 892 2969 humanu
905 2946 1061 2974 distinguatur
1073 2952 1085 2968 a

239 2980 354 3004 diabolica
366 2986 389 3005 et
400 2985 445 3005 tres
456 2984 539 3006 habeat
550 2986 639 3012 species
648 3003 653 3013 ,
665 2985 792 3013 explicatur
804 2985 826 3007 ll.
840 2986 900 3007 Sent.
914 2985 935 3007 d.
947 2986 983 3007 21.
997 2985 1053 3007 dul).
1064 2985 1084 3007 3.

240 2865 252 2886 ,μὴ

1142 1615 1198 1644 Sed
1219 1615 1321 1643 melius
1343 1615 1475 1643 creditur
1496 1617 1547 1643 ete.
1570 1615 1599 1643 ln
1618 1615 1700 1643 tertia
1715 1622 1781 1643 vero
1804 1617 1930 1643 removet
1944 1614 1994 1643 du-

1143 1662 1306 1690 bitationem
1335 1670 1498 1697 annexam,
1531 1661 1587 1690 ibi:
1619 1661 1692 1690 Cum
1719 1670 1787 1690 vero
1816 1661 1882 1699 quis
1910 1661 1995 1689 iurat

1143 1709 1221 1747 quod
1240 1717 1341 1737 verum
1365 1712 1407 1737 est
1426 1712 1478 1737 010.

1221 1756 1354 1785 Similiter
1375 1756 1499 1785 secunda
1514 1764 1592 1793 pars,
1612 1756 1638 1784 in
1654 1764 1710 1793 qua
1731 1755 1912 1790 determinat,
1928 1762 1994 1792 quo-

1142 1802 1226 1831 modo
1248 1803 1283 1831 sit
1298 1802 1464 1836 iurandum,
1486 1802 1623 1830 dividitur
1639 1802 1665 1830 in
1680 1805 1774 1839 partes
1789 1802 1868 1831 duas.
1884 1802 1912 1830 In
1928 1809 1994 1839 qua-

1142 1857 1206 1877 rum
1229 1849 1321 1885 prima
1342 1849 1510 1877 determinat
1531 1849 1565 1877 de
1587 1849 1677 1877 forma
1692 1849 1841 1877 iuramenti
1865 1848 1948 1877 licita.
1963 1849 1994 1877 In

1142 1895 1266 1924 secunda
1281 1896 1316 1924 de
1337 1896 1427 1924 forma
1442 1896 1590 1924 iuramenti
1605 1896 1614 1908 ³
1636 1896 1744 1930 illicita,
1764 1896 1814 1924 ibi:
1839 1896 1908 1924 Post
1923 1894 1994 1924 haec

1142 1942 1317 1980 quaeritur,
1339 1946 1441 1970 utrum
1462 1942 1519 1979 side
1539 1943 1602 1971 eius
1624 1943 1764 1971 utendum
1785 1943 1824 1971 sz't
1844 1945 1896 1971 etc.

1222 1990 1253 2018 Et
1274 1989 1326 2018 hac
1348 1993 1427 2026 parte
1449 1992 1611 2018 remanente
1626 1989 1761 2024 indivisa,
1783 1990 1875 2026 prima
1896 1990 1994 2019 dividi-

1142 2039 1189 2064 tnr
1204 2036 1231 2064 in
1248 2040 1312 2065 tres.
1328 2036 1356 2064 ln
1372 2044 1494 2073 quarum
1514 2036 1605 2073 prima
1620 2036 1745 2073 quaerit,
1767 2044 1839 2073 quae
1854 2036 1889 2065 sit
1904 2036 1994 2065 forma

1142 2083 1301 2111 iuramento
1322 2091 1455 2120 congrua.
1477 2083 1506 2111 In
1529 2083 1664 2118 secunda,
1687 2091 1759 2120 qnae
1777 2083 1868 2112 forma
1889 2083 1923 2111 sit
1938 2091 1994 2112 ma-

1143 2130 1184 2166 gis
1205 2130 1383 2166 obligatoria,
1406 2130 1457 2158 ibi:
1481 2130 1516 2159 Si
1536 2134 1634 2159 cautem
1650 2130 1824 2168 quaeritur,
1846 2130 1912 2168 quis
1933 2138 1994 2159 ma-

1139 2177 1188 2215 913
1218 2181 1359 2205 teneatur.
1388 2177 1417 2205 In
1446 2178 1528 2206 tertia
1557 2185 1624 2206 vero
1652 2177 1836 2211 determinat,
1865 2185 1937 2214 quae
1958 2177 1993 2206 sit

1142 2224 1248 2253 formae
1264 2224 1375 2252 iurandi
1391 2224 1585 2261 intelligentia,
1601 2224 1653 2252 ibi:
1669 2224 1725 2252 Hic
1740 2224 1906 2262 quaeritur,
1922 2224 1994 2262 quid

1141 2271 1181 2299 sic
1202 2272 1314 2300 dicere:
1334 2280 1388 2308 per
1410 2272 1502 2299 Deum
1526 2272 1603 2299 iuro.

1223 2319 1272 2347 Per
1294 2319 1369 2347 1111110
1391 2319 1474 2347 etiam
1497 2319 1613 2347 modum
1636 2318 1717 2346 tertia
1742 2326 1808 2355 pars
1829 2318 1992 2355 principalis

1143 2365 1279 2394 dividitur
1301 2366 1328 2394 111
1352 2369 1445 2402 partes
1467 2365 1546 2394 duas.
1562 2365 1589 2393 lu
1612 2373 1733 2402 quarum
1749 2365 1841 2401 prima
1863 2365 1993 2393 determi—

1143 2416 1190 2440 nat
1219 2412 1253 2441 de
1282 2412 1431 2441 iuramenti
1460 2412 1635 2449 obligatione.
1666 2412 1693 2439 ln
1716 2411 1839 2440 secunda
1868 2419 1935 2440 vero
1957 2411 1991 2440 de

1144 2459 1300 2493 honestate,
1323 2459 1374 2487 ibi:
1398 2459 1508 2487 Sancta
1530 2458 1667 2496 Synoclzcs
1682 2458 1808 2486 decrevit
1828 2461 1879 2487 ete.
1898 2458 1930 2486 Et
1944 2458 1992 2486 illa

1143 2509 1222 2542 parte
1253 2509 1413 2534 remanente
1435 2505 1569 2540 indivisa,
1598 2505 1689 2542 prima
1717 2505 1852 2534 dividitur
1878 2505 1905 2533 in
1926 2513 1991 2542 par-

1143 2556 1184 2582 tes
1212 2556 1277 2582 tres.
1300 2553 1328 2581 ln
1358 2561 1478 2590 quarum
1507 2553 1599 2590 prima
1620 2552 1806 2586 determinat,
1828 2555 1925 2581 utrum
1951 2552 1992 2581 iu-

1206 2710 1215 2722 6
1233 2711 1291 2733 Vide
1303 2711 1403 2733 Gratian.
1416 2711 1457 2733 loe.
1474 2711 1510 2733 cit.
1523 2717 1545 2739 q.
1558 2710 1579 2733 5.
1593 2716 1643 2732 can.
1655 2709 1793 2733 Honestum.

1348 2749 1453 2782 *NOTAE
1470 2749 1508 2772 AD
1526 2748 1774 2772 COMMENTARIUM.

1206 2790 1213 2804 ¹
1232 2789 1287 2812 Cod.
1312 2790 1333 2812 K
1358 2790 1386 2812 1η
1411 2789 1480 2812 tertia
1504 2795 1559 2812 vero
1582 2788 1695 2818 inquirit,
1722 2789 1806 2811 utrum
1831 2793 1899 2810 omne
1924 2787 1991 2810 iura-

1142 2830 1255 2852 mentum.

1205 2867 1214 2882 ⁹·
1233 2868 1339 2890 Permulti
1357 2867 1425 2890 codd.
1442 2866 1585 2896 pez—sunum.

1204 2906 1214 2921 ³
1231 2906 1304 2929 Codd.
1321 2907 1362 2928 FG
1373 2907 1388 2928 L
1399 2907 1417 2928 T
1429 2907 1447 2928 V
1458 2913 1482 2928 uu
1494 2906 1525 2928 bl)
1542 2905 1646 2928 iurandi.
1660 2905 1728 2927 Paulo
1745 2905 1853 2932 superins
1870 2911 1912 2933 pro
1934 2910 1989 2934 quo-

1141 2945 1210 2968 modo
1229 2945 1279 2968 cod.
1298 2947 1316 2967 A
1333 2945 1443 2975 qualiter.
1465 2945 1587 2974 Aliquanto
1607 2944 1701 2966 interius
1717 2949 1760 2971 pro
1781 2942 1881 2966 iurandi
1902 2943 1952 2966 cod.
1970 2944 1988 2966 U

1142 2984 1278 3007 iuramenti.
