2166 3366
157 1680 225 1704 Opinio
243 1679 260 1698 1.

189 2102 261 2120 Simile.

202 2337 264 2355 Ratio.

274 189 332 217 256

277 266 311 295 de
333 266 405 299 istc,
427 267 454 293 et
475 265 525 293 iste
554 265 638 292 homo
660 272 771 301 semper
792 264 844 292 suit
866 264 957 292 Deus:
980 271 1047 300 ergo
1067 271 1121 291 non

275 312 365 350 coepit
386 319 446 341 esse
467 312 559 340 Deus:
582 319 648 348 ergo
670 311 738 339 haec
760 313 801 340 est
819 311 905 339 falsa:
928 311 1012 339 110610
1033 311 1123 347 coepit

274 367 335 388 esse
356 359 439 387 Deus.

354 405 379 432 3.
403 404 485 437 ltem‚
506 404 720 433 communicatio
741 404 823 432 estin
846 404 1040 432 idiomatibus:
1056 412 1123 440 ergo

274 451 296 480 si
313 451 396 479 110610
425 451 526 487 incepit
553 458 614 479 esse
636 451 726 485 Deus,
748 451 875 485 videtur,
896 450 971 488 quod
992 451 1059 479 11666
1088 451 1123 479 511

275 498 469 527 concedenda:
493 498 541 526 Dei
562 498 647 526 Filius
669 498 770 534 incepit
791 505 851 526 esse
873 498 955 526 Deus.
979 498 1031 526 Sed
1054 498 1122 526 11666

274 548 316 574 651
337 545 406 573 falsa
428 545 607 581 simpliciter:
630 552 697 581 ergo
718 548 745 573 et
766 545 866 582 prima.

354 592 380 620 h..
404 592 486 626 ltem,
508 595 567 620 esto
588 592 663 628 quod
685 592 769 621 Filius
790 592 838 620 Dei
861 592 1013 629 deponeret
1037 592 1124 620 homi-

276 647 354 673 nem,
377 646 460 675 quem
482 638 630 673 assumsit,
652 647 702 675 per
724 639 914 675 impossibile3
936 642 1002 667 tunc
1018 647 1123 676 quaero

275 685 310 713 de
330 685 400 713 hac:
425 685 475 713 iste
490 684 574 713 homo
589 684 691 713 desinit
705 693 764 713 esse
786 685 880 719 Deus;
901 685 970 714 haec
985 689 1027 714 est
1042 685 1122 719 salsa,

275 739 341 768 ergo
364 731 423 769 pari
445 732 551 760 ratione
572 735 599 760 et
614 732 682 760 haec
697 735 738 760 est
752 732 839 760 falsa:
860 732 943 760 homo
958 732 1048 769 coepit
1063 740 1123 760 6556

274 779 365 813 Deus,
397 787 460 807 6661
493 779 633 807 assumsit.
666 779 794 807 Probatio
821 779 963 807 minoris:
985 788 1059 808 nunc
1081 782 1123 807 est

275 825 359 854 unio:
381 834 447 862 ergo
468 826 683 854 communicatio
704 830 746 854 est
765 826 792 854 in
808 826 1001 855 idiomatibus:
1018 834 1085 863 ergo
1101 826 1123 854 si

275 872 359 901 Filius
381 873 428 901 Dei
451 880 562 909 semper
583 872 636 901 erit
657 873 742 901 Filius
762 873 827 907 Dei,
849 877 876 902 et
897 873 981 901 homo
1013 881 1123 909 semper

275 920 329 948 erit
351 920 443 954 Deus;
465 920 592 956 sequitur
614 921 785 954 necessario,
808 920 883 957 quod
905 921 973 949 haec
989 920 1023 949 sit
1038 928 1122 948 vera:

276 966 327 995 iste
349 967 432 995 homo
453 967 506 995 erit
528 974 638 1004 semper
660 967 752 1001 Deus,
774 971 801 996 et
822 968 891 996 haec
912 967 1058 996 similiter:
1088 967 1125 995 Fi-

276 1014 330 1042 lius
351 1014 400 1042 Dei
421 1021 533 1050 semper
554 1014 608 1042 erit
630 1014 731 1042 homo:
754 1022 820 1050 ergo
842 1017 869 1042 et
891 1014 959 1043 11666
980 1018 1022 1043 651
1042 1014 1123 1042 salsa:

276 1060 360 1088 homo
381 1060 482 1088 desinit
503 1068 564 1089 esse
586 1060 679 1095 Deus,
701 1064 728 1089 et
749 1061 835 1089 haec:
859 1060 933 1089 Deus
948 1060 1049 1089 desinit
1064 1068 1125 1089 6556

275 1107 378 1141 homo,
401 1107 460 1143 pari
483 1107 611 1135 ratione¹
634 1110 661 1135 et
682 1107 734 1135 hae
755 1110 821 1135 sunt
842 1107 944 1136 salsae:
968 1107 1019 1136 iste
1042 1108 1125 1136 bomo

276 1153 377 1190 incepit
398 1161 458 1182 esse
479 1153 569 1188 DeuS,
590 1156 617 1182 et
639 1153 713 1182 Deus
734 1154 836 1190 incepit
857 1162 917 1182 esse
939 1154 1031 1183 homo.

591 1239 803 1260 CONCLUSIO.

304 1309 438 1338 Locutio:
455 1308 538 1337 1101110
553 1309 659 1346 incepit
673 1318 732 1337 esse
748 1310 841 1343 Deus,
857 1310 923 1338 bene
938 1310 1097 1343 intellecta,

382 1355 475 1393 recipi
485 1359 579 1392 potest
593 1359 734 1394 tauquam
749 1356 921 1393 simpliciter
935 1365 1015 1385 vera.

354 1435 533 1463 Rssspomnzo:
556 1434 724 1468 Dicendum,
740 1435 814 1471 quod
830 1435 936 1472 absque
956 1435 1042 1463 dubio
1057 1435 1126 1463 haec

275 1482 456 1510 conceditur:
484 1482 559 1510 Deus
587 1481 677 1518 coepit
703 1489 763 1510 esse
792 1482 895 1515 homo;
924 1482 972 1510 sed
998 1482 1033 1510 de
1054 1482 1124 1510 hac:

275 1528 359 1557 homo
381 1528 470 1565 coepit
491 1536 551 1557 esse
572 1528 662 1563 Deus,
685 1528 803 1557 dubium
826 1533 881 1563 651,
903 1533 1000 1557 utrum
1023 1530 1127 1567 simpli-

275 1575 344 1603 citer
366 1575 400 1604 sit
421 1575 607 1604 concedenda.

354 1622 472 1659 Quidam
495 1630 617 1659 namque
639 1622 790 1651 voluerunt
811 1631 870 1651 eam
894 1623 1074 1660 (listinyuere
1089 1632 1124 1652 ex

275 1677 322 1703 eo,
344 1669 419 1706 quod
442 1669 494 1698 1106
515 1669 634 1698 verbum
664 1669 767 1706 incipit
790 1673 882 1707 potest
912 1670 1026 1699 attribui
1060 1671 1125 1699 huic

278 1716 395 1745 termino
416 1715 499 1744 1101110
520 1717 626 1745 ratione
641 1716 802 1753 suppositi,
819 1717 862 1745 vel
878 1717 985 1746 ratione
999 1716 1124 1754 formae.

275 1763 299 1791 Si
322 1763 493 1792 attribuatur
525 1763 631 1792 ratione
659 1762 792 1800 formae,
822 1767 888 1792 tunc
914 1764 964 1793 iste
987 1765 1125 1794 terminus

275 1809 358 1839 homo
380 1810 464 1838 habet
484 1810 711 1847 suppositionem
733 1810 931 1847 simplicem2,
953 1816 981 1840 et
1002 1815 1067 1841 tunc
1083 1816 1125 1841 est

275 1865 390 1891 sensus,
421 1857 496 1894 quod
528 1857 603 1885 Deus
634 1857 730 1893 incipit
758 1858 914 1894 praedicari
936 1858 970 1886 de
992 1858 1124 1893 homine,

275 1904 340 1941 quia
362 1904 444 1932 modo
466 1903 645 1940 praedicatur
670 1906 696 1932 et
719 1904 797 1940 prius
820 1912 872 1932 non
895 1903 1127 1941 praedicabatur}

275 1954 302 1979 et
316 1950 354 1979 516
370 1950 472 1978 1066110
494 1950 577 1978 1161161
592 1949 745 1979 veritatem.
762 1950 788 1978 Si
804 1958 870 1979 vero
886 1951 1016 1988 respiciat
1032 1951 1123 1988 ipsum

275 1997 382 2026 ratione
402 1997 563 2034 suppositi,
586 1997 625 2025 516
646 1997 797 2031 dixerunt,
818 1998 893 2034 quod
916 1998 984 2026 haec
999 2002 1041 2027 est
1056 1998 1124 2027 falsa

276 2044 394 2079 locutio,
415 2044 481 2081 quia
498 2044 667 2081 supposito³
682 2052 792 2081 semper
808 2045 935 2073 convenit
950 2052 1010 2074 esse
1026 2045 1123 2074 Deum.

275 2108 314 2112 ——
336 2091 422 2120 Huius
443 2094 536 2120 autem
562 2091 657 2119 simile
678 2091 835 2128 assignant,
857 2092 928 2120 sicut
950 2092 971 2120 51
995 2092 1122 2121 dicatur:

274 2138 375 2167 album
397 2138 491 2175 incipit
506 2146 566 2167 esse
580 2142 714 2172 scutum,
729 2146 761 2167 eo
776 2139 851 2176 quod
865 2143 983 2167 scutum
999 2139 1122 2176 primum

274 2185 343 2218 fuit,
365 2188 392 2213 et
412 2188 475 2222 post
496 2184 653 2213 dealbetur.
675 2184 701 2213 Si
724 2185 796 2213 enim
820 2185 938 2222 inceptio
952 2185 1124 2214 attribuatur

274 2232 341 2260 huic
364 2231 482 2260 termino
503 2231 603 2259 album
624 2231 731 2260 ratione
751 2230 884 2269 formae,
908 2240 973 2261 vera
995 2237 1037 2261 est
1052 2233 1125 2261 locu-

276 2279 332 2313 tio;
354 2279 376 2307 si
399 2278 504 2307 ratione
534 2278 696 2315 suppositi,
728 2279 797 2307 falsa
819 2283 875 2313 est,
898 2279 964 2316 quia
984 2279 1059 2316 quod
1082 2283 1124 2308 est

279 2325 378 2354 album
409 2325 489 2362 prius
518 2325 571 2354 suit
600 2329 725 2353 scutum.
747 2342 785 2346 —-
806 2326 832 2353 Si
853 2329 947 2354 autem
969 2330 1123 2363 quaeratur

275 2372 345 2401 ratio
367 2372 453 2401 huius
474 2372 701 2409 multiplicitatis,
723 2372 835 2407 dicunt,
857 2380 917 2401 eam
940 2381 976 2401 ex
997 2373 1049 2402 1106
1063 2381 1123 2410 pro-

275 2420 386 2454 venire,
408 2419 474 2457 quia
496 2420 613 2448 verbum
637 2419 797 2456 incipiendi
817 2420 923 2448 claudit
943 2419 970 2448 in
993 2427 1022 2448 se
1045 2428 1124 2457 nega-

274 2466 378 2495 tionem
390 2466 398 2481 ⁴
411 2489 417 2501 ,
432 2470 459 2495 et
474 2467 521 2495 illa
535 2470 625 2504 potest
641 2466 755 2503 intelligi
770 2467 943 2504 praecedere
958 2467 1122 2501 terminum,

275 2516 302 2542 et
316 2513 355 2542 sic
369 2513 450 2542 faciet
466 2513 556 2550 ipsum
574 2513 678 2542 habere
691 2513 852 2550 simplicem
873 2513 1123 2550 suppositionem,-

337 2633 344 2648 ¹
363 2633 418 2656 Cod.
437 2634 452 2656 F
469 2636 520 2656 ante
536 2633 594 2663 proi
609 2634 701 2657 ratione
718 2635 831 2657 interserit
847 2641 912 2664 erqo.

337 2671 347 2687 2
364 2672 388 2694 ld
404 2673 450 2699 est,
469 2673 580 2695 terminus
591 2672 661 2696 homo
678 2674 789 2701 accipitur
807 2674 843 2696 1116
855 2680 898 2702 pro
910 2680 934 2696 re
947 2674 1069 2696 universali
1082 2670 1123 2702 per

275 2711 352 2739 ipsum
369 2711 508 2740 significata,
527 2712 576 2734 sive
593 2718 636 2740 pro
653 2714 733 2734 natura
751 2713 848 2740 speciei,
866 2713 913 2734 scil.
931 2718 974 2740 pro
992 2715 1070 2734 natura
1084 2713 1123 2734 hu-

276 2756 358 2778 mana,
376 2753 399 2772 61
416 2756 461 2772 non
479 2757 521 2778 pro
538 2750 641 2779 quolibet
666 2752 766 2773 inferiori
792 2752 841 2774 sive
866 2753 986 2779 supposito
1007 2751 1051 2774 sub
1074 2752 1121 2779 ipsa

276 2792 389 2812 contento.
407 2788 516 2819 Simplici
532 2790 684 2818 suppositioni
709 2791 833 2818 opponitur
857 2789 1003 2820 personalis,
1032 2791 1053 2812 in
1077 2797 1121 2819 qua

274 2829 387 2851 terminus
412 2830 510 2851 sumitur
528 2835 569 2857 pro
587 2830 635 2851 suis
657 2829 803 2851 inferioribus
821 2830 871 2851 sive
896 2830 1022 2857 suppositis
1044 2836 1063 2852 e.
1087 2836 1122 2857 gr.

277 2868 346 2889 bomo
363 2868 442 2890 currit.
459 2867 503 2890 Cir.
522 2868 536 2890 1,
554 2868 614 2890 Sent.
632 2867 655 2889 d.
674 2867 694 2889 4.
713 2874 735 2896 q.
756 2868 775 2890 l.
793 2868 902 2890 scholion.

339 2905 349 2920 ³
365 2906 416 2928 Scit.
434 2907 548 2928 humanae
566 2910 660 2929 naturae
677 2907 699 2928 in
716 2906 819 2935 Christo,
837 2906 899 2935 quod
917 2909 951 2929 est
968 2906 1079 2929 Verbum.
1091 2918 1123 2923 —

276 2944 309 2967 De
326 2945 432 2972 exemplo
449 2951 502 2967 mox
519 2945 619 2967 adducto
636 2945 677 2968 cfr.
695 2948 783 2974 quaest.
801 2945 907 2973 praeced.

342 2983 351 2998 ⁴
368 2983 414 3006 Cir.
431 2990 501 3012 supra
519 2990 572 3012 pag.
591 2984 647 3012 252,
665 2988 717 3006 nota
735 2984 756 3006 3.

954 185 1205 214 SENTENTIARUM
1227 185 1286 214 LlB.
1309 186 1348 214 Ill.

1180 263 1223 292 vel
1251 263 1348 301 sequi,
1378 267 1405 292 et
1433 264 1472 292 516
1501 264 1612 300 respicit
1639 264 1730 301 ipsum
1761 265 1849 301 gratia
1874 265 2025 302 suppositi.

1180 310 1257 338 Unde
1278 310 1407 347 quamvis
1428 312 1556 347 respectu
1578 311 1737 347 aliquorum
1766 314 1879 340 actuum
1902 312 1946 340 vel
1968 319 2027 340 ver-

1181 357 1280 385 borum
1305 357 1440 385 terminus
1456 357 1599 385 subiectus
1614 357 1801 387 determinare
1812 359 1821 373 5
1844 359 1944 387 11611661
1961 367 2027 395 sup-

1176 403 1349 440 positionem.
1375 403 1552 440 simplicem,
1574 407 1623 432 aut
1642 404 1846 441 personalem;
1868 409 1959 434 tamen
1987 413 2027 434 re-

1179 454 1276 486 spectu
1299 451 1383 479 huius
1406 450 1483 479 verbi
1506 450 1610 487 incipit
1628 454 1747 488 utroque
1763 452 1846 480 modo
1862 456 1950 488 potest
1964 460 2025 490 sup-

1179 505 1301 534 ponere;
1323 501 1349 526 et
1372 498 1423 526 1106
1445 506 1499 525 non
1522 498 1598 534 ponit
1613 498 1845 535 multiplicitatem
1862 499 1888 527 in
1905 500 2027 528 termino

1178 547 1372 580 supponente,
1394 544 1442 572 sed
1466 545 1492 572 in
1516 548 1574 573 tota
1590 544 1731 573 locutione
1752 553 1788 573 ex
1810 546 1888 574 varia
1909 546 2028 583 negatio-

1180 590 1222 618 nis
1244 590 1460 627 comparatione.

1258 637 1328 665 Haec
1349 640 1443 665 autem
1472 637 1611 666 distinctio
1633 639 1699 667 satis
1721 642 1762 668 est
1783 640 1974 676 rationabilis,
2003 641 2024 670 si
2038 643 2156 671 mereim.

1180 692 1245 713 sane
1267 684 1439 721 intelligatur
1460 685 1584 721 simplex
1604 686 1782 722 suppositio,
1804 690 1836 715 ut
1851 687 1961 716 dicatur
1976 691 2027 717 ter-

1180 731 1273 759 minus
1290 731 1392 760 babere
1406 731 1565 768 simplicem
1580 733 1822 769 suppositionem,
1837 736 1890 764 sub
1904 744 1960 773 quo
1974 745 2028 765 non

1182 777 1244 806 licet
1268 777 1475 811 descendet-(2⁶,
1504 778 1576 807 sicut
1597 787 1660 807 cum
1690 780 1811 809 dicitur:
1840 782 1917 811 solus
1945 783 2029 812 110610

1180 825 1287 858 currit:
1304 825 1345 853 vel
1363 825 1518 862 simplicem
1541 827 1759 863 suppositionem
1777 829 1893 864 habere,
1916 831 2028 867 quando

1181 871 1382 907 praedicatum,
1395 871 1437 900 vel
1453 872 1558 909 aliquid
1575 873 1602 901 in
1618 874 1777 910 praedicato
1793 876 1905 913 respicit
1919 877 2029 914 ipsum⁷

1181 918 1269 955 gratia
1290 917 1415 955 formae.
1438 919 1510 948 Licet
1531 922 1624 948 autem
1647 929 1701 949 non
1724 922 1758 950 sit
1779 923 1922 959 praedicta
1936 924 2030 953 distin-

1181 965 1234 993 ctio
1256 965 1448 1002 reprobanda,
1469 969 1590 995 attamen
1613 975 1666 995 non
1696 968 1823 997 dissolvit
1844 969 1924 1006 plene
1945 971 2030 999 ambi-

1181 1012 1314 1048 guitatem
1339 1012 1484 1041 locutionis
1507 1014 1680 1050 propositae,
1701 1015 1849 1051 quoniam,
1872 1017 1894 1045 si
1916 1017 2029 1054 respicit

1181 1059 1272 1096 ipsum
1295 1059 1400 1088 ratione
1428 1060 1588 1097 suppositi,
1617 1061 1710 1090 adhuc
1731 1062 1814 1091 habet
1836 1063 1938 1092 locutio
1959 1064 2029 1093 veri-

1181 1103 1275 1135 tatem.
1297 1107 1323 1134 Si
1339 1107 1412 1135 enim
1429 1107 1496 1136 haec
1518 1110 1559 1136 est
1581 1115 1665 1136 vera:
1681 1108 1732 1137 iste
1747 1109 1830 1137 homo
1845 1109 1940 1147 incipit
1954 1119 2027 1146 esse,

1181 1153 1208 1181 in
1230 1153 1324 1190 aliquo
1352 1161 1456 1188 sensu,
1478 1158 1509 1182 ut
1531 1154 1630 1191 [11165Β
1659 1155 1808 1192 probatum
1840 1159 1896 1191 est,
1922 1157 2028 1194 absque

1181 1200 1267 1228 dubio
1289 1208 1388 1228 verum
1409 1204 1466 1235 est,
1488 1202 1563 1238 quod
1586 1202 1681 1239 incipit
1701 1211 1761 1232 esse
1784 1204 1867 1232 Deus.

1263 1247 1292 1274 Et
1313 1251 1427 1283 propter
1450 1248 1501 1276 1106
1517 1248 1742 1285 intelligendum,
1757 1250 1832 1287 quod
1847 1251 1941 1280 adhuc
1952 1259 2030 1288 prae-

1182 1293 1256 1322 dicta
1278 1293 1380 1322 locutio
1410 1294 1493 1323 babet
1514 1295 1675 1331 veritatem,
1697 1298 1851 1326 secundum
1874 1298 1949 1334 quod
1971 1306 2030 1327 ver-

1183 1340 1249 1368 bum
1263 1340 1423 1377 incipiendi
1438 1342 1550 1378 respicit
1566 1346 1673 1371 tantum
1689 1344 1845 1373 subiectum
1862 1345 1950 1382 gratia
1964 1354 2030 1382 sup-

1179 1387 1277 1424 positi.
1301 1388 1376 1416 Unde
1397 1388 1597 1417 attendendum
1620 1394 1676 1424 651,
1708 1391 1783 1427 quod
1812 1392 1862 1420 iste
1892 1386 2027 1421 terminus

1182 1433 1266 1462 1101110
1288 1438 1418 1471 respectu
1439 1435 1540 1464 Christi
1556 1436 1657 1472 partim
1674 1437 1758 1466 habet
1773 1441 1901 1466 naturam
1918 1439 2027 1467 termini

1182 1481 1389 1515 accidentalis,
1414 1482 1514 1519 partim
1531 1486 1660 1511 naturam
1677 1484 1788 1512 termini
1804 1484 2029 1514 substantialis:

1182 1533 1312 1557 naturam
1322 1551 1329 1563 ,
1345 1530 1471 1566 inquam,
1496 1530 1605 1558 termini
1621 1531 1811 1560 accidentalis
1826 1537 1955 1569 respectu
1967 1542 2031 1570 per-

1181 1584 1286 1609 sonae,
1309 1584 1381 1613 qnae
1403 1577 1585 1613 praeexistit3
1608 1581 1736 1606 naturam
1760 1579 1869 1607 termini
1898 1579 2031 1609 substan-

1183 1621 1263 1650 tialis
1286 1626 1414 1658 respectu
1435 1622 1601 1660 sinyularis
1616 1622 1757 1658 hominis,
1773 1625 1847 1661 quod
1864 1625 1947 1654 simul
1963 1634 2026 1655 cum

1182 1669 1242 1705 ipso
1264 1670 1374 1706 incipit3
1406 1678 1456 1707 per
1484 1670 1558 1707 quod
1591 1671 1641 1700 iste
1670 1671 1807 1700 terminus
1832 1671 1916 1701 1101110
1944 1673 2028 1702 1161161

1182 1724 1340 1753 supponere
1363 1725 1413 1754 pro
1434 1717 1586 1755 sinyulari
1606 1717 1732 1747 hominis
1751 1728 1804 1756 per
1825 1728 1872 1753 se,
1895 1729 1944 1757 pro
1964 1729 2027 1758 per-

1181 1771 1255 1791 sona
1283 1763 1367 1791 Verbi
1387 1772 1441 1792 non
1473 1764 1524 1792 nisi
1545 1765 1649 1801 pratici
1670 1766 1789 1794 unionis
1801 1766 1820 1794 ⁹.
1844 1767 1873 1795 Et
1894 1767 2025 1804 quoniam

1182 1819 1233 1847 pro
1254 1811 1398 1848 supposito
1419 1811 1585 1848 sinyularis
1607 1811 1749 1847 hominis,
1766 1814 1839 1851 quod
1855 1814 1969 1851 quidem
1984 1818 2026 1843 est

1181 1857 1272 1892 lesus,
1294 1857 1378 1886 habet
1399 1858 1501 1886 locutio
1523 1858 1677 1894 veritatem,
1699 1860 1827 1897 quamvis
1848 1869 1903 1889 non
1925 1861 2025 1890 habeat

1181 1912 1232 1940 pro
1254 1904 1414 1941 supposito,
1436 1905 1509 1942 quod
1533 1909 1574 1934 est
1592 1914 1720 1942 persona
1743 1907 1864 1940 Christi:
1886 1907 1950 1936 hinc
1971 1912 2028 1944 est,

1181 1951 1256 1988 quod
1278 1951 1421 1988 praedicta
1443 1951 1544 1980 locutio
1566 1952 1650 1989 recipi
1666 1956 1757 1989 potest
1771 1957 1904 1990 tanquam
1926 1954 2029 1991 simpli-

1181 1998 1249 2027 citer
1272 2006 1347 2027 vera.
1368 2015 1406 2019 —
1430 1998 1459 2027 Et
1480 1999 1673 2028 concedendae
1695 2004 1760 2028 sunt
1782 2001 1902 2029 rationes
1916 2001 1951 2029 ad
1968 2001 2028 2029 1106.

2039 667 2057 685 1.
2070 668 2153 691 opinione

2042 1250 2108 1277 Opinio
2124 1256 2154 1270 au-

2042 1276 2105 1293 cteris.

2042 1394 2152 1414 Notandum.

2041 1913 2146 1932 Conclusio.

1262 2046 1285 2073 1.
1308 2045 1345 2073 Ad
1370 2045 1438 2074 illud
1461 2046 1535 2082 quod
1558 2046 1701 2081 obiicitur,
1716 2047 1790 2084 quod
1807 2047 1875 2076 haec
1890 2051 1931 2076 est
1946 2055 2026 2076 vera:
2041 2054 2111 2072 Soluiio
2123 2059 2155 2077 01>-

1181 2091 1232 2120 iste
1254 2092 1337 2120 homo
1358 2092 1393 2120 ab
1415 2095 1529 2121 aeterno
1544 2093 1595 2121 fuit
1616 2093 1710 2127 Deus;
1731 2094 1898 2129 dicendum,
1913 2094 1986 2131 quod
2004 2102 2026 2123 51

1180 2139 1233 2167 iste
1254 2139 1427 2168 demonstret
1442 2148 1618 2176 personam,
1642 2148 1708 2169 vera
1723 2144 1779 2173 est:
1794 2145 1821 2169 et
1835 2142 1862 2170 in
1879 2141 1926 2170 illo
1941 2150 2026 2171 sensu

1180 2186 1249 2214 salsa
1273 2189 1331 2215 est:
1355 2186 1405 2215 iste
1426 2187 1510 2215 homo
1532 2187 1632 2224 incepit
1654 2195 1714 2216 esse
1735 2188 1810 2217 Deus
1822 2199 1829 2223 3
1844 2188 1865 2217 si
1883 2196 1949 2217 vero
1962 2197 2028 2226 sup-

1177 2233 1307 2269 positum
1329 2231 1455 2261 hominis
1487 2233 1632 2270 respiciat,
1653 2234 1747 2263 adhuc
1768 2238 1858 2271 potest
1878 2243 1939 2264 esse
1960 2243 2027 2264 vera

1180 2288 1230 2316 per
1251 2279 1388 2308 unionem
1409 2280 1468 2308 sive
1487 2280 1652 2308 idiomatum
1668 2281 1956 2311 communicationem.
1971 2282 2024 2311 Sed

1180 2329 1272 2355 tamen
1294 2334 1328 2354 ex
1345 2326 1397 2354 hoc
1419 2334 1472 2354 non
1489 2327 1631 2363 sequitur,
1646 2327 1721 2364 quod
1743 2328 1796 2356 ista
1817 2328 1852 2357 sit
1872 2329 1959 2357 falsa:
1976 2329 2026 2358 iste

1180 2373 1264 2401 bomo
1285 2373 1387 2409 incepit
1408 2381 1468 2401 esse
1490 2373 1579 2407 Deus,
1601 2381 1652 2410 per
1672 2374 1870 2411 proprietatem
1893 2383 1961 2404 suae
1982 2384 2027 2404 na-

1180 2423 1268 2448 turae.
1284 2420 1420 2456 Contingit
1434 2420 1507 2449 enim
1517 2443 1524 2455 ,
1539 2420 1611 2449 51661
1625 2421 1705 2457 prius
1714 2421 1732 2436 ¹⁰
1746 2422 1853 2451 dictum
1868 2423 1936 2456 fuit,
1952 2423 2027 2451 hunc

1179 2467 1321 2495 hominem
1342 2466 1436 2496 dicere
1457 2467 1604 2496 mortalem
1625 2471 1652 2496 et
1673 2468 1860 2498 immortalem
1886 2470 1945 2498 5166
1966 2478 2027 2498 6011-

1180 2513 1352 2542 tradictione.

1242 2635 1252 2649 ⁵
1270 2635 1318 2657 Vat.
1336 2634 1496 2658 determinate.

1242 2673 1251 2688 θ
1269 2674 1322 2696 Sive
1339 2675 1455 2702 applicare
1481 2674 1509 2696 ad
1535 2675 1640 2697 inferiora
1659 2675 1812 2704 (supposita);
1830 2677 1863 2698 sic
1880 2677 1901 2698 in
1919 2677 2024 2705 exemplo

1180 2713 1246 2734 allato
1264 2719 1308 2734 non
1321 2713 1372 2735 licet
1383 2713 1482 2735 inferre:
1499 2720 1556 2741 ergo
1568 2714 1631 2735 solus
1643 2713 1679 2736 hic
1692 2712 1761 2736 homo
1773 2720 1795 2736 v.
1810 2721 1844 2742 gr.
1858 2715 1936 2737 Petrus
1947 2715 2025 2738 currit.

1245 2751 1254 2766 ⁷
1269 2752 1384 2780 intellige:
1402 2753 1532 2775 terminum.

1241 2789 1251 2804 ⁸
1268 2790 1359 2819 Quaest.
1378 2790 1484 2818 praeced.
1503 2803 1533 2806 —
1551 2790 1619 2813 Paulo
1641 2791 1748 2818 superius
1765 2797 1808 2819 pro
1825 2790 1847 2813 si
1862 2790 1958 2820 respicit
1973 2791 2023 2814 cod.

1180 2828 1211 2850 bb
1228 2828 1272 2851 etsi
1287 2828 1404 2858 respiciat.

1241 2867 1251 2882 ⁹
1268 2867 1311 2890 cn».
1330 2874 1400 2896 supra
1414 2868 1435 2890 d.
1448 2869 1469 2890 6.
1482 2875 1501 2890 a.
1516 2868 1535 2890 l.
1548 2875 1570 2897 q.
1583 2868 1604 2890 3.
1621 2871 1644 2890 et
1661 2868 1682 2890 d.
1702 2868 1738 2890 10.
1755 2875 1775 2890 a.
1795 2869 1814 2890 1.
1833 2875 1854 2898 q.
1874 2869 1895 2891 3.
1912 2881 1944 2885 —
1955 2869 2024 2892 Paulo

1179 2909 1231 2928 ante
1247 2913 1290 2934 pro
1305 2913 1349 2936 per
1373 2906 1436 2936 quod
1453 2907 1520 2929 codd.
1538 2908 1555 2929 A
1573 2907 1602 2932 (K
1620 2914 1631 2929 a
1649 2907 1750 2930 secunda
1768 2907 1849 2935 manu)
1867 2908 1885 2929 M
1896 2907 1955 2930 Obb
1971 2913 2024 2937 pro-

1176 2946 1231 2974 pter
1247 2945 1316 2974 qnod.

1243 2984 1262 2998 ¹⁰
1279 2985 1371 3013 Quaest.
1389 2985 1496 3013 praeced.
1513 2985 1543 3007 ad
1559 2985 1580 3007 3.
1598 2979 1641 3013 pro
1659 2988 1723 3013 parte
1740 2986 1853 3014 negativa.

2020 2095 2024 2099 ,
2040 2077 2147 2101 positorum.
