<?xml version="1.0" encoding="UTF-8"?>
<!DOCTYPE html PUBLIC "-//W3C//DTD XHTML 1.0 Transitional//EN"
    "http://www.w3.org/TR/xhtml1/DTD/xhtml1-transitional.dtd">
<html xmlns="http://www.w3.org/1999/xhtml" xml:lang="en" lang="en">
 <head>
  <title>
</title>
<meta http-equiv="Content-Type" content="text/html;charset=utf-8" />
  <meta name='ocr-system' content='tesseract 3.04.00' />
  <meta name='ocr-capabilities' content='ocr_page ocr_carea ocr_par ocr_line ocrx_word'/>
</head>
<body>
  <div class='ocr_page' id='page_1' title='image "./doctorisseraphic03bona/doctorisseraphic03bona_0344.png"; bbox 0 0 2166 3366; ppageno 0'>
   <div class='ocr_carea' id='block_1_1' title="bbox 123 954 241 1027">
    <p class='ocr_par' dir='ltr' id='par_1_1' title="bbox 123 954 241 1027">
     <span class='ocr_line' id='line_1_1' title="bbox 158 954 240 974; baseline -0.012 0"><span class='ocrx_word' id='word_1_1' title='bbox 158 954 240 974; x_wconf 77' lang='lat' dir='ltr'>Scientia</span> 
     </span>
     <span class='ocr_line' id='line_1_2' title="bbox 123 979 241 998; baseline -0.008 0"><span class='ocrx_word' id='word_1_2' title='bbox 123 979 193 998; x_wconf 77' lang='lat' dir='ltr'>Christi</span> <span class='ocrx_word' id='word_1_3' title='bbox 209 979 241 997; x_wconf 81' lang='lat' dir='ltr'>tri-</span> 
     </span>
     <span class='ocr_line' id='line_1_3' title="bbox 124 1004 173 1027; baseline 0 -6"><span class='ocrx_word' id='word_1_4' title='bbox 124 1004 173 1027; x_wconf 82' lang='lat' dir='ltr'>plex.</span> 
     </span>
    </p>
   </div>
   <div class='ocr_carea' id='block_1_2' title="bbox 113 1429 241 1448">
    <p class='ocr_par' dir='ltr' id='par_1_2' title="bbox 113 1429 241 1448">
     <span class='ocr_line' id='line_1_4' title="bbox 113 1429 241 1448; baseline -0.016 0"><span class='ocrx_word' id='word_1_5' title='bbox 113 1429 213 1448; x_wconf 81' lang='lat' dir='ltr'><strong>Conclusio</strong></span> <span class='ocrx_word' id='word_1_6' title='bbox 225 1429 241 1446; x_wconf 87' lang='grc'>1.</span> 
     </span>
    </p>
   </div>
   <div class='ocr_carea' id='block_1_3' title="bbox 114 1620 243 1639">
    <p class='ocr_par' dir='ltr' id='par_1_3' title="bbox 114 1620 243 1639">
     <span class='ocr_line' id='line_1_5' title="bbox 114 1620 243 1639; baseline -0.016 0"><span class='ocrx_word' id='word_1_7' title='bbox 114 1620 214 1639; x_wconf 78' lang='lat' dir='ltr'>Conclusio</span> <span class='ocrx_word' id='word_1_8' title='bbox 225 1620 243 1637; x_wconf 67' lang='lat'>2.</span> 
     </span>
    </p>
   </div>
   <div class='ocr_carea' id='block_1_4' title="bbox 116 1667 247 1686">
    <p class='ocr_par' dir='ltr' id='par_1_4' title="bbox 116 1667 247 1686">
     <span class='ocr_line' id='line_1_6' title="bbox 116 1667 247 1686; baseline 0 -1"><span class='ocrx_word' id='word_1_9' title='bbox 116 1667 247 1686; x_wconf 77' lang='lat' dir='ltr'>Coufirmatur.</span> 
     </span>
    </p>
   </div>
   <div class='ocr_carea' id='block_1_5' title="bbox 118 2090 247 2179">
    <p class='ocr_par' dir='ltr' id='par_1_5' title="bbox 118 2090 247 2179">
     <span class='ocr_line' id='line_1_7' title="bbox 142 2090 246 2114; baseline -0.019 -5"><span class='ocrx_word' id='word_1_10' title='bbox 142 2090 246 2114; x_wconf 74' lang='lat' dir='ltr'>Dupliciter</span> 
     </span>
     <span class='ocr_line' id='line_1_8' title="bbox 118 2114 247 2132; baseline -0.008 0"><span class='ocrx_word' id='word_1_11' title='bbox 118 2114 180 2132; x_wconf 79' lang='lat' dir='ltr'>differt</span> <span class='ocrx_word' id='word_1_12' title='bbox 193 2114 247 2132; x_wconf 75' lang='lat' dir='ltr'>Chri—</span> 
     </span>
     <span class='ocr_line' id='line_1_9' title="bbox 119 2138 247 2161; baseline -0.016 -5"><span class='ocrx_word' id='word_1_13' title='bbox 119 2138 142 2156; x_wconf 82' lang='lat' dir='ltr'>sti</span> <span class='ocrx_word' id='word_1_14' title='bbox 153 2138 247 2161; x_wconf 70' lang='lat' dir='ltr'>protectus</span> 
     </span>
     <span class='ocr_line' id='line_1_10' title="bbox 118 2163 212 2179; baseline 0 0"><span class='ocrx_word' id='word_1_15' title='bbox 118 2167 129 2179; x_wconf 79' lang='lat' dir='ltr'>a</span> <span class='ocrx_word' id='word_1_16' title='bbox 142 2163 212 2179; x_wconf 84' lang='lat' dir='ltr'>nostro.</span> 
     </span>
    </p>
   </div>
   <div class='ocr_carea' id='block_1_6' title="bbox 146 2559 248 2601">
    <p class='ocr_par' dir='ltr' id='par_1_6' title="bbox 146 2559 248 2601">
     <span class='ocr_line' id='line_1_11' title="bbox 154 2559 248 2581; baseline -0.011 -4"><span class='ocrx_word' id='word_1_17' title='bbox 154 2559 182 2577; x_wconf 75' lang='lat' dir='ltr'>Ad</span> <span class='ocrx_word' id='word_1_18' title='bbox 195 2563 248 2581; x_wconf 80' lang='lat' dir='ltr'>argu·</span> 
     </span>
     <span class='ocr_line' id='line_1_12' title="bbox 146 2584 214 2601; baseline 0 -1"><span class='ocrx_word' id='word_1_19' title='bbox 146 2584 214 2601; x_wconf 79' lang='lat' dir='ltr'>inenta.</span> 
     </span>
    </p>
   </div>
   <div class='ocr_carea' id='block_1_7' title="bbox 252 214 308 243">
    <p class='ocr_par' dir='ltr' id='par_1_7' title="bbox 252 214 308 243">
     <span class='ocr_line' id='line_1_13' title="bbox 252 214 308 243; baseline 0 0"><span class='ocrx_word' id='word_1_20' title='bbox 252 214 308 243; x_wconf 68' lang='lat'>3202</span> 
     </span>
    </p>
   </div>
   <div class='ocr_carea' id='block_1_8' title="bbox 250 288 1100 564">
    <p class='ocr_par' dir='ltr' id='par_1_8' title="bbox 250 288 1100 564">
     <span class='ocr_line' id='line_1_14' title="bbox 250 288 1099 330; baseline -0.007 -8"><span class='ocrx_word' id='word_1_21' title='bbox 250 301 334 330; x_wconf 89' lang='lat' dir='ltr'>quam</span> <span class='ocrx_word' id='word_1_22' title='bbox 357 292 441 321; x_wconf 87' lang='lat' dir='ltr'>habet</span> <span class='ocrx_word' id='word_1_23' title='bbox 461 291 488 320; x_wconf 91' lang='lat' dir='ltr'>in</span> <span class='ocrx_word' id='word_1_24' title='bbox 510 294 590 325; x_wconf 78' lang='lat' dir='ltr'>actu,</span> <span class='ocrx_word' id='word_1_25' title='bbox 611 299 663 327; x_wconf 90' lang='lat' dir='ltr'>pro</span> <span class='ocrx_word' id='word_1_26' title='bbox 685 298 717 319; x_wconf 90' lang='lat' dir='ltr'>eo</span> <span class='ocrx_word' id='word_1_27' title='bbox 739 289 815 327; x_wconf 83' lang='lat' dir='ltr'>quod</span> <span class='ocrx_word' id='word_1_28' title='bbox 836 296 946 317; x_wconf 84' lang='lat' dir='ltr'>«omne</span> <span class='ocrx_word' id='word_1_29' title='bbox 960 288 1099 325; x_wconf 90' lang='lat' dir='ltr'>recipiens</span> 
     </span>
     <span class='ocr_line' id='line_1_15' title="bbox 251 334 1098 372; baseline -0.007 -3"><span class='ocrx_word' id='word_1_30' title='bbox 251 339 334 368; x_wconf 89' lang='lat' dir='ltr'>debet</span> <span class='ocrx_word' id='word_1_31' title='bbox 355 347 415 368; x_wconf 89' lang='lat' dir='ltr'>esse</span> <span class='ocrx_word' id='word_1_32' title='bbox 447 338 621 367; x_wconf 87' lang='lat' dir='ltr'>denudatum</span> <span class='ocrx_word' id='word_1_33' title='bbox 643 345 659 365; x_wconf 88' lang='lat' dir='ltr'>a</span> <span class='ocrx_word' id='word_1_34' title='bbox 680 337 771 365; x_wconf 80' lang='lat' dir='ltr'>forma</span> <span class='ocrx_word' id='word_1_35' title='bbox 793 335 915 372; x_wconf 88' lang='lat' dir='ltr'>recepti¹</span> <span class='ocrx_word' id='word_1_36' title='bbox 931 345 958 363; x_wconf 79' lang='lat' dir='ltr'>»z</span> <span class='ocrx_word' id='word_1_37' title='bbox 980 343 1047 371; x_wconf 79' lang='lat' dir='ltr'>ergo</span> <span class='ocrx_word' id='word_1_38' title='bbox 1077 334 1098 363; x_wconf 91' lang='lat' dir='ltr'>si</span> 
     </span>
     <span class='ocr_line' id='line_1_16' title="bbox 250 381 1100 421; baseline -0.007 -6"><span class='ocrx_word' id='word_1_39' title='bbox 250 386 343 415; x_wconf 87' lang='lat' dir='ltr'>anima</span> <span class='ocrx_word' id='word_1_40' title='bbox 364 385 465 414; x_wconf 79' lang='lat' dir='ltr'>Christi</span> <span class='ocrx_word' id='word_1_41' title='bbox 487 393 504 413; x_wconf 87' lang='lat' dir='ltr'>a</span> <span class='ocrx_word' id='word_1_42' title='bbox 524 383 662 421; x_wconf 88' lang='lat' dir='ltr'>principio</span> <span class='ocrx_word' id='word_1_43' title='bbox 691 383 789 411; x_wconf 87' lang='lat' dir='ltr'>habuit</span> <span class='ocrx_word' id='word_1_44' title='bbox 810 383 838 411; x_wconf 89' lang='lat' dir='ltr'>in</span> <span class='ocrx_word' id='word_1_45' title='bbox 861 390 890 411; x_wconf 89' lang='lat' dir='ltr'>se</span> <span class='ocrx_word' id='word_1_46' title='bbox 912 381 1037 410; x_wconf 90' lang='lat' dir='ltr'>omnium</span> <span class='ocrx_word' id='word_1_47' title='bbox 1059 389 1100 410; x_wconf 85' lang='lat' dir='ltr'>re-</span> 
     </span>
     <span class='ocr_line' id='line_1_17' title="bbox 251 428 1098 468; baseline -0.007 -6"><span class='ocrx_word' id='word_1_48' title='bbox 251 442 314 462; x_wconf 91' lang='lat' dir='ltr'>rum</span> <span class='ocrx_word' id='word_1_49' title='bbox 337 435 495 461; x_wconf 89' lang='lat' dir='ltr'>creatarum</span> <span class='ocrx_word' id='word_1_50' title='bbox 519 431 639 468; x_wconf 86' lang='lat' dir='ltr'>speciem</span> <span class='ocrx_word' id='word_1_51' title='bbox 662 434 689 459; x_wconf 89' lang='lat' dir='ltr'>et</span> <span class='ocrx_word' id='word_1_52' title='bbox 710 430 852 463; x_wconf 80' lang='lat' dir='ltr'>notitiam,</span> <span class='ocrx_word' id='word_1_53' title='bbox 874 429 1002 462; x_wconf 88' lang='lat' dir='ltr'>videtur,</span> <span class='ocrx_word' id='word_1_54' title='bbox 1024 428 1098 465; x_wconf 87' lang='lat' dir='ltr'>quod</span> 
     </span>
     <span class='ocr_line' id='line_1_18' title="bbox 251 475 1100 517; baseline -0.006 -9"><span class='ocrx_word' id='word_1_55' title='bbox 251 479 373 517; x_wconf 90' lang='lat' dir='ltr'>amplius</span> <span class='ocrx_word' id='word_1_56' title='bbox 394 487 449 507; x_wconf 87' lang='lat' dir='ltr'>non</span> <span class='ocrx_word' id='word_1_57' title='bbox 471 478 594 515; x_wconf 83' lang='lat' dir='ltr'>potnerit</span> <span class='ocrx_word' id='word_1_58' title='bbox 625 477 809 514; x_wconf 86' lang='lat' dir='ltr'>cognitionem</span> <span class='ocrx_word' id='word_1_59' title='bbox 832 483 934 504; x_wconf 89' lang='lat' dir='ltr'>novam</span> <span class='ocrx_word' id='word_1_60' title='bbox 956 475 1100 512; x_wconf 87' lang='lat' dir='ltr'>recipere,</span> 
     </span>
     <span class='ocr_line' id='line_1_19' title="bbox 252 524 783 564; baseline -0.008 -9"><span class='ocrx_word' id='word_1_61' title='bbox 252 535 318 564; x_wconf 86' lang='lat' dir='ltr'>ergo</span> <span class='ocrx_word' id='word_1_62' title='bbox 339 534 390 555; x_wconf 88' lang='lat' dir='ltr'>nec</span> <span class='ocrx_word' id='word_1_63' title='bbox 411 526 437 554; x_wconf 92' lang='lat' dir='ltr'>in</span> <span class='ocrx_word' id='word_1_64' title='bbox 460 525 616 562; x_wconf 75' lang='lat' dir='ltr'>cognitione</span> <span class='ocrx_word' id='word_1_65' title='bbox 638 524 783 561; x_wconf 83' lang='lat' dir='ltr'>proficere.</span> 
     </span>
    </p>
   </div>
   <div class='ocr_carea' id='block_1_9' title="bbox 567 626 781 647">
    <p class='ocr_par' dir='ltr' id='par_1_9' title="bbox 567 626 781 647">
     <span class='ocr_line' id='line_1_20' title="bbox 567 626 781 647; baseline -0.005 0"><span class='ocrx_word' id='word_1_66' title='bbox 567 626 781 647; x_wconf 88' lang='lat' dir='ltr'>CONCLUSIO.</span> 
     </span>
    </p>
   </div>
   <div class='ocr_carea' id='block_1_10' title="bbox 252 711 1102 846">
    <p class='ocr_par' dir='ltr' id='par_1_10' title="bbox 252 711 1102 846">
     <span class='ocr_line' id='line_1_21' title="bbox 252 711 1102 750; baseline -0.006 -6"><span class='ocrx_word' id='word_1_67' title='bbox 252 716 364 744; x_wconf 77' lang='lat' dir='ltr'>Anima</span> <span class='ocrx_word' id='word_1_68' title='bbox 388 714 499 743; x_wconf 73' lang='lat' dir='ltr'>Christi</span> <span class='ocrx_word' id='word_1_69' title='bbox 518 722 577 742; x_wconf 85' lang='lat' dir='ltr'>non</span> <span class='ocrx_word' id='word_1_70' title='bbox 597 713 759 742; x_wconf 74' lang='lat' dir='ltr'>secandam</span> <span class='ocrx_word' id='word_1_71' title='bbox 780 712 972 750; x_wconf 60' lang='lat' dir='ltr'>cognitionem</span> <span class='ocrx_word' id='word_1_72' title='bbox 993 711 1102 749; x_wconf 74' lang='lat' dir='ltr'>simpli-</span> 
     </span>
     <span class='ocr_line' id='line_1_22' title="bbox 331 759 1102 797; baseline -0.006 -6"><span class='ocrx_word' id='word_1_73' title='bbox 331 762 373 791; x_wconf 80' lang='lat' dir='ltr'>eis</span> <span class='ocrx_word' id='word_1_74' title='bbox 394 762 533 795; x_wconf 83' lang='lat' dir='ltr'>notitiae,</span> <span class='ocrx_word' id='word_1_75' title='bbox 555 761 605 789; x_wconf 73' lang='lat' dir='ltr'>secl</span> <span class='ocrx_word' id='word_1_76' title='bbox 624 760 787 788; x_wconf 78' lang='lat' dir='ltr'>secandum</span> <span class='ocrx_word' id='word_1_77' title='bbox 808 759 1000 797; x_wconf 61' lang='lat' dir='ltr'>cognitionem</span> <span class='ocrx_word' id='word_1_78' title='bbox 1023 767 1102 795; x_wconf 88' lang='lat' dir='ltr'>expe-</span> 
     </span>
     <span class='ocr_line' id='line_1_23' title="bbox 331 807 607 846; baseline -0.011 -8"><span class='ocrx_word' id='word_1_79' title='bbox 331 809 455 838; x_wconf 81' lang='lat' dir='ltr'>rientiae</span> <span class='ocrx_word' id='word_1_80' title='bbox 471 807 607 846; x_wconf 83' lang='lat' dir='ltr'>profecit.</span> 
     </span>
    </p>
   </div>
   <div class='ocr_carea' id='block_1_11' title="bbox 253 900 1113 2588">
    <p class='ocr_par' dir='ltr' id='par_1_11' title="bbox 253 900 1111 2488">
     <span class='ocr_line' id='line_1_24' title="bbox 332 900 1104 939; baseline -0.005 -7"><span class='ocrx_word' id='word_1_81' title='bbox 332 905 508 932; x_wconf 64' lang='lat' dir='ltr'>Responnno:</span> <span class='ocrx_word' id='word_1_82' title='bbox 531 902 568 931; x_wconf 78' lang='lat' dir='ltr'>Ad</span> <span class='ocrx_word' id='word_1_83' title='bbox 592 901 799 939; x_wconf 87' lang='lat' dir='ltr'>praedictorum</span> <span class='ocrx_word' id='word_1_84' title='bbox 829 900 1039 938; x_wconf 73' lang='lat' dir='ltr'>intelligentiam</span> <span class='ocrx_word' id='word_1_85' title='bbox 1062 902 1104 928; x_wconf 89' lang='lat' dir='ltr'>est</span> 
     </span>
     <span class='ocr_line' id='line_1_25' title="bbox 253 947 1103 988; baseline -0.005 -8"><span class='ocrx_word' id='word_1_86' title='bbox 253 951 425 985; x_wconf 83' lang='lat' dir='ltr'>notandum,</span> <span class='ocrx_word' id='word_1_87' title='bbox 457 950 532 988; x_wconf 88' lang='lat' dir='ltr'>quod</span> <span class='ocrx_word' id='word_1_88' title='bbox 564 952 676 987; x_wconf 86' lang='lat' dir='ltr'>praeter</span> <span class='ocrx_word' id='word_1_89' title='bbox 707 948 868 982; x_wconf 75' lang='lat' dir='ltr'>scientiam,</span> <span class='ocrx_word' id='word_1_90' title='bbox 896 955 981 984; x_wconf 89' lang='lat' dir='ltr'>quam</span> <span class='ocrx_word' id='word_1_91' title='bbox 1010 947 1103 976; x_wconf 89' lang='lat' dir='ltr'>anima</span> 
     </span>
     <span class='ocr_line' id='line_1_26' title="bbox 253 994 1103 1033; baseline -0.007 -5"><span class='ocrx_word' id='word_1_92' title='bbox 253 999 353 1028; x_wconf 75' lang='lat' dir='ltr'>Christi</span> <span class='ocrx_word' id='word_1_93' title='bbox 370 998 469 1027; x_wconf 88' lang='lat' dir='ltr'>habuit</span> <span class='ocrx_word' id='word_1_94' title='bbox 484 998 510 1026; x_wconf 88' lang='lat' dir='ltr'>in</span> <span class='ocrx_word' id='word_1_95' title='bbox 526 997 633 1031; x_wconf 91' lang='lat' dir='ltr'>Verbo,</span> <span class='ocrx_word' id='word_1_96' title='bbox 649 996 790 1033; x_wconf 79' lang='lat' dir='ltr'>duplicem</span> <span class='ocrx_word' id='word_1_97' title='bbox 806 995 905 1024; x_wconf 89' lang='lat' dir='ltr'>habuit</span> <span class='ocrx_word' id='word_1_98' title='bbox 919 994 1103 1032; x_wconf 83' lang='lat' dir='ltr'>cognoscendi</span> 
     </span>
     <span class='ocr_line' id='line_1_27' title="bbox 253 1041 1105 1082; baseline -0.007 -7"><span class='ocrx_word' id='word_1_99' title='bbox 253 1046 385 1080; x_wconf 87' lang='lat' dir='ltr'>modum,</span> <span class='ocrx_word' id='word_1_100' title='bbox 407 1045 479 1074; x_wconf 86' lang='lat' dir='ltr'>sicut</span> <span class='ocrx_word' id='word_1_101' title='bbox 500 1044 676 1082; x_wconf 87' lang='lat' dir='ltr'>praedictum</span> <span class='ocrx_word' id='word_1_102' title='bbox 697 1042 791 1072; x_wconf 73' lang='lat' dir='ltr'>fuit2:</span> <span class='ocrx_word' id='word_1_103' title='bbox 811 1042 910 1071; x_wconf 86' lang='lat' dir='ltr'>habuit</span> <span class='ocrx_word' id='word_1_104' title='bbox 924 1041 999 1071; x_wconf 87' lang='lat' dir='ltr'>enim</span> <span class='ocrx_word' id='word_1_105' title='bbox 1015 1041 1105 1078; x_wconf 89' lang='lat' dir='ltr'>cogni-</span> 
     </span>
     <span class='ocr_line' id='line_1_28' title="bbox 253 1088 1104 1129; baseline -0.006 -7"><span class='ocrx_word' id='word_1_106' title='bbox 253 1094 357 1122; x_wconf 79' lang='lat' dir='ltr'>tionem</span> <span class='ocrx_word' id='word_1_107' title='bbox 378 1092 521 1129; x_wconf 72' lang='lat' dir='ltr'>sitnplieis</span> <span class='ocrx_word' id='word_1_108' title='bbox 543 1091 664 1120; x_wconf 82' lang='lat' dir='ltr'>notitiae</span> <span class='ocrx_word' id='word_1_109' title='bbox 685 1091 712 1119; x_wconf 85' lang='lat' dir='ltr'>in</span> <span class='ocrx_word' id='word_1_110' title='bbox 734 1090 891 1124; x_wconf 87' lang='lat' dir='ltr'>intellectu,</span> <span class='ocrx_word' id='word_1_111' title='bbox 920 1093 948 1118; x_wconf 88' lang='lat' dir='ltr'>et</span> <span class='ocrx_word' id='word_1_112' title='bbox 975 1088 1104 1126; x_wconf 87' lang='lat' dir='ltr'>cognitio-</span> 
     </span>
     <span class='ocr_line' id='line_1_29' title="bbox 253 1135 1105 1177; baseline -0.007 -8"><span class='ocrx_word' id='word_1_113' title='bbox 253 1148 317 1169; x_wconf 89' lang='lat' dir='ltr'>nem</span> <span class='ocrx_word' id='word_1_114' title='bbox 339 1139 534 1177; x_wconf 70' lang='lat' dir='ltr'>experientiae</span> <span class='ocrx_word' id='word_1_115' title='bbox 556 1139 582 1167; x_wconf 92' lang='lat' dir='ltr'>in</span> <span class='ocrx_word' id='word_1_116' title='bbox 606 1146 698 1166; x_wconf 88' lang='lat' dir='ltr'>sensu.</span> <span class='ocrx_word' id='word_1_117' title='bbox 721 1137 845 1174; x_wconf 89' lang='lat' dir='ltr'>Cognitio</span> <span class='ocrx_word' id='word_1_118' title='bbox 870 1135 1013 1173; x_wconf 75' lang='lat' dir='ltr'>simplicis</span> <span class='ocrx_word' id='word_1_119' title='bbox 1034 1135 1105 1163; x_wconf 87' lang='lat' dir='ltr'>noti-</span> 
     </span>
     <span class='ocr_line' id='line_1_30' title="bbox 254 1182 1104 1221; baseline -0.007 -5"><span class='ocrx_word' id='word_1_120' title='bbox 254 1188 312 1216; x_wconf 78' lang='lat' dir='ltr'>tiae</span> <span class='ocrx_word' id='word_1_121' title='bbox 333 1186 500 1216; x_wconf 76' lang='lat' dir='ltr'>consistebat</span> <span class='ocrx_word' id='word_1_122' title='bbox 522 1186 549 1213; x_wconf 94' lang='lat' dir='ltr'>in</span> <span class='ocrx_word' id='word_1_123' title='bbox 565 1185 708 1213; x_wconf 86' lang='lat' dir='ltr'>habitibus</span> <span class='ocrx_word' id='word_1_124' title='bbox 724 1187 750 1213; x_wconf 91' lang='lat' dir='ltr'>et</span> <span class='ocrx_word' id='word_1_125' title='bbox 765 1183 911 1221; x_wconf 79' lang='lat' dir='ltr'>speciebus</span> <span class='ocrx_word' id='word_1_126' title='bbox 926 1182 979 1220; x_wconf 91' lang='lat' dir='ltr'>ipsi</span> <span class='ocrx_word' id='word_1_127' title='bbox 994 1182 1104 1211; x_wconf 88' lang='lat' dir='ltr'>animae</span> 
     </span>
     <span class='ocr_line' id='line_1_31' title="bbox 253 1229 1104 1269; baseline -0.007 -6"><span class='ocrx_word' id='word_1_128' title='bbox 253 1234 354 1263; x_wconf 83' lang='lat' dir='ltr'>Christi</span> <span class='ocrx_word' id='word_1_129' title='bbox 378 1233 473 1262; x_wconf 89' lang='lat' dir='ltr'>inditis</span> <span class='ocrx_word' id='word_1_130' title='bbox 494 1241 510 1261; x_wconf 92' lang='lat' dir='ltr'>a</span> <span class='ocrx_word' id='word_1_131' title='bbox 532 1231 686 1269; x_wconf 85' lang='lat' dir='ltr'>primordio</span> <span class='ocrx_word' id='word_1_132' title='bbox 701 1239 768 1260; x_wconf 87' lang='lat' dir='ltr'>suae</span> <span class='ocrx_word' id='word_1_133' title='bbox 785 1230 950 1259; x_wconf 88' lang='lat' dir='ltr'>conditionis</span> <span class='ocrx_word' id='word_1_134' title='bbox 972 1237 1008 1258; x_wconf 87' lang='lat' dir='ltr'>ex</span> <span class='ocrx_word' id='word_1_135' title='bbox 1024 1229 1104 1258; x_wconf 91' lang='lat' dir='ltr'>bene-</span> 
     </span>
     <span class='ocr_line' id='line_1_32' title="bbox 254 1276 1104 1316; baseline -0.007 -6"><span class='ocrx_word' id='word_1_136' title='bbox 254 1282 316 1310; x_wconf 85' lang='lat' dir='ltr'>ficio</span> <span class='ocrx_word' id='word_1_137' title='bbox 337 1280 513 1314; x_wconf 81' lang='lat' dir='ltr'>Condit01·is;</span> <span class='ocrx_word' id='word_1_138' title='bbox 535 1279 654 1316; x_wconf 82' lang='lat' dir='ltr'>cognitio</span> <span class='ocrx_word' id='word_1_139' title='bbox 676 1286 743 1306; x_wconf 90' lang='lat' dir='ltr'>vero</span> <span class='ocrx_word' id='word_1_140' title='bbox 764 1277 958 1314; x_wconf 66' lang='lat' dir='ltr'>experientiae</span> <span class='ocrx_word' id='word_1_141' title='bbox 973 1276 1104 1305; x_wconf 88' lang='lat' dir='ltr'>consiste-</span> 
     </span>
     <span class='ocr_line' id='line_1_33' title="bbox 254 1323 1105 1360; baseline -0.007 -3"><span class='ocrx_word' id='word_1_142' title='bbox 254 1329 302 1357; x_wconf 85' lang='lat' dir='ltr'>bat</span> <span class='ocrx_word' id='word_1_143' title='bbox 316 1329 342 1356; x_wconf 90' lang='lat' dir='ltr'>in</span> <span class='ocrx_word' id='word_1_144' title='bbox 365 1327 464 1356; x_wconf 88' lang='lat' dir='ltr'>usibus</span> <span class='ocrx_word' id='word_1_145' title='bbox 485 1333 619 1355; x_wconf 88' lang='lat' dir='ltr'>sensuum</span> <span class='ocrx_word' id='word_1_146' title='bbox 635 1325 817 1354; x_wconf 79' lang='lat' dir='ltr'>exteriorum.</span> <span class='ocrx_word' id='word_1_147' title='bbox 833 1340 869 1344; x_wconf 92' lang='lat'>—</span> <span class='ocrx_word' id='word_1_148' title='bbox 886 1323 1022 1360; x_wconf 78' lang='lat' dir='ltr'>Quoniam</span> <span class='ocrx_word' id='word_1_149' title='bbox 1038 1331 1105 1359; x_wconf 88' lang='lat' dir='ltr'>ergo</span> 
     </span>
     <span class='ocr_line' id='line_1_34' title="bbox 255 1369 1105 1411; baseline -0.008 -7"><span class='ocrx_word' id='word_1_150' title='bbox 255 1375 368 1404; x_wconf 87' lang='lat' dir='ltr'>habitus</span> <span class='ocrx_word' id='word_1_151' title='bbox 390 1379 417 1403; x_wconf 88' lang='lat' dir='ltr'>et</span> <span class='ocrx_word' id='word_1_152' title='bbox 446 1373 552 1411; x_wconf 85' lang='lat' dir='ltr'>species</span> <span class='ocrx_word' id='word_1_153' title='bbox 584 1373 737 1410; x_wconf 79' lang='lat' dir='ltr'>impressae</span> <span class='ocrx_word' id='word_1_154' title='bbox 768 1372 883 1400; x_wconf 88' lang='lat' dir='ltr'>suerunt</span> <span class='ocrx_word' id='word_1_155' title='bbox 915 1370 967 1407; x_wconf 90' lang='lat' dir='ltr'>ipsi</span> <span class='ocrx_word' id='word_1_156' title='bbox 996 1369 1105 1398; x_wconf 90' lang='lat' dir='ltr'>animae</span> 
     </span>
     <span class='ocr_line' id='line_1_35' title="bbox 256 1416 1105 1457; baseline -0.007 -6"><span class='ocrx_word' id='word_1_157' title='bbox 256 1422 357 1451; x_wconf 86' lang='lat' dir='ltr'>Christi</span> <span class='ocrx_word' id='word_1_158' title='bbox 390 1422 417 1450; x_wconf 88' lang='lat' dir='ltr'>in</span> <span class='ocrx_word' id='word_1_159' title='bbox 447 1420 608 1449; x_wconf 82' lang='lat' dir='ltr'>omnimoda</span> <span class='ocrx_word' id='word_1_160' title='bbox 639 1418 812 1457; x_wconf 85' lang='lat' dir='ltr'>plenitudine</span> <span class='ocrx_word' id='word_1_161' title='bbox 822 1430 828 1452; x_wconf 89' lang='grc'><strong>;</strong></span> <span class='ocrx_word' id='word_1_162' title='bbox 854 1418 919 1446; x_wconf 90' lang='lat' dir='ltr'>hinc</span> <span class='ocrx_word' id='word_1_163' title='bbox 940 1421 1000 1451; x_wconf 83' lang='lat' dir='ltr'>est,</span> <span class='ocrx_word' id='word_1_164' title='bbox 1029 1416 1105 1454; x_wconf 89' lang='lat' dir='ltr'>quod</span> 
     </span>
     <span class='ocr_line' id='line_1_36' title="bbox 257 1464 1108 1505; baseline -0.008 -7"><span class='ocrx_word' id='word_1_165' title='bbox 257 1469 385 1498; x_wconf 86' lang='lat' dir='ltr'>Christus</span> <span class='ocrx_word' id='word_1_166' title='bbox 400 1467 537 1505; x_wconf 84' lang='lat' dir='ltr'>proficere</span> <span class='ocrx_word' id='word_1_167' title='bbox 552 1475 606 1495; x_wconf 93' lang='lat' dir='ltr'>non</span> <span class='ocrx_word' id='word_1_168' title='bbox 622 1466 712 1503; x_wconf 89' lang='lat' dir='ltr'>potuit</span> <span class='ocrx_word' id='word_1_169' title='bbox 727 1466 882 1502; x_wconf 76' lang='lat' dir='ltr'>cognitione</span> <span class='ocrx_word' id='word_1_170' title='bbox 901 1464 1045 1501; x_wconf 76' lang='lat' dir='ltr'>simplicis</span> <span class='ocrx_word' id='word_1_171' title='bbox 1059 1472 1108 1491; x_wconf 88' lang='lat' dir='ltr'>no-</span> 
     </span>
     <span class='ocr_line' id='line_1_37' title="bbox 259 1511 1107 1551; baseline -0.007 -7"><span class='ocrx_word' id='word_1_172' title='bbox 259 1515 347 1544; x_wconf 80' lang='lat' dir='ltr'>titiae.</span> <span class='ocrx_word' id='word_1_173' title='bbox 370 1515 441 1551; x_wconf 83' lang='lat' dir='ltr'>Quia</span> <span class='ocrx_word' id='word_1_174' title='bbox 463 1522 529 1543; x_wconf 88' lang='lat' dir='ltr'>vero</span> <span class='ocrx_word' id='word_1_175' title='bbox 551 1521 650 1542; x_wconf 89' lang='lat' dir='ltr'>sensus</span> <span class='ocrx_word' id='word_1_176' title='bbox 672 1512 796 1541; x_wconf 74' lang='lat' dir='ltr'>extortor</span> <span class='ocrx_word' id='word_1_177' title='bbox 811 1512 845 1540; x_wconf 89' lang='lat' dir='ltr'>ad</span> <span class='ocrx_word' id='word_1_178' title='bbox 865 1511 972 1548; x_wconf 87' lang='lat' dir='ltr'>aliquid</span> <span class='ocrx_word' id='word_1_179' title='bbox 994 1518 1107 1540; x_wconf 86' lang='lat' dir='ltr'>conver-</span> 
     </span>
     <span class='ocr_line' id='line_1_38' title="bbox 257 1557 1107 1597; baseline -0.008 -5"><span class='ocrx_word' id='word_1_180' title='bbox 257 1563 368 1592; x_wconf 88' lang='lat' dir='ltr'>tebatur</span> <span class='ocrx_word' id='word_1_181' title='bbox 391 1562 425 1590; x_wconf 90' lang='lat' dir='ltr'>de</span> <span class='ocrx_word' id='word_1_182' title='bbox 447 1569 534 1595; x_wconf 81' lang='lat' dir='ltr'>novo,</span> <span class='ocrx_word' id='word_1_183' title='bbox 556 1560 591 1589; x_wconf 89' lang='lat' dir='ltr'>ad</span> <span class='ocrx_word' id='word_1_184' title='bbox 614 1560 688 1597; x_wconf 87' lang='lat' dir='ltr'>quod</span> <span class='ocrx_word' id='word_1_185' title='bbox 712 1559 791 1596; x_wconf 90' lang='lat' dir='ltr'>prius</span> <span class='ocrx_word' id='word_1_186' title='bbox 813 1566 966 1587; x_wconf 89' lang='lat' dir='ltr'>conversus</span> <span class='ocrx_word' id='word_1_187' title='bbox 981 1557 1107 1586; x_wconf 70' lang='grc'><strong>110111110-</strong></span> 
     </span>
     <span class='ocr_line' id='line_1_39' title="bbox 257 1604 1107 1645; baseline -0.008 -6"><span class='ocrx_word' id='word_1_188' title='bbox 257 1614 316 1645; x_wconf 79' lang='lat' dir='ltr'>rat3</span> <span class='ocrx_word' id='word_1_189' title='bbox 338 1610 403 1638; x_wconf 90' lang='lat' dir='ltr'>hinc</span> <span class='ocrx_word' id='word_1_190' title='bbox 418 1612 475 1643; x_wconf 85' lang='lat' dir='ltr'>est,</span> <span class='ocrx_word' id='word_1_191' title='bbox 497 1607 572 1645; x_wconf 89' lang='lat' dir='ltr'>quod</span> <span class='ocrx_word' id='word_1_192' title='bbox 588 1607 743 1644; x_wconf 81' lang='lat' dir='ltr'>cognitione</span> <span class='ocrx_word' id='word_1_193' title='bbox 764 1605 959 1642; x_wconf 83' lang='lat' dir='ltr'>experientiae</span> <span class='ocrx_word' id='word_1_194' title='bbox 983 1604 1107 1641; x_wconf 83' lang='lat' dir='ltr'>proficie-</span> 
     </span>
     <span class='ocr_line' id='line_1_40' title="bbox 257 1652 1107 1692; baseline -0.008 -6"><span class='ocrx_word' id='word_1_195' title='bbox 257 1658 312 1686; x_wconf 86' lang='lat' dir='ltr'>bat.</span> <span class='ocrx_word' id='word_1_196' title='bbox 336 1674 373 1678; x_wconf 93' lang='lat'>——</span> <span class='ocrx_word' id='word_1_197' title='bbox 394 1657 476 1685; x_wconf 86' lang='lat' dir='ltr'>quta</span> <span class='ocrx_word' id='word_1_198' title='bbox 497 1655 571 1692; x_wconf 86' lang='lat' dir='ltr'>quod</span> <span class='ocrx_word' id='word_1_199' title='bbox 595 1654 661 1683; x_wconf 87' lang='lat' dir='ltr'>dicit</span> <span class='ocrx_word' id='word_1_200' title='bbox 682 1652 882 1685; x_wconf 73' lang='lat' dir='ltr'>Ambrosius³,</span> <span class='ocrx_word' id='word_1_201' title='bbox 905 1652 980 1689; x_wconf 88' lang='lat' dir='ltr'>quod</span> <span class='ocrx_word' id='word_1_202' title='bbox 1005 1662 1018 1677; x_wconf 87' lang='lat'><strong><em>«</em></strong></span> <span class='ocrx_word' id='word_1_203' title='bbox 1033 1652 1060 1679; x_wconf 92' lang='lat' dir='ltr'>in</span> <span class='ocrx_word' id='word_1_204' title='bbox 1075 1659 1107 1680; x_wconf 90' lang='lat' dir='ltr'>eo</span> 
     </span>
     <span class='ocr_line' id='line_1_41' title="bbox 257 1698 1107 1740; baseline -0.009 -6"><span class='ocrx_word' id='word_1_205' title='bbox 257 1712 357 1734; x_wconf 88' lang='lat' dir='ltr'>sensus</span> <span class='ocrx_word' id='word_1_206' title='bbox 388 1702 552 1740; x_wconf 87' lang='lat' dir='ltr'>proficiebat</span> <span class='ocrx_word' id='word_1_207' title='bbox 585 1701 768 1735; x_wconf 69' lang='lat' dir='ltr'>humanus»,</span> <span class='ocrx_word' id='word_1_208' title='bbox 799 1703 826 1729; x_wconf 90' lang='lat' dir='ltr'>et</span> <span class='ocrx_word' id='word_1_209' title='bbox 847 1699 994 1736; x_wconf 78' lang='lat' dir='ltr'>Apostolus</span> <span class='ocrx_word' id='word_1_210' title='bbox 1022 1698 1107 1733; x_wconf 79' lang='lat' dir='ltr'>dicit,</span> 
     </span>
     <span class='ocr_line' id='line_1_42' title="bbox 257 1745 1108 1790; baseline -0.008 -10"><span class='ocrx_word' id='word_1_211' title='bbox 257 1752 333 1790; x_wconf 87' lang='lat' dir='ltr'>quod</span> <span class='ocrx_word' id='word_1_212' title='bbox 355 1750 459 1779; x_wconf 78' lang='lat' dir='ltr'>didicit</span> <span class='ocrx_word' id='word_1_213' title='bbox 479 1758 514 1778; x_wconf 81' lang='lat' dir='ltr'>ex</span> <span class='ocrx_word' id='word_1_214' title='bbox 536 1748 581 1777; x_wconf 68' lang='lat' dir='ltr'>liis</span> <span class='ocrx_word' id='word_1_215' title='bbox 603 1757 677 1786; x_wconf 79' lang='lat' dir='ltr'>quae</span> <span class='ocrx_word' id='word_1_216' title='bbox 698 1756 806 1785; x_wconf 75' lang='lat' dir='ltr'>passus</span> <span class='ocrx_word' id='word_1_217' title='bbox 828 1750 882 1781; x_wconf 72' lang='lat' dir='ltr'>est,</span> <span class='ocrx_word' id='word_1_218' title='bbox 898 1745 1108 1778; x_wconf 74' lang='lat' dir='ltr'>obedientiam,-</span> 
     </span>
     <span class='ocr_line' id='line_1_43' title="bbox 256 1792 1109 1834; baseline -0.009 -6"><span class='ocrx_word' id='word_1_219' title='bbox 256 1803 283 1828; x_wconf 90' lang='lat' dir='ltr'>et</span> <span class='ocrx_word' id='word_1_220' title='bbox 304 1799 400 1827; x_wconf 88' lang='lat' dir='ltr'>Glossa</span> <span class='ocrx_word' id='word_1_221' title='bbox 423 1806 508 1834; x_wconf 89' lang='lat' dir='ltr'>super</span> <span class='ocrx_word' id='word_1_222' title='bbox 530 1796 600 1825; x_wconf 88' lang='lat' dir='ltr'>illud</span> <span class='ocrx_word' id='word_1_223' title='bbox 624 1795 742 1824; x_wconf 87' lang='lat' dir='ltr'>Psalmi:</span> <span class='ocrx_word' id='word_1_224' title='bbox 771 1794 828 1830; x_wconf 77' lang='lat' dir='ltr'>Qui</span> <span class='ocrx_word' id='word_1_225' title='bbox 849 1793 952 1822; x_wconf 74' lang='lat' dir='ltr'>tribuit</span> <span class='ocrx_word' id='word_1_226' title='bbox 973 1792 1048 1821; x_wconf 82' lang='lat' dir='ltr'>milti</span> <span class='ocrx_word' id='word_1_227' title='bbox 1068 1793 1109 1820; x_wconf 81' lang='lat' dir='ltr'>in-</span> 
     </span>
     <span class='ocr_line' id='line_1_44' title="bbox 257 1840 1107 1880; baseline -0.007 -6"><span class='ocrx_word' id='word_1_228' title='bbox 257 1846 416 1874; x_wconf 77' lang='lat' dir='ltr'>tellectam:</span> <span class='ocrx_word' id='word_1_229' title='bbox 445 1844 565 1880; x_wconf 93' lang='lat' dir='ltr'>«Usque</span> <span class='ocrx_word' id='word_1_230' title='bbox 587 1843 621 1871; x_wconf 90' lang='lat' dir='ltr'>ad</span> <span class='ocrx_word' id='word_1_231' title='bbox 645 1846 761 1870; x_wconf 89' lang='lat' dir='ltr'>mortem</span> <span class='ocrx_word' id='word_1_232' title='bbox 785 1841 908 1870; x_wconf 90' lang='lat' dir='ltr'>erudivit</span> <span class='ocrx_word' id='word_1_233' title='bbox 928 1848 972 1869; x_wconf 90' lang='lat' dir='ltr'>me</span> <span class='ocrx_word' id='word_1_234' title='bbox 994 1840 1107 1868; x_wconf 81' lang='lat' dir='ltr'>inferior</span> 
     </span>
     <span class='ocr_line' id='line_1_45' title="bbox 257 1888 1109 1931; baseline -0.008 -9"><span class='ocrx_word' id='word_1_235' title='bbox 257 1901 324 1931; x_wconf 88' lang='lat' dir='ltr'>pars</span> <span class='ocrx_word' id='word_1_236' title='bbox 346 1900 423 1927; x_wconf 80' lang='lat' dir='ltr'>mea,</span> <span class='ocrx_word' id='word_1_237' title='bbox 447 1891 551 1920; x_wconf 86' lang='lat' dir='ltr'>scilicet</span> <span class='ocrx_word' id='word_1_238' title='bbox 572 1890 664 1918; x_wconf 88' lang='lat' dir='ltr'>carnis</span> <span class='ocrx_word' id='word_1_239' title='bbox 685 1889 835 1923; x_wconf 77' lang='lat' dir='ltr'>assumtio,</span> <span class='ocrx_word' id='word_1_240' title='bbox 858 1891 889 1916; x_wconf 89' lang='lat' dir='ltr'>ut</span> <span class='ocrx_word' id='word_1_241' title='bbox 909 1888 1056 1925; x_wconf 87' lang='lat' dir='ltr'>experirer</span> <span class='ocrx_word' id='word_1_242' title='bbox 1072 1890 1109 1916; x_wconf 89' lang='lat' dir='ltr'>te-</span> 
     </span>
     <span class='ocr_line' id='line_1_46' title="bbox 257 1934 1109 1971; baseline -0.008 -3"><span class='ocrx_word' id='word_1_243' title='bbox 257 1939 359 1969; x_wconf 89' lang='lat' dir='ltr'>nebras</span> <span class='ocrx_word' id='word_1_244' title='bbox 382 1937 598 1967; x_wconf 79' lang='lat' dir='ltr'>mortalitatis».</span> <span class='ocrx_word' id='word_1_245' title='bbox 616 1953 653 1956; x_wconf 85' lang='grc'>-</span> <span class='ocrx_word' id='word_1_246' title='bbox 670 1936 700 1964; x_wconf 82' lang='lat' dir='ltr'>Et</span> <span class='ocrx_word' id='word_1_247' title='bbox 721 1935 760 1964; x_wconf 88' lang='lat' dir='ltr'>sic</span> <span class='ocrx_word' id='word_1_248' title='bbox 782 1935 874 1963; x_wconf 86' lang='lat' dir='ltr'>anima</span> <span class='ocrx_word' id='word_1_249' title='bbox 896 1934 996 1963; x_wconf 89' lang='lat' dir='ltr'>Christi</span> <span class='ocrx_word' id='word_1_250' title='bbox 1014 1942 1109 1971; x_wconf 87' lang='lat' dir='ltr'>quam-</span> 
     </span>
     <span class='ocr_line' id='line_1_47' title="bbox 258 1981 1109 2023; baseline -0.008 -8"><span class='ocrx_word' id='word_1_251' title='bbox 258 1987 301 2016; x_wconf 82' lang='lat' dir='ltr'>vis</span> <span class='ocrx_word' id='word_1_252' title='bbox 321 1994 377 2014; x_wconf 91' lang='lat' dir='ltr'>non</span> <span class='ocrx_word' id='word_1_253' title='bbox 408 1985 557 2023; x_wconf 86' lang='lat' dir='ltr'>proficeret</span> <span class='ocrx_word' id='word_1_254' title='bbox 583 1983 737 2012; x_wconf 86' lang='lat' dir='ltr'>secundum</span> <span class='ocrx_word' id='word_1_255' title='bbox 761 1982 944 2019; x_wconf 80' lang='lat' dir='ltr'>cognitionem</span> <span class='ocrx_word' id='word_1_256' title='bbox 965 1981 1109 2018; x_wconf 73' lang='lat' dir='ltr'>simplicis</span> 
     </span>
     <span class='ocr_line' id='line_1_48' title="bbox 258 2028 1109 2069; baseline -0.007 -7"><span class='ocrx_word' id='word_1_257' title='bbox 258 2034 395 2067; x_wconf 77' lang='lat' dir='ltr'>notitiae,</span> <span class='ocrx_word' id='word_1_258' title='bbox 428 2031 591 2069; x_wconf 86' lang='lat' dir='ltr'>proficiebat</span> <span class='ocrx_word' id='word_1_259' title='bbox 622 2034 713 2058; x_wconf 84' lang='lat' dir='ltr'>tamen</span> <span class='ocrx_word' id='word_1_260' title='bbox 747 2029 902 2058; x_wconf 87' lang='lat' dir='ltr'>secundum</span> <span class='ocrx_word' id='word_1_261' title='bbox 924 2028 1109 2065; x_wconf 85' lang='lat' dir='ltr'>cognitionem</span> 
     </span>
     <span class='ocr_line' id='line_1_49' title="bbox 259 2072 1109 2118; baseline -0.008 -8"><span class='ocrx_word' id='word_1_262' title='bbox 259 2072 518 2118; x_wconf 78' lang='lat' dir='ltr'>experimental&#39;em.</span> <span class='ocrx_word' id='word_1_263' title='bbox 542 2078 588 2107; x_wconf 86' lang='lat' dir='ltr'>ille</span> <span class='ocrx_word' id='word_1_264' title='bbox 610 2080 703 2106; x_wconf 89' lang='lat' dir='ltr'>autem</span> <span class='ocrx_word' id='word_1_265' title='bbox 719 2076 860 2114; x_wconf 82' lang='lat' dir='ltr'>profectus</span> <span class='ocrx_word' id='word_1_266' title='bbox 882 2075 1012 2104; x_wconf 73' lang='lat' dir='ltr'>scientiae</span> <span class='ocrx_word' id='word_1_267' title='bbox 1027 2082 1109 2111; x_wconf 80' lang='lat' dir='ltr'>expe-</span> 
     </span>
     <span class='ocr_line' id='line_1_50' title="bbox 260 2122 1109 2158; baseline -0.009 -1"><span class='ocrx_word' id='word_1_268' title='bbox 260 2127 415 2157; x_wconf 87' lang='lat' dir='ltr'>rimentalis</span> <span class='ocrx_word' id='word_1_269' title='bbox 437 2127 464 2155; x_wconf 90' lang='lat' dir='ltr'>in</span> <span class='ocrx_word' id='word_1_270' title='bbox 486 2125 596 2154; x_wconf 89' lang='lat' dir='ltr'>Christo</span> <span class='ocrx_word' id='word_1_271' title='bbox 619 2125 644 2153; x_wconf 91' lang='lat' dir='ltr'>in</span> <span class='ocrx_word' id='word_1_272' title='bbox 665 2124 777 2153; x_wconf 88' lang='lat' dir='ltr'>duobus</span> <span class='ocrx_word' id='word_1_273' title='bbox 792 2122 938 2151; x_wconf 78' lang='lat' dir='ltr'>differebat</span> <span class='ocrx_word' id='word_1_274' title='bbox 953 2131 969 2150; x_wconf 93' lang='lat' dir='ltr'>a</span> <span class='ocrx_word' id='word_1_275' title='bbox 983 2122 1109 2158; x_wconf 86' lang='lat' dir='ltr'>profectu</span> 
     </span>
     <span class='ocr_line' id='line_1_51' title="bbox 260 2168 1110 2213; baseline -0.011 -8"><span class='ocrx_word' id='word_1_276' title='bbox 260 2174 423 2213; x_wconf 84' lang='lat' dir='ltr'>cognitionis</span> <span class='ocrx_word' id='word_1_277' title='bbox 445 2176 574 2206; x_wconf 89' lang='lat' dir='ltr'>nostrae,</span> <span class='ocrx_word' id='word_1_278' title='bbox 597 2172 623 2200; x_wconf 96' lang='lat' dir='ltr'>in</span> <span class='ocrx_word' id='word_1_279' title='bbox 646 2180 702 2199; x_wconf 88' lang='lat' dir='ltr'>uno</span> <span class='ocrx_word' id='word_1_280' title='bbox 724 2170 869 2204; x_wconf 79' lang='lat' dir='ltr'>videlicet,</span> <span class='ocrx_word' id='word_1_281' title='bbox 892 2169 967 2206; x_wconf 86' lang='lat' dir='ltr'>quod</span> <span class='ocrx_word' id='word_1_282' title='bbox 982 2168 1110 2197; x_wconf 89' lang='lat' dir='ltr'>Christus</span> 
     </span>
     <span class='ocr_line' id='line_1_52' title="bbox 260 2215 1111 2260; baseline -0.011 -8"><span class='ocrx_word' id='word_1_283' title='bbox 260 2232 314 2252; x_wconf 92' lang='lat' dir='ltr'>non</span> <span class='ocrx_word' id='word_1_284' title='bbox 336 2221 499 2260; x_wconf 84' lang='lat' dir='ltr'>proficiebat</span> <span class='ocrx_word' id='word_1_285' title='bbox 520 2219 657 2248; x_wconf 87' lang='lat' dir='ltr'>veniendo</span> <span class='ocrx_word' id='word_1_286' title='bbox 679 2219 706 2246; x_wconf 93' lang='lat' dir='ltr'>in</span> <span class='ocrx_word' id='word_1_287' title='bbox 728 2217 852 2246; x_wconf 77' lang='lat' dir='ltr'>notitiam</span> <span class='ocrx_word' id='word_1_288' title='bbox 873 2217 913 2245; x_wconf 87' lang='lat' dir='ltr'>rei</span> <span class='ocrx_word' id='word_1_289' title='bbox 935 2216 1014 2253; x_wconf 87' lang='lat' dir='ltr'>prius</span> <span class='ocrx_word' id='word_1_290' title='bbox 1036 2215 1111 2244; x_wconf 83' lang='lat' dir='ltr'>ineo-</span> 
     </span>
     <span class='ocr_line' id='line_1_53' title="bbox 258 2263 1111 2308; baseline -0.011 -9"><span class='ocrx_word' id='word_1_291' title='bbox 258 2270 359 2308; x_wconf 67' lang='lat' dir='ltr'>ynitae</span> <span class='ocrx_word' id='word_1_292' title='bbox 369 2292 378 2303; x_wconf 80' lang='lat'>,</span> <span class='ocrx_word' id='word_1_293' title='bbox 401 2268 449 2298; x_wconf 89' lang='lat' dir='ltr'>sed</span> <span class='ocrx_word' id='word_1_294' title='bbox 471 2267 547 2305; x_wconf 88' lang='lat' dir='ltr'>quod</span> <span class='ocrx_word' id='word_1_295' title='bbox 569 2266 649 2304; x_wconf 89' lang='lat' dir='ltr'>prius</span> <span class='ocrx_word' id='word_1_296' title='bbox 663 2264 846 2302; x_wconf 86' lang='lat' dir='ltr'>cognoscebat</span> <span class='ocrx_word' id='word_1_297' title='bbox 856 2264 865 2278; x_wconf 70' lang='lat'>⁴</span> <span class='ocrx_word' id='word_1_298' title='bbox 879 2272 936 2292; x_wconf 88' lang='lat' dir='ltr'>uno</span> <span class='ocrx_word' id='word_1_299' title='bbox 952 2263 1047 2297; x_wconf 86' lang='lat' dir='ltr'>modo,</span> <span class='ocrx_word' id='word_1_300' title='bbox 1062 2263 1111 2291; x_wconf 87' lang='lat' dir='ltr'>sci-</span> 
     </span>
     <span class='ocr_line' id='line_1_54' title="bbox 260 2310 1110 2353; baseline -0.009 -7"><span class='ocrx_word' id='word_1_301' title='bbox 260 2317 325 2346; x_wconf 82' lang='lat' dir='ltr'>licet</span> <span class='ocrx_word' id='word_1_302' title='bbox 340 2324 390 2353; x_wconf 91' lang='lat' dir='ltr'>per</span> <span class='ocrx_word' id='word_1_303' title='bbox 403 2314 564 2352; x_wconf 75' lang='lat' dir='ltr'>simplicem</span> <span class='ocrx_word' id='word_1_304' title='bbox 579 2312 714 2341; x_wconf 79' lang='lat' dir='ltr'>notitiam</span> <span class='ocrx_word' id='word_1_305' title='bbox 724 2335 732 2345; x_wconf 88' lang='lat'>,</span> <span class='ocrx_word' id='word_1_306' title='bbox 748 2311 930 2348; x_wconf 82' lang='lat' dir='ltr'>cognoscebat</span> <span class='ocrx_word' id='word_1_307' title='bbox 945 2310 999 2339; x_wconf 84' lang='lat' dir='ltr'>alio</span> <span class='ocrx_word' id='word_1_308' title='bbox 1014 2310 1110 2344; x_wconf 86' lang='lat' dir='ltr'>modo,</span> 
     </span>
     <span class='ocr_line' id='line_1_55' title="bbox 261 2356 1111 2399; baseline -0.009 -7"><span class='ocrx_word' id='word_1_309' title='bbox 261 2363 366 2392; x_wconf 89' lang='lat' dir='ltr'>scilicet</span> <span class='ocrx_word' id='word_1_310' title='bbox 379 2370 430 2399; x_wconf 90' lang='lat' dir='ltr'>per</span> <span class='ocrx_word' id='word_1_311' title='bbox 445 2360 663 2398; x_wconf 70' lang='lat' dir='ltr'>experientiam.</span> <span class='ocrx_word' id='word_1_312' title='bbox 676 2359 703 2387; x_wconf 93' lang='lat' dir='ltr'>In</span> <span class='ocrx_word' id='word_1_313' title='bbox 716 2359 770 2387; x_wconf 89' lang='lat' dir='ltr'>alio</span> <span class='ocrx_word' id='word_1_314' title='bbox 782 2358 865 2386; x_wconf 86' lang='lat' dir='ltr'>etiam</span> <span class='ocrx_word' id='word_1_315' title='bbox 878 2357 1033 2391; x_wconf 74' lang='lat' dir='ltr'>differebat,</span> <span class='ocrx_word' id='word_1_316' title='bbox 1045 2356 1111 2393; x_wconf 86' lang='lat' dir='ltr'>quia</span> 
     </span>
     <span class='ocr_line' id='line_1_56' title="bbox 261 2404 1111 2447; baseline -0.009 -8"><span class='ocrx_word' id='word_1_317' title='bbox 261 2410 403 2447; x_wconf 87' lang='lat' dir='ltr'>profectus</span> <span class='ocrx_word' id='word_1_318' title='bbox 418 2412 513 2437; x_wconf 86' lang='lat' dir='ltr'>noster</span> <span class='ocrx_word' id='word_1_319' title='bbox 528 2410 569 2436; x_wconf 87' lang='lat' dir='ltr'>est</span> <span class='ocrx_word' id='word_1_320' title='bbox 584 2406 740 2435; x_wconf 87' lang='lat' dir='ltr'>secundum</span> <span class='ocrx_word' id='word_1_321' title='bbox 756 2405 954 2437; x_wconf 71' lang='lat' dir='ltr'>existentiam,</span> <span class='ocrx_word' id='word_1_322' title='bbox 969 2404 1111 2441; x_wconf 84' lang='lat' dir='ltr'>profectus</span> 
     </span>
     <span class='ocr_line' id='line_1_57' title="bbox 262 2450 1068 2488; baseline -0.01 -2"><span class='ocrx_word' id='word_1_323' title='bbox 262 2465 330 2486; x_wconf 88' lang='lat' dir='ltr'>vero</span> <span class='ocrx_word' id='word_1_324' title='bbox 351 2455 452 2485; x_wconf 86' lang='lat' dir='ltr'>Christi</span> <span class='ocrx_word' id='word_1_325' title='bbox 475 2458 536 2484; x_wconf 86' lang='lat' dir='ltr'>erat</span> <span class='ocrx_word' id='word_1_326' title='bbox 557 2454 648 2483; x_wconf 90' lang='lat' dir='ltr'>solum</span> <span class='ocrx_word' id='word_1_327' title='bbox 671 2452 827 2481; x_wconf 87' lang='lat' dir='ltr'>secundnm</span> <span class='ocrx_word' id='word_1_328' title='bbox 850 2450 1068 2488; x_wconf 71' lang='lat' dir='ltr'>apparentiam.</span> 
     </span>
    </p>

    <p class='ocr_par' dir='ltr' id='par_1_12' title="bbox 262 2497 1113 2588">
     <span class='ocr_line' id='line_1_58' title="bbox 342 2497 1113 2537; baseline -0.009 -5"><span class='ocrx_word' id='word_1_329' title='bbox 342 2504 373 2532; x_wconf 87' lang='lat' dir='ltr'>Et</span> <span class='ocrx_word' id='word_1_330' title='bbox 394 2502 549 2532; x_wconf 87' lang='lat' dir='ltr'>secundum</span> <span class='ocrx_word' id='word_1_331' title='bbox 573 2501 625 2529; x_wconf 91' lang='lat' dir='ltr'>hoc</span> <span class='ocrx_word' id='word_1_332' title='bbox 646 2503 721 2537; x_wconf 86' lang='lat' dir='ltr'>patet</span> <span class='ocrx_word' id='word_1_333' title='bbox 754 2499 898 2536; x_wconf 85' lang='lat' dir='ltr'>responsio</span> <span class='ocrx_word' id='word_1_334' title='bbox 919 2498 952 2526; x_wconf 86' lang='lat' dir='ltr'>ad</span> <span class='ocrx_word' id='word_1_335' title='bbox 977 2497 1113 2535; x_wconf 87' lang='lat' dir='ltr'>quaestio-</span> 
     </span>
     <span class='ocr_line' id='line_1_59' title="bbox 262 2545 1112 2588; baseline -0.009 -8"><span class='ocrx_word' id='word_1_336' title='bbox 262 2559 323 2581; x_wconf 91' lang='lat' dir='ltr'>nem</span> <span class='ocrx_word' id='word_1_337' title='bbox 347 2550 537 2588; x_wconf 68' lang='lat' dir='ltr'>propositamg</span> <span class='ocrx_word' id='word_1_338' title='bbox 560 2550 635 2585; x_wconf 91' lang='lat' dir='ltr'>patet</span> <span class='ocrx_word' id='word_1_339' title='bbox 656 2547 739 2576; x_wconf 88' lang='lat' dir='ltr'>etiam</span> <span class='ocrx_word' id='word_1_340' title='bbox 762 2545 906 2583; x_wconf 85' lang='lat' dir='ltr'>responsio</span> <span class='ocrx_word' id='word_1_341' title='bbox 927 2545 961 2573; x_wconf 86' lang='lat' dir='ltr'>ad</span> <span class='ocrx_word' id='word_1_342' title='bbox 992 2545 1112 2573; x_wconf 87' lang='lat' dir='ltr'>rationes</span> 
     </span>
    </p>
   </div>
   <div class='ocr_carea' id='block_1_12' title="bbox 1127 306 1144 2581">
    <p class='ocr_par' dir='ltr' id='par_1_13' title="bbox 1127 306 1144 2581">
     <span class='ocr_line' id='line_1_60' title="bbox 1127 306 1144 2581; baseline 0 0"><span class='ocrx_word' id='word_1_343' title='bbox 1127 306 1144 2581; x_wconf 95' lang='lat' dir='ltr'> </span> 
     </span>
    </p>
   </div>
   <div class='ocr_carea' id='block_1_13' title="bbox 927 210 1325 240">
    <p class='ocr_par' dir='ltr' id='par_1_14' title="bbox 927 210 1325 240">
     <span class='ocr_line' id='line_1_61' title="bbox 927 210 1325 240; baseline -0.003 -1"><span class='ocrx_word' id='word_1_344' title='bbox 927 210 1180 240; x_wconf 85' lang='lat' dir='ltr'>SENTENTIARUM</span> <span class='ocrx_word' id='word_1_345' title='bbox 1201 210 1263 238; x_wconf 87' lang='lat' dir='ltr'>LIB.</span> <span class='ocrx_word' id='word_1_346' title='bbox 1285 211 1325 239; x_wconf 92' lang='grc'><strong>111.</strong></span> 
     </span>
    </p>
   </div>
   <div class='ocr_carea' id='block_1_14' title="bbox 1155 288 2007 653">
    <p class='ocr_par' dir='ltr' id='par_1_15' title="bbox 1155 288 2007 653">
     <span class='ocr_line' id='line_1_62' title="bbox 1155 288 2004 326; baseline 0.001 -10"><span class='ocrx_word' id='word_1_347' title='bbox 1155 288 1191 317; x_wconf 88' lang='lat' dir='ltr'>ad</span> <span class='ocrx_word' id='word_1_348' title='bbox 1212 291 1362 326; x_wconf 83' lang='lat' dir='ltr'>utramque</span> <span class='ocrx_word' id='word_1_349' title='bbox 1393 291 1500 325; x_wconf 86' lang='lat' dir='ltr'>partem</span> <span class='ocrx_word' id='word_1_350' title='bbox 1528 296 1580 325; x_wconf 89' lang='lat' dir='ltr'>pro</span> <span class='ocrx_word' id='word_1_351' title='bbox 1601 296 1703 325; x_wconf 86' lang='lat' dir='ltr'>magna</span> <span class='ocrx_word' id='word_1_352' title='bbox 1723 291 1811 325; x_wconf 87' lang='lat' dir='ltr'>parte.</span> <span class='ocrx_word' id='word_1_353' title='bbox 1833 288 1901 317; x_wconf 90' lang='lat' dir='ltr'>Nam</span> <span class='ocrx_word' id='word_1_354' title='bbox 1923 289 2004 317; x_wconf 90' lang='lat' dir='ltr'>ratio-</span> 
     </span>
     <span class='ocr_line' id='line_1_63' title="bbox 1155 335 2004 372; baseline -0.001 -8"><span class='ocrx_word' id='word_1_355' title='bbox 1155 343 1220 369; x_wconf 87' lang='lat' dir='ltr'>nes,</span> <span class='ocrx_word' id='word_1_356' title='bbox 1241 344 1313 372; x_wconf 86' lang='lat' dir='ltr'>quae</span> <span class='ocrx_word' id='word_1_357' title='bbox 1333 336 1500 369; x_wconf 87' lang='lat' dir='ltr'>ostendunt,</span> <span class='ocrx_word' id='word_1_358' title='bbox 1521 335 1597 372; x_wconf 88' lang='lat' dir='ltr'>quod</span> <span class='ocrx_word' id='word_1_359' title='bbox 1619 335 1747 364; x_wconf 87' lang='lat' dir='ltr'>Christus</span> <span class='ocrx_word' id='word_1_360' title='bbox 1767 343 1822 364; x_wconf 91' lang='lat' dir='ltr'>non</span> <span class='ocrx_word' id='word_1_361' title='bbox 1842 335 2004 372; x_wconf 88' lang='lat' dir='ltr'>proficiebat</span> 
     </span>
     <span class='ocr_line' id='line_1_64' title="bbox 1156 382 2004 419; baseline -0.001 -8"><span class='ocrx_word' id='word_1_362' title='bbox 1156 382 1184 410; x_wconf 90' lang='lat' dir='ltr'>in</span> <span class='ocrx_word' id='word_1_363' title='bbox 1206 382 1361 419; x_wconf 81' lang='lat' dir='ltr'>cognitione</span> <span class='ocrx_word' id='word_1_364' title='bbox 1383 382 1441 411; x_wconf 90' lang='lat' dir='ltr'>sive</span> <span class='ocrx_word' id='word_1_365' title='bbox 1463 383 1592 417; x_wconf 86' lang='lat' dir='ltr'>scientia,</span> <span class='ocrx_word' id='word_1_366' title='bbox 1623 382 1781 419; x_wconf 88' lang='lat' dir='ltr'>procedunt</span> <span class='ocrx_word' id='word_1_367' title='bbox 1811 382 1846 411; x_wconf 89' lang='lat' dir='ltr'>de</span> <span class='ocrx_word' id='word_1_368' title='bbox 1877 382 2004 419; x_wconf 86' lang='lat' dir='ltr'>profectu</span> 
     </span>
     <span class='ocr_line' id='line_1_65' title="bbox 1157 429 2006 466; baseline -0.001 -8"><span class='ocrx_word' id='word_1_369' title='bbox 1157 438 1211 458; x_wconf 91' lang='lat' dir='ltr'>non</span> <span class='ocrx_word' id='word_1_370' title='bbox 1233 429 1323 457; x_wconf 89' lang='lat' dir='ltr'>solum</span> <span class='ocrx_word' id='word_1_371' title='bbox 1350 429 1506 458; x_wconf 87' lang='lat' dir='ltr'>secundum</span> <span class='ocrx_word' id='word_1_372' title='bbox 1536 429 1762 466; x_wconf 76' lang='lat' dir='ltr'>apparentiam,</span> <span class='ocrx_word' id='word_1_373' title='bbox 1784 429 1832 458; x_wconf 90' lang='lat' dir='ltr'>sed</span> <span class='ocrx_word' id='word_1_374' title='bbox 1854 429 1937 458; x_wconf 87' lang='lat' dir='ltr'>etiam</span> <span class='ocrx_word' id='word_1_375' title='bbox 1966 437 2006 458; x_wconf 91' lang='lat' dir='ltr'>se-</span> 
     </span>
     <span class='ocr_line' id='line_1_66' title="bbox 1157 476 2006 512; baseline 0 -8"><span class='ocrx_word' id='word_1_376' title='bbox 1157 476 1282 504; x_wconf 88' lang='lat' dir='ltr'>cundum</span> <span class='ocrx_word' id='word_1_377' title='bbox 1304 476 1500 510; x_wconf 74' lang='lat' dir='ltr'>existentiam,</span> <span class='ocrx_word' id='word_1_378' title='bbox 1518 484 1572 504; x_wconf 92' lang='lat' dir='ltr'>non</span> <span class='ocrx_word' id='word_1_379' title='bbox 1587 476 1680 504; x_wconf 89' lang='lat' dir='ltr'>solum</span> <span class='ocrx_word' id='word_1_380' title='bbox 1699 476 1854 505; x_wconf 86' lang='lat' dir='ltr'>secundum</span> <span class='ocrx_word' id='word_1_381' title='bbox 1877 476 2006 512; x_wconf 89' lang='lat' dir='ltr'>cognitio-</span> 
     </span>
     <span class='ocr_line' id='line_1_67' title="bbox 1158 522 2007 559; baseline -0.001 -8"><span class='ocrx_word' id='word_1_382' title='bbox 1158 531 1221 551; x_wconf 88' lang='lat' dir='ltr'>nem</span> <span class='ocrx_word' id='word_1_383' title='bbox 1244 523 1455 559; x_wconf 65' lang='lat' dir='ltr'>experientiae,</span> <span class='ocrx_word' id='word_1_384' title='bbox 1478 530 1577 551; x_wconf 89' lang='lat' dir='ltr'>verum</span> <span class='ocrx_word' id='word_1_385' title='bbox 1600 523 1682 551; x_wconf 88' lang='lat' dir='ltr'>etiam</span> <span class='ocrx_word' id='word_1_386' title='bbox 1700 523 1855 551; x_wconf 87' lang='lat' dir='ltr'>secundum</span> <span class='ocrx_word' id='word_1_387' title='bbox 1878 522 2007 559; x_wconf 89' lang='lat' dir='ltr'>cognitio-</span> 
     </span>
     <span class='ocr_line' id='line_1_68' title="bbox 1157 569 2007 606; baseline 0.001 -9"><span class='ocrx_word' id='word_1_388' title='bbox 1157 578 1222 598; x_wconf 85' lang='lat' dir='ltr'>nem</span> <span class='ocrx_word' id='word_1_389' title='bbox 1243 569 1387 606; x_wconf 74' lang='lat' dir='ltr'>simpliez&#39;s</span> <span class='ocrx_word' id='word_1_390' title='bbox 1418 570 1547 598; x_wconf 82' lang='lat' dir='ltr'>notitiae.</span> <span class='ocrx_word' id='word_1_391' title='bbox 1570 570 1601 598; x_wconf 88' lang='lat' dir='ltr'>Et</span> <span class='ocrx_word' id='word_1_392' title='bbox 1622 570 1684 598; x_wconf 84' lang='lat' dir='ltr'>ideo</span> <span class='ocrx_word' id='word_1_393' title='bbox 1706 570 1828 598; x_wconf 85' lang='lat' dir='ltr'>rationes</span> <span class='ocrx_word' id='word_1_394' title='bbox 1850 569 1913 598; x_wconf 86' lang='lat' dir='ltr'>illae</span> <span class='ocrx_word' id='word_1_395' title='bbox 1942 572 2007 598; x_wconf 88' lang='lat' dir='ltr'>sunt</span> 
     </span>
     <span class='ocr_line' id='line_1_69' title="bbox 1158 616 1776 653; baseline 0 -9"><span class='ocrx_word' id='word_1_396' title='bbox 1158 616 1367 650; x_wconf 80' lang='lat' dir='ltr'>concedendae,</span> <span class='ocrx_word' id='word_1_397' title='bbox 1388 616 1454 653; x_wconf 88' lang='lat' dir='ltr'>quia</span> <span class='ocrx_word' id='word_1_398' title='bbox 1475 624 1574 645; x_wconf 88' lang='lat' dir='ltr'>verum</span> <span class='ocrx_word' id='word_1_399' title='bbox 1597 616 1776 645; x_wconf 89' lang='lat' dir='ltr'>concludunt.</span> 
     </span>
    </p>
   </div>
   <div class='ocr_carea' id='block_1_15' title="bbox 1240 663 2135 720">
    <p class='ocr_par' dir='ltr' id='par_1_16' title="bbox 1240 663 2135 720">
     <span class='ocr_line' id='line_1_70' title="bbox 1240 663 2135 720; baseline 0.001 -29"><span class='ocrx_word' id='word_1_400' title='bbox 1240 665 1264 691; x_wconf 89' lang='grc'>1.</span> <span class='ocrx_word' id='word_1_401' title='bbox 1286 665 1312 692; x_wconf 68' lang='grc'>2.</span> <span class='ocrx_word' id='word_1_402' title='bbox 1334 664 1373 692; x_wconf 82' lang='lat' dir='ltr'>Ad</span> <span class='ocrx_word' id='word_1_403' title='bbox 1390 663 1457 692; x_wconf 89' lang='lat' dir='ltr'>illud</span> <span class='ocrx_word' id='word_1_404' title='bbox 1474 672 1542 692; x_wconf 87' lang='lat' dir='ltr'>vero</span> <span class='ocrx_word' id='word_1_405' title='bbox 1556 664 1630 701; x_wconf 84' lang='lat' dir='ltr'>quod</span> <span class='ocrx_word' id='word_1_406' title='bbox 1647 664 1737 701; x_wconf 87' lang='lat' dir='ltr'>primo</span> <span class='ocrx_word' id='word_1_407' title='bbox 1759 664 1889 692; x_wconf 88' lang='lat' dir='ltr'>obiicitur</span> <span class='ocrx_word' id='word_1_408' title='bbox 1904 663 1930 692; x_wconf 92' lang='lat' dir='ltr'>in</span> <span class='ocrx_word' id='word_1_409' title='bbox 1946 671 2007 692; x_wconf 87' lang='lat' dir='ltr'>con·</span> <span class='ocrx_word' id='word_1_410' title='bbox 2020 672 2135 720; x_wconf 45' lang='lat' dir='ltr'>{ggiissssuff‘</span> 
     </span>
    </p>
   </div>
   <div class='ocr_carea' id='block_1_16' title="bbox 1158 710 2009 935">
    <p class='ocr_par' dir='ltr' id='par_1_17' title="bbox 1158 710 2008 841">
     <span class='ocr_line' id='line_1_71' title="bbox 1158 710 2008 748; baseline 0.001 -10"><span class='ocrx_word' id='word_1_411' title='bbox 1158 711 1277 739; x_wconf 88' lang='lat' dir='ltr'>trarium</span> <span class='ocrx_word' id='word_1_412' title='bbox 1300 710 1335 739; x_wconf 88' lang='lat' dir='ltr'>de</span> <span class='ocrx_word' id='word_1_413' title='bbox 1356 711 1521 739; x_wconf 85' lang='lat' dir='ltr'>auctoritate</span> <span class='ocrx_word' id='word_1_414' title='bbox 1542 711 1662 748; x_wconf 82' lang='lat' dir='ltr'>Apostoli</span> <span class='ocrx_word' id='word_1_415' title='bbox 1678 714 1706 740; x_wconf 90' lang='lat' dir='ltr'>et</span> <span class='ocrx_word' id='word_1_416' title='bbox 1726 711 1760 740; x_wconf 91' lang='lat' dir='ltr'>de</span> <span class='ocrx_word' id='word_1_417' title='bbox 1781 711 1946 739; x_wconf 86' lang='lat' dir='ltr'>auctoritate</span> <span class='ocrx_word' id='word_1_418' title='bbox 1962 710 2008 739; x_wconf 86' lang='lat' dir='ltr'>Be-</span> 
     </span>
     <span class='ocr_line' id='line_1_72' title="bbox 1159 757 2007 795; baseline -0.001 -9"><span class='ocrx_word' id='word_1_419' title='bbox 1159 757 1210 786; x_wconf 88' lang='lat' dir='ltr'>dae</span> <span class='ocrx_word' id='word_1_420' title='bbox 1234 757 1259 785; x_wconf 91' lang='lat' dir='ltr'>in</span> <span class='ocrx_word' id='word_1_421' title='bbox 1283 757 1394 791; x_wconf 86' lang='lat' dir='ltr'>Glossa,</span> <span class='ocrx_word' id='word_1_422' title='bbox 1426 757 1592 794; x_wconf 75' lang='lat' dir='ltr'>dicendum,</span> <span class='ocrx_word' id='word_1_423' title='bbox 1614 758 1688 795; x_wconf 87' lang='lat' dir='ltr'>quod</span> <span class='ocrx_word' id='word_1_424' title='bbox 1711 762 1831 794; x_wconf 89' lang='lat' dir='ltr'>utraque</span> <span class='ocrx_word' id='word_1_425' title='bbox 1856 757 2007 786; x_wconf 76' lang='lat' dir='ltr'>auctoritas</span> 
     </span>
     <span class='ocr_line' id='line_1_73' title="bbox 1160 803 1782 841; baseline -0.002 -9"><span class='ocrx_word' id='word_1_426' title='bbox 1160 803 1325 840; x_wconf 89' lang='lat' dir='ltr'>intelligitur</span> <span class='ocrx_word' id='word_1_427' title='bbox 1347 804 1381 833; x_wconf 88' lang='lat' dir='ltr'>de</span> <span class='ocrx_word' id='word_1_428' title='bbox 1403 804 1558 841; x_wconf 88' lang='lat' dir='ltr'>cognitione</span> <span class='ocrx_word' id='word_1_429' title='bbox 1580 804 1782 841; x_wconf 77' lang='lat' dir='ltr'>experientiae.</span> 
     </span>
    </p>

    <p class='ocr_par' dir='ltr' id='par_1_18' title="bbox 1159 851 2009 935">
     <span class='ocr_line' id='line_1_74' title="bbox 1239 851 2008 888; baseline -0.001 -9"><span class='ocrx_word' id='word_1_430' title='bbox 1239 851 1264 879; x_wconf 83' lang='lat'>3.</span> <span class='ocrx_word' id='word_1_431' title='bbox 1286 851 1325 879; x_wconf 85' lang='lat' dir='ltr'>Ad</span> <span class='ocrx_word' id='word_1_432' title='bbox 1348 851 1417 879; x_wconf 89' lang='lat' dir='ltr'>illud</span> <span class='ocrx_word' id='word_1_433' title='bbox 1439 851 1514 888; x_wconf 90' lang='lat' dir='ltr'>quod</span> <span class='ocrx_word' id='word_1_434' title='bbox 1537 851 1682 886; x_wconf 88' lang='lat' dir='ltr'>obiicitur,</span> <span class='ocrx_word' id='word_1_435' title='bbox 1697 851 1771 888; x_wconf 87' lang='lat' dir='ltr'>quod</span> <span class='ocrx_word' id='word_1_436' title='bbox 1795 851 1847 879; x_wconf 92' lang='lat' dir='ltr'>hoc</span> <span class='ocrx_word' id='word_1_437' title='bbox 1868 853 1909 879; x_wconf 88' lang='lat' dir='ltr'>est</span> <span class='ocrx_word' id='word_1_438' title='bbox 1930 853 2008 879; x_wconf 89' lang='lat' dir='ltr'>natu-</span> 
     </span>
     <span class='ocr_line' id='line_1_75' title="bbox 1159 898 2009 935; baseline 0.001 -9"><span class='ocrx_word' id='word_1_439' title='bbox 1159 898 1233 932; x_wconf 84' lang='lat' dir='ltr'>rale,</span> <span class='ocrx_word' id='word_1_440' title='bbox 1256 898 1384 927; x_wconf 84' lang='lat' dir='ltr'>videlicet</span> <span class='ocrx_word' id='word_1_441' title='bbox 1404 898 1479 935; x_wconf 81' lang='lat' dir='ltr'>quod</span> <span class='ocrx_word' id='word_1_442' title='bbox 1501 906 1538 927; x_wconf 81' lang='lat' dir='ltr'>ex</span> <span class='ocrx_word' id='word_1_443' title='bbox 1567 898 1662 927; x_wconf 88' lang='lat' dir='ltr'>multis</span> <span class='ocrx_word' id='word_1_444' title='bbox 1683 898 1862 927; x_wconf 80' lang='lat' dir='ltr'>sensibilibus</span> <span class='ocrx_word' id='word_1_445' title='bbox 1883 898 1932 927; x_wconf 83' lang='lat' dir='ltr'>fiat</span> <span class='ocrx_word' id='word_1_446' title='bbox 1951 906 2009 927; x_wconf 91' lang='lat' dir='ltr'>una</span> 
     </span>
    </p>
   </div>
   <div class='ocr_carea' id='block_1_17' title="bbox 1160 944 2135 996">
    <p class='ocr_par' dir='ltr' id='par_1_19' title="bbox 1160 944 2135 996">
     <span class='ocr_line' id='line_1_76' title="bbox 1160 944 2135 996; baseline -0.001 -23"><span class='ocrx_word' id='word_1_447' title='bbox 1160 945 1314 979; x_wconf 77' lang='lat' dir='ltr'>memoria3</span> <span class='ocrx_word' id='word_1_448' title='bbox 1346 945 1514 979; x_wconf 89' lang='lat' dir='ltr'>dicendum,</span> <span class='ocrx_word' id='word_1_449' title='bbox 1542 945 1617 982; x_wconf 86' lang='lat' dir='ltr'>quod</span> <span class='ocrx_word' id='word_1_450' title='bbox 1646 945 1753 982; x_wconf 87' lang='lat' dir='ltr'>duplex</span> <span class='ocrx_word' id='word_1_451' title='bbox 1782 949 1828 974; x_wconf 91' lang='lat' dir='ltr'>est·</span> <span class='ocrx_word' id='word_1_452' title='bbox 1844 944 1946 974; x_wconf 89' lang='lat' dir='ltr'>modus</span> <span class='ocrx_word' id='word_1_453' title='bbox 1967 952 2009 973; x_wconf 91' lang='lat' dir='ltr'>co·</span> <span class='ocrx_word' id='word_1_454' title='bbox 2021 953 2135 996; x_wconf 53' lang='lat' dir='ltr'>„g&#39;tsssfflffi</span> 
     </span>
    </p>
   </div>
   <div class='ocr_carea' id='block_1_18' title="bbox 1160 991 2011 1358">
    <p class='ocr_par' dir='ltr' id='par_1_20' title="bbox 1160 991 2011 1358">
     <span class='ocr_line' id='line_1_77' title="bbox 1160 991 2008 1029; baseline -0.001 -9"><span class='ocrx_word' id='word_1_455' title='bbox 1160 992 1309 1029; x_wconf 85' lang='lat' dir='ltr'>gnoscendi</span> <span class='ocrx_word' id='word_1_456' title='bbox 1332 1000 1382 1029; x_wconf 90' lang='lat' dir='ltr'>per</span> <span class='ocrx_word' id='word_1_457' title='bbox 1407 992 1629 1029; x_wconf 83' lang='lat' dir='ltr'>experientiam:</span> <span class='ocrx_word' id='word_1_458' title='bbox 1652 999 1742 1026; x_wconf 89' lang='lat' dir='ltr'>unus,</span> <span class='ocrx_word' id='word_1_459' title='bbox 1767 991 1813 1029; x_wconf 86' lang='lat' dir='ltr'>qui</span> <span class='ocrx_word' id='word_1_460' title='bbox 1841 994 1883 1020; x_wconf 88' lang='lat' dir='ltr'>est</span> <span class='ocrx_word' id='word_1_461' title='bbox 1907 991 1952 1020; x_wconf 88' lang='lat' dir='ltr'>via</span> <span class='ocrx_word' id='word_1_462' title='bbox 1980 991 2008 1019; x_wconf 90' lang='lat' dir='ltr'>in</span> 
     </span>
     <span class='ocr_line' id='line_1_78' title="bbox 1160 1038 2009 1078; baseline -0.002 -10"><span class='ocrx_word' id='word_1_463' title='bbox 1160 1039 1383 1078; x_wconf 73' lang='lat' dir='ltr'>acquisitionem</span> <span class='ocrx_word' id='word_1_464' title='bbox 1405 1039 1554 1073; x_wconf 71' lang='lat' dir='ltr'>scientiae,</span> <span class='ocrx_word' id='word_1_465' title='bbox 1577 1039 1649 1068; x_wconf 86' lang='lat' dir='ltr'>alius</span> <span class='ocrx_word' id='word_1_466' title='bbox 1670 1047 1752 1073; x_wconf 91' lang='lat' dir='ltr'>vero,</span> <span class='ocrx_word' id='word_1_467' title='bbox 1781 1039 1828 1076; x_wconf 87' lang='lat' dir='ltr'>qui</span> <span class='ocrx_word' id='word_1_468' title='bbox 1851 1042 1893 1068; x_wconf 90' lang='lat' dir='ltr'>est</span> <span class='ocrx_word' id='word_1_469' title='bbox 1914 1038 1959 1067; x_wconf 90' lang='lat' dir='ltr'>via</span> <span class='ocrx_word' id='word_1_470' title='bbox 1980 1038 2009 1066; x_wconf 89' lang='lat' dir='ltr'>in</span> 
     </span>
     <span class='ocr_line' id='line_1_79' title="bbox 1160 1084 2010 1123; baseline -0.001 -8"><span class='ocrx_word' id='word_1_471' title='bbox 1160 1087 1331 1115; x_wconf 78' lang='lat' dir='ltr'>exercitium</span> <span class='ocrx_word' id='word_1_472' title='bbox 1355 1086 1497 1120; x_wconf 67' lang='lat' dir='ltr'>scientiae„</span> <span class='ocrx_word' id='word_1_473' title='bbox 1519 1089 1550 1115; x_wconf 87' lang='lat' dir='ltr'>ut</span> <span class='ocrx_word' id='word_1_474' title='bbox 1571 1086 1647 1123; x_wconf 86' lang='lat' dir='ltr'>quod</span> <span class='ocrx_word' id='word_1_475' title='bbox 1668 1086 1748 1123; x_wconf 90' lang='lat' dir='ltr'>prius</span> <span class='ocrx_word' id='word_1_476' title='bbox 1770 1086 1910 1115; x_wconf 85' lang='lat' dir='ltr'>sciebatur</span> <span class='ocrx_word' id='word_1_477' title='bbox 1938 1084 2010 1114; x_wconf 75' lang='lat' dir='ltr'>theo-</span> 
     </span>
     <span class='ocr_line' id='line_1_80' title="bbox 1160 1133 2010 1171; baseline -0.001 -9"><span class='ocrx_word' id='word_1_478' title='bbox 1160 1134 1247 1162; x_wconf 78' lang='lat' dir='ltr'>retiee</span> <span class='ocrx_word' id='word_1_479' title='bbox 1274 1134 1454 1171; x_wconf 89' lang='lat' dir='ltr'>postmodum</span> <span class='ocrx_word' id='word_1_480' title='bbox 1478 1134 1582 1162; x_wconf 86' lang='lat' dir='ltr'>sciatur</span> <span class='ocrx_word' id='word_1_481' title='bbox 1600 1133 1733 1170; x_wconf 80' lang='lat' dir='ltr'>practice</span> <span class='ocrx_word' id='word_1_482' title='bbox 1745 1133 1764 1161; x_wconf 77' lang='lat'>⁵.</span> <span class='ocrx_word' id='word_1_483' title='bbox 1786 1134 1815 1162; x_wconf 85' lang='lat' dir='ltr'>Et</span> <span class='ocrx_word' id='word_1_484' title='bbox 1830 1133 1939 1170; x_wconf 89' lang='lat' dir='ltr'>primus</span> <span class='ocrx_word' id='word_1_485' title='bbox 1954 1140 2010 1161; x_wconf 89' lang='lat' dir='ltr'>mo-</span> 
     </span>
     <span class='ocr_line' id='line_1_81' title="bbox 1161 1179 2009 1218; baseline -0.001 -9"><span class='ocrx_word' id='word_1_486' title='bbox 1161 1181 1215 1210; x_wconf 89' lang='lat' dir='ltr'>dus</span> <span class='ocrx_word' id='word_1_487' title='bbox 1236 1181 1425 1217; x_wconf 82' lang='lat' dir='ltr'>experientiae</span> <span class='ocrx_word' id='word_1_488' title='bbox 1447 1181 1588 1218; x_wconf 86' lang='lat' dir='ltr'>reperitur</span> <span class='ocrx_word' id='word_1_489' title='bbox 1616 1181 1643 1208; x_wconf 92' lang='lat' dir='ltr'>in</span> <span class='ocrx_word' id='word_1_490' title='bbox 1676 1180 1806 1209; x_wconf 89' lang='lat' dir='ltr'>scientiae</span> <span class='ocrx_word' id='word_1_491' title='bbox 1827 1179 2009 1213; x_wconf 82' lang='lat' dir='ltr'>inventione,</span> 
     </span>
     <span class='ocr_line' id='line_1_82' title="bbox 1161 1226 2011 1257; baseline -0.002 0"><span class='ocrx_word' id='word_1_492' title='bbox 1161 1228 1303 1257; x_wconf 88' lang='lat' dir='ltr'>secundus</span> <span class='ocrx_word' id='word_1_493' title='bbox 1335 1235 1402 1256; x_wconf 90' lang='lat' dir='ltr'>vero</span> <span class='ocrx_word' id='word_1_494' title='bbox 1433 1227 1558 1256; x_wconf 84' lang='lat' dir='ltr'>consistit</span> <span class='ocrx_word' id='word_1_495' title='bbox 1578 1227 1605 1255; x_wconf 90' lang='lat' dir='ltr'>in</span> <span class='ocrx_word' id='word_1_496' title='bbox 1627 1236 1685 1255; x_wconf 76' lang='lat' dir='ltr'>usu</span> <span class='ocrx_word' id='word_1_497' title='bbox 1716 1227 1847 1256; x_wconf 86' lang='lat' dir='ltr'>scientiae</span> <span class='ocrx_word' id='word_1_498' title='bbox 1871 1226 1926 1255; x_wconf 87' lang='lat' dir='ltr'>iam</span> <span class='ocrx_word' id='word_1_499' title='bbox 1948 1226 2011 1255; x_wconf 86' lang='lat' dir='ltr'>ade-</span> 
     </span>
     <span class='ocr_line' id='line_1_83' title="bbox 1161 1272 2010 1312; baseline -0.002 -9"><span class='ocrx_word' id='word_1_500' title='bbox 1161 1278 1243 1312; x_wconf 83' lang='lat' dir='ltr'>ptae;</span> <span class='ocrx_word' id='word_1_501' title='bbox 1264 1278 1291 1303; x_wconf 90' lang='lat' dir='ltr'>et</span> <span class='ocrx_word' id='word_1_502' title='bbox 1312 1274 1339 1302; x_wconf 93' lang='lat' dir='ltr'>in</span> <span class='ocrx_word' id='word_1_503' title='bbox 1361 1274 1452 1311; x_wconf 87' lang='lat' dir='ltr'>primo</span> <span class='ocrx_word' id='word_1_504' title='bbox 1467 1277 1509 1303; x_wconf 90' lang='lat' dir='ltr'>est</span> <span class='ocrx_word' id='word_1_505' title='bbox 1524 1278 1617 1303; x_wconf 92' lang='lat' dir='ltr'>motus</span> <span class='ocrx_word' id='word_1_506' title='bbox 1638 1274 1675 1303; x_wconf 87' lang='lat' dir='ltr'>ab</span> <span class='ocrx_word' id='word_1_507' title='bbox 1696 1273 1842 1311; x_wconf 63' lang='lat' dir='ltr'>incognito</span> <span class='ocrx_word' id='word_1_508' title='bbox 1861 1273 1902 1302; x_wconf 80' lang='lat' dir='ltr'>ad</span> <span class='ocrx_word' id='word_1_509' title='bbox 1915 1272 2010 1310; x_wconf 72' lang='lat' dir='ltr'>coeni-</span> 
     </span>
     <span class='ocr_line' id='line_1_84' title="bbox 1163 1321 2010 1358; baseline -0.002 -8"><span class='ocrx_word' id='word_1_510' title='bbox 1163 1326 1241 1355; x_wconf 77' lang='lat' dir='ltr'>tani,</span> <span class='ocrx_word' id='word_1_511' title='bbox 1264 1321 1290 1349; x_wconf 93' lang='lat' dir='ltr'>in</span> <span class='ocrx_word' id='word_1_512' title='bbox 1313 1321 1437 1350; x_wconf 82' lang='lat' dir='ltr'>secundo</span> <span class='ocrx_word' id='word_1_513' title='bbox 1457 1329 1524 1350; x_wconf 89' lang='lat' dir='ltr'>vero</span> <span class='ocrx_word' id='word_1_514' title='bbox 1545 1325 1586 1350; x_wconf 90' lang='lat' dir='ltr'>est</span> <span class='ocrx_word' id='word_1_515' title='bbox 1608 1321 1652 1349; x_wconf 90' lang='lat' dir='ltr'>via</span> <span class='ocrx_word' id='word_1_516' title='bbox 1671 1321 1730 1349; x_wconf 89' lang='lat' dir='ltr'>sive</span> <span class='ocrx_word' id='word_1_517' title='bbox 1759 1328 1908 1358; x_wconf 86' lang='lat' dir='ltr'>processus</span> <span class='ocrx_word' id='word_1_518' title='bbox 1928 1328 1948 1348; x_wconf 89' lang='lat' dir='ltr'>a</span> <span class='ocrx_word' id='word_1_519' title='bbox 1968 1327 2010 1348; x_wconf 83' lang='lat' dir='ltr'>co-</span> 
     </span>
    </p>
   </div>
   <div class='ocr_carea' id='block_1_19' title="bbox 1160 1366 2137 1407">
    <p class='ocr_par' dir='ltr' id='par_1_21' title="bbox 1160 1366 2137 1407">
     <span class='ocr_line' id='line_1_85' title="bbox 1160 1366 2137 1407; baseline -0.002 -11"><span class='ocrx_word' id='word_1_520' title='bbox 1160 1369 1242 1407; x_wconf 72' lang='lat' dir='ltr'>ynito</span> <span class='ocrx_word' id='word_1_521' title='bbox 1257 1377 1315 1396; x_wconf 83' lang='grc'><strong>11110</strong></span> <span class='ocrx_word' id='word_1_522' title='bbox 1330 1369 1432 1402; x_wconf 63' lang='lat' dir='ltr'>mollo,</span> <span class='ocrx_word' id='word_1_523' title='bbox 1447 1371 1479 1397; x_wconf 88' lang='lat' dir='ltr'>ut</span> <span class='ocrx_word' id='word_1_524' title='bbox 1493 1372 1676 1405; x_wconf 81' lang='lat' dir='ltr'>cognoscatur</span> <span class='ocrx_word' id='word_1_525' title='bbox 1690 1368 1749 1396; x_wconf 89' lang='lat' dir='ltr'>alio</span> <span class='ocrx_word' id='word_1_526' title='bbox 1764 1368 1903 1396; x_wconf 72' lang='lat' dir='ltr'>moda—</span> <span class='ocrx_word' id='word_1_527' title='bbox 1913 1367 1943 1396; x_wconf 88' lang='lat' dir='ltr'>Et</span> <span class='ocrx_word' id='word_1_528' title='bbox 1957 1366 2012 1404; x_wconf 92' lang='lat' dir='ltr'>pri·</span> <span class='ocrx_word' id='word_1_529' title='bbox 2024 1376 2137 1395; x_wconf 78' lang='lat' dir='ltr'>Notandum.</span> 
     </span>
    </p>
   </div>
   <div class='ocr_carea' id='block_1_20' title="bbox 1163 1413 2015 2064">
    <p class='ocr_par' dir='ltr' id='par_1_22' title="bbox 1163 1413 2014 1922">
     <span class='ocr_line' id='line_1_86' title="bbox 1163 1413 2011 1451; baseline -0.002 -8"><span class='ocrx_word' id='word_1_530' title='bbox 1163 1423 1227 1444; x_wconf 89' lang='lat' dir='ltr'>mus</span> <span class='ocrx_word' id='word_1_531' title='bbox 1248 1415 1350 1443; x_wconf 87' lang='lat' dir='ltr'>modus</span> <span class='ocrx_word' id='word_1_532' title='bbox 1372 1414 1484 1451; x_wconf 90' lang='lat' dir='ltr'>respicit</span> <span class='ocrx_word' id='word_1_533' title='bbox 1505 1414 1742 1451; x_wconf 84' lang='lat' dir='ltr'>imperfectionem</span> <span class='ocrx_word' id='word_1_534' title='bbox 1761 1418 1890 1442; x_wconf 80' lang='lat' dir='ltr'>naturae</span> <span class='ocrx_word' id='word_1_535' title='bbox 1911 1413 2011 1451; x_wconf 83' lang='lat' dir='ltr'>lapsae</span> 
     </span>
     <span class='ocr_line' id='line_1_87' title="bbox 1163 1460 2012 1499; baseline -0.001 -9"><span class='ocrx_word' id='word_1_536' title='bbox 1163 1465 1278 1499; x_wconf 89' lang='lat' dir='ltr'>propter</span> <span class='ocrx_word' id='word_1_537' title='bbox 1300 1461 1484 1498; x_wconf 80' lang='lat' dir='ltr'>ignorantiam</span> <span class='ocrx_word' id='word_1_538' title='bbox 1507 1469 1663 1495; x_wconf 75' lang='lat' dir='ltr'>annexam,</span> <span class='ocrx_word' id='word_1_539' title='bbox 1685 1461 1826 1490; x_wconf 89' lang='lat' dir='ltr'>secundus</span> <span class='ocrx_word' id='word_1_540' title='bbox 1845 1469 1912 1489; x_wconf 92' lang='lat' dir='ltr'>vero</span> <span class='ocrx_word' id='word_1_541' title='bbox 1927 1460 2012 1497; x_wconf 90' lang='lat' dir='ltr'>respi-</span> 
     </span>
     <span class='ocr_line' id='line_1_88' title="bbox 1164 1508 2012 1545; baseline -0.002 -7"><span class='ocrx_word' id='word_1_542' title='bbox 1164 1510 1200 1538; x_wconf 89' lang='lat' dir='ltr'>cit</span> <span class='ocrx_word' id='word_1_543' title='bbox 1232 1512 1334 1538; x_wconf 86' lang='lat' dir='ltr'>statum</span> <span class='ocrx_word' id='word_1_544' title='bbox 1367 1509 1562 1542; x_wconf 77' lang='lat' dir='ltr'>innocentiae,</span> <span class='ocrx_word' id='word_1_545' title='bbox 1595 1509 1621 1537; x_wconf 89' lang='lat' dir='ltr'>in</span> <span class='ocrx_word' id='word_1_546' title='bbox 1654 1517 1710 1545; x_wconf 89' lang='lat' dir='ltr'>quo</span> <span class='ocrx_word' id='word_1_547' title='bbox 1739 1508 1856 1537; x_wconf 76' lang='lat' dir='ltr'>liabitas</span> <span class='ocrx_word' id='word_1_548' title='bbox 1882 1508 2012 1537; x_wconf 87' lang='lat' dir='ltr'>scientiae</span> 
     </span>
     <span class='ocr_line' id='line_1_89' title="bbox 1163 1554 2013 1594; baseline -0.004 -9"><span class='ocrx_word' id='word_1_549' title='bbox 1163 1556 1362 1594; x_wconf 84' lang='lat' dir='ltr'>praecessisset</span> <span class='ocrx_word' id='word_1_550' title='bbox 1384 1564 1488 1589; x_wconf 74' lang='lat' dir='ltr'>usam,</span> <span class='ocrx_word' id='word_1_551' title='bbox 1517 1559 1545 1584; x_wconf 85' lang='lat' dir='ltr'>et</span> <span class='ocrx_word' id='word_1_552' title='bbox 1570 1555 1688 1592; x_wconf 82' lang='lat' dir='ltr'>cognitio</span> <span class='ocrx_word' id='word_1_553' title='bbox 1719 1554 1862 1592; x_wconf 76' lang='lat' dir='ltr'>simplicis</span> <span class='ocrx_word' id='word_1_554' title='bbox 1892 1554 2013 1583; x_wconf 83' lang='lat' dir='ltr'>notitiae</span> 
     </span>
     <span class='ocr_line' id='line_1_90' title="bbox 1164 1601 2013 1640; baseline -0.004 -8"><span class='ocrx_word' id='word_1_555' title='bbox 1164 1603 1362 1640; x_wconf 88' lang='lat' dir='ltr'>praecessisset</span> <span class='ocrx_word' id='word_1_556' title='bbox 1376 1603 1560 1640; x_wconf 81' lang='lat' dir='ltr'>cognitionem</span> <span class='ocrx_word' id='word_1_557' title='bbox 1577 1602 1789 1639; x_wconf 79' lang='lat' dir='ltr'>experientiae,·</span> <span class='ocrx_word' id='word_1_558' title='bbox 1803 1604 1830 1630; x_wconf 89' lang='lat' dir='ltr'>et</span> <span class='ocrx_word' id='word_1_559' title='bbox 1845 1601 1896 1630; x_wconf 89' lang='lat' dir='ltr'>iste</span> <span class='ocrx_word' id='word_1_560' title='bbox 1911 1601 2013 1630; x_wconf 90' lang='lat' dir='ltr'>modus</span> 
     </span>
     <span class='ocr_line' id='line_1_91' title="bbox 1164 1648 2013 1686; baseline -0.002 -8"><span class='ocrx_word' id='word_1_561' title='bbox 1164 1650 1216 1678; x_wconf 89' lang='lat' dir='ltr'>fuit</span> <span class='ocrx_word' id='word_1_562' title='bbox 1238 1650 1264 1678; x_wconf 90' lang='lat' dir='ltr'>in</span> <span class='ocrx_word' id='word_1_563' title='bbox 1287 1649 1396 1678; x_wconf 88' lang='lat' dir='ltr'>Christo</span> <span class='ocrx_word' id='word_1_564' title='bbox 1417 1652 1444 1678; x_wconf 90' lang='lat' dir='ltr'>et</span> <span class='ocrx_word' id='word_1_565' title='bbox 1465 1658 1519 1677; x_wconf 91' lang='lat' dir='ltr'>non</span> <span class='ocrx_word' id='word_1_566' title='bbox 1542 1649 1630 1683; x_wconf 87' lang='lat' dir='ltr'>alius,</span> <span class='ocrx_word' id='word_1_567' title='bbox 1652 1648 1733 1686; x_wconf 78' lang='lat' dir='ltr'>quia,</span> <span class='ocrx_word' id='word_1_568' title='bbox 1755 1649 1827 1677; x_wconf 88' lang='lat' dir='ltr'>sicut</span> <span class='ocrx_word' id='word_1_569' title='bbox 1848 1648 1942 1677; x_wconf 63' lang='grc' dir='ltr'>1111111ὅ</span> <span class='ocrx_word' id='word_1_570' title='bbox 1968 1656 2013 1685; x_wconf 86' lang='lat' dir='ltr'>pa-</span> 
     </span>
     <span class='ocr_line' id='line_1_92' title="bbox 1165 1695 2013 1733; baseline -0.002 -7"><span class='ocrx_word' id='word_1_571' title='bbox 1165 1697 1233 1726; x_wconf 90' lang='lat' dir='ltr'>tebit</span> <span class='ocrx_word' id='word_1_572' title='bbox 1254 1697 1289 1726; x_wconf 88' lang='lat' dir='ltr'>de</span> <span class='ocrx_word' id='word_1_573' title='bbox 1310 1699 1385 1726; x_wconf 87' lang='lat' dir='ltr'>statu</span> <span class='ocrx_word' id='word_1_574' title='bbox 1414 1700 1530 1725; x_wconf 87' lang='lat' dir='ltr'>naturae</span> <span class='ocrx_word' id='word_1_575' title='bbox 1559 1696 1668 1733; x_wconf 85' lang='lat' dir='ltr'>lapsae,</span> <span class='ocrx_word' id='word_1_576' title='bbox 1690 1696 1819 1725; x_wconf 87' lang='lat' dir='ltr'>Christus</span> <span class='ocrx_word' id='word_1_577' title='bbox 1840 1704 1894 1724; x_wconf 91' lang='lat' dir='ltr'>non</span> <span class='ocrx_word' id='word_1_578' title='bbox 1916 1695 2013 1725; x_wconf 89' lang='lat' dir='ltr'>debuit</span> 
     </span>
     <span class='ocr_line' id='line_1_93' title="bbox 1164 1743 2012 1780; baseline -0.002 -7"><span class='ocrx_word' id='word_1_579' title='bbox 1164 1752 1310 1773; x_wconf 87' lang='lat' dir='ltr'>assumere</span> <span class='ocrx_word' id='word_1_580' title='bbox 1341 1744 1481 1772; x_wconf 82' lang='lat' dir='ltr'>desectum</span> <span class='ocrx_word' id='word_1_581' title='bbox 1509 1743 1689 1780; x_wconf 85' lang='lat' dir='ltr'>ignorantiae.</span> <span class='ocrx_word' id='word_1_582' title='bbox 1712 1743 1897 1780; x_wconf 89' lang='lat' dir='ltr'>Philosophus</span> <span class='ocrx_word' id='word_1_583' title='bbox 1918 1745 2012 1771; x_wconf 89' lang='lat' dir='ltr'>autem</span> 
     </span>
     <span class='ocr_line' id='line_1_94' title="bbox 1165 1789 2013 1828; baseline -0.002 -9"><span class='ocrx_word' id='word_1_584' title='bbox 1165 1791 1192 1819; x_wconf 95' lang='lat' dir='ltr'>in</span> <span class='ocrx_word' id='word_1_585' title='bbox 1214 1790 1356 1828; x_wconf 87' lang='lat' dir='ltr'>praedicto</span> <span class='ocrx_word' id='word_1_586' title='bbox 1371 1798 1521 1827; x_wconf 88' lang='lat' dir='ltr'>progressu</span> <span class='ocrx_word' id='word_1_587' title='bbox 1538 1790 1702 1827; x_wconf 88' lang='lat' dir='ltr'>cognitionis</span> <span class='ocrx_word' id='word_1_588' title='bbox 1716 1790 1842 1827; x_wconf 88' lang='lat' dir='ltr'>procedit</span> <span class='ocrx_word' id='word_1_589' title='bbox 1857 1789 2013 1818; x_wconf 89' lang='lat' dir='ltr'>secundum</span> 
     </span>
     <span class='ocr_line' id='line_1_95' title="bbox 1165 1836 2014 1874; baseline -0.002 -8"><span class='ocrx_word' id='word_1_590' title='bbox 1165 1841 1267 1867; x_wconf 87' lang='lat' dir='ltr'>statum</span> <span class='ocrx_word' id='word_1_591' title='bbox 1291 1841 1418 1866; x_wconf 69' lang='lat' dir='ltr'>naturae</span> <span class='ocrx_word' id='word_1_592' title='bbox 1440 1837 1556 1874; x_wconf 73' lang='lat' dir='ltr'>lapsae,</span> <span class='ocrx_word' id='word_1_593' title='bbox 1578 1837 1653 1874; x_wconf 84' lang='lat' dir='ltr'>quod</span> <span class='ocrx_word' id='word_1_594' title='bbox 1675 1837 1702 1865; x_wconf 92' lang='lat' dir='ltr'>in</span> <span class='ocrx_word' id='word_1_595' title='bbox 1724 1836 1834 1865; x_wconf 89' lang='lat' dir='ltr'>Christo</span> <span class='ocrx_word' id='word_1_596' title='bbox 1859 1845 1913 1865; x_wconf 93' lang='lat' dir='ltr'>non</span> <span class='ocrx_word' id='word_1_597' title='bbox 1934 1844 2014 1873; x_wconf 91' lang='lat' dir='ltr'>opor-</span> 
     </span>
     <span class='ocr_line' id='line_1_96' title="bbox 1166 1885 1352 1922; baseline -0.011 -8"><span class='ocrx_word' id='word_1_598' title='bbox 1166 1889 1204 1914; x_wconf 89' lang='lat' dir='ltr'>tet</span> <span class='ocrx_word' id='word_1_599' title='bbox 1225 1885 1352 1922; x_wconf 86' lang='lat' dir='ltr'>reperiri.</span> 
     </span>
    </p>

    <p class='ocr_par' dir='ltr' id='par_1_23' title="bbox 1166 1930 2015 2064">
     <span class='ocr_line' id='line_1_97' title="bbox 1247 1930 2014 1969; baseline -0.003 -9"><span class='ocrx_word' id='word_1_600' title='bbox 1247 1932 1273 1960; x_wconf 72' lang='lat' dir='ltr'>lt.</span> <span class='ocrx_word' id='word_1_601' title='bbox 1290 1932 1327 1960; x_wconf 69' lang='lat' dir='ltr'>Ad</span> <span class='ocrx_word' id='word_1_602' title='bbox 1345 1931 1412 1960; x_wconf 87' lang='lat' dir='ltr'>illud</span> <span class='ocrx_word' id='word_1_603' title='bbox 1426 1931 1500 1969; x_wconf 88' lang='lat' dir='ltr'>quod</span> <span class='ocrx_word' id='word_1_604' title='bbox 1513 1931 1658 1966; x_wconf 80' lang='lat' dir='ltr'>obiicitur,</span> <span class='ocrx_word' id='word_1_605' title='bbox 1671 1930 1744 1968; x_wconf 87' lang='lat' dir='ltr'>quod</span> <span class='ocrx_word' id='word_1_606' title='bbox 1758 1930 1915 1959; x_wconf 87' lang='lat' dir='ltr'>intellectus</span> <span class='ocrx_word' id='word_1_607' title='bbox 1929 1937 2014 1967; x_wconf 86' lang='lat' dir='ltr'>agens</span> 
     </span>
     <span class='ocr_line' id='line_1_98' title="bbox 1166 1977 2015 2015; baseline -0.002 -8"><span class='ocrx_word' id='word_1_608' title='bbox 1166 1980 1193 2007; x_wconf 90' lang='lat' dir='ltr'>in</span> <span class='ocrx_word' id='word_1_609' title='bbox 1209 1979 1319 2007; x_wconf 89' lang='lat' dir='ltr'>Christo</span> <span class='ocrx_word' id='word_1_610' title='bbox 1334 1979 1423 2015; x_wconf 87' lang='lat' dir='ltr'>potuit</span> <span class='ocrx_word' id='word_1_611' title='bbox 1438 1978 1602 2007; x_wconf 86' lang='lat' dir='ltr'>abstrahere</span> <span class='ocrx_word' id='word_1_612' title='bbox 1615 1989 1622 2012; x_wconf 90' lang='lat'>;</span> <span class='ocrx_word' id='word_1_613' title='bbox 1637 1977 1804 2011; x_wconf 83' lang='lat' dir='ltr'>dicendum⁷</span> <span class='ocrx_word' id='word_1_614' title='bbox 1819 1977 1894 2014; x_wconf 86' lang='lat' dir='ltr'>quod</span> <span class='ocrx_word' id='word_1_615' title='bbox 1910 1977 2015 2005; x_wconf 85' lang='lat' dir='ltr'>abstra-</span> 
     </span>
     <span class='ocr_line' id='line_1_99' title="bbox 1166 2023 2013 2064; baseline -0.004 -9"><span class='ocrx_word' id='word_1_616' title='bbox 1166 2027 1220 2055; x_wconf 85' lang='lat' dir='ltr'>ctio</span> <span class='ocrx_word' id='word_1_617' title='bbox 1251 2026 1351 2064; x_wconf 86' lang='lat' dir='ltr'>speciei</span> <span class='ocrx_word' id='word_1_618' title='bbox 1373 2034 1389 2053; x_wconf 89' lang='lat' dir='ltr'>a</span> <span class='ocrx_word' id='word_1_619' title='bbox 1418 2025 1623 2053; x_wconf 83' lang='lat' dir='ltr'>conditionibus</span> <span class='ocrx_word' id='word_1_620' title='bbox 1652 2024 1845 2053; x_wconf 88' lang='lat' dir='ltr'>materialibus</span> <span class='ocrx_word' id='word_1_621' title='bbox 1876 2023 2013 2061; x_wconf 86' lang='lat' dir='ltr'>quaedam</span> 
     </span>
    </p>
   </div>
   <div class='ocr_carea' id='block_1_21' title="bbox 1166 2071 2141 2110">
    <p class='ocr_par' dir='ltr' id='par_1_24' title="bbox 1166 2071 2141 2110">
     <span class='ocr_line' id='line_1_100' title="bbox 1166 2071 2141 2110; baseline -0.004 -8"><span class='ocrx_word' id='word_1_622' title='bbox 1166 2073 1314 2102; x_wconf 84' lang='lat' dir='ltr'>ordinatur</span> <span class='ocrx_word' id='word_1_623' title='bbox 1325 2074 1334 2087; x_wconf 81' lang='lat'><em>⁷</em></span> <span class='ocrx_word' id='word_1_624' title='bbox 1349 2073 1383 2101; x_wconf 91' lang='lat' dir='ltr'>ad</span> <span class='ocrx_word' id='word_1_625' title='bbox 1397 2072 1601 2110; x_wconf 62' lang='lat' dir='ltr'>generandam</span> <span class='ocrx_word' id='word_1_626' title='bbox 1623 2071 1772 2105; x_wconf 77' lang='lat' dir='ltr'>habitam,</span> <span class='ocrx_word' id='word_1_627' title='bbox 1792 2071 1929 2108; x_wconf 84' lang='lat' dir='ltr'>quaedam</span> <span class='ocrx_word' id='word_1_628' title='bbox 1945 2078 2013 2099; x_wconf 89' lang='lat' dir='ltr'>vero</span> <span class='ocrx_word' id='word_1_629' title='bbox 2027 2080 2141 2099; x_wconf 71' lang='lat' dir='ltr'>Notandum.</span> 
     </span>
    </p>
   </div>
   <div class='ocr_carea' id='block_1_22' title="bbox 1166 2118 2016 2577">
    <p class='ocr_par' dir='ltr' id='par_1_25' title="bbox 1166 2118 2016 2577">
     <span class='ocr_line' id='line_1_101' title="bbox 1166 2118 2015 2156; baseline -0.004 -7"><span class='ocrx_word' id='word_1_630' title='bbox 1166 2121 1291 2150; x_wconf 88' lang='lat' dir='ltr'>consistit</span> <span class='ocrx_word' id='word_1_631' title='bbox 1312 2120 1338 2148; x_wconf 92' lang='lat' dir='ltr'>in</span> <span class='ocrx_word' id='word_1_632' title='bbox 1361 2119 1471 2148; x_wconf 76' lang='lat' dir='ltr'>indicio</span> <span class='ocrx_word' id='word_1_633' title='bbox 1492 2119 1555 2147; x_wconf 74' lang='lat' dir='ltr'>eius</span> <span class='ocrx_word' id='word_1_634' title='bbox 1576 2119 1651 2156; x_wconf 89' lang='lat' dir='ltr'>quod</span> <span class='ocrx_word' id='word_1_635' title='bbox 1673 2118 1879 2155; x_wconf 86' lang='lat' dir='ltr'>apprehensum</span> <span class='ocrx_word' id='word_1_636' title='bbox 1902 2121 1944 2147; x_wconf 87' lang='lat' dir='ltr'>est</span> <span class='ocrx_word' id='word_1_637' title='bbox 1965 2125 2015 2155; x_wconf 91' lang='lat' dir='ltr'>per</span> 
     </span>
     <span class='ocr_line' id='line_1_102' title="bbox 1167 2164 2016 2203; baseline -0.006 -6"><span class='ocrx_word' id='word_1_638' title='bbox 1167 2175 1297 2201; x_wconf 76' lang='lat' dir='ltr'>sensum,</span> <span class='ocrx_word' id='word_1_639' title='bbox 1319 2166 1437 2201; x_wconf 79' lang='lat' dir='ltr'>indicio,</span> <span class='ocrx_word' id='word_1_640' title='bbox 1456 2166 1586 2203; x_wconf 78' lang='lat' dir='ltr'>inquam,</span> <span class='ocrx_word' id='word_1_641' title='bbox 1602 2166 1672 2194; x_wconf 89' lang='lat' dir='ltr'>sacto</span> <span class='ocrx_word' id='word_1_642' title='bbox 1687 2165 1722 2193; x_wconf 90' lang='lat' dir='ltr'>ab</span> <span class='ocrx_word' id='word_1_643' title='bbox 1738 2165 1889 2194; x_wconf 85' lang='lat' dir='ltr'>intellectu.</span> <span class='ocrx_word' id='word_1_644' title='bbox 1911 2164 1943 2193; x_wconf 89' lang='lat' dir='ltr'>Et</span> <span class='ocrx_word' id='word_1_645' title='bbox 1954 2164 2016 2201; x_wconf 82' lang='lat' dir='ltr'>pri-</span> 
     </span>
     <span class='ocr_line' id='line_1_103' title="bbox 1166 2211 2015 2247; baseline -0.005 -4"><span class='ocrx_word' id='word_1_646' title='bbox 1166 2223 1217 2243; x_wconf 78' lang='lat' dir='ltr'>ma</span> <span class='ocrx_word' id='word_1_647' title='bbox 1239 2222 1293 2243; x_wconf 91' lang='lat' dir='ltr'>non</span> <span class='ocrx_word' id='word_1_648' title='bbox 1314 2214 1367 2242; x_wconf 88' lang='lat' dir='ltr'>fuit</span> <span class='ocrx_word' id='word_1_649' title='bbox 1388 2214 1414 2242; x_wconf 93' lang='lat' dir='ltr'>in</span> <span class='ocrx_word' id='word_1_650' title='bbox 1437 2213 1562 2247; x_wconf 86' lang='lat' dir='ltr'>Christo,</span> <span class='ocrx_word' id='word_1_651' title='bbox 1585 2220 1649 2241; x_wconf 86' lang='lat' dir='ltr'>cum</span> <span class='ocrx_word' id='word_1_652' title='bbox 1673 2212 1828 2241; x_wconf 88' lang='lat' dir='ltr'>intellectus</span> <span class='ocrx_word' id='word_1_653' title='bbox 1849 2211 1910 2240; x_wconf 87' lang='lat' dir='ltr'>eius</span> <span class='ocrx_word' id='word_1_654' title='bbox 1934 2211 2015 2240; x_wconf 89' lang='lat' dir='ltr'>habe-</span> 
     </span>
     <span class='ocr_line' id='line_1_104' title="bbox 1167 2258 2014 2297; baseline -0.005 -7"><span class='ocrx_word' id='word_1_655' title='bbox 1167 2266 1211 2290; x_wconf 89' lang='lat' dir='ltr'>ret</span> <span class='ocrx_word' id='word_1_656' title='bbox 1232 2261 1345 2289; x_wconf 84' lang='lat' dir='ltr'>habitus</span> <span class='ocrx_word' id='word_1_657' title='bbox 1366 2264 1393 2288; x_wconf 90' lang='lat' dir='ltr'>et</span> <span class='ocrx_word' id='word_1_658' title='bbox 1414 2260 1520 2297; x_wconf 88' lang='lat' dir='ltr'>species</span> <span class='ocrx_word' id='word_1_659' title='bbox 1547 2268 1659 2293; x_wconf 84' lang='lat' dir='ltr'>rernm,</span> <span class='ocrx_word' id='word_1_660' title='bbox 1680 2259 1728 2287; x_wconf 89' lang='lat' dir='ltr'>illa</span> <span class='ocrx_word' id='word_1_661' title='bbox 1749 2262 1843 2287; x_wconf 88' lang='lat' dir='ltr'>autem</span> <span class='ocrx_word' id='word_1_662' title='bbox 1865 2258 2014 2287; x_wconf 85' lang='lat' dir='ltr'>abstractio</span> 
     </span>
     <span class='ocr_line' id='line_1_105' title="bbox 1167 2303 2016 2344; baseline -0.004 -8"><span class='ocrx_word' id='word_1_663' title='bbox 1167 2309 1347 2337; x_wconf 83' lang='lat' dir='ltr'>ordinaretur</span> <span class='ocrx_word' id='word_1_664' title='bbox 1362 2307 1396 2336; x_wconf 88' lang='lat' dir='ltr'>ad</span> <span class='ocrx_word' id='word_1_665' title='bbox 1412 2307 1622 2344; x_wconf 86' lang='lat' dir='ltr'>acquisitionem</span> <span class='ocrx_word' id='word_1_666' title='bbox 1638 2306 1752 2335; x_wconf 90' lang='lat' dir='ltr'>habitus</span> <span class='ocrx_word' id='word_1_667' title='bbox 1765 2309 1792 2335; x_wconf 93' lang='lat' dir='ltr'>et</span> <span class='ocrx_word' id='word_1_668' title='bbox 1807 2305 1936 2335; x_wconf 83' lang='lat' dir='ltr'>scientiae</span> <span class='ocrx_word' id='word_1_669' title='bbox 1951 2303 2016 2333; x_wconf 91' lang='lat' dir='ltr'>non-</span> 
     </span>
     <span class='ocr_line' id='line_1_106' title="bbox 1168 2348 2016 2391; baseline -0.004 -8"><span class='ocrx_word' id='word_1_670' title='bbox 1168 2356 1235 2384; x_wconf 90' lang='lat' dir='ltr'>dum</span> <span class='ocrx_word' id='word_1_671' title='bbox 1258 2348 1390 2391; x_wconf 68' lang='lat' dir='ltr'>adeptae,</span> <span class='ocrx_word' id='word_1_672' title='bbox 1405 2357 1433 2382; x_wconf 89' lang='lat' dir='ltr'>et</span> <span class='ocrx_word' id='word_1_673' title='bbox 1447 2354 1484 2382; x_wconf 90' lang='lat' dir='ltr'>ita</span> <span class='ocrx_word' id='word_1_674' title='bbox 1500 2354 1615 2382; x_wconf 89' lang='lat' dir='ltr'>haberet</span> <span class='ocrx_word' id='word_1_675' title='bbox 1629 2361 1772 2382; x_wconf 88' lang='lat' dir='ltr'>annexum</span> <span class='ocrx_word' id='word_1_676' title='bbox 1788 2352 1926 2381; x_wconf 80' lang='lat' dir='ltr'>defectum</span> <span class='ocrx_word' id='word_1_677' title='bbox 1942 2352 2016 2389; x_wconf 87' lang='lat' dir='ltr'>igno-</span> 
     </span>
     <span class='ocr_line' id='line_1_107' title="bbox 1168 2399 2015 2433; baseline -0.004 -3"><span class='ocrx_word' id='word_1_678' title='bbox 1168 2402 1282 2430; x_wconf 85' lang='lat' dir='ltr'>rantiae.</span> <span class='ocrx_word' id='word_1_679' title='bbox 1305 2401 1440 2430; x_wconf 70' lang='lat' dir='ltr'>Secunda</span> <span class='ocrx_word' id='word_1_680' title='bbox 1468 2408 1535 2429; x_wconf 88' lang='lat' dir='ltr'>vero</span> <span class='ocrx_word' id='word_1_681' title='bbox 1557 2400 1583 2428; x_wconf 90' lang='lat' dir='ltr'>in</span> <span class='ocrx_word' id='word_1_682' title='bbox 1606 2400 1715 2429; x_wconf 87' lang='lat' dir='ltr'>Christo</span> <span class='ocrx_word' id='word_1_683' title='bbox 1736 2400 1802 2433; x_wconf 84' lang='lat' dir='ltr'>suit,</span> <span class='ocrx_word' id='word_1_684' title='bbox 1824 2400 1872 2428; x_wconf 82' lang='lat' dir='ltr'>sed</span> <span class='ocrx_word' id='word_1_685' title='bbox 1898 2407 1934 2428; x_wconf 85' lang='lat' dir='ltr'>ex</span> <span class='ocrx_word' id='word_1_686' title='bbox 1962 2399 2015 2427; x_wconf 91' lang='lat' dir='ltr'>hoc</span> 
     </span>
     <span class='ocr_line' id='line_1_108' title="bbox 1169 2445 2015 2485; baseline -0.005 -8"><span class='ocrx_word' id='word_1_687' title='bbox 1169 2457 1223 2477; x_wconf 88' lang='lat' dir='ltr'>non</span> <span class='ocrx_word' id='word_1_688' title='bbox 1246 2448 1388 2485; x_wconf 79' lang='lat' dir='ltr'>sequitur,</span> <span class='ocrx_word' id='word_1_689' title='bbox 1420 2447 1495 2484; x_wconf 87' lang='lat' dir='ltr'>quod</span> <span class='ocrx_word' id='word_1_690' title='bbox 1520 2446 1626 2484; x_wconf 87' lang='lat' dir='ltr'>aliquid</span> <span class='ocrx_word' id='word_1_691' title='bbox 1649 2446 1778 2475; x_wconf 88' lang='lat' dir='ltr'>didicerit</span> <span class='ocrx_word' id='word_1_692' title='bbox 1799 2446 1834 2475; x_wconf 89' lang='lat' dir='ltr'>de</span> <span class='ocrx_word' id='word_1_693' title='bbox 1855 2453 1942 2480; x_wconf 80' lang='grc'><strong>110110,</strong></span> <span class='ocrx_word' id='word_1_694' title='bbox 1971 2445 2015 2474; x_wconf 85' lang='lat' dir='ltr'>vel</span> 
     </span>
     <span class='ocr_line' id='line_1_109' title="bbox 1169 2492 2016 2532; baseline -0.005 -8"><span class='ocrx_word' id='word_1_695' title='bbox 1169 2496 1196 2524; x_wconf 90' lang='lat' dir='ltr'>in</span> <span class='ocrx_word' id='word_1_696' title='bbox 1218 2495 1332 2524; x_wconf 88' lang='lat' dir='ltr'>scientia</span> <span class='ocrx_word' id='word_1_697' title='bbox 1353 2494 1517 2532; x_wconf 82' lang='lat' dir='ltr'>profecerit,</span> <span class='ocrx_word' id='word_1_698' title='bbox 1539 2494 1588 2522; x_wconf 89' lang='lat' dir='ltr'>sed</span> <span class='ocrx_word' id='word_1_699' title='bbox 1610 2493 1701 2522; x_wconf 90' lang='lat' dir='ltr'>solum</span> <span class='ocrx_word' id='word_1_700' title='bbox 1723 2493 1798 2530; x_wconf 88' lang='lat' dir='ltr'>quod</span> <span class='ocrx_word' id='word_1_701' title='bbox 1820 2492 1927 2529; x_wconf 88' lang='lat' dir='ltr'>aliquid</span> <span class='ocrx_word' id='word_1_702' title='bbox 1955 2500 2016 2521; x_wconf 88' lang='lat' dir='ltr'>con—</span> 
     </span>
     <span class='ocr_line' id='line_1_110' title="bbox 1170 2534 1944 2577; baseline -0.005 -6"><span class='ocrx_word' id='word_1_703' title='bbox 1170 2543 1305 2572; x_wconf 87' lang='lat' dir='ltr'>sideravit</span> <span class='ocrx_word' id='word_1_704' title='bbox 1326 2542 1469 2570; x_wconf 89' lang='lat' dir='ltr'>intellectu</span> <span class='ocrx_word' id='word_1_705' title='bbox 1490 2541 1611 2570; x_wconf 80' lang='lat' dir='ltr'>excitato</span> <span class='ocrx_word' id='word_1_706' title='bbox 1632 2548 1648 2568; x_wconf 87' lang='lat' dir='ltr'>a</span> <span class='ocrx_word' id='word_1_707' title='bbox 1670 2540 1791 2577; x_wconf 86' lang='lat' dir='ltr'>potentia</span> <span class='ocrx_word' id='word_1_708' title='bbox 1813 2534 1944 2568; x_wconf 81' lang='lat' dir='ltr'>inferiori.</span> 
     </span>
    </p>
   </div>
   <div class='ocr_carea' id='block_1_23' title="bbox 880 2650 1398 2657">
    <p class='ocr_par' dir='ltr' id='par_1_26' title="bbox 880 2650 1398 2657">
     <span class='ocr_line' id='line_1_111' title="bbox 880 2650 1398 2657; baseline 0 0"><span class='ocrx_word' id='word_1_709' title='bbox 880 2650 1398 2657; x_wconf 95' lang='lat' dir='ltr'> </span> 
     </span>
    </p>
   </div>
   <div class='ocr_carea' id='block_1_24' title="bbox 263 2712 1113 3055">
    <p class='ocr_par' dir='ltr' id='par_1_27' title="bbox 264 2712 1111 2785">
     <span class='ocr_line' id='line_1_112' title="bbox 326 2712 1111 2743; baseline -0.008 -4"><span class='ocrx_word' id='word_1_710' title='bbox 326 2715 333 2728; x_wconf 88' lang='lat'><strong>¹</strong></span> <span class='ocrx_word' id='word_1_711' title='bbox 352 2717 477 2743; x_wconf 62' lang='lat' dir='ltr'>Averroes,</span> <span class='ocrx_word' id='word_1_712' title='bbox 496 2715 527 2737; x_wconf 90' lang='grc'><strong>111.</strong></span> <span class='ocrx_word' id='word_1_713' title='bbox 546 2715 574 2736; x_wconf 81' lang='lat' dir='ltr'>de</span> <span class='ocrx_word' id='word_1_714' title='bbox 591 2714 659 2736; x_wconf 81' lang='lat' dir='ltr'>Caelo</span> <span class='ocrx_word' id='word_1_715' title='bbox 676 2716 698 2735; x_wconf 84' lang='lat' dir='ltr'>et</span> <span class='ocrx_word' id='word_1_716' title='bbox 723 2713 821 2741; x_wconf 84' lang='lat' dir='ltr'>mundo,</span> <span class='ocrx_word' id='word_1_717' title='bbox 840 2715 891 2735; x_wconf 82' lang='lat' dir='ltr'>[ext.</span> <span class='ocrx_word' id='word_1_718' title='bbox 910 2712 952 2740; x_wconf 66' lang='lat'>673</span> <span class='ocrx_word' id='word_1_719' title='bbox 971 2712 993 2734; x_wconf 91' lang='grc'>11.</span> <span class='ocrx_word' id='word_1_720' title='bbox 1012 2712 1041 2733; x_wconf 79' lang='lat' dir='ltr'>de</span> <span class='ocrx_word' id='word_1_721' title='bbox 1061 2712 1111 2733; x_wconf 74' lang='lat' dir='ltr'>Ani-</span> 
     </span>
     <span class='ocr_line' id='line_1_113' title="bbox 264 2753 636 2785; baseline -0.011 -6"><span class='ocrx_word' id='word_1_722' title='bbox 264 2763 313 2785; x_wconf 76' lang='lat' dir='ltr'>ma,</span> <span class='ocrx_word' id='word_1_723' title='bbox 332 2758 383 2779; x_wconf 81' lang='lat' dir='ltr'>text.</span> <span class='ocrx_word' id='word_1_724' title='bbox 402 2755 439 2777; x_wconf 89' lang='grc'>67.</span> <span class='ocrx_word' id='word_1_725' title='bbox 456 2757 478 2777; x_wconf 83' lang='lat' dir='ltr'>ct</span> <span class='ocrx_word' id='word_1_726' title='bbox 495 2755 527 2776; x_wconf 89' lang='grc'><strong>111.</strong></span> <span class='ocrx_word' id='word_1_727' title='bbox 546 2757 597 2777; x_wconf 81' lang='lat' dir='ltr'>text.</span> <span class='ocrx_word' id='word_1_728' title='bbox 616 2753 636 2775; x_wconf 73' lang='lat'>4.</span> 
     </span>
    </p>

    <p class='ocr_par' dir='ltr' id='par_1_28' title="bbox 263 2790 1112 2900">
     <span class='ocr_line' id='line_1_114' title="bbox 326 2790 1110 2823; baseline -0.008 -6"><span class='ocrx_word' id='word_1_729' title='bbox 326 2796 335 2809; x_wconf 78' lang='lat'>‘²</span> <span class='ocrx_word' id='word_1_730' title='bbox 353 2795 444 2823; x_wconf 72' lang='lat' dir='ltr'>Quaest.</span> <span class='ocrx_word' id='word_1_731' title='bbox 462 2794 568 2821; x_wconf 77' lang='lat' dir='ltr'>praeced.</span> <span class='ocrx_word' id='word_1_732' title='bbox 588 2792 632 2815; x_wconf 85' lang='lat' dir='ltr'>Csr.</span> <span class='ocrx_word' id='word_1_733' title='bbox 651 2792 758 2819; x_wconf 80' lang='lat' dir='ltr'>Anselm.⁷</span> <span class='ocrx_word' id='word_1_734' title='bbox 778 2791 791 2813; x_wconf 92' lang='lat' dir='ltr'>l.</span> <span class='ocrx_word' id='word_1_735' title='bbox 809 2790 856 2813; x_wconf 86' lang='lat' dir='ltr'>Cor</span> <span class='ocrx_word' id='word_1_736' title='bbox 874 2791 933 2813; x_wconf 85' lang='lat' dir='ltr'>Deos</span> <span class='ocrx_word' id='word_1_737' title='bbox 951 2791 1033 2815; x_wconf 82' lang='grc'><strong>1101110,</strong></span> <span class='ocrx_word' id='word_1_738' title='bbox 1052 2795 1071 2811; x_wconf 90' lang='lat' dir='ltr'>c.</span> <span class='ocrx_word' id='word_1_739' title='bbox 1089 2790 1110 2811; x_wconf 76' lang='lat'>9.</span> 
     </span>
     <span class='ocr_line' id='line_1_115' title="bbox 263 2829 1112 2861; baseline -0.007 -5"><span class='ocrx_word' id='word_1_740' title='bbox 263 2847 295 2851; x_wconf 98' lang='lat'><strong>—</strong></span> <span class='ocrx_word' id='word_1_741' title='bbox 312 2834 381 2856; x_wconf 78' lang='lat' dir='ltr'>Paulo</span> <span class='ocrx_word' id='word_1_742' title='bbox 398 2834 492 2855; x_wconf 79' lang='lat' dir='ltr'>inferius</span> <span class='ocrx_word' id='word_1_743' title='bbox 517 2835 568 2854; x_wconf 82' lang='lat' dir='ltr'>ante</span> <span class='ocrx_word' id='word_1_744' title='bbox 590 2830 697 2861; x_wconf 69' lang='lat' dir='ltr'>Goynitio</span> <span class='ocrx_word' id='word_1_745' title='bbox 722 2829 836 2859; x_wconf 79' lang='lat' dir='ltr'>simplicis</span> <span class='ocrx_word' id='word_1_746' title='bbox 854 2830 918 2852; x_wconf 90' lang='lat' dir='ltr'>multi</span> <span class='ocrx_word' id='word_1_747' title='bbox 937 2829 1004 2851; x_wconf 82' lang='lat' dir='ltr'>codd.</span> <span class='ocrx_word' id='word_1_748' title='bbox 1023 2831 1112 2857; x_wconf 86' lang='lat' dir='ltr'>ponunt</span> 
     </span>
     <span class='ocr_line' id='line_1_116' title="bbox 265 2867 1015 2900; baseline -0.007 -5"><span class='ocrx_word' id='word_1_749' title='bbox 265 2875 292 2896; x_wconf 77' lang='lat' dir='ltr'>et.</span> <span class='ocrx_word' id='word_1_750' title='bbox 311 2873 397 2895; x_wconf 85' lang='lat' dir='ltr'>Deinde</span> <span class='ocrx_word' id='word_1_751' title='bbox 414 2878 456 2900; x_wconf 85' lang='lat' dir='ltr'>pro</span> <span class='ocrx_word' id='word_1_752' title='bbox 474 2870 613 2895; x_wconf 81' lang='lat' dir='ltr'>conditionis</span> <span class='ocrx_word' id='word_1_753' title='bbox 631 2870 682 2892; x_wconf 81' lang='lat' dir='ltr'>cod.</span> <span class='ocrx_word' id='word_1_754' title='bbox 700 2870 730 2891; x_wconf 90' lang='lat' dir='ltr'>W</span> <span class='ocrx_word' id='word_1_755' title='bbox 747 2869 865 2892; x_wconf 83' lang='lat' dir='ltr'>substituit</span> <span class='ocrx_word' id='word_1_756' title='bbox 881 2867 1015 2891; x_wconf 71' lang='lat' dir='ltr'>creationis.</span> 
     </span>
    </p>

    <p class='ocr_par' dir='ltr' id='par_1_29' title="bbox 266 2907 1113 3055">
     <span class='ocr_line' id='line_1_117' title="bbox 329 2907 1111 2935; baseline -0.008 -1"><span class='ocrx_word' id='word_1_757' title='bbox 329 2912 338 2926; x_wconf 88' lang='lat'>³</span> <span class='ocrx_word' id='word_1_758' title='bbox 355 2912 386 2933; x_wconf 86' lang='lat' dir='ltr'>De</span> <span class='ocrx_word' id='word_1_759' title='bbox 404 2912 490 2933; x_wconf 84' lang='lat' dir='ltr'>lncarn.</span> <span class='ocrx_word' id='word_1_760' title='bbox 509 2911 594 2933; x_wconf 89' lang='lat' dir='ltr'>domin.</span> <span class='ocrx_word' id='word_1_761' title='bbox 621 2915 717 2931; x_wconf 81' lang='lat' dir='ltr'>sacram.</span> <span class='ocrx_word' id='word_1_762' title='bbox 743 2915 761 2930; x_wconf 90' lang='lat' dir='ltr'>c.</span> <span class='ocrx_word' id='word_1_763' title='bbox 780 2908 801 2930; x_wconf 90' lang='lat'>7.</span> <span class='ocrx_word' id='word_1_764' title='bbox 829 2915 850 2930; x_wconf 91' lang='lat' dir='ltr'>n.</span> <span class='ocrx_word' id='word_1_765' title='bbox 868 2908 905 2929; x_wconf 78' lang='lat'>72.</span> <span class='ocrx_word' id='word_1_766' title='bbox 932 2907 977 2930; x_wconf 72' lang='lat' dir='ltr'>Cir.</span> <span class='ocrx_word' id='word_1_767' title='bbox 992 2913 1062 2935; x_wconf 84' lang='lat' dir='ltr'>supra</span> <span class='ocrx_word' id='word_1_768' title='bbox 1080 2907 1111 2929; x_wconf 54' lang='lat' dir='ltr'>lit.</span> 
     </span>
     <span class='ocr_line' id='line_1_118' title="bbox 266 2945 1111 2977; baseline -0.005 -6"><span class='ocrx_word' id='word_1_769' title='bbox 266 2950 373 2977; x_wconf 74' lang='lat' dir='ltr'>Magistri,</span> <span class='ocrx_word' id='word_1_770' title='bbox 390 2949 412 2971; x_wconf 88' lang='lat' dir='ltr'>d.</span> <span class='ocrx_word' id='word_1_771' title='bbox 431 2949 486 2971; x_wconf 78' lang='lat' dir='ltr'>xiii.</span> <span class='ocrx_word' id='word_1_772' title='bbox 504 2949 563 2971; x_wconf 81' lang='lat' dir='ltr'>circa</span> <span class='ocrx_word' id='word_1_773' title='bbox 581 2948 692 2970; x_wconf 87' lang='lat' dir='ltr'>medium.</span> <span class='ocrx_word' id='word_1_774' title='bbox 711 2960 740 2963; x_wconf 87' lang='lat'>—</span> <span class='ocrx_word' id='word_1_775' title='bbox 757 2948 809 2976; x_wconf 76' lang='lat' dir='ltr'>Seq.</span> <span class='ocrx_word' id='word_1_776' title='bbox 832 2947 913 2974; x_wconf 84' lang='lat' dir='ltr'>Script.</span> <span class='ocrx_word' id='word_1_777' title='bbox 932 2947 974 2968; x_wconf 89' lang='lat' dir='ltr'>loc.</span> <span class='ocrx_word' id='word_1_778' title='bbox 992 2948 1026 2968; x_wconf 86' lang='lat' dir='ltr'>est</span> <span class='ocrx_word' id='word_1_779' title='bbox 1043 2945 1111 2967; x_wconf 77' lang='lat' dir='ltr'>Hebr-</span> 
     </span>
     <span class='ocr_line' id='line_1_119' title="bbox 266 2984 1111 3012; baseline -0.006 -2"><span class='ocrx_word' id='word_1_780' title='bbox 266 2989 287 3010; x_wconf 78' lang='lat'>5.</span> <span class='ocrx_word' id='word_1_781' title='bbox 306 2989 326 3010; x_wconf 75' lang='lat'>8.</span> <span class='ocrx_word' id='word_1_782' title='bbox 345 3001 375 3004; x_wconf 98' lang='lat'><strong>—</strong></span> <span class='ocrx_word' id='word_1_783' title='bbox 391 2989 470 3010; x_wconf 78' lang='lat' dir='ltr'>Glossa</span> <span class='ocrx_word' id='word_1_784' title='bbox 496 2988 594 3010; x_wconf 83' lang='lat' dir='ltr'>subinde</span> <span class='ocrx_word' id='word_1_785' title='bbox 619 2988 683 3009; x_wconf 82' lang='lat' dir='ltr'>allata</span> <span class='ocrx_word' id='word_1_786' title='bbox 710 2990 742 3009; x_wconf 81' lang='lat' dir='ltr'>est</span> <span class='ocrx_word' id='word_1_787' title='bbox 767 2985 891 3009; x_wconf 75' lang='lat' dir='ltr'>ordinaria</span> <span class='ocrx_word' id='word_1_788' title='bbox 918 2986 940 3007; x_wconf 85' lang='lat' dir='ltr'>in</span> <span class='ocrx_word' id='word_1_789' title='bbox 968 2986 1001 3007; x_wconf 82' lang='lat' dir='ltr'>Ps.</span> <span class='ocrx_word' id='word_1_790' title='bbox 1026 2985 1067 3012; x_wconf 51' lang='lat'>115,</span> <span class='ocrx_word' id='word_1_791' title='bbox 1084 2984 1111 3012; x_wconf 76' lang='lat'>73</span> 
     </span>
     <span class='ocr_line' id='line_1_120' title="bbox 266 3023 1113 3055; baseline -0.006 -5"><span class='ocrx_word' id='word_1_792' title='bbox 266 3030 340 3050; x_wconf 81' lang='lat' dir='ltr'>sumta</span> <span class='ocrx_word' id='word_1_793' title='bbox 358 3030 391 3050; x_wconf 80' lang='lat' dir='ltr'>cst</span> <span class='ocrx_word' id='word_1_794' title='bbox 408 3033 435 3049; x_wconf 78' lang='lat' dir='ltr'>ex</span> <span class='ocrx_word' id='word_1_795' title='bbox 454 3027 557 3055; x_wconf 81' lang='lat' dir='ltr'>August.⁷</span> <span class='ocrx_word' id='word_1_796' title='bbox 575 3027 676 3048; x_wconf 78' lang='lat' dir='ltr'>Emirrat.</span> <span class='ocrx_word' id='word_1_797' title='bbox 701 3026 723 3048; x_wconf 91' lang='lat' dir='ltr'>in</span> <span class='ocrx_word' id='word_1_798' title='bbox 741 3026 802 3048; x_wconf 84' lang='lat' dir='ltr'>hunc</span> <span class='ocrx_word' id='word_1_799' title='bbox 827 3025 869 3047; x_wconf 82' lang='lat' dir='ltr'>loc.</span> <span class='ocrx_word' id='word_1_800' title='bbox 895 3027 917 3046; x_wconf 89' lang='lat' dir='ltr'>et</span> <span class='ocrx_word' id='word_1_801' title='bbox 934 3023 1033 3046; x_wconf 85' lang='lat' dir='ltr'>babetur</span> <span class='ocrx_word' id='word_1_802' title='bbox 1050 3023 1113 3051; x_wconf 85' lang='lat' dir='ltr'>apud</span> 
     </span>
    </p>
   </div>
   <div class='ocr_carea' id='block_1_25' title="bbox 1138 2710 1142 2873">
    <p class='ocr_par' dir='ltr' id='par_1_30' title="bbox 1138 2710 1142 2873">
     <span class='ocr_line' id='line_1_121' title="bbox 1138 2710 1142 2873; baseline 0 493"><span class='ocrx_word' id='word_1_803' title='bbox 1138 2710 1142 2873; x_wconf 95' lang='lat' dir='ltr'> </span> 
     </span>
    </p>
   </div>
   <div class='ocr_carea' id='block_1_26' title="bbox 1139 2876 1143 3049">
    <p class='ocr_par' dir='ltr' id='par_1_31' title="bbox 1139 2876 1143 3049">
     <span class='ocr_line' id='line_1_122' title="bbox 1139 2876 1143 3049; baseline 0 317"><span class='ocrx_word' id='word_1_804' title='bbox 1139 2876 1143 3049; x_wconf 95' lang='lat' dir='ltr'> </span> 
     </span>
    </p>
   </div>
   <div class='ocr_carea' id='block_1_27' title="bbox 1167 2704 2015 3049">
    <p class='ocr_par' dir='ltr' id='par_1_32' title="bbox 1167 2704 2015 2778">
     <span class='ocr_line' id='line_1_123' title="bbox 1168 2704 2015 2736; baseline -0.006 -4"><span class='ocrx_word' id='word_1_805' title='bbox 1168 2709 1275 2732; x_wconf 73' lang='lat' dir='ltr'>Straboni</span> <span class='ocrx_word' id='word_1_806' title='bbox 1293 2712 1315 2731; x_wconf 84' lang='lat' dir='ltr'>et</span> <span class='ocrx_word' id='word_1_807' title='bbox 1331 2709 1454 2736; x_wconf 73' lang='lat' dir='ltr'>Lyranum.</span> <span class='ocrx_word' id='word_1_808' title='bbox 1471 2719 1503 2723; x_wconf 97' lang='lat'><strong>—</strong></span> <span class='ocrx_word' id='word_1_809' title='bbox 1520 2707 1571 2729; x_wconf 82' lang='lat' dir='ltr'>Post</span> <span class='ocrx_word' id='word_1_810' title='bbox 1592 2712 1665 2734; x_wconf 84' lang='lat' dir='ltr'>pauca</span> <span class='ocrx_word' id='word_1_811' title='bbox 1686 2712 1728 2734; x_wconf 86' lang='lat' dir='ltr'>pro</span> <span class='ocrx_word' id='word_1_812' title='bbox 1744 2704 1868 2735; x_wconf 79' lang='lat' dir='ltr'>proficeret</span> <span class='ocrx_word' id='word_1_813' title='bbox 1892 2705 1945 2727; x_wconf 81' lang='lat' dir='ltr'>edd.</span> <span class='ocrx_word' id='word_1_814' title='bbox 1962 2711 2015 2734; x_wconf 86' lang='lat' dir='ltr'>pro-</span> 
     </span>
     <span class='ocr_line' id='line_1_124' title="bbox 1167 2748 1254 2778; baseline -0.011 -7"><span class='ocrx_word' id='word_1_815' title='bbox 1167 2748 1254 2778; x_wconf 70' lang='lat' dir='ltr'>secem&#39;t.</span> 
     </span>
    </p>

    <p class='ocr_par' dir='ltr' id='par_1_33' title="bbox 1167 2783 2015 2894">
     <span class='ocr_line' id='line_1_125' title="bbox 1233 2783 2012 2814; baseline -0.006 -3"><span class='ocrx_word' id='word_1_816' title='bbox 1233 2788 1241 2802; x_wconf 87' lang='lat'><strong>⁴</strong></span> <span class='ocrx_word' id='word_1_817' title='bbox 1257 2788 1312 2810; x_wconf 91' lang='lat' dir='ltr'>Cod.</span> <span class='ocrx_word' id='word_1_818' title='bbox 1330 2788 1346 2809; x_wconf 98' lang='lat' dir='ltr'>L</span> <span class='ocrx_word' id='word_1_819' title='bbox 1363 2786 1464 2814; x_wconf 76' lang='lat' dir='ltr'>sciebat;</span> <span class='ocrx_word' id='word_1_820' title='bbox 1481 2785 1534 2808; x_wconf 87' lang='lat' dir='ltr'>edd.</span> <span class='ocrx_word' id='word_1_821' title='bbox 1563 2786 1587 2812; x_wconf 81' lang='lat' dir='ltr'>t,</span> <span class='ocrx_word' id='word_1_822' title='bbox 1606 2785 1619 2806; x_wconf 76' lang='lat'><strong>2</strong></span> <span class='ocrx_word' id='word_1_823' title='bbox 1637 2790 1690 2806; x_wconf 88' lang='lat' dir='ltr'>cnm</span> <span class='ocrx_word' id='word_1_824' title='bbox 1707 2783 1813 2811; x_wconf 88' lang='lat' dir='ltr'>pluribus</span> <span class='ocrx_word' id='word_1_825' title='bbox 1830 2783 1906 2811; x_wconf 83' lang='lat' dir='ltr'>codd.,</span> <span class='ocrx_word' id='word_1_826' title='bbox 1926 2785 2012 2807; x_wconf 82' lang='lat' dir='ltr'>omisso</span> 
     </span>
     <span class='ocr_line' id='line_1_126' title="bbox 1167 2821 2015 2856; baseline -0.005 -7"><span class='ocrx_word' id='word_1_827' title='bbox 1167 2826 1236 2856; x_wconf 78' lang='lat' dir='ltr'>prius</span> <span class='ocrx_word' id='word_1_828' title='bbox 1253 2826 1325 2855; x_wconf 80' lang='lat' dir='ltr'>(quod</span> <span class='ocrx_word' id='word_1_829' title='bbox 1343 2827 1410 2848; x_wconf 78' lang='lat' dir='ltr'>etiam</span> <span class='ocrx_word' id='word_1_830' title='bbox 1429 2826 1450 2847; x_wconf 91' lang='lat' dir='ltr'>in</span> <span class='ocrx_word' id='word_1_831' title='bbox 1468 2824 1536 2847; x_wconf 90' lang='lat' dir='ltr'>codd.</span> <span class='ocrx_word' id='word_1_832' title='bbox 1554 2825 1570 2846; x_wconf 87' lang='lat' dir='ltr'><strong>A</strong></span> <span class='ocrx_word' id='word_1_833' title='bbox 1581 2824 1599 2845; x_wconf 87' lang='lat' dir='ltr'><em>H</em></span> <span class='ocrx_word' id='word_1_834' title='bbox 1617 2822 1776 2850; x_wconf 79' lang='lat' dir='ltr'>desideratur).</span> <span class='ocrx_word' id='word_1_835' title='bbox 1795 2821 1947 2851; x_wconf 77' lang='lat' dir='ltr'>proficiebat,·</span> <span class='ocrx_word' id='word_1_836' title='bbox 1965 2829 2015 2851; x_wconf 83' lang='lat' dir='ltr'>per-</span> 
     </span>
     <span class='ocr_line' id='line_1_127' title="bbox 1169 2872 1256 2894; baseline 0 -6"><span class='ocrx_word' id='word_1_837' title='bbox 1169 2872 1256 2894; x_wconf 77' lang='lat' dir='ltr'>peram.</span> 
     </span>
    </p>

    <p class='ocr_par' dir='ltr' id='par_1_34' title="bbox 1231 2902 1641 2930">
     <span class='ocr_line' id='line_1_128' title="bbox 1231 2902 1641 2930; baseline -0.01 -3"><span class='ocrx_word' id='word_1_838' title='bbox 1231 2905 1241 2920; x_wconf 82' lang='lat'>5</span> <span class='ocrx_word' id='word_1_839' title='bbox 1257 2904 1301 2928; x_wconf 86' lang='lat' dir='ltr'>Csr.</span> <span class='ocrx_word' id='word_1_840' title='bbox 1320 2905 1416 2930; x_wconf 66' lang='lat' dir='ltr'>aristot,</span> <span class='ocrx_word' id='word_1_841' title='bbox 1436 2904 1449 2925; x_wconf 93' lang='lat' dir='ltr'>l.</span> <span class='ocrx_word' id='word_1_842' title='bbox 1467 2903 1564 2930; x_wconf 82' lang='lat' dir='ltr'>Metaph.</span> <span class='ocrx_word' id='word_1_843' title='bbox 1583 2908 1602 2924; x_wconf 92' lang='lat' dir='ltr'>c.</span> <span class='ocrx_word' id='word_1_844' title='bbox 1622 2902 1641 2923; x_wconf 82' lang='grc'>1.</span> 
     </span>
    </p>

    <p class='ocr_par' dir='ltr' id='par_1_35' title="bbox 1170 2940 2015 3012">
     <span class='ocr_line' id='line_1_129' title="bbox 1231 2940 2015 2971; baseline -0.005 -5"><span class='ocrx_word' id='word_1_845' title='bbox 1231 2944 1241 2959; x_wconf 77' lang='lat'>⁶</span> <span class='ocrx_word' id='word_1_846' title='bbox 1259 2945 1312 2966; x_wconf 84' lang='lat' dir='ltr'>Dist.</span> <span class='ocrx_word' id='word_1_847' title='bbox 1334 2944 1367 2966; x_wconf 77' lang='lat'>15.</span> <span class='ocrx_word' id='word_1_848' title='bbox 1385 2950 1404 2965; x_wconf 81' lang='lat' dir='ltr'>a.</span> <span class='ocrx_word' id='word_1_849' title='bbox 1423 2944 1444 2965; x_wconf 75' lang='lat'>⁴2.</span> <span class='ocrx_word' id='word_1_850' title='bbox 1462 2949 1484 2971; x_wconf 87' lang='lat' dir='ltr'>q.</span> <span class='ocrx_word' id='word_1_851' title='bbox 1509 2943 1529 2964; x_wconf 74' lang='lat' dir='ltr'>1t.</span> <span class='ocrx_word' id='word_1_852' title='bbox 1546 2953 1577 2958; x_wconf 88' lang='lat'>--</span> <span class='ocrx_word' id='word_1_853' title='bbox 1603 2941 1672 2963; x_wconf 76' lang='lat' dir='ltr'>Paulo</span> <span class='ocrx_word' id='word_1_854' title='bbox 1697 2940 1792 2962; x_wconf 80' lang='lat' dir='ltr'>inferius</span> <span class='ocrx_word' id='word_1_855' title='bbox 1817 2946 1860 2967; x_wconf 87' lang='lat' dir='ltr'>pro</span> <span class='ocrx_word' id='word_1_856' title='bbox 1883 2945 2015 2969; x_wconf 62' lang='lat' dir='ltr'>progressu</span> 
     </span>
     <span class='ocr_line' id='line_1_130' title="bbox 1170 2983 1397 3012; baseline -0.013 -6"><span class='ocrx_word' id='word_1_857' title='bbox 1170 2983 1220 3006; x_wconf 85' lang='lat' dir='ltr'>cod.</span> <span class='ocrx_word' id='word_1_858' title='bbox 1240 2984 1260 3005; x_wconf 78' lang='lat' dir='ltr'><strong>X</strong></span> <span class='ocrx_word' id='word_1_859' title='bbox 1277 2988 1397 3012; x_wconf 75' lang='lat' dir='ltr'>processu.</span> 
     </span>
    </p>

    <p class='ocr_par' dir='ltr' id='par_1_36' title="bbox 1233 3017 1720 3049">
     <span class='ocr_line' id='line_1_131' title="bbox 1233 3017 1720 3049; baseline -0.008 -6"><span class='ocrx_word' id='word_1_860' title='bbox 1233 3021 1242 3036; x_wconf 94' lang='lat'><strong>⁷</strong></span> <span class='ocrx_word' id='word_1_861' title='bbox 1260 3021 1306 3043; x_wconf 75' lang='lat' dir='ltr'>Non</span> <span class='ocrx_word' id='word_1_862' title='bbox 1326 3021 1392 3049; x_wconf 83' lang='lat' dir='ltr'>pauci</span> <span class='ocrx_word' id='word_1_863' title='bbox 1410 3019 1476 3042; x_wconf 85' lang='lat' dir='ltr'>codd.</span> <span class='ocrx_word' id='word_1_864' title='bbox 1496 3020 1550 3041; x_wconf 78' lang='lat' dir='ltr'>falso</span> <span class='ocrx_word' id='word_1_865' title='bbox 1568 3017 1720 3041; x_wconf 70' lang='lat' dir='ltr'>ordinantur.</span> 
     </span>
    </p>
   </div>
  </div>
 </body>
</html>
