2166 3366
121 1359 149 1376 Ad
163 1358 235 1382 opposi-

155 1385 201 1400 lum.

253 168 308 196 508
923 168 1174 197 SENTENTIARUM
1196 169 1255 197 Lib.
1278 168 1316 196 lll.

901 292 1086 321 TRACTATtO
1107 293 1350 329 QUAESTIONUM.

330 381 369 409 Ad
391 379 600 416 intelligentiam
622 380 707 408 huius
729 379 815 416 pertis
837 379 933 408 incidit
950 379 995 407 hic
1016 387 1098 416 quae-

251 428 303 457 stio
324 428 358 456 de
379 427 486 456 obiecto
507 426 580 455 fidei.
604 427 634 455 Et
648 427 721 455 cirea
745 427 795 455 bor,
816 429 993 463 quaeruntur
1015 426 1076 454 tria.

330 474 421 503 Primo
436 474 581 511 quaeritur
596 473 630 502 de
652 473 758 502 obiecto
774 473 837 502 fidei
857 473 1011 502 seeundum
1028 481 1096 502 rem.

329 521 456 550 Secundo
477 521 624 558 quaeritur
646 520 680 549 de
702 520 762 557 ipso
784 521 810 549 in
832 520 1039 557 comparatione
1061 520 1095 549 ad

251 572 373 597 nostram
396 568 589 605 cognitionem.

330 615 422 643 Tertio
443 614 589 652 quaeritur
611 615 645 643 de
667 615 727 651 ipso
748 614 855 644 obiecto
877 614 1031 643 secundum
1053 623 1098 642 no-

251 661 333 691 minis
354 662 498 690 rationem.

1233 381 1310 409 Circa
1331 381 1454 418 primum
1476 384 1653 418 quaeruntur
1674 381 1734 410 tria.

1232 427 1323 456 Primo
1344 429 1502 465 quaeritur,
1530 432 1626 457 utrum
1649 428 1719 457 fides
1748 428 1782 457 sit
1803 429 1876 458 eirea
1899 437 1996 458 verum

1154 477 1278 508 tantum,
1299 482 1333 502 an
1357 474 1420 503 fidei
1443 475 1529 512 possit
1550 475 1665 504 subesse
1687 475 1796 504 falsum.

1232 521 1359 549 Secundo
1373 521 1527 558 quaeritur,
1550 524 1646 550 utrum
1662 521 1732 550 fides
1753 521 1788 550 sit
1809 522 1882 550 circa
1899 530 1997 551 verum

1153 569 1294 601 creatum,
1316 575 1351 595 an
1373 568 1446 596 circa
1467 568 1621 596 increatum
1644 571 1760 596 tantum.

1233 614 1324 642 Tertio
1345 614 1502 651 quaeritur,
1525 619 1620 643 utrum
1643 615 1678 643 sit
1699 615 1773 644 circa
1799 614 1997 652 complexum,

1124 659 1126 697 Ι
1153 669 1188 689 an
1210 661 1283 689 circa
1304 661 1522 698 incomplexum.

982 747 1218 781 ARTlCULUS
1243 748 1255 780 Ι
1260 775 1265 781 .

860 843 900 871 De
921 842 1026 871 obiecto
1046 842 1116 879 fidei
1134 842 1295 871 seeundum
1316 851 1386 870 rem.

1026 930 1189 966 QUAESTlO
1210 930 1227 957 Ι.

513 1018 617 1046 Utrum
637 1017 707 1054 fidei
726 1017 866 1045 obiectum
887 1017 926 1045 sit
946 1017 989 1045 ila
1009 1025 1126 1050 verum,
1149 1017 1226 1054 quod
1246 1017 1272 1045 εἰ
1291 1025 1349 1045 ‘non
1367 1016 1460 1053 possit
1480 1016 1594 1045 subesse
1614 1016 1735 1054 falsum.

329 1117 407 1145 Circa
423 1116 544 1153 primum
560 1116 599 1145 sic
613 1116 774 1153 proceditur
786 1119 812 1144 et
827 1116 982 1153 quaeritur,
997 1118 1092 1143 utrum

250 1163 313 1193 fidei
336 1163 473 1192 obiectum
490 1163 525 1191 sit
539 1163 576 1191 ita
592 1171 705 1197 verum,
728 1163 801 1200 quod
818 1163 841 1191 ei
859 1171 911 1191 non
932 1162 1017 1199 possit
1031 1162 1094 1191 sub-

250 1218 311 1239 esse
338 1211 448 1239 salsum.
478 1210 507 1238 Et
533 1210 607 1247 quod
636 1210 699 1238 fidei
722 1209 808 1246 possit
833 1209 948 1238 subesse
978 1209 1094 1243 falsum,

250 1258 370 1287 videtur.

331 1307 354 1333 l.
371 1304 544 1341 Cuicumque
559 1305 655 1333 subest
670 1304 846 1340 contingens,
870 1306 958 1339 potest
979 1303 1094 1331 subesse

249 1352 366 1386 falsum,
389 1352 454 1388 quia
475 1359 557 1379 omne
579 1351 740 1387 contingens
761 1353 851 1387 potest
872 1358 932 1378 esse
953 1349 1053 1378 falsum
1068 1349 1095 1382 1;

250 1399 298 1428 sed
320 1398 384 1427 fidei
407 1398 503 1427 subest
524 1405 623 1426 verum
639 1398 811 1434 contingens:
835 1405 901 1433 ergo
918 1396 981 1425 fidei
1005 1400 1095 1433 potest

250 1446 365 1474 subesse
389 1445 499 1473 salsum.
522 1444 618 1473 Maior
640 1443 792 1481 propositio
821 1451 870 1480 per
892 1451 921 1471 se
951 1443 1095 1471 manifesta

250 1497 306 1527 est;
335 1492 432 1521 minor
461 1492 611 1529 probatur:
641 1491 707 1528 quia
726 1491 795 1519 fides
824 1491 875 1519 suit
903 1491 938 1519 de
968 1490 1094 1527 passione

250 1540 351 1568 Christi
373 1542 399 1568 et
421 1538 622 1572 incarnatione3
638 1541 665 1566 et
686 1541 839 1574 utrumque
861 1537 913 1565 suit
934 1537 1095 1573 contingens

251 1604 289 1608 -—
300 1595 354 1615 non
367 1586 439 1615 enim
456 1589 516 1614 orat
531 1585 733 1619 necessarium,
749 1584 890 1613 Christum
906 1583 1033 1618 interfici,
1045 1591 1095 1612 nee

249 1634 298 1663 Dei
320 1633 418 1662 Filium
442 1632 599 1667 incarnari,
621 1640 684 1660 cum
707 1631 761 1660 alio
791 1631 872 1659 modo
894 1635 987 1668 posset
1008 1639 1095 1667 genus

249 1682 404 1710 humanum
433 1680 544 1708 liberari
562 1682 699 1708 -restat
728 1679 825 1715 igitur,
855 1678 927 1716 quod
956 1678 1096 1707 conclusio

250 1732 291 1757 est
313 1736 387 1757 vera.

329 1777 354 1803 ἓ.
377 1775 459 1808 item,
482 1774 595 1802 habitus
616 1774 806 1802 conformatur
820 1773 927 1801 obiecto
942 1780 1008 1806 suo,
1023 1772 1097 1800 circa

250 1822 325 1859 quod
346 1824 475 1850 versatur
488 1820 512 1848 ²:
536 1821 557 1848 si
579 1828 646 1856 ergo
667 1819 779 1848 babitus
801 1819 864 1847 fidei
881 1823 1009 1847 versatur
1024 1818 1097 1847 circa

250 1868 399 1902 credibile,
430 1867 514 1895 habet
537 1866 574 1894 illi
597 1865 783 1899 conformari,
805 1865 852 1894 sed
875 1865 987 1902 aliquod
1011 1865 1097 1893 credi-

251 1915 323 1949 bile,
345 1918 440 1951 utpote
462 1914 603 1942 Christum
626 1921 686 1941 esse
707 1920 874 1949 passurum,
896 1912 985 1949 potuit
1006 1911 1097 1940 falsifi-

251 1962 324 1995 cari,
348 1969 411 1990 cum
434 1963 506 1989 esset
528 1960 707 1996 contingens:
723 1967 790 1996 ergo
805 1959 924 1987 habitus
939 1959 1019 1993 fidei,
1041 1967 1096 1995 quo

252 2008 321 2037 illud
344 2007 526 2041 credebatur,
548 2006 688 2035 falsificari
705 2006 810 2043 potuit:
827 2008 917 2042 potest
932 2006 1017 2042 igitur
1031 2005 1095 2033 fidei

250 2056 365 2084 subesse
386 2054 496 2083 salsum.

330 2102 355 2131 3.
378 2102 460 2135 ltem,
483 2101 571 2130 simus
593 2101 619 2129 in
643 2100 733 2129 medio
756 2104 879 2137 tempore
901 2102 1095 2137 postmortem

253 2149 378 2178 Abrahae
400 2152 427 2177 et
448 2151 511 2177 ante
532 2148 748 2176 incarnationem
772 2147 892 2181 Christi3
914 2147 940 2175 in
964 2146 1010 2174 illo
1031 2149 1097 2175 tem-

251 2203 318 2232 pore
333 2194 534 2223 necessarium
549 2198 604 2228 est,
621 2194 756 2222 Abrabam
774 2193 937 2227 credidisse,
954 2192 1094 2221 Christum

250 2250 310 2271 esse
332 2249 497 2278 passurum,
520 2240 656 2277 possibile
678 2240 759 2268 etiam
782 2243 856 2273 erat,
879 2239 1020 2267 Christum
1042 2247 1096 2267 non

250 2289 325 2326 patr:
348 2289 394 2317 sed
418 2288 549 2324 possibile
570 2287 738 2324 compatitur
767 2294 796 2315 se
824 2294 887 2315 cum
910 2286 983 2314 omni
1006 2293 1097 2314 neces-

252 2336 325 2364 sario
338 2335 346 2348 ³
360 2346 365 2363 :
389 2343 455 2372 ergo
478 2335 529 2363 ista
544 2335 600 2363 duo
615 2336 744 2371 poterant
759 2333 841 2362 simul
857 2336 946 2367 stare,
968 2332 1097 2361 videlicet

251 2381 326 2418 quod
341 2381 478 2409 Abraham
502 2380 681 2415 credidisset,
697 2380 837 2408 Christum
854 2387 914 2408 esse
932 2387 1096 2416 passurum,

1151 1118 1178 1144 et
1209 1115 1283 1151 quod
1315 1115 1442 1144 Christus
1474 1123 1528 1143 non
1560 1118 1633 1143 esset
1660 1122 1815 1152 passurus;
1838 1117 1865 1143 et
1885 1114 1908 1143 si
1929 1114 1997 1149 hoe,

1153 1166 1217 1190 tunc
1234 1162 1295 1190 fidei
1312 1162 1438 1190 subesset
1452 1161 1572 1190 falsum:
1589 1161 1610 1190 si
1626 1169 1693 1197 ergo
1708 1161 1839 1198 possibile
1853 1160 1917 1196 fuit,
1932 1161 1997 1190 fidei

1152 1209 1266 1237 subesse
1289 1208 1388 1237 salsum
1412 1212 1492 1242 tunc,
1517 1208 1630 1237 videtur
1651 1208 1709 1245 pari
1733 1209 1853 1244 ratione,
1875 1208 1949 1246 quod
1971 1211 1998 1237 et

1152 1264 1234 1284 nunc.
1250 1272 1288 1275 —-
1303 1255 1382 1292 Quod
1404 1259 1497 1284 autem
1520 1263 1572 1292 pro
1593 1255 1640 1283 illo
1662 1258 1787 1292 tempore
1805 1255 1942 1292 possibile
1955 1263 1994 1284 es-

1152 1305 1205 1337 set,
1228 1302 1368 1330 Christum
1392 1310 1446 1330 non
1473 1301 1544 1338 pati,
1566 1302 1743 1331 manifestum
1766 1305 1825 1337 est,
1845 1302 1910 1339 quia
1937 1310 1999 1330 con-

1153 1349 1260 1386 tingens
1282 1352 1355 1383 erat,
1377 1356 1442 1377 eum
1464 1349 1535 1385 pati,
1557 1357 1620 1377 eum
1643 1349 1777 1385 penderet
1798 1357 1833 1377 ex
1857 1349 1997 1377 voluntate

1153 1395 1395 1429 interficientium3
1417 1398 1444 1424 et
1464 1395 1562 1432 regula
1583 1398 1640 1430 est,
1661 1395 1735 1432 quod
1758 1396 1916 1432 oppositum
1938 1403 1999 1424 con-

1152 1443 1282 1479 tingentis
1310 1447 1351 1471 est
1382 1443 1551 1480 contingens.
1574 1443 1652 1479 Quod
1675 1443 1776 1471 iterum
1798 1442 1998 1471 ¹necessarimm

1153 1494 1240 1525 esset,
1272 1490 1346 1528 quod
1373 1490 1511 1519 Abraham
1534 1490 1713 1524 credidisset,
1737 1490 1912 1519 manifestum
1942 1493 1998 1524 est,

1153 1534 1218 1574 quia
1245 1544 1326 1565 omne
1358 1536 1464 1565 dictum
1486 1536 1685 1565 affirmativum
1714 1537 1749 1565 de
1780 1537 1930 1573 praeterito
1958 1539 1999 1565 est

1154 1584 1352 1613 necessarium.
1385 1583 1419 1612 Sz·
1449 1587 1480 1611 cu
1512 1583 1611 1617 dicas,
1641 1583 1714 1620 quod
1737 1583 1789 1612 hoc
1810 1591 1910 1611 verum
1938 1586 1998 1617 est,

1153 1632 1265 1669 quando
1285 1639 1340 1659 non
1361 1631 1463 1668 pendet
1483 1639 1520 1660 ex
1541 1630 1656 1665 futuro;
1677 1630 1851 1664 ostenditur,
1875 1630 1912 1659 sic
1935 1637 1996 1659 esse

1153 1679 1179 1707 in
1202 1679 1360 1717 proposito:
1384 1678 1449 1716 quia
1475 1678 1619 1706 «eredere
1648 1686 1703 1706 non
1731 1681 1773 1706 est
1804 1677 1880 1706 aliud
1913 1685 1996 1714 quani

1154 1727 1274 1763 rogitare
1296 1734 1359 1755 cum
1381 1725 1561 1754 assensione⁴
1577 1735 1612 1759 »3
1633 1728 1659 1753 et
1684 1728 1830 1762 postquam
1859 1724 1997 1753 Abraham

1154 1773 1293 1811 cogitauit
1313 1773 1347 1801 de
1368 1773 1420 1801 hoc
1441 1772 1531 1801 dioto:
1547 1771 1688 1800 Christum
1704 1779 1764 1800 esse
1780 1771 1997 1805 incarnandum,

1154 1819 1342 1848 necessarium
1375 1818 1427 1847 fuit
1453 1818 1487 1847 de
1509 1826 1541 1847 eo
1562 1818 1715 1854 cogitasse3
1736 1822 1763 1846 et
1785 1821 1931 1855 postquam
1954 1826 1999 1845 as-

1153 1866 1258 1899 sensit,
1281 1865 1470 1894 necessarium
1492 1864 1558 1899 fuit,
1582 1865 1672 1901 ipsum
1695 1864 1864 1898 assensisse,
1886 1868 1913 1893 et
1927 1867 1999 1901 post-

1154 1921 1237 1950 quam
1259 1913 1347 1941 exirit
1368 1913 1394 1940 in
1415 1916 1508 1940 aetum
1524 1912 1604 1946 fidei,
1620 1912 1807 1940 necessarium
1823 1911 1890 1945 fuit,
1906 1912 1998 1948 ipsum

1154 1959 1263 1988 exisse:
1286 1967 1352 1995 ergo
1373 1958 1500 1992 videtur,
1522 1958 1597 1995 quod
1619 1957 1781 1995 simpliciter
1809 1957 1997 1986 necessarium

1154 2006 1220 2040 suit,
1243 2006 1334 2042 ipsum
1357 2005 1526 2033 credidisse:
1549 2004 1748 2033 necessarium
1770 2004 1854 2041 igitur
1877 2004 1997 2038 videtur,

1154 2053 1229 2089 quod
1250 2052 1314 2081 fidei
1337 2052 1461 2080 Abrahae
1483 2052 1573 2089 potuit
1593 2051 1709 2080 subesse
1731 2051 1840 2079 falsum.

1232 2100 1258 2128 4.
1281 2100 1363 2131 Item.
1385 2107 1466 2128 omne
1488 2099 1562 2136 quod
1585 2098 1681 2127 subest
1702 2098 1776 2135 spei,
1798 2098 1894 2127 subest
1914 2098 1997 2127 etiam

1154 2147 1216 2175 fidei
1230 2147 1257 2179 ῦς
1280 2147 1326 2175 sed
1344 2146 1400 2183 spei
1417 2149 1506 2182 potest
1525 2145 1639 2174 subesse
1654 2145 1771 2180 falsum,
1786 2149 1817 2173 ut
1831 2148 1918 2182 patet,
1933 2153 1996 2173 cum

1153 2192 1254 2229 aliquis
1285 2192 1440 2229 praescitus
1469 2192 1495 2220 in
1517 2192 1606 2229 gratia
1627 2192 1750 2220 existens
1772 2194 1880 2228 sperat,
1902 2199 1931 2220 se
1952 2191 1999 2219 lia-

1154 2239 1278 2267 biturum
1301 2239 1385 2267 vitain
1408 2242 1568 2267 aeternam:
1591 2246 1657 2275 ergo
1678 2237 1834 2267 necessario
1855 2238 1997 2274 sequitur,

1154 2286 1227 2322 quod
1250 2285 1313 2313 tidei
1336 2285 1486 2322 aliquando
1507 2285 1603 2321 subest
1624 2284 1734 2313 falsum.

1234 2333 1258 2360 b.
1275 2332 1350 2365 ltem,
1362 2335 1440 2360 actus
1455 2332 1579 2360 caritatis
1595 2331 1796 2369 praesupponit
1810 2335 1903 2360 actum
1920 2331 1999 2366 fidei3

1154 2379 1203 2407 sed
1224 2379 1297 2407 :ictui
1319 2378 1441 2407 caritatis
1472 2381 1562 2414 potest
1593 2378 1707 2407 subesse
1735 2378 1855 2406 falsum:
1877 2386 1943 2415 ergo
1971 2381 1997 2407 et

314 2499 320 2513 ¹
340 2500 437 2526 Ariston,
457 2499 470 2520 Ι.
490 2499 558 2520 Prior.
578 2505 596 2520 r.
619 2499 657 2520 12:
676 2498 730 2520 Dico
757 2500 832 2520 nutem
859 2499 990 2525 contingere
1008 2501 1028 2520 ct
1046 2504 1097 2519 cou-

252 2540 352 2566 (ingens,
372 2544 418 2566 quo
437 2544 480 2559 non
499 2539 606 2559 existente
625 2538 765 2565 necessario,
790 2538 864 2565 posito
886 2540 961 2559 nutem
988 2538 1009 2559 in
1035 2543 1095 2564 esse,

252 2578 305 2599 nihil
323 2578 364 2599 erit
381 2580 475 2604 propter
494 2577 537 2599 hoc
554 2577 703 2604 impossibile.
722 2589 751 2592 ἡ
770 2577 801 2598 De
823 2576 911 2599 minori
927 2577 968 2598 cfr.
986 2583 1056 2604 supra
1075 2576 1096 2598 d.

251 2616 287 2637 20.
305 2622 327 2644 q.
346 2616 367 2637 6.
918 2630 922 2632 —

314 2654 323 2668 ‘3
340 2654 384 2676 Csr.
404 2660 473 2681 supra
492 2660 545 2681 pag.
565 2653 622 2677 214.
641 2657 691 2676 nota
719 2654 739 2676 3.
766 2666 795 2669 ——
814 2654 855 2676 Pro
879 2653 966 2677 obiecto
983 2659 1026 2676 δυο
1043 2653 1096 2675 edd.

251 2700 304 2715 cum
322 2694 399 2715 multis
416 2693 483 2715 codd.
502 2692 604 2715 subiecto
622 2699 672 2715 suo.
693 2693 761 2715 ΡηηΙο
779 2693 872 2715 inferius
890 2699 932 2720 pro
950 2698 999 2715 esse
1015 2698 1096 2721 passu-

252 2738 307 2755 rum.
324 2732 391 2754 codd.
409 2733 424 2753 Α
437 2732 455 2753 K
472 2731 545 2760 fuisse
561 2737 698 2761 passurum.

314 2771 323 2785 ³
341 2771 398 2793 Vide
417 2774 470 2792 tom.
489 2771 502 2792 l.
521 2777 573 2798 pag.
600 2771 658 2799 (377,
685 2774 736 2792 nota
755 2771 775 2792 (3.
801 2774 823 2793 et
849 2777 903 2798 pag.
922 2771 978 2798 678,
1000 2773 1052 2792 nota
1071 2770 1094 2798 «l,

252 2810 382 2832 111110111111
409 2810 481 2837 logica
508 2810 586 2837 regulo
613 2810 722 2837 tangitur,
749 2811 815 2832 cuius
840 2811 923 2831 mentio
941 2809 964 2831 sit
981 2810 1096 2838 aliquanto

253 2849 353 2870 inst-rius.
372 2861 400 2863 —
419 2849 469 2871 Post
487 2855 559 2876 pauca
578 2855 620 2876 pro
641 2849 663 2871 st
687 2854 743 2878 erqo
768 2848 876 2877 possibile
892 2848 952 2877 fuit,
971 2848 1026 2878 fidei
1041 2851 1095 2876 ete,

254 2893 323 2914 quum
341 2887 459 2909 lectionem
484 2894 538 2909 vere
564 2889 699 2910 concinnam
724 2888 774 2910 eod.
799 2888 815 2909 F
841 2888 907 2910 nobis
933 2887 1036 2914 tradidit,
1060 2887 1095 2909 alii

253 2924 320 2946 codd.
339 2926 414 2946 minus
431 2931 533 2953 congrue
558 2932 613 2955 erpo
637 2926 746 2955 possibile
761 2926 819 2955 fnit,
835 2926 890 2956 fidei
906 2929 955 2954 etc.⁷
974 2927 1059 2948 omisso
1076 2925 1097 2948 si

254 2962 326 2990 (solus
347 2963 397 2984 cod.
415 2963 431 2984 Z
448 2964 477 2985 ud
496 2965 655 2992 corrigendam
675 2966 836 2993 propositionis
862 2969 999 2988 structuram
1018 2967 1095 2992 posteo

1154 2500 1204 2519 ante
1223 2497 1314 2520 ridetur
1331 2497 1443 2519 interserit
1460 2497 1543 2525 ‘'''slst'i
1560 2496 1620 2523 edd.‚
1638 2497 1705 2518 etium
1724 2497 1809 2518 omisso
1826 2495 1859 2523 si,
1879 2497 1923 2518 sie:
1941 2501 1996 2525 erqo

1154 2542 1208 2559 cum
1225 2535 1332 2565 possibile
1347 2536 1398 2558 erat
1415 2536 1482 2563 lanc,
1500 2534 1555 2565 fidei
1565 2539 1607 2557 etc.
1623 2535 1707 2557 Vocula
1726 2536 1782 2557 tunc
1799 2535 1913 2556 invenitur
1929 2535 1997 2556 etium

1154 2577 1175 2597 in
1195 2576 1307 2597 nonnullis
1324 2575 1372 2596 :iliis
1390 2575 1458 2596 codd.

1217 2614 1226 2628 ⁴
1242 2614 1345 2641 August„
1364 2613 1392 2635 de
1411 2614 1523 2636 l‘rnedest.
1541 2614 1616 2635 Sunct.
1634 2619 1652 2635 c.
1671 2614 1691 2635 2.
1710 2619 1731 2635 n.
1750 2613 1770 2635 5.
1789 2625 1819 2628 ——
1835 2612 1937 2635 Subinde
1955 2618 1997 2639 pro

1154 2653 1263 2683 cogyitcwit
1281 2654 1372 2681 plurimi
1394 2653 1462 2675 codd.
1484 2652 1603 2682 coquat-it,
1623 2655 1645 2674 et
1668 2658 1710 2680 pro
1732 2651 1846 2681 coqz'tasse
1868 2658 1911 2673 non
1930 2652 1996 2679 pauci

1154 2692 1221 2714 codd.
1247 2691 1398 2721 coynorl'sse;
1416 2698 1474 2720 quae
1499 2692 1564 2713 lectio
1587 2692 1679 2713 varians
1696 2691 1763 2712 etium
1782 2690 1838 2712 infru
1861 2690 1957 2712 recurrit
1973 2690 1995 2710 in

1154 2732 1218 2753 solut.
1246 2732 1313 2753 liuius
1341 2730 1430 2757 obiert.,
1456 2731 1495 2753 ubi
1513 2730 1566 2752 edd.
1592 2736 1699 2757 expresse
1721 2729 1827 2751 exhibent
1844 2727 1991 2757 coynorz'sse,

1155 2769 1210 2791 (lum
1229 2770 1292 2791 multi
1311 2769 1377 2791 codd.
1400 2768 1500 2791 verbum
1527 2767 1662 2797 coquorisse
1680 2767 1764 2789 habere
1789 2767 1868 2789 saltem
1888 2766 1996 2788 videntur

1154 2808 1216 2835 (sunt
1241 2808 1325 2830 (tubiae
1350 2808 1420 2835 lect.);
1447 2807 1513 2829 codd.
1532 2807 1547 2828 F
1557 2807 1606 2829 Yx
1625 2813 1666 2834 pro
1691 2805 1804 2835 coyilasse
1829 2805 1995 2827 substituerunt

1154 2852 1300 2875 euanescere.

1216 2885 1226 2899 ⁵
1243 2885 1287 2907 Cfr.
1305 2892 1374 2913 supra
1393 2885 1415 2907 d.
1433 2885 1469 2907 23.
1487 2891 1507 2906 a.
1535 2885 1554 2906 11,
1573 2890 1594 2912 q.
1621 2884 1640 2905 11.
1659 2883 1717 2905 circa
1735 2882 1803 2904 finem
1822 2888 1899 2909 corp,
1918 2882 1956 2904 ubi
1973 2885 1995 2904 et

1153 2924 1233 2947 imitor
1250 2931 1297 2953 seq.
1315 2931 1364 2952 arg.
1382 2925 1516 2946 insinuatur.
1533 2935 1565 2939 —
1581 2923 1604 2944 1η
1631 2922 1675 2943 siue
1700 2927 1748 2949 urg.
1766 2920 1816 2943 cod.
1835 2921 1840 2942 Ι
1858 2921 1921 2943 addit
1938 2926 1994 2950 erqo

1153 2965 1174 2986 el
1191 2963 1256 2986 ιιι-[αι’
1271 2963 1331 2993 fidei.
