2166 3366
745 195 826 223 DIST.
848 195 948 224 xxvlt.
970 196 1043 225 ΛΒΤ.
1065 196 1094 224 ll.
1116 196 1251 233 QUAEST.
1274 197 1316 226 lV.

150 273 175 301 in
199 273 370 310 proximum.
393 273 469 302 Alius
489 274 563 302 enim
581 277 672 302 motus
687 273 842 302 dilectionis
863 276 920 308 est,
942 282 998 311 quo

150 320 212 348 volo
231 320 336 348 bonum
359 320 430 355 Deo,
452 320 538 355 alius,
560 329 616 358 quo
638 320 701 349 volo
723 320 827 348 bonum
852 320 997 357 proximo,

147 368 214 404 quia
228 367 301 395 alius
322 370 349 396 et
370 367 442 396 alius
463 370 505 396 est
526 367 682 396 dilectionis
705 367 857 401 terminus3
879 371 907 396 et
922 375 997 396 unus

148 417 190 443 est
211 414 359 449 intensior,
381 417 408 443 et
428 414 502 443 alius
523 414 676 443 remissior.
704 414 734 443 Et
765 414 922 443 secundum
944 414 996 443 hoc

148 461 222 489 circa
243 464 337 490 actum
364 461 520 490 dilectionis
542 461 699 489 consistunt
731 461 788 489 duo
818 463 967 498 praecepta
980 461 996 488 ¹.

149 525 186 529 —
210 509 238 537 Et
260 509 416 537 secundum
438 508 510 537 lianc
531 508 605 536 viam
628 507 750 536 rationes
770 507 806 535 ad
829 508 910 536 istam
936 515 997 544 par-

149 559 202 584 lem
218 555 356 584 adductae
378 555 543 592 procedunt,
564 559 589 583 et
614 555 675 583 ideo
690 555 804 584 concedi
827 558 952 592 possunt.

231 603 252 630 l.
274 602 313 631 Ad
335 602 404 631 illud
428 610 494 631 vero
515 602 590 639 quod
612 602 704 639 primo
730 601 862 631 obiicitur
884 602 910 630 in
934 610 996 630 con-

18 655 90 683 solutio
101 650 283 684 op-trarium,
304 653 379 687 patet
402 650 558 687 responsio:
581 649 647 687 quia
678 649 817 686 procedit,
838 649 995 678 secundum

18 681 128 703 positorum.
147 697 222 734 quod
254 700 333 726 actus
364 696 520 726 dilectionis
550 700 592 725 est
624 697 651 725 in
684 696 847 733 proximum
874 696 946 725 sicut
968 696 994 725 in

146 743 302 777 obiectum,
323 746 351 772 et
372 743 399 772 in
421 743 509 772 Deum
538 743 611 772 sicut
642 743 668 772 in
699 742 806 780 finem‚·
831 746 858 772 et
880 743 919 772 sic
941 751 994 771 non

147 790 266 827 recipit²
288 790 522 824 numerationem,
544 790 592 819 sed
614 789 757 827 quandam
783 789 946 819 relationem
969 792 996 818 et

146 841 250 867 rectam
271 838 485 867 ordinationem.

222 887 248 914 Ξ).
270 885 309 914 Ad
341 885 410 914 illud
440 885 515 922 quod
537 884 661 913 secundo
682 884 829 919 obiicitur,
855 884 931 922 quod
953 887 996 913 est

146 932 219 962 idem
241 933 392 970 utrobique
413 933 561 967 dilectum
582 932 710 961 similiter
737 934 812 969 patet
834 932 993 969 responsio:

144 979 211 1017 quia
231 979 358 1017 procedit
379 980 535 1008 secundum
557 979 676 1008 alteram
698 979 783 1014 viam,
805 979 935 1008 videlicet
956 987 995 1008 se-

145 1026 270 1056 cundum
292 1027 367 1064 quod
390 1027 464 1056 Dens
485 1027 589 1056 dicitur
609 1026 703 1063 diligi,
725 1034 789 1055 cum
805 1029 919 1064 optatur
934 1035 995 1064 pro-

144 1073 239 1107 xin103
260 1073 310 1103 sed
331 1073 353 1102 si
376 1073 566 1111 intelligamus
587 1074 622 1103 de
644 1073 754 1108 dilecto,
777 1076 809 1101 ut
831 1073 900 1101 illud
923 1073 996 1102 dica-

145 1124 192 1149 tur
223 1119 370 1155 dilectum,
401 1120 452 1148 cui
478 1120 585 1149 bonum
616 1122 746 1157 optatur,
779 1127 833 1148 non
855 1123 898 1148 est
920 1120 993 1148 idem

145 1167 294 1201 dilectum,
315 1175 380 1196 cum
402 1167 529 1204 diligitur
550 1167 634 1202 Deus,
654 1170 682 1196 et
703 1174 768 1196 cuin
785 1166 912 1203 diligitur
934 1175 995 1203 pro-

146 1214 249 1243 ximus.

223 1261 249 1289 3.
271 1261 309 1290 Ad
332 1261 403 1290 illud
428 1261 504 1299 qnod
535 1261 682 1295 obiicitur,
713 1261 789 1298 quod
821 1261 919 1290 eadem
952 1265 995 1290 est

143 1308 286 1343 adoratio,
307 1316 364 1346 qua
394 1308 529 1337 adoratur
561 1309 652 1345 imago
674 1308 745 1337 Petri
768 1311 795 1337 et
821 1308 935 1342 Petrus3
956 1308 996 1337 di-

5 1355 281 1402 Nsgffissdif-cendum,
302 1350 381 1393 quod*
400 1363 454 1384 non
476 1358 519 1384 est
540 1355 631 1384 simile
651 1355 716 1384 hinc
739 1355 816 1389 inde,
832 1355 898 1392 quia
913 1355 995 1384 aliter

49 1398 53 1401 ‘
98 1397 101 1402 '
144 1401 267 1431 refertur
289 1402 402 1431 dilectio
424 1402 560 1439 proximi
579 1402 614 1431 ad
648 1402 753 1436 Deum,
787 1402 868 1431 aliter
901 1401 994 1431 lionor-

145 1449 287 1487 imayimls
308 1449 430 1478 refertur
445 1449 480 1477 ad
495 1452 686 1486 prototypum.
706 1450 808 1478 Honor
826 1449 900 1478 enim
923 1449 995 1478 ima-

140 1495 222 1533 qirtis
243 1496 366 1525 refertur
387 1496 423 1524 ad
455 1499 636 1534 prototypum
664 1504 718 1525 non
745 1496 837 1525 solum
865 1496 936 1525 sicut
957 1497 992 1525 ad

141 1542 244 1580 linem,
266 1543 315 1572 sed
335 1543 418 1572 etiam
450 1543 523 1572 sicut
553 1543 587 1571 ad
621 1543 772 1571 om'eccmn.
800 1543 875 1572 Unde
907 1543 994 1572 totali-

1850 200 1904 228 609

1057 278 1099 303 ter
1121 275 1244 304 refertur
1266 275 1355 304 honor
1377 275 1404 303 in
1437 275 1517 304 illum
1539 276 1585 313 qui
1608 284 1658 313 per
1692 276 1841 314 imaginem
1873 278 1907 307 si-

1055 324 1173 358 gnatur;
1195 330 1249 350 non
1265 322 1339 351 enim
1354 322 1490 351 adoratur
1511 323 1636 360 signum,
1658 324 1813 353 secundum
1830 325 1905 362 quod

1055 376 1116 401 res,
1139 368 1188 397 sed
1220 368 1311 397 solum
1345 369 1437 406 ipsum
1466 369 1646 407 signatum&
1669 370 1726 399 Non
1750 371 1788 400 sic
1810 374 1904 400 autem

1054 417 1097 442 est
1118 415 1144 442 in
1166 415 1329 450 dilectione,
1351 416 1432 453 quia,
1448 424 1511 445 cum
1534 417 1660 454 diligitur
1680 418 1829 454 proximus
1844 427 1906 456 pro-

1054 464 1116 498 pter
1139 462 1244 496 Deum,
1266 470 1332 491 vere
1353 463 1475 492 afficitur
1507 464 1591 492 bomo
1622 465 1696 494 circa
1725 466 1889 502 proximum

1054 511 1081 537 et
1101 508 1183 537 aliter
1204 517 1289 546 quam
1312 509 1386 538 circa
1407 510 1506 539 Deum.

1133 556 1160 584 [ι.
1183 556 1220 584 Ad
1254 556 1321 584 illud
1356 557 1431 594 quod
1462 558 1608 593 obiicitur,
1640 559 1715 596 quod
1745 560 1792 588 ubi
1816 568 1903 589 unum

1054 606 1169 638 propter
1190 602 1325 637 alterum,
1349 603 1384 632 ibi
1407 607 1515 633 tantum
1532 613 1636 640 unum;
1652 606 1813 641 dicendum,
1829 607 1904 644 quod

1054 648 1124 677 illud
1147 657 1247 678 verum
1268 654 1310 679 est
1332 650 1359 679 in
1382 651 1426 679 bis
1454 659 1527 689 quae
1555 660 1608 681 non
1638 657 1756 690 possunt
1785 654 1903 683 invicem

1054 696 1214 736 separari⁴3
1236 697 1275 725 sic
1296 700 1391 727 autem
1414 707 1467 727 non
1490 703 1532 728 est
1553 700 1580 728 in
1602 701 1754 737 proposito.
1776 701 1843 730 Nam
1866 703 1904 732 sic

1052 746 1144 780 potest
1165 743 1249 773 bomo
1270 744 1342 773 affici
1364 745 1438 774 circa
1470 746 1576 781 Deum,
1608 747 1683 784 qnod
1713 748 1782 776 nihil
1804 749 1905 786 cogitet

1053 790 1088 819 de
1109 791 1256 828 proximo;
1278 792 1317 820 sic
1338 792 1421 821 etiam
1438 796 1529 830 potest
1542 793 1615 822 affici
1630 794 1705 823 circa
1726 795 1904 831 proximum,

1052 837 1128 874 quod
1150 841 1216 866 tunc
1237 846 1291 866 non
1313 838 1452 868 afficiatur
1477 841 1552 869 circa
1581 840 1687 874 Deum3
1709 844 1736 870 et
1758 841 1821 870 ideo
1842 850 1906 871 con-

1052 885 1186 914 sideratio
1207 885 1255 914 illa
1276 894 1330 914 non
1353 886 1437 915 habet
1459 887 1503 915 hic
1525 887 1627 916 locum.

1133 934 1158 961 5.
1180 933 1217 962 Ad
1241 933 1310 961 illud
1332 933 1408 970 qnod
1422 933 1553 963 obiicitur
1575 934 1690 970 ultimo,
1711 936 1786 973 quod
1806 936 1904 965 eadem

1052 982 1094 1008 est
1116 980 1186 1008 ratio
1207 980 1340 1017 diligendi
1363 980 1530 1018 utrobique,
1553 982 1624 1010 sicut
1646 982 1672 1010 in
1688 982 1791 1011 divinis
1812 991 1904 1020 perso-

1052 1027 1114 1062 nis;
1136 1027 1304 1062 dicendum,
1331 1028 1405 1065 quod
1430 1036 1483 1056 non
1506 1031 1548 1057 est
1569 1028 1678 1058 simile:
1700 1030 1767 1067 quia
1788 1030 1815 1059 in
1838 1027 1905 1059 divi-

1053 1074 1096 1103 nis
1117 1074 1244 1111 personis
1264 1078 1307 1103 esc
1326 1083 1389 1103 una
1411 1075 1489 1103 ratio
1511 1075 1644 1113 diligendi
1661 1079 1688 1105 et
1702 1077 1800 1105 eodem
1822 1077 1905 1106 modo

1052 1125 1248 1158 eomparatur
1269 1121 1304 1151 ad
1327 1121 1389 1150 illas
1411 1125 1468 1151 tres
1489 1130 1624 1159 personas
1639 1123 1774 1156 dilectas:
1795 1132 1848 1153 non
1864 1124 1904 1153 sic

1052 1171 1147 1197 autem
1169 1171 1211 1197 est
1232 1168 1259 1196 in
1281 1168 1428 1197 dilectione
1450 1169 1498 1198 Dei
1514 1172 1541 1198 et
1556 1170 1695 1206 proximi,
1711 1171 1792 1208 quia„
1807 1179 1903 1208 quam—

1053 1215 1095 1244 vis
1118 1215 1267 1253 utrobique
1287 1215 1326 1243 sit
1347 1224 1409 1244 una
1431 1216 1509 1245 ratio
1535 1216 1684 1253 diligendi,
1707 1218 1845 1247 differenti
1868 1222 1904 1247 ta-

1052 1269 1116 1291 men
1139 1263 1222 1291 modo
1244 1262 1329 1291 habet
1349 1263 1384 1291 ad
1407 1263 1496 1292 Deum
1518 1266 1546 1292 et
1559 1264 1594 1292 ad
1610 1264 1773 1301 proximum
1790 1273 1904 1302 compa-

1052 1309 1129 1337 rari.
1153 1309 1184 1337 Et
1204 1309 1271 1346 quia
1291 1317 1328 1338 ex
1360 1309 1523 1338 diversitate
1554 1311 1813 1347 comparctct'omtm
1841 1320 1903 1340 con-

1052 1356 1143 1393 surgit
1163 1355 1311 1392 pluralitas
1338 1359 1470 1390 nctuum‚
1496 1364 1532 1385 ex
1555 1357 1660 1386 unitate
1681 1358 1810 1387 rationis
1830 1359 1904 1396 prin-

1051 1402 1179 1440 cipaliter
1211 1403 1348 1432 moventis
1379 1403 1523 1440 consurgit
1555 1404 1648 1433 unitas
1677 1405 1809 1439 liabitus3
1838 1406 1901 1435 binc

1051 1453 1108 1484 est,
1130 1450 1205 1486 quod
1229 1450 1356 1484 babitus,
1377 1458 1433 1487 quo
1461 1454 1573 1479 amatur
1594 1451 1668 1480 Deus
1690 1455 1716 1481 et
1738 1453 1902 1489 proximus,

1050 1499 1093 1525 est
1112 1504 1203 1531 unus,
1225 1496 1288 1525 licet
1309 1500 1401 1525 motus
1422 1497 1483 1526 eius
1505 1497 1530 1525 in
1548 1498 1635 1527 Deum
1652 1503 1679 1527 et
1695 1499 1721 1527 in
1736 1500 1899 1536 proximum

1051 1543 1086 1571 sit
1106 1543 1179 1571 alius
1200 1547 1227 1572 et
1248 1543 1352 1572 alius⁵.

1898 489 1905 501 9

891 1647 1156 1683 SCHOLION.

205 1750 220 1772 l.
237 1749 272 1772 Ad
290 1750 349 1772 hunc
365 1750 523 1778 quaestionem
542 1749 667 1778 respondet
691 1750 771 1772 Gnliel.
789 1749 994 1772 Autissiodorensis

143 1789 217 1816 (Sum,
234 1790 267 1812 lll.
285 1791 311 1812 tr.
329 1789 351 1811 6.
369 1796 389 1811 e.
410 1790 428 1811 l.
446 1796 469 1818 q.
487 1790 530 1817 3.):
552 1789 685 1817 rfficimns,
704 1788 767 1818 quod
785 1788 929 1817 impossibile
946 1791 991 1815 est,

141 1828 206 1858 quod
222 1828 306 1851 eodem
324 1830 388 1850 motu
406 1834 503 1850 munero
525 1827 634 1856 diligatur
660 1828 721 1850 Deus
737 1831 759 1850 et
778 1828 898 1855 proximus
907 1836 928 1850 n.
947 1827 992 1849 Sed

142 1868 226 1891 rectius
243 1868 312 1890 solvit
328 1868 350 1890 S.
368 1868 463 1895 Bonmz,
481 1867 567 1895 duplici
585 1866 687 1889 adbibita
714 1867 866 1889 distinctione.
884 1867 993 1890 Similiter

143 1907 226 1930 docent
252 1907 276 1929 B.
298 1906 392 1935 Albert„
417 1907 454 1929 llic
469 1914 490 1929 a.
516 1906 538 1929 7.
554 1918 586 1923 —
603 1907 662 1929 Petr.
684 1913 695 1928 a
719 1906 780 1934 Tar„
799 1907 835 1928 bie
852 1913 874 1935 q.
893 1907 914 1929 3.
932 1913 952 1928 a.
971 1907 992 1928 2.

142 1947 285 1975 quaestiunc.
307 1947 324 1968 1.
342 1958 372 1962 -
390 1945 497 1968 llicliard.
515 1952 527 1967 a
546 1945 612 1973 Med„
639 1946 675 1967 bic
700 1952 711 1967 a
730 1945 752 1967 7.
770 1952 792 1974 q.
815 1946 832 1967 l.
851 1957 881 1961 —-
899 1945 992 1973 Dionys.

142 1984 227 2014 Carth.y
244 1985 281 2007 hic
298 1991 320 2014 q.
340 1985 360 2007 4.

207 2024 229 2046 lt.
247 2024 368 2053 Sequentis
384 2023 425 2052 (4.)
444 2024 584 2052 quaestionis
601 2023 684 2045 solutio
702 2023 750 2045 nuit
761 2029 788 2045 cx
801 2023 919 2051 principiis
932 2028 992 2045 com-

142 2064 243 2086 muniter
260 2064 368 2091 receptis,
385 2063 471 2092 quibus
489 2062 612 2091 probatur,
631 2062 694 2091 quod
721 2062 782 2085 idem
805 2063 896 2086 babitus
913 2064 992 2086 carita-

142 2104 170 2126 tis
186 2109 211 2125 se
227 2102 333 2125 extundat
350 2102 379 2124 nd
396 2102 541 2124 dilectionem
559 2102 598 2124 Dei
625 2106 649 2124 nt
671 2102 788 2125 obiectum
807 2102 936 2130 principale
947 2121 952 2130 ,
970 2104 992 2124 et

1051 1749 1080 1771 ad
1093 1749 1237 1772 dilectionem
1255 1751 1352 1778 proximi
1371 1754 1394 1773 ut
1406 1751 1521 1774 obiectum
1535 1751 1697 1774 secundarium
1711 1753 1759 1777 (cfr.
1773 1753 1794 1775 S.
1808 1753 1899 1782 Thetin,

1050 1789 1073 1810 S.
1092 1789 1115 1811 ll.
1133 1789 1157 1811 ll.
1175 1796 1197 1818 q.
1215 1790 1252 1811 23.
1270 1796 1289 1811 a.
1302 1789 1327 1820 54,
1347 1796 1369 1818 q.
1388 1790 1424 1812 ⁴25.
1442 1796 1462 1812 a.
1486 1790 1521 1819 l.).
1548 1791 1594 1813 lloc
1620 1791 1670 1814 loco
1696 1798 1740 1813 non
1768 1793 1899 1815 invenimus

1050 1828 1155 1856 explicite
1173 1828 1201 1850 de
1219 1829 1261 1850 bac
1278 1829 1411 1857 quaestione
1430 1832 1550 1852 tractantes
1568 1834 1657 1858 practer
1669 1831 1748 1853 Guliel.
1762 1832 1899 1854 Autissiodo-

1049 1873 1140 1889 rensem
1158 1866 1232 1895 (Sum.
1251 1868 1282 1889 lll.
1300 1870 1326 1890 tr.
1344 1868 1366 1890 6.
1383 1874 1402 1890 c.
1420 1868 1437 1890 l.
1454 1875 1476 1897 q.
1490 1868 1528 1896 5.),
1547 1875 1588 1891 nec
1601 1875 1645 1891 non
1658 1870 1750 1892 Petrum
1763 1877 1773 1891 u
1788 1870 1840 1893 Tar.
1854 1871 1900 1895 (liic

1050 1912 1072 1934 q.
1084 1906 1104 1928 3.
1117 1912 1137 1928 a.
1151 1906 1172 1928 2.
1184 1907 1326 1935 quaestiunc.
1340 1907 1378 1934 2.),
1391 1907 1430 1935 qni
1443 1907 1472 1929 ad
1485 1910 1584 1929 mentem
1598 1909 1667 1930 nostri
1680 1910 1779 1931 auctoris
1792 1910 1828 1931 liic
1840 1910 1901 1932 adbi-

1050 1945 1088 1968 bet
1111 1946 1255 1967 notissimum
1282 1946 1433 1974 principium:
1459 1946 1521 1975 quod
1547 1950 1581 1969 est
1606 1948 1708 1975 primum
1734 1949 1755 1970 in
1779 1949 1901 1971 intentione

1049 1985 1164 2013 posterius
1185 1988 1219 2007 est
1236 1986 1257 2007 in
1283 1986 1440 2014 exsecutione,
1466 1989 1488 2008 et
1510 1992 1523 2008 e
1548 1992 1669 2009 converso.
1697 1987 1742 2009 sed
1769 1987 1835 2015 alibi,
1862 1988 1900 2010 ubi

1049 2025 1125 2052 agitur
1142 2023 1170 2046 de
1187 2023 1268 2046 ordine
1286 2025 1384 2046 caritatis
1400 2024 1467 2052 (int‘ra
1485 2025 1508 2048 d.
1527 2025 1581 2053 290,
1600 2025 1661 2048 idem
1679 2025 1763 2048 docent
1780 2027 1816 2048 alii
1840 2033 1900 2049 com-

1050 2065 1188 2085 mentatores
1210 2063 1308 2091 Magistri
1326 2063 1376 2091 (cfr.
1399 2064 1420 2085 S.
1444 2064 1535 2092 Tuom„
1552 2064 1573 2086 S.
1595 2065 1618 2086 ll.
1637 2064 1659 2086 ll.
1678 2072 1700 2094 q.
1728 2066 1764 2087 26.
1783 2072 1802 2088 a.
1825 2067 1842 2088 1.
1861 2067 1900 2093 2.).

909 2193 1072 2230 ρυΑΕετιο
1095 2193 1137 2223 ιν.

583 2280 656 2316 Quis
677 2280 806 2309 (litorum
828 2285 962 2309 motuum
984 2280 1123 2309 caritatis
1142 2281 1302 2317 praecedat
1323 2281 1460 2309 alterum.

223 2379 329 2415 Quarto
350 2379 513 2416 quaeritur,
540 2379 605 2416 quis
627 2379 744 2408 istorum
767 2382 894 2407 motuum
917 2386 994 2415 prae-

145 2426 225 2455 cedat
246 2425 398 2463 reliquum.
421 2426 451 2454 Et
472 2426 600 2461 videtur,
627 2427 703 2463 quod
732 2426 811 2463 prius
843 2426 878 2454 sit
902 2429 993 2455 motus

145 2473 300 2502 dilectionis
323 2473 347 2501 in
371 2473 531 2510 proximum
555 2481 639 2510 qnam
663 2477 754 2502 motus
776 2473 802 2501 in
825 2474 932 2502 Deum:

230 2521 251 2548 l.
274 2519 364 2547 l'rimo
386 2527 434 2556 per
457 2519 524 2548 illud
547 2520 621 2556 quod
644 2519 747 2548 dicitur
763 2520 869 2556 primae
885 2520 993 2548 loannis

5 2566 287 2604 Argg.prot.(1llnt·to⁶:
312 2566 369 2601 Qut*
391 2574 445 2594 non
469 2566 565 2603 ‹liliqz't
585 2565 713 2602 lintrem
734 2574 840 2599 snum,
856 2574 938 2603 quem
956 2566 994 2594 υἰ-

28 2606 87 2628 mm·
145 2614 207 2647 det,
231 2614 321 2642 Dmm
334 2636 340 2647 ‚
363 2621 446 2651 «ptem
468 2622 525 2641 non
546 2612 639 2646 videt,
661 2613 804 2650 quomodo
817 2616 908 2650 potest
929 2613 993 2641 dicis-

142 2660 231 2698 ‹Jm’ez’
253 2659 412 2688 Semunlnm
436 2660 487 2687 lioc
513 2667 579 2696 ergo
611 2659 646 2687 ad
678 2659 895 2688 destructionem
928 2659 993 2687 dili·-

145 2707 242 2735 ctionis
265 2706 386 2744 proximi
409 2706 536 2743 seqnitur
565 2706 718 2734 destructio
747 2706 902 2734 dilectionis
925 2706 990 2733 Dei:

210 2829 215 2844 ¹
234 2829 278 2851 Cl'r.
297 2830 333 2851 liic
351 2829 380 2851 lit.
400 2829 513 2856 Magistri,
531 2836 550 2850 c.
569 2828 589 2850 l'.

209 2868 216 2882 2
234 2868 290 2890 Edd.
308 2867 408 2896 respicit.
428 2868 477 2889 l’ost
497 2874 568 2896 pnncn
588 2874 629 2894 μω
642 2868 731 2889 'uultum
744 2867 811 2889 codd.
826 2868 853 2889 W
867 2867 883 2889 Υ
897 2867 991 2890 iustam.

207 2907 217 2920 ³³
236 2907 293 2929 vide
310 2914 380 2935 snpra
399 2908 420 2929 ιΙ.
439 2909 460 2929 9,
478 2914 498 2928 u.
521 2908 538 2928 l.
557 2913 578 2934 q.
598 2908 618 2928 2.
636 2910 656 2928 et
676 2907 697 2927 Il.
715 2907 736 2928 in
755 2907 820 2928 solut.
839 2913 920 2934 oppos.

210 2946 217 2960 ⁴
234 2945 279 2968 Csr.
298 2946 321 2968 ll.
333 2947 393 2968 Seni.
412 2946 434 2968 d.
452 2945 483 2967 lo.
503 2953 521 2967 u.
542 2947 562 2967 2.
575 2952 596 2974 q.
620 2946 636 2967 l.
655 2946 683 2966 :nl
702 2947 722 2967 23.
736 2957 764 2961 —
778 2945 834 2967 lidd.
847 2945 876 2967 ιιΙι
894 2945 990 2969 insa-em

145 2984 261 3014 separari.
281 2985 328 3007 §lox
348 2992 390 3012 pro
408 2985 470 3007 ,Yam
488 2984 521 3006 sia,-
539 2985 590 3006 mnl.
610 2985 625 3006 l<
648 2984 708 3006 ,vrzm
727 2983 793 3006 xicnt.

272 3035 296 3056 S.
315 3034 403 3057 llnntw.
423 3047 451 3050 κ-
469 3035 535 3056 'l'‹·in.
554 3035 585 3056 lll.

1049 2378 1072 2407 si
1094 2387 1161 2416 ergo
1181 2379 1216 2407 ad
1242 2379 1461 2407 destructionem
1493 2379 1654 2416 posterioris
1687 2388 1739 2407 non
1770 2381 1897 2418 seqnitur

1050 2425 1203 2454 destructio
1234 2425 1351 2462 prioris,
1383 2425 1431 2454 sed
1453 2434 1467 2453 e
1489 2434 1641 2455 converso:
1664 2434 1731 2463 ergo
1753 2427 1829 2463 prior
1857 2432 1898 2457 est

1051 2475 1143 2500 motus
1164 2471 1319 2500 dilectionis
1341 2472 1366 2500 in
1390 2472 1550 2508 proximum
1574 2481 1658 2509 qnam
1683 2473 1708 2501 in
1731 2473 1827 2503 Deum.

1129 2520 1154 2546 2.
1179 2518 1260 2552 ltem,
1283 2518 1389 2554 primae
1410 2518 1444 2546 ad
1467 2519 1623 2547 Corinthios
1638 2520 1746 2548 decimo
1761 2521 1858 2558 quinto
1872 2522 1896 2549 ⁷:

1051 2564 1144 2592 Prius
1165 2564 1243 2602 quod
1270 2564 1400 2593 caminate
1421 2569 1478 2598 est,
1501 2565 1602 2593 ‹leimlaee
1623 2566 1701 2603 (μιοιί
1720 2566 1897 2603 spirituale,-

1050 2611 1097 2640 sed
1120 2611 1230 2640 dilectio
1253 2612 1373 2648 proximi
1396 2612 1553 2640 sensibilior
1574 2616 1631 2647 est,
1654 2613 1765 2642 dilectio
1782 2614 1828 2642 nui
1845 2615 1896 2652 spi-

1050 2658 1192 2687 ritualior:
1215 2666 1282 2694 ergo
1311 2658 1389 2695 prins
1420 2662 1530 2696 oportet
1550 2659 1680 2688 allectum
1705 2660 1830 2689 inclinari
1860 2662 1893 2690 ad

1049 2705 1221 2741 diligendum
1246 2705 1406 2741 proximum
1429 2714 1513 2743 quam
1536 2707 1570 2734 ad
1594 2707 1766 2742 diligendum
1798 2708 1894 2736 [lenm.

1113 2827 1122 2841 ⁸
1140 2828 1196 2849 Vidn
1214 2834 1284 2855 supra
1303 2835 1322 2850 n.
1345 2829 1361 2850 l.
1380 2835 1402 2856 (Ι.
1422 2829 1441 2850 ’1.

1110 2866 1119 2879 ¹²
1138 2866 1201 2888 Ver«.
1221 2868 1257 2888 20*
1275 2878 1306 2883 —-
1322 2867 1366 2888 (Isr.
1386 2873 1453 2894 snpra
1474 2874 1525 2895 pag.
1550 2867 1600 2896 ills,
1620 2872 1670 2890 notai
1695 2868 1710 2890 i.
1729 2873 1748 2891 vt
1769 2876 1822 2896 png.
1841 2870 1892 2892 litto.

1049 2909 1099 2927 notu
1118 2906 1139 2927 ἰ).

1110 2944 1119 2959 7
1139 2945 1202 2966 vers.
1225 2945 1256 2967 id.
1269 2957 1300 2961 —
1317 2945 1385 2967 l'anlo
1409 2946 1502 2967 inl'crins
1525 2953 1566 2973 pro
1584 2945 1674 2969 ditm-tio
1695 2947 1735 2969 Dei
1756 2948 1823 2969 codd.
1847 2949 1862 2969 A
1875 2948 1890 2969 l<

1047 2984 1138 3006 'lili-clio
1158 2991 1212 3007 ιϊιᾙ
1232 2984 1278 3006 nvi.

1737 3038 1765 3060 77

1917 1176 2032 1195 Notandum.
