2166 3366
9 706 72 725 iolutio
85 706 102 724 3.

742 203 822 231 DlST.
845 203 909 232 xvi.
932 203 1004 231 ΛΒΤ.
1026 203 1043 231 1.
1067 203 1201 240 QUAEST.
1223 203 1241 231 I.

120 284 210 318 potest
231 281 300 315 dici,
332 281 405 319 quod
428 281 548 310 Hilarius
570 282 597 309 in
617 281 703 310 verbo
726 281 867 320 praedicto
887 285 915 310 et
936 281 962 309 in

119 327 181 356 aliis
212 327 315 356 ibidem
344 327 441 364 positis
462 336 514 356 non
537 327 664 356 excludit
685 334 797 355 sensum
821 327 926 355 doloris
947 335 963 355 a

119 374 228 403 Christo
249 375 404 403 secundum
427 373 589 402 humanam
615 377 760 405 naturam.
791 374 840 402 sed
869 381 963 402 secun-

119 421 186 449 dum
209 421 362 454 (livinarm
383 421 458 450 unde
486 421 572 449 verba
601 420 648 448 illa
670 420 816 449 referenda
841 424 905 449 sunt
927 421 961 449 ad

119 467 218 496 Christi
241 475 398 504 personam.
420 468 451 496 Et
472 467 524 496 hoc
538 467 652 504 quidem
668 467 865 501 confirmatur,
881 468 962 504 quia,

119 514 190 543 sicut
221 514 287 543 dicit
314 514 387 543 idem
411 514 567 547 Hilarius¹‚
594 513 801 549 «intelligentia
823 514 960 542 dictorum

118 569 153 589 ex
176 561 267 589 causis
289 564 330 589 est
350 560 518 589 assumenda
540 560 691 589 dicendi».
712 560 830 588 Hilarius
845 561 918 589 enim
935 561 961 589 in

117 607 211 635 verbis
232 607 393 644 praemissis
414 607 567 635 excludere
582 606 670 635 voluit
684 615 809 635 errorem
827 607 897 641 Arii,
913 607 960 644 qui

118 653 241 687 dicebat,
256 653 397 682 Christum
414 653 570 682 secundum
585 661 614 681 se
632 656 720 681 totum
737 661 850 690 passum
866 654 961 682 luisse.

117 717 155 721 —
176 700 268 729 Tertio
289 700 371 728 modo
390 700 591 737 respondetur,
607 700 681 737 quod
697 700 817 729 Hilarius
831 708 885 728 non
901 701 961 729 vult

116 747 278 778 ostendere.
299 747 440 775 Christum
463 755 517 775 non
540 747 671 775 babuisse
695 755 794 775 verum
816 747 960 781 dolorem,

117 793 165 822 sed
187 802 240 822 non
263 793 394 822 habuisse
416 802 540 822 causam
559 793 690 827 dolorm
708 797 735 822 et
750 794 824 822 bunc
846 794 959 831 quidem

116 840 230 868 modum
253 839 377 869 solvendi
401 839 490 868 innuit
513 840 641 877 Magister
663 840 690 868 in
713 840 803 869 littera
817 840 836 874 ²,
851 843 878 869 et
893 841 960 869 satis

110 891 157 915 est
179 886 365 919 rationabilis,
391 887 546 915 secundum
578 887 651 924 quod
676 887 702 915 in
724 887 898 923 expositione
921 887 961 915 lit-

116 937 191 962 terae
213 933 314 962 melius
335 933 489 971 apparebit.

193 981 219 1008 Ξ).
241 980 279 1009 Ad
303 980 371 1009 illud
404 988 469 1009 vero
491 980 564 1017 quod
587 980 717 1009 obiicitur
739 980 773 1008 de
795 980 959 1009 auctoritate

114 1027 252 1064 Dionysii,
281 1027 446 1061 dicendum,
468 1027 542 1063 quod
568 1027 714 1064 Dionysius
736 1035 789 1055 non
814 1027 901 1055 voluit
922 1027 960 1055 di-

114 1081 176 1102 cere
198 1082 247 1102 nec
269 1074 370 1108 sensit,
401 1074 475 1111 quod
498 1074 596 1102 beatus
619 1074 731 1102 loannes
753 1077 780 1101 et
801 1073 846 1101 alii
868 1074 959 1102 Sancti

113 1129 167 1149 non
189 1121 387 1157 experirentur
418 1120 542 1149 dolorem
576 1120 602 1148 in
634 1120 795 1154 tormentis,
821 1120 868 1148 sed
899 1120 960 1148 vult

114 1167 310 1196 commendare
331 1166 512 1195 constantiam
535 1166 652 1199 mentis,
675 1166 767 1203 quae³
795 1174 847 1194 non
872 1166 959 1202 magis

113 1214 342 1242 commovebatur
357 1221 392 1242 ex
408 1214 582 1250 experientia
604 1221 718 1247 sensus,
740 1221 824 1250 quam
840 1221 959 1241 commo-

113 1264 227 1289 veretur
249 1268 284 1289 ex
306 1260 364 1289 sola
385 1260 605 1289 consideratione
627 1264 653 1289 et
674 1260 778 1289 iudicio
795 1260 917 1288 rationis.

191 1307 216 1336 3.
239 1307 276 1336 Ad
300 1307 369 1336 illud
390 1307 464 1344 quod
479 1307 610 1336 obiicitur
624 1308 659 1336 de
674 1307 780 1344 Moyse.
797 1307 957 1341 dicendum,

112 1354 186 1392 quod
218 1354 269 1383 etsi
300 1354 419 1383 dulcedo
451 1353 690 1390 contemplationis
722 1353 842 1391 quodam
875 1354 958 1382 modo

112 1402 203 1439 ipsum
226 1401 353 1430 reficeret
374 1404 400 1429 et
421 1409 437 1429 a
458 1400 586 1429 sensibus
608 1400 796 1429 exterioribus
817 1400 959 1429 abstrahe-

111 1452 169 1483 ret,
190 1448 260 1477 adeo
282 1451 313 1476 ut
334 1447 475 1476 naturales
497 1448 614 1476 virtutes
630 1447 751 1484 quodam
768 1447 851 1475 modo
865 1455 959 1475 conso-

111 1495 198 1532 piret,
221 1498 251 1523 ut
272 1503 325 1523 non
349 1495 386 1523 ita
407 1497 604 1523 consumerent
618 1497 644 1522 et
659 1494 753 1522 cibum
770 1494 957 1531 requirerent;

111 1545 203 1570 tamen
226 1541 299 1578 quod
322 1544 398 1569 tanto
420 1544 544 1578 tempore
564 1540 697 1569 ieiunavit
718 1540 777 1569 sine
799 1541 893 1577 aliqua
914 1541 957 1569 sui

110 1587 246 1622 laesione,
269 1588 321 1616 hoc
342 1587 393 1616 suit
424 1595 474 1624 per
505 1587 624 1623 speciale
656 1587 821 1615 beneficium
844 1590 871 1615 et
892 1587 959 1615 divi-

111 1643 179 1663 num
201 1634 379 1663 miraculum.
412 1634 442 1662 Et
470 1634 531 1663 ideo
554 1634 605 1663 hoc
627 1642 681 1662 non
703 1634 788 1662 habet
809 1634 901 1662 locum
930 1634 956 1662 in

109 1682 267 1718 proposito,
288 1681 354 1718 quia
375 1681 502 1709 Christus
524 1680 550 1708 in
574 1680 701 1718 passione
724 1688 775 1709 sua
796 1688 850 1709 non
879 1688 958 1709 exer-

110 1729 167 1757 cuit
187 1728 324 1756 miracula
346 1727 498 1764 potentiae,
520 1727 568 1756 sed
590 1727 683 1764 potius
704 1735 774 1756 usus
802 1730 844 1756 est
871 1727 957 1756 armis

109 1775 266 1813 patientiae.

187 1822 213 1850 [ι.
235 1821 273 1850 Ad
296 1821 365 1850 illud
388 1821 462 1858 quod
485 1821 630 1853 obiicitur,
652 1820 727 1858 quod
750 1824 850 1850 natura
871 1829 956 1857 agens

109 1868 295 1906 praestantior
316 1871 358 1897 est
378 1867 518 1905 patiente;
539 1868 708 1902 dicendum,
724 1868 798 1905 quod
816 1867 885 1896 illud
900 1876 954 1896 non

1807 204 1863 232 347

1020 285 1128 318 oportet
1159 281 1290 318 intelligi,
1321 281 1395 318 quod
1428 281 1463 309 sit
1485 289 1583 310 verum
1605 281 1793 318 simpliciter,
1815 282 1863 311 sed
1880 291 1991 310 Notandum.

1021 328 1110 357 solum
1133 328 1293 356 secundum
1322 328 1455 366 aliquam
1476 328 1677 357 conditionem.
1699 329 1770 364 Quia
1790 329 1862 357 enim

1022 375 1091 411 lapis
1114 375 1197 403 laedit
1218 375 1334 411 pedem,
1356 383 1409 403 non
1431 379 1554 412 oportet,
1576 375 1650 412 quod
1674 375 1744 412 lapis
1765 375 1799 404 sit
1821 384 1866 404 no-

1020 421 1102 449 bilior
1133 422 1218 458 pede,
1250 422 1298 450 sed
1330 421 1447 455 sufficit,
1479 422 1552 458 quod
1581 422 1699 451 excedat
1721 422 1746 450 in
1770 422 1864 459 aliqua

1020 468 1191 502 conditione,
1214 471 1309 505 utpote
1331 468 1357 496 in
1380 468 1484 497 duritia
1499 472 1525 497 et
1540 469 1697 503 soliditate;
1718 473 1744 497 et
1766 469 1804 498 sic
1823 473 1865 498 est

1020 515 1046 543 in
1070 515 1219 552 proposito.
1241 516 1375 551 Quamvis
1389 516 1462 543 enim
1479 516 1575 544 clavus
1590 524 1642 544 non
1658 520 1731 545 esset
1745 516 1864 545 nobilior

1020 569 1103 590 carne
1124 562 1241 595 Christi,
1273 565 1333 590 erat
1355 566 1447 590 tamen
1469 562 1566 590 durior
1587 566 1614 591 et
1635 563 1757 591 solidior.
1781 563 1811 591 Et
1837 563 1866 591 εἰ

1021 612 1051 636 tu
1073 607 1195 636 obiicias
1224 608 1291 636 mihi
1314 608 1348 636 de
1370 608 1478 638 anima.
1500 609 1574 645 quod
1597 617 1650 637 non
1673 610 1760 646 possit
1788 610 1864 646 pati3

1020 655 1185 687 dicendum,
1208 654 1282 691 quod
1304 654 1396 682 anima
1412 654 1568 690 patiebatur
1580 663 1634 691 per
1648 655 1800 689 accidens,
1816 656 1864 684 sci-

1020 701 1083 730 licet
1104 701 1296 737 compatiendo
1317 701 1401 728 carni.
1424 701 1472 729 Vel
1495 702 1649 730 secundum
1680 702 1862 738 Augustinum

1019 748 1045 777 in
1067 751 1147 776 sexto
1168 747 1287 776 Musicae
1300 748 1328 781 ⁴,
1348 747 1440 775 anima
1455 748 1540 776 sumit
1554 748 1725 776 occasionem
1742 748 1863 785 patiendi

1018 803 1053 823 ex
1076 802 1175 828 carne3
1197 795 1389 822 verumtamen
1413 795 1518 831 patitur
1539 802 1574 822 ex
1598 802 1643 828 se;
1664 795 1807 823 occasione
1822 803 1865 824 ac-

1018 844 1097 877 cepta
1118 840 1239 869 aliunde.
1255 857 1294 861 —
1309 840 1398 869 Potest
1419 842 1501 869 etiam
1524 841 1594 875 dici,
1616 841 1690 878 quod
1713 841 1782 870 illud
1804 850 1942 870 ver-muer.

1018 886 1086 915 bum
1109 886 1192 915 habet
1214 886 1327 923 intelligi
1344 887 1499 915 secundum
1516 887 1716 916 institutionem
1732 890 1863 921 naturae,

1018 941 1072 961 non
1095 933 1249 961 secundum
1272 933 1506 970 dispensationem
1529 933 1736 962 misericordiae
1761 938 1788 962 et
1816 943 1865 971 pu-

1018 980 1150 1008 nitionem
1172 980 1309 1013 iustitiae,
1331 988 1451 1017 quorum
1467 980 1591 1017 primum
1608 980 1720 1017 respicit
1740 981 1861 1009 animam

1018 1027 1135 1059 Christi,
1158 1027 1297 1064 reliquum
1320 1028 1441 1055 animam
1458 1027 1654 1064 peccatricem,
1670 1028 1741 1056 sicut
1756 1028 1782 1056 in
1798 1036 1865 1065 qua-

1018 1074 1175 1110 dragesima
1196 1074 1317 1111 quarta⁵
1340 1074 1515 1103 distinctione
1537 1074 1599 1102 libri
1628 1075 1720 1111 quarti
1743 1074 1863 1103 habetur

1017 1128 1160 1157 expresse.

1097 1168 1122 1195 5.
1144 1167 1181 1195 Ad
1205 1166 1274 1195 illud
1290 1167 1365 1204 quod
1380 1167 1526 1202 obiicitur,
1541 1168 1616 1204 quod
1639 1175 1739 1196 manus
1760 1168 1860 1196 Christi

1017 1214 1069 1242 fuit
1090 1213 1216 1242 curativa
1236 1213 1384 1243 dolorum:
1406 1214 1572 1249 dicendum,
1587 1214 1661 1251 quod
1678 1214 1729 1243 hoc
1743 1214 1796 1243 suit
1810 1215 1863 1243 vir-

1016 1264 1075 1289 tute
1097 1261 1207 1289 latentis
1228 1260 1398 1295 divinitatis;
1414 1264 1441 1289 et
1456 1261 1610 1290 secundum
1627 1262 1703 1290 illam
1721 1262 1861 1297 virtutem,

1017 1307 1137 1339 concedo
1159 1307 1244 1341 bene,
1266 1307 1340 1344 quod
1363 1307 1419 1344 pati
1440 1315 1494 1335 non
1515 1311 1623 1344 poterat
1637 1316 1687 1337 nec
1702 1308 1805 1337 dolere.
1821 1309 1861 1337 Ex

1017 1354 1069 1382 hoc
1090 1357 1181 1382 tamen
1203 1362 1257 1381 non
1280 1354 1422 1391 sequitur.
1441 1355 1515 1391 quod
1532 1355 1616 1383 fuerit
1631 1355 1735 1383 doloris
1750 1363 1861 1392 expers.

1017 1400 1081 1429 Erat
1101 1401 1174 1428 enim
1197 1400 1234 1429 ibi
1256 1401 1310 1428 alia
1332 1401 1421 1429 virtus
1452 1404 1560 1435 creata,
1592 1402 1746 1430 secundum
1775 1410 1859 1438 quam

1016 1447 1111 1476 dolere
1132 1451 1255 1485 poterat,
1277 1448 1381 1476 scilicet
1402 1448 1524 1484 potentia
1544 1449 1653 1477 animae
1674 1449 1814 1477 sensitiva.

1095 1495 1121 1522 6.
1143 1495 1180 1523 Ad
1204 1494 1273 1523 illud
1295 1494 1370 1532 quod
1393 1494 1538 1528 obiicitur.
1571 1495 1644 1532 quod
1675 1496 1767 1524 anima
1790 1495 1860 1524 Petri

1016 1548 1070 1568 non
1092 1544 1235 1577 pateretur
1257 1541 1283 1569 in
1306 1541 1431 1574 inferum
1453 1541 1619 1573 dicendum.
1641 1542 1715 1579 quod
1737 1550 1792 1570 non
1820 1546 1862 1571 est

1016 1588 1121 1622 simile,
1143 1589 1209 1625 quia
1240 1588 1333 1616 anima
1354 1588 1424 1616 Petri
1448 1591 1510 1625 post
1531 1588 1752 1625 purificationem
1774 1589 1862 1626 perfe-

1016 1638 1088 1663 ctam
1110 1643 1163 1662 non
1186 1638 1228 1663 est
1248 1634 1387 1671 passibilis
1408 1642 1443 1663 ex
1473 1643 1557 1663 causa
1589 1635 1718 1672 propria,
1747 1643 1797 1664 nec
1824 1644 1860 1664 ex

1016 1681 1221 1718 dispensatione
1242 1681 1335 1710 divina
1357 1684 1471 1718 propter
1492 1681 1610 1710 salutem
1639 1682 1778 1716 alienam;
1806 1691 1860 1710 non

1015 1731 1109 1756 autem
1132 1728 1171 1756 sic
1191 1731 1233 1756 est
1254 1728 1288 1756 de
1319 1728 1413 1755 anima
1441 1727 1557 1762 Christi,
1579 1736 1651 1765 quae
1673 1728 1860 1765 dispensative

1016 1777 1042 1803 et
1064 1775 1220 1803 voluntarie
1252 1774 1461 1811 passibilitatem
1485 1775 1597 1809 habuit,
1619 1783 1683 1803 cum
1704 1776 1780 1804 carni
1802 1784 1862 1812 pas-

1015 1821 1088 1849 sibili
1109 1821 1256 1850 coniuncta
1277 1821 1343 1856 fuit,
1365 1821 1437 1850 sicut
1458 1829 1494 1850 ex
1517 1822 1632 1850 lectione
1661 1823 1837 1858 praecedenti
1850 1823 1860 1836 ⁴⁵

1015 1868 1142 1896 habitum
1165 1868 1226 1896 fuit.

846 1982 1110 2018 SCHOLION.

173 2085 186 2106 1.
199 2084 304 2107 Dolorem
317 2084 446 2107 sensibilem
459 2085 480 2106 in
493 2084 581 2107 Christo
593 2084 674 2112 fuisse,
687 2091 713 2106 ex
725 2085 781 2112 ipsis
793 2091 810 2106 s.
823 2085 954 2112 Scripturae

108 2123 187 2146 verbis
198 2124 316 2145 manifeste
328 2124 445 2152 sequitur;
459 2123 519 2146 unde
537 2129 580 2145 non
598 2127 632 2146 est
649 2123 783 2150 verisimile,
803 2123 824 2145 S.
844 2123 952 2144 Hilarium

108 2163 246 2185 contrarium
260 2168 362 2190 unquam
376 2162 482 2184 docuisse
499 2165 521 2184 ct
537 2164 614 2190 postea
637 2165 782 2189 retractasse,
797 2164 821 2183 ut
836 2163 872 2184 hic
888 2162 954 2184 solut.

108 2201 136 2223 ad
157 2202 175 2223 l.
193 2204 216 2223 ct
232 2202 299 2223 etiam
316 2207 327 2223 a
341 2201 363 2222 S.
376 2200 464 2222 Tuoma
486 2200 535 2227 (cfr.
555 2206 624 2228 supra
646 2206 698 2228 pag.
711 2199 762 2228 346,
784 2203 834 2222 nota
859 2201 902 2228 ll.)
923 2206 955 2222 se-

108 2240 210 2263 cundum
228 2241 384 2263 auctoritatem
401 2240 497 2262 alienam
516 2242 626 2261 narratur.
639 2239 695 2261 Alibi
708 2240 768 2261 enim
787 2240 823 2266 (in
837 2239 871 2261 ΡΞ.
883 2239 919 2261 53.
932 2245 954 2261 n.

112 2280 154 2306 12.)
166 2279 227 2301 idem
241 2279 411 2307 passibilitatem
425 2285 469 2300 non
481 2285 492 2300 a
506 2282 585 2301 natura
598 2281 697 2300 assumta
706 2296 711 2306 ‚
724 2278 764 2300 sed
777 2285 788 2300 a
806 2287 816 2298 α
829 2278 955 2300 Divinitatis

109 2322 187 2339 natura
201 2326 210 2337 ι
231 2317 335 2339 excludit.
355 2317 412 2339 Vide
429 2317 584 2339 defensionem
603 2317 678 2338 llilarii
696 2318 718 2338 in
735 2317 834 2339 editione
847 2317 954 2345 Maurina,

109 2356 138 2378 X.
155 2356 184 2378 de
202 2356 264 2378 Trin.
283 2362 304 2378 n.
322 2356 359 2378 23.
378 2359 428 2378 nota
447 2355 469 2378 b.
486 2362 505 2378 c.
524 2356 573 2383 lpse
590 2356 613 2378 S.
634 2356 718 2378 ssonav.
739 2356 775 2378 bic
796 2356 854 2378 duos
873 2356 954 2378 modos

108 2395 179 2417 verba
198 2395 273 2417 Hilarii
291 2395 337 2419 (bic
349 2395 378 2416 lit.
392 2395 502 2423 Magistri,
515 2401 534 2417 c.
556 2395 573 2417 l.
587 2395 618 2424 2.)
631 2401 686 2417 sane
698 2395 860 2422 interpretandi
878 2395 953 2422 ponit,

1012 2084 1098 2113 quibus
1110 2085 1166 2106 infra
1180 2086 1201 2106 in
1220 2085 1275 2107 dub.
1289 2085 1309 2107 3.
1323 2086 1413 2107 tertium
1425 2085 1521 2107 modum
1533 2085 1607 2113 addit,
1620 2086 1714 2113 scilicet,
1727 2086 1790 2114 quod
1803 2086 1862 2108 Hila-

1011 2124 1059 2145 rius
1071 2124 1124 2145 nibil
1138 2123 1257 2146 intenderit
1267 2124 1308 2146 nisi
1325 2124 1446 2146 excludere
1463 2123 1625 2147 necessitatem
1639 2123 1776 2147 subiacendi
1787 2125 1859 2147 dolori

1012 2162 1061 2189 (etr.
1078 2163 1146 2184 ctiam
1164 2162 1220 2184 dub.
1242 2162 1276 2190 l.).
1295 2162 1396 2184 Similem
1414 2163 1579 2190 expositionem
1602 2162 1669 2185 habet
1689 2164 1711 2185 S.
1724 2163 1806 2185 Tuom.
1828 2163 1859 2191 (S.

1011 2201 1043 2223 lll.
1063 2208 1085 2230 q.
1111 2201 1144 2224 15.
1156 2207 1176 2223 a.
1197 2201 1218 2223 53.
1236 2201 1264 2223 ad
1287 2202 1326 2229 l.),
1344 2202 1383 2230 qui
1401 2202 1468 2223 etiam
1487 2207 1539 2224 cum
1559 2204 1636 2223 nostro
1654 2204 1746 2224 auctore
1764 2202 1810 2224 duo
1830 2201 1860 2224 ad

1011 2239 1141 2261 sensibilem
1165 2239 1268 2262 dolorem
1294 2240 1435 2268 praei-equiri
1460 2239 1539 2267 docet,
1562 2246 1644 2267 nempe
1666 2240 1789 2262 laesionem
1810 2246 1860 2262 cor-

1011 2278 1074 2306 poris
1090 2281 1113 2300 ct
1133 2284 1226 2300 sensum
1245 2278 1357 2300 laesionis.
1375 2278 1407 2300 De
1424 2278 1503 2300 dolore
1520 2279 1542 2300 in
1562 2285 1629 2300 sensu
1647 2277 1747 2307 formali
1762 2279 1858 2307 eiusque

1011 2317 1128 2339 radicibus
1150 2317 1215 2344 plura
1233 2318 1286 2339 satis
1303 2316 1414 2339 subtiliter
1431 2317 1533 2344 disputat
1550 2316 1679 2345 (arguendo
1702 2321 1778 2339 contra
1804 2317 1859 2339 Hen-

1011 2357 1083 2378 ricum
1100 2356 1181 2383 Gand.)
1200 2357 1266 2382 scot,
1285 2356 1321 2377 bic
1338 2362 1359 2384 q.
1379 2357 1443 2377 unica
1464 2362 1485 2378 n.
1504 2356 1524 2377 5.
1543 2362 1607 2384 seqq.

1075 2395 1106 2416 De
1127 2395 1169 2416 hac
1188 2398 1210 2416 et
1229 2401 1277 2423 seq.
1298 2395 1430 2423 quaestione
1450 2395 1517 2416 ceteri
1538 2398 1729 2417 commentatores
1747 2399 1818 2423 agunt
1835 2396 1856 2417 in

109 2519 248 2541 Claudianus
264 2519 357 2547 (1-’473
376 2523 415 2542 aut
432 2519 501 2548 474),
520 2520 542 2542 11.
561 2520 589 2542 de
607 2521 668 2542 Statu
687 2521 788 2547 animae,
813 2526 831 2541 r.
850 2520 871 2541 9.
890 2526 910 2541 u.
929 2520 950 2541 3.

110 2559 150 2580 ait:
168 2558 212 2580 Sed
230 2559 338 2587 quoniam
357 2558 437 2580 beatus
453 2558 551 2580 Hilarius
567 2559 681 2586 opinionis
698 2559 792 2580 huiusce
810 2559 891 2579 vitium
909 2558 952 2580 vir—

110 2600 155 2619 tute
178 2597 326 2619 consessionis
346 2596 457 2623 abolevit„
480 2597 513 2618 sic
533 2597 629 2618 sustinet
649 2597 833 2623 reprehensionis
854 2597 951 2624 stylum,

110 2635 172 2664 quod
191 2641 235 2657 non
253 2636 336 2663 patitur
354 2634 488 2657 detrimenta
507 2635 648 2657 meritorum.

173 2674 180 2688 ¹
198 2674 258 2696 Libr.
278 2674 312 2696 lV.
331 2673 359 2695 dc
377 2673 439 2695 Trin.
457 2679 478 2695 n.
501 2673 537 2699 14,
555 2673 593 2695 ubi
611 2674 633 2695 S.
652 2673 733 2695 Doctor
750 2673 829 2695 verbis
850 2674 886 2695 nic
902 2674 953 2695 alle·

111 2715 169 2741 gatis
185 2713 300 2741 adiungit:
318 2713 374 2741 Quin
394 2719 437 2734 non
455 2713 554 2734 sermoni
573 2718 620 2739 reS,
639 2713 678 2734 sed
692 2713 722 2734 rei
740 2716 774 2734 cst
785 2718 862 2734 sermo
879 2712 953 2734 subie-

111 2756 167 2775 ctus.
179 2751 224 2774 cfr.
234 2752 287 2774 ibid.
301 2752 314 2773 l.
327 2758 347 2773 n.
360 2751 396 2773 30.
407 2751 486 2773 —l'ro
496 2750 569 2778 idem,
583 2751 646 2779 quod
659 2757 670 2772 a
684 2751 752 2772 codd.
769 2753 785 2772 Α
796 2752 801 2772 1
813 2751 827 2772 1.
837 2757 862 2773 aa
876 2751 939 2773 abest
948 2769 953 2778 ,

111 2791 177 2814 codd.
197 2792 212 2813 Π
222 2792 237 2813 Ε
248 2791 288 2813 ΡΟ
299 2791 316 2813 Κ
327 2791 345 2812 M
357 2791 374 2812 T
386 2790 402 2813 U
421 2789 504 2812 nabent
521 2789 618 2817 ibidem,
639 2790 689 2812 cod.
709 2790 726 2811 D
743 2789 781 2812 ild.

172 2830 182 2844 ²
199 2830 239 2852 llic
256 2837 275 2852 (τ.
297 2831 314 2852 1.
334 2829 390 2851 Vide
408 2830 463 2851 intra
481 2829 536 2850 dub.
558 2829 600 2850 1-3.
620 2829 678 2851 circa
697 2829 726 2851 lit.

173 2868 183 2883 3
200 2869 228 2890 lta
247 2868 314 2891 codd.
332 2869 347 2890 A
359 2868 376 2890 11
387 2868 428 2895 bb,
442 2868 491 2890 cod.
505 2868 522 2889 Κ
536 2867 604 2897 quia,
625 2868 703 2895 plures
714 2868 749 2889 alii
768 2867 836 2890 codd.
855 2874 896 2890 nec
908 2874 953 2890 non

112 2907 164 2929 edd.
181 2907 198 2935 l,
211 2907 225 2929 2
234 2913 288 2936 quo,
301 2907 350 2929 Vat.
360 2913 414 2936 qua.
428 2907 476 2928 Mox
490 2913 531 2934 pro
543 2912 574 2928 m·
585 2905 735 2935 emperantia.
750 2905 817 2928 codd.
830 2906 846 2928 Α
855 2906 872 2928 Κ
886 2912 952 2935 ampe-

112 2945 197 2968 rienlia
214 2948 311 2972 tantum,
329 2945 379 2967 cod.
392 2946 409 2967 G
423 2951 466 2975 per
482 2944 667 2974 expet-immam
685 2945 705 2966 in
724 2944 829 2972 pluribus
841 2945 909 2967 codd.
927 2945 954 2967 le-

113 2985 173 3012 gitur
189 2985 210 3007 et
227 2983 371 3013 experientia
387 2990 483 3012 semus,
502 2990 550 3014 qun
567 2986 608 3005 etv.

1074 2518 1082 2532 ⁴
1097 2519 1152 2546 Cap.
1171 2519 1190 2540 5.
1206 2525 1227 2540 n.
1246 2519 1266 2540 8.
1279 2525 1342 2547 seqq.
1360 2518 1404 2541 Csr.
1418 2519 1521 2541 eiusdem
1540 2519 1578 2541 lib.
1596 2519 1624 2541 de
1637 2519 1735 2547 Quantit.
1753 2521 1854 2548 animae,

1010 2564 1029 2580 c.
1047 2558 1083 2579 23.
1103 2564 1123 2579 n.
1142 2557 1178 2579 41.
1196 2563 1260 2586 seqq.
1277 2560 1299 2579 et
1316 2564 1335 2579 c.
1353 2558 1390 2579 29.
1409 2564 1430 2580 n.
1448 2558 1484 2580 56.
1502 2564 1566 2586 seqq.
1584 2570 1613 2573 —
1630 2558 1661 2580 De
1679 2559 1751 2586 prima
1769 2560 1856 2581 ratione

1009 2595 1062 2617 vide
1080 2596 1177 2623 Aristot.,
1197 2596 1210 2617 l.
1228 2596 1256 2617 (le
1274 2596 1365 2622 Anima,
1384 2598 1434 2618 text.
1451 2596 1487 2618 62.
1505 2602 1569 2625 seqq.
1588 2596 1618 2623 (c.
1637 2596 1677 2624 4.).
1693 2597 1803 2624 Damaso..
1823 2598 1855 2620 ΙΙΙ.

1010 2635 1039 2656 de
1056 2635 1109 2656 Fido.
1126 2635 1215 2657 orthod.
1228 2641 1247 2657 c.
1260 2635 1301 2663 26,
1315 2635 1379 2660 dicit,
1393 2635 1455 2663 quod
1468 2636 1554 2663 anima,
1576 2644 1584 2655 a
1598 2642 1694 2663 corpore
1713 2637 1794 2664 inciso,
1808 2638 1856 2664 ipsa

1011 2679 1055 2695 non
1073 2674 1141 2696 incisa
1160 2673 1264 2696 condolet
1281 2677 1303 2696 ct
1319 2675 1456 2702 compatitur
1473 2675 1563 2702 corpori
1577 2683 1597 2696 n.
1614 2686 1646 2690 —
1664 2674 1732 2696 Paulo
1749 2675 1857 2702 superius

1011 2718 1053 2740 pro
1069 2718 1117 2735 non
1133 2712 1207 2741 possit
1223 2719 1267 2734 non
1286 2713 1352 2740 pauci
1370 2712 1437 2734 codd.
1454 2718 1503 2735 non
1519 2714 1603 2742 posset.

1074 2751 1083 2766 ⁵
1100 2752 1157 2773 Part.
1175 2752 1197 2773 ΙΙ.
1215 2758 1234 2774 a.
1253 2752 1273 2774 3.
1291 2758 1313 2780 q.
1331 2752 1352 2774 2.
1365 2764 1395 2768 —-
1407 2752 1449 2773 t‘ro
1466 2751 1585 2781 reliquum
1603 2752 1655 2774 edd.
1673 2752 1811 2775 secwndum.

1073 2790 1082 2804 ὃ
1100 2790 1153 2812 Dist.
1172 2790 1277 2818 praeced.
1295 2797 1315 2812 a.
1337 2791 1354 2812 Ι.
1372 2797 1394 2819 q.
1412 2791 1433 2812 3.
1446 2803 1476 2806 —-
1489 2791 1530 2812 Pro
1549 2790 1643 2814 tectione
1660 2791 1713 2813 edd.
1737 2797 1789 2813 cum
1808 2792 1858 2819 plu-

1011 2828 1075 2850 ribus
1095 2828 1162 2851 codd.
1186 2828 1308 2851 locutione.
1331 2828 1386 2850 Cod.
1405 2828 1436 2851 bb
1458 2828 1539 2851 habuit
1561 2835 1617 2852 cum
1639 2835 1712 2852 carne
1732 2829 1852 2858 possibili,

1011 2866 1050 2890 cui
1071 2867 1197 2890 coniuncta
1217 2867 1263 2896 suit
1285 2870 1340 2895 etc.y
1364 2874 1423 2895 quae
1447 2867 1511 2889 lectio
1533 2868 1629 2895 explicat
1652 2868 1755 2891 mutilam
1779 2869 1855 2891 lectio-

1012 2912 1063 2928 nem
1081 2907 1177 2928 aliorum
1195 2906 1271 2933 codd,
1288 2907 1326 2935 qui
1345 2907 1412 2928 etiam
1430 2906 1536 2929 exhibent
1553 2913 1608 2930 cum
1625 2913 1709 2935 carne,
1733 2907 1772 2929 sed
1791 2908 1854 2930 omit-

1013 2948 1061 2967 tunt
1081 2945 1126 2967 cni.
