2166 3366
242 196 257 223 6
918 191 1172 220 SENTENTIARUM
1193 191 1253 219 LIB.
1276 190 1316 219 III.

299 275 327 297 V.
344 275 376 297 De
393 275 534 301 iuramento,
552 272 616 301 quod
633 272 657 295 fit
674 278 715 300 pci-
733 274 855 293 creaturas.

289 321 325 343 VI.
344 321 407 349 Quae
424 321 505 342 iuratio
522 320 551 342 sit
568 319 672 347 gravior,
690 325 718 340 an
731 324 791 347 quae
803 317 827 339 fit
839 323 880 345 per
893 317 975 345 Deum,
988 322 1016 338 an
1029 323 1089 345 quae

398 367 422 389 tit
438 372 480 394 per
497 367 626 392 creaturas,
644 365 680 386 vel
699 370 740 392 per
757 363 908 391 Evangelium
919 362 934 384 ¹.

278 414 324 436 Vll.

271 461 324 482 VIII.

287 508 324 530 IX.
343 507 411 535 Quod
429 507 585 528 iuramentum
601 506 639 528 vel
656 505 779 533 promissio
797 507 874 526 contra
888 503 962 526 Deum
974 503 1031 525 facta
1045 509 1089 525 non

343 413 403 442 Quid
420 415 454 435 est
470 412 546 434 dicere
564 417 606 439 per
622 410 704 432 Deum.

344 460 375 481 De
393 460 435 481 illis
452 459 491 487 qui
509 459 584 480 iurant
601 463 644 485 per
660 457 729 479 salsos
746 457 812 478 Deos.

397 556 431 576 est
448 552 552 575 tenenda.

1202 269 1231 291 X.
1249 269 1271 290 Si
1289 270 1323 291 est
1343 269 1451 297 periurus
1468 269 1507 297 qui
1525 274 1570 290 non
1587 268 1639 291 tacit
1656 268 1719 297 quod
1736 269 1825 291 incaute
1843 269 1907 291 iurat.

1193 316 1230 338 XI.
1250 316 1281 338 De
1298 316 1340 338 illis
1358 317 1396 345 qui
1416 315 1543 338 verborum
1561 315 1682 338 calliditate
1699 316 1781 337 iurant.

1186 362 1232 384 XII.
1250 362 1281 384 De
1298 363 1335 384 illo
1353 363 1392 391 qui
1410 363 1472 390 cogit
1488 362 1588 391 aliquem
1605 362 1688 384 iurare.

1476 409 1599 431 DisTixcno
1617 408 1663 430 XL.

1147 454 1198 478 (ΠΛΡ.
1216 455 1231 478 l.
1249 456 1325 484 Quare
1343 456 1387 478 Lex
1406 456 1489 478 dicitur
1506 456 1661 484 comprimere
1678 461 1787 483 manum,
1805 461 1850 477 non
1868 455 1978 477 animum.

1207 502 1229 524 Il.
1248 502 1312 530 Quae
1329 503 1358 525 sit
1374 503 1446 525 lutera
1464 502 1579 525 occidens.

1199 550 1232 571 III.
1250 550 1281 572 De
1298 549 1366 577 Legis
1382 553 1404 572 et
1422 550 1538 578 Evangelii
1557 549 1669 572 distantia.

844 616 1014 640 EXPLICIUNT
1037 616 1177 639 CAPITULA
1195 616 1292 638 TERTII
1310 616 1389 638 LIBRI.

944 764 1235 802 DISTINCTIO
1265 764 1294 800 I.

311 885 377 911 Cum
396 883 469 910 venit
488 883 573 918 iqitztr
589 882 730 918 plenitudo
751 881 895 917 temporis,
915 885 944 908 ut
963 882 1000 907 ait
1019 882 1089 916 Apo-

107 935 190 954 Dubium
206 936 223 955 1.
237 927 322 954 stolus
336 927 354 959 ²,
373 926 448 953 misit
467 927 537 953 Deus
556 925 662 952 Filium
682 933 779 955 suum,
793 926 896 960 sactum
910 924 941 951 de
952 924 1067 951 muliere
1077 946 1086 955 ,

118 960 136 977 Ξ.
151 962 171 978 et
184 960 201 978 3.

236 970 337 1005 factum
357 968 406 996 sub
428 969 497 1003 teqe,
516 972 547 995 itt
565 976 607 995 eos
628 967 678 1003 qui
694 966 743 994 sub
765 968 817 1003 leye
836 971 915 994 ercmt
932 967 1087 998 redimeret,

235 1017 267 1040 ut
284 1012 457 1047 adoptionem
474 1011 599 1047 filiorum
619 1010 670 1038 Dei
688 1010 875 1046 reciperemus.
899 1011 1015 1045 Tempus
1042 1018 1089 1037 au-

238 1059 290 1083 tem
309 1054 491 1091 plenitudinis
512 1055 612 1081 dicitur
631 1058 738 1089 tempus
757 1054 874 1087 gratiae,
895 1053 967 1088 quod
988 1053 1022 1080 ab
1042 1053 1088 1080 ad-

236 1103 318 1126 ventu
347 1098 493 1125 Salvatoris
525 1097 668 1124 exordium
701 1097 804 1124 sumsit.
834 1097 890 1123 Hoc
917 1100 957 1123 est
985 1101 1087 1131 tempus

234 1141 385 1168 miserendi
402 1144 428 1168 et
447 1149 538 1167 (enims
567 1139 757 1175 benigynitatis,
778 1141 803 1166 in
824 1147 878 1174 quo
896 1139 987 1174 qratia
1006 1143 1029 1166 et
1048 1147 1088 1165 ve-

235 1185 304 1211 ritas
320 1193 371 1220 per
390 1185 478 1211 Iesum
500 1183 639 1211 Christum
657 1184 728 1219 faeta
748 1187 804 1209 est:
824 1182 930 1218 qratia,
955 1183 1018 1217 quia
1038 1190 1087 1217 per

236 1229 376 1256 caritatem
396 1228 522 1262 impletur
542 1227 615 1262 quod
636 1227 661 1253 in
676 1227 745 1260 Lege
759 1226 995 1261 praecipiebatui·;
1016 1225 1088 1252 veri-

236 1277 289 1303 tas,
309 1273 372 1306 quia
393 1279 441 1306 per
460 1271 558 1298 Christi
578 1271 723 1297 adventum
743 1270 887 1297 exhibetur
906 1273 987 1304 atque
1007 1270 1087 1303 perti-

236 1316 306 1342 citur
325 1315 460 1353 humanae
483 1314 677 1348 redemptionis
695 1314 803 1348 sponsio
825 1313 893 1340 iacta
912 1313 946 1340 al)
966 1313 1085 1347 antiquo.

240 1369 251 1381 «
264 1358 323 1384 Filii
344 1365 407 1391 ergo
428 1357 519 1384 missio
540 1360 580 1384 est
593 1357 651 1391 ipsa
666 1357 816 1383 incarnatit)
828 1356 837 1369 ³
851 1367 875 1383 ».
889 1356 927 1382 Eo
942 1356 1012 1382 enim
1028 1356 1088 1382 mis-

235 1409 280 1428 sus
299 1404 353 1432 est,
372 1401 444 1435 quod
465 1401 490 1427 in
511 1400 595 1427 forma
616 1400 732 1426 hominis
752 1399 851 1426 mundo
873 1399 986 1425 visibilis
1006 1406 1087 1433 appa-

235 1444 303 1475 ruit,
323 1443 356 1470 de
375 1451 429 1477 quo
449 1443 552 1477 supra⁴
572 1443 736 1469 sufficienter
754 1442 855 1468 dietum
877 1445 923 1468 est.

612 1516 672 1543 CAP.
694 1516 710 1542 I.

329 1588 417 1620 Quare
437 1587 527 1614 Filius
548 1595 657 1614 earnem
677 1586 822 1617 assumsit,
842 1594 898 1613 ozon
918 1586 999 1612 Pater

500 1630 544 1657 vel
562 1629 682 1665 Spiritus
701 1634 817 1656 sanetus

305 1702 450 1736 Diligenter
470 1709 533 1728 vero
553 1705 593 1728 est
612 1701 808 1733 annotandum,
829 1707 912 1735 quare
927 1700 1019 1732 Filius,
1033 1707 1085 1726 non

234 1747 313 1773 Pater
333 1746 374 1773 vel
395 1746 511 1780 Spiritus
530 1748 654 1777 sanctus,
674 1747 713 1771 est
733 1745 895 1771 incarnatus.
917 1744 995 1771 Solus
1015 1751 1086 1770 uam-

234 1797 288 1824 que
308 1789 391 1816 Filius
405 1789 540 1815 hominem
564 1788 697 1814 assumsit.
711 1787 786 1819 Quod
810 1787 904 1822 utique
918 1787 1012 1814 ordine
1025 1794 1086 1813 eon-

234 1839 301 1865 gruo
327 1835 408 1866 atque
436 1831 489 1858 alto
510 1831 555 1858 Dei
576 1831 708 1865 saplentia
729 1831 789 1857 fecit
810 1830 936 1861 consilio,
957 1833 986 1856 ut
1006 1830 1085 1861 Deus,

234 1875 280 1910 qui
302 1876 326 1901 in
346 1875 477 1909 sapientia
492 1882 540 1901 sua
554 1874 684 1901 mundum
704 1873 874 1904 condiderat,
894 1873 1043 1900 secundum
1059 1873 1086 1898 il-

233 1918 317 1945 ]ud⁵:
340 1918 439 1945 Omnia
459 1918 488 1944 in
507 1917 642 1952 supientia
669 1916 771 1952 jecisti,
791 1917 921 1947 Domine,
941 1918 967 1943 Iu
991 1917 1085 1943 eadem

234 1969 302 1997 quae
321 1961 351 1988 in
371 1960 450 1988 caelis
469 1965 533 1987 sunt
551 1964 575 1987 et
594 1968 661 1995 qitcte
682 1960 711 1987 in
732 1959 810 1986 terris
823 1964 998 1987 restauraret.
1014 1961 1085 1987 Haec

234 2007 274 2031 cst
287 2004 384 2031 mulIer
397 2003 560 2037 evangelica,
574 2010 644 2038 quae
657 2002 777 2029 accendit
793 2002 931 2029 lucernam
950 2005 975 2029 ct
991 2001 1086 2028 [li-acli-

233 2055 308 2074 mam.
326 2046 474 2078 decimam,
496 2054 566 2082 quae
586 2046 691 2081 perdita
712 2046 812 2078 suerat,
827 2045 962 2080 reperit⁶,
977 2045 1086 2080 Sapien-

233 2091 270 2117 tia
290 2091 393 2117 scilicet
412 2090 510 2123 Patris,
538 2097 608 2124 quae
638 2093 731 2116 testam
760 2089 895 2116 humanae
924 2089 1086 2115 infirmitatis

232 2134 333 2160 lumine
353 2141 418 2161 suae
431 2134 579 2160 divinitatis
601 2132 725 2160 accendit
744 2132 936 2166 perditumque
949 2132 1085 2158 hominem

234 2178 385 2211 reparavit,
405 2177 513 2204 nomine
531 2177 602 2210 regis
622 2180 648 2203 et
667 2176 783 2210 imagine
800 2175 1009 2209 insiguitum.-
1024 2175 1086 2202 Ideo

106 2233 160 2252 3250
179 2239 223 2252 0011.
236 2221 316 2247 etiam
334 2220 418 2246 Filius
437 2220 535 2246 missus
555 2223 608 2251 est,
628 2222 654 2246 et
675 2227 726 2245 uon
746 2219 836 2251 Pater,
857 2219 920 2253 quia
936 2225 1087 2251 congruen-

93 2257 197 2280 gruentiae.

235 2263 288 2290 tius
307 2264 374 2290 mitti
394 2263 510 2290 debebat
536 2263 583 2297 qui
612 2266 652 2289 est
672 2263 705 2289 ab
725 2262 793 2295 alio,
822 2269 902 2296 quam
932 2263 978 2296 qui
1005 2266 1044 2288 est
1070 2270 1085 2289 a

234 2307 324 2339 nullo;
345 2307 427 2333 Filitls
448 2310 537 2333 autem
556 2314 571 2333 a
591 2306 668 2332 Patre
685 2308 737 2338 est,
750 2306 829 2332 Pater
842 2312 906 2332 vero
920 2312 936 2332 a
951 2305 1022 2331 nullo
1037 2309 1084 2331 est.

232 2350 266 2377 Ut
285 2351 356 2377 euim
374 2351 411 2376 ait
438 2350 603 2383 Augustinus
623 2350 649 2375 in
668 2349 737 2376 libro
757 2349 791 2375 (le
810 2348 976 2376 Trinitate⁷:
1002 2360 1013 2371 «
1026 2349 1085 2375 Yon

233 2394 304 2420 enim
328 2394 409 2420 habet
428 2393 462 2420 de
481 2400 535 2428 quo
555 2393 626 2419 sit».
653 2403 662 2415 n
677 2392 752 2419 Sicut
779 2399 842 2425 ergo
871 2392 949 2418 Pater
976 2392 1085 2425 genuit,

232 2437 316 2463 Filius
335 2436 440 2471 genitus
459 2439 512 2468 est,
534 2436 569 2462 ita
589 2442 707 2469 congrue
726 2435 804 2462 Pater
824 2435 910 2468 misit,
931 2434 1013 2461 Filius
1026 2435 1087 2460 mis-

233 2487 279 2506 sus
298 2483 337 2506 est
350 2490 373 2505 n.
394 2491 404 2502 «
418 2479 458 2506 Ab
479 2479 524 2505 illo
545 2479 615 2505 enim
629 2478 820 2505 convenienter
834 2478 949 2504 mittitur
963 2478 1009 2504 Dei
1025 2478 1087 2513 Ver-

233 2522 310 2553 bum,
330 2522 408 2549 cuius
429 2525 468 2549 est
488 2521 609 2549 verbum.
623 2522 664 2548 Ab
679 2522 723 2548 illo
737 2521 865 2552 mittitur,
879 2521 913 2548 de
927 2528 980 2555 quo
994 2524 1085 2547 natum

1146 883 1193 907 est.
1213 880 1326 907 Mittitur
1345 880 1417 915 quod
1438 880 1557 914 genitum
1577 883 1624 906 est.
1638 880 1715 906 Pater
1729 886 1806 911 vero,
1820 879 1867 913 qui
1886 878 1966 910 misit,
1981 885 1996 904 a

1146 924 1218 950 nullo
1237 927 1278 950 est
1292 935 1315 950 ι».
1334 924 1451 958 Ideoque
1471 924 1549 950 Pater
1567 923 1665 950 missus
1684 930 1736 949 nou
1757 925 1810 953 est,
1831 929 1878 955 ue,
1898 922 1921 948 si
1940 921 1997 948 mit-

1144 970 1254 999 teretur,
1269 967 1302 993 ab
1316 967 1368 993 alio
1384 974 1441 993 esse
1456 969 1605 1001 putaretur.
1618 980 1654 985 —
1667 966 1762 992 Missus
1775 968 1814 991 est
1828 972 1892 998 ergo
1907 965 1994 999 primo
2009 969 2080 995 Duplex
2095 969 2139 987 mis-

1145 1010 1245 1042 Filius,
1266 1011 1329 1045 quia
1349 1018 1365 1037 a
1383 1010 1439 1037 solo
1460 1011 1538 1036 Patre
1566 1013 1622 1040 est;
1652 1009 1750 1036 deiude
1780 1009 1861 1035 etiam
1880 1008 1996 1042 Spiritus

1145 1054 1335 1088 sanctus‚·qui
1355 1056 1395 1080 est
1414 1060 1429 1080 a
1449 1054 1526 1079 Patre
1547 1056 1573 1079 et
1591 1053 1666 1079 Filio.
1693 1052 1745 1079 Sed
1771 1052 1854 1078 Filius
1877 1051 1950 1077 solus
1970 1051 1996 1077 in

1145 1104 1227 1123 carne
1247 1097 1345 1123 missus
1364 1099 1418 1128 est,
1434 1104 1484 1122 uon
1499 1096 1615 1130 Spiritus
1629 1099 1750 1128 sanctus,
1764 1095 1835 1121 sicut
1848 1102 1898 1121 nec
1911 1095 1996 1121 Pater.

1145 1139 1221 1171 Quod
1249 1139 1310 1166 ideo
1340 1139 1439 1165 factum
1468 1141 1522 1170 est,
1542 1139 1636 1173 utqui
1660 1139 1762 1165 eratin
1782 1138 1923 1164 divinitate
1948 1137 1995 1163 Dei

1144 1183 1228 1209 Filius
1252 1182 1277 1208 in
1298 1182 1465 1209 humanitate
1493 1182 1568 1208 tieret
1588 1181 1704 1208 hominis
1731 1180 1808 1207 silius.
1834 1180 1893 1206 Non
1919 1180 1997 1206 Pater

1146 1226 1186 1252 vel
1207 1226 1323 1260 Spiritus
1343 1228 1452 1252 sauctus
1471 1232 1579 1252 carnem
1601 1225 1701 1257 induit,
1720 1231 1753 1250 ue
1767 1224 1836 1250 alius
1856 1223 1882 1249 in
1902 1222 1998 1249 divini-

1146 1272 1198 1295 tate
1219 1271 1288 1295 esset
1308 1268 1405 1299 Filius,
1426 1268 1494 1295 alius
1514 1268 1540 1294 iu
1560 1267 1741 1298 humanitate,
1756 1270 1781 1293 et
1795 1274 1828 1293 ne
1842 1266 1913 1293 idem
1927 1268 1996 1292 esset

1145 1312 1222 1338 Pater
1242 1314 1267 1338 et
1287 1311 1384 1343 Filius,
1404 1311 1425 1337 si
1446 1312 1517 1337 Deus
1537 1311 1614 1337 Pater
1640 1311 1673 1337 de
1702 1310 1810 1336 homine
1830 1312 1994 1336 nasceretur.

1145 1355 1221 1381 Unde
1240 1355 1266 1381 in
1286 1355 1484 1381 Ecclesiasticis
1504 1354 1674 1387 dogmatibus
1686 1353 1712 1380 ⁸:
1739 1365 1749 1376 «
1767 1353 1825 1379 Non
1844 1353 1921 1379 Pater
1941 1360 1997 1379 car—

1146 1405 1206 1424 nem
1226 1398 1354 1424 assumsit
1372 1405 1460 1432 neque
1479 1397 1596 1431 Spiritus
1617 1399 1741 1429 sanctus,
1760 1396 1807 1423 sed
1836 1395 1919 1422 Filius
1943 1398 1997 1422 tan-

1146 1443 1216 1473 tum,
1237 1444 1265 1467 ut
1285 1441 1331 1475 qui
1352 1444 1409 1466 erat
1428 1441 1454 1466 iu
1475 1440 1615 1466 divinitate
1634 1439 1681 1466 Dei
1696 1439 1793 1470 Filius,
1808 1438 1865 1473 ipse
1879 1438 1954 1464 fieret
1970 1437 1997 1463 in

1144 1484 1253 1511 homine
1273 1484 1390 1510 hominis
1409 1483 1494 1515 tilius,
1507 1491 1539 1509 ne
1551 1482 1607 1517 filii
1625 1489 1721 1509 nomen
1736 1482 1769 1508 ad
1784 1481 1897 1508 alterum
1912 1484 1997 1507 traus-

1145 1528 1209 1561 iret,
1238 1527 1284 1562 qui
1304 1535 1356 1553 non
1383 1530 1453 1553 esset
1473 1530 1581 1553 aeterna
1601 1526 1740 1552 nativitate
1760 1525 1838 1551 tilius.
1859 1524 1906 1552 Dei
1933 1531 1996 1557 ergo

1146 1571 1228 1597 Filius
1248 1571 1365 1597 hominis
1385 1570 1471 1597 factus
1490 1573 1530 1596 est
1549 1569 1632 1601 filius,
1655 1572 1734 1595 natus
1762 1568 1911 1595 secundum
1930 1567 1998 1594 veri-

1145 1618 1227 1641 tatem
1247 1617 1358 1641 naturae
1378 1621 1411 1640 ex
1431 1614 1486 1640 Deo
1507 1613 1552 1640 Dei
1573 1613 1674 1644 Filius,
1694 1616 1720 1639 et
1739 1611 1889 1639 secuudum
1903 1612 1998 1638 verita-

1145 1661 1198 1684 tem
1218 1660 1330 1684 naturae
1351 1664 1384 1683 ex
1404 1657 1511 1683 homine
1530 1656 1647 1683 hominis
1661 1655 1746 1688 filius,
1760 1658 1789 1682 ut
1803 1655 1901 1681 veritas
1915 1654 1997 1688 geniti

1145 1708 1196 1727 non
1218 1700 1377 1734 adoptione,
1397 1707 1449 1726 nou
1470 1700 1666 1734 appellatione,
1685 1699 1732 1725 sed
1753 1699 1777 1725 in
1797 1701 1913 1733 utraque
1933 1698 1998 1725 nati-

1145 1744 1226 1770 vitate
1253 1742 1310 1777 filii
1337 1750 1433 1769 nomeu
1463 1742 1598 1769 nascendo
1623 1741 1750 1773 haberet,
1776 1745 1801 1767 et
1821 1745 1891 1767 esset
1917 1748 1997 1767 verus

1144 1787 1215 1813 Deus
1235 1790 1260 1813 et
1279 1794 1361 1813 verus
1381 1787 1461 1812 homo
1481 1793 1553 1812 ianus
1570 1784 1654 1821 filius.
1674 1785 1731 1811 Non
1755 1792 1818 1819 ergo
1838 1784 1906 1810 duos
1924 1783 1998 1810 Chri-

1143 1833 1198 1856 stos
1218 1837 1305 1863 neque
1334 1829 1402 1856 duos
1430 1829 1514 1861 tilios,
1534 1828 1581 1855 sed
1600 1829 1685 1855 Deum
1706 1831 1732 1854 et
1751 1828 1887 1855 hominem
1913 1834 1996 1854 unum

1145 1873 1243 1904 filium,
1263 1880 1343 1907 quem
1363 1876 1506 1907 propterea
1536 1875 1562 1898 et
1590 1871 1762 1907 ztiiiqenitum
1791 1871 1921 1903 dicimus,
1943 1878 1997 1897 ma-

1145 1919 1250 1943 nentem
1271 1916 1297 1942 in
1318 1916 1423 1942 duabus
1443 1915 1616 1947 substantiis,
1636 1915 1706 1941 sicut
1725 1915 1748 1941 ei
1768 1917 1880 1941 naturae
1897 1914 1996 1941 veritas

1144 1960 1271 1992 contulit,
1291 1967 1343 1986 non
1364 1959 1482 1986 eonsusiS
1512 1959 1614 1985 naturis
1643 1965 1730 1992 neque
1759 1958 1901 1989 immixtis,
1926 1957 1997 1984 sicut

1143 2003 1311 2029 Timotheani
1326 2002 1427 2034 volunt,
1441 2002 1487 2029 sed
1503 2002 1631 2029 societate
1645 2001 1727 2028 unitis
1740 2012 1764 2027 ».
1776 2016 1810 2020 ——
1820 2001 1891 2027 Ecce
1903 2000 1996 2032 habes,

1145 2054 1229 2081 quare
1248 2046 1346 2078 Filius,
1368 2054 1420 2072 non
1440 2046 1518 2072 Pater
1538 2045 1580 2072 vel
1600 2045 1716 2080 Spiritus
1736 2047 1862 2076 sanctus,
1887 2051 1996 2071 carnem

1145 2090 1309 2116 assumserit.

1513 2163 1573 2190 CAP.
1594 2163 1622 2190 II.

1148 2236 1243 2262 Utrum
1262 2235 1343 2260 Pater
1363 2234 1407 2261 vel
1425 2234 1544 2269 Spiritus
1567 2239 1675 2261 sanctus
1701 2235 1818 2270 poluerit
1844 2235 1994 2263 incarnari.

1216 2305 1242 2332 Si
1264 2312 1327 2331 vero
1347 2305 1504 2339 quaeritur,
1524 2308 1614 2332 utrum
1634 2306 1711 2332 Pater
1736 2306 1778 2332 vet
1804 2306 1919 2340 Spiritus
1938 2314 1996 2333 san-

1145 2351 1204 2375 ctus
1224 2348 1358 2374 incarnari
1377 2347 1509 2383 potuerit,
1531 2348 1571 2374 vel
1592 2348 1672 2375 etiam
1701 2349 1781 2375 modo
1806 2350 1905 2384 possit,
1931 2357 1995 2376 sane

1144 2391 1302 2426 responderi
1323 2394 1411 2426 potest
1422 2391 1446 2425 ⁹,
1466 2395 1492 2418 et
1511 2392 1631 2426 potuisse
1645 2392 1707 2418 olim
1723 2395 1748 2418 et
1763 2400 1841 2426 posse
1854 2400 1926 2419 nuuc
1940 2400 1995 2419 car-

1145 2442 1205 2462 nem
1233 2442 1341 2462 sumere
1361 2438 1386 2461 et
1406 2435 1541 2461 hominem
1563 2435 1619 2461 fieri
1641 2438 1693 2462 tam
1713 2436 1817 2462 Patrem
1838 2443 1919 2470 quam
1938 2436 1996 2470 Spi-

1145 2479 1225 2505 ritum
1245 2481 1375 2505 sanctum.
1397 2478 1472 2504 Sicut
1491 2478 1562 2504 enim
1581 2478 1664 2505 Filius
1683 2479 1764 2505 homo
1784 2479 1869 2506 faetus
1889 2481 1936 2511 est,
1958 2479 1994 2506 ita

1145 2521 1223 2547 Pater
1242 2521 1284 2547 vel
1305 2520 1421 2555 Spiritus
1440 2524 1549 2547 sanctus
1568 2521 1656 2555 potuit
1675 2524 1700 2548 et
1719 2524 1815 2555 potest.

297 2640 304 2654 ¹
324 2641 402 2663 Plures
419 2640 487 2663 codd.
503 2640 641 2670 Eranyetia.

296 2679 306 2693 2
323 2679 371 2701 Gal.
390 2679 411 2705 4,
430 2679 450 2701 4.
469 2680 567 2708 Vulgata
585 2680 615 2702 At
640 2679 682 2702 ubi
697 2679 766 2702 venit.
784 2679 840 2702 Cod.
858 2680 876 2701 D
896 2679 998 2708 Quando
1017 2679 1086 2708 venit,

234 2719 257 2741 ln
276 2718 320 2740 tine
338 2721 411 2740 textus
428 2719 479 2741 cod.
496 2719 512 2740 E
530 2722 551 2741 et
568 2719 612 2741 Ers.
630 2721 652 2741 et
669 2719 730 2747 edd,
748 2723 842 2747 excepta
861 2720 885 2745 9,
903 2720 931 2742 ut
948 2719 973 2741 in
984 2718 1086 2748 adoptio-

236 2764 313 2781 nem...
330 2758 498 2788 reciperemur.
517 2758 605 2781 Deinde
623 2759 744 2787 respicitur
756 2759 790 2781 Ps.
808 2759 860 2787 tol,
883 2758 924 2787 ¹43
944 2759 978 2781 Ps.
998 2758 1034 2787 64,
1053 2759 1085 2787 [2,

237 2799 259 2820 et
276 2797 336 2819 loen.
356 2798 375 2825 l,
398 2796 431 2819 17.

298 2835 308 2850 3
324 2837 428 2864 August„
446 2837 468 2857 in
486 2836 546 2858 Ioan.
565 2836 640 2859 Tract.
660 2836 695 2859 sit).
714 2843 735 2859 n.
754 2837 774 2859 6.

298 2874 307 2889 ⁴
325 2875 385 2897 Libr.
399 2875 412 2897 l.
426 2875 447 2897 d.
459 2875 508 2898 XV.
517 2881 536 2897 c.
550 2876 571 2898 2.
582 2888 611 2891 ——
621 2876 695 2904 Supra
706 2882 748 2904 pro
760 2876 849 2899 mzmdo
862 2876 913 2899 cod.
925 2877 940 2898 Ε
951 2876 975 2899 in
987 2876 1084 2899 Ἱηηητίο.

298 2914 307 2929 5
326 2915 406 2937 Psalm.
429 2915 476 2943 103,
497 2914 533 2943 at,
552 2915 636 2937 deinde
653 2916 774 2943 respicitur
789 2916 845 2944 Eph.
868 2916 885 2938 l.
908 2916 941 2938 ¹0.
958 2928 990 2932 —
1009 2915 1085 2938 Verba

237 2953 263 2977 in
280 2953 361 2977 eudem
378 2954 438 2983 edd,
456 2957 549 2982 excepta
569 2955 577 2976 l
592 2972 597 2983 ‚
616 2957 767 2982 transponunt
785 2955 807 2976 iu
826 2955 894 2978 finem
913 2956 1084 2984 propositionis.

299 2993 308 3008 ⁵
326 2994 381 3016 Luc.
395 2994 430 3023 15,
444 2995 464 3016 8.
478 3000 542 3023 seqq.
554 2993 610 3016 Tota
621 2994 677 3016 haec
686 2995 797 3022 expositio
808 2997 882 3017 sumta
895 2997 929 3017 est
941 3001 967 3017 ex
980 2995 1084 3023 Gregor.,

1145 2641 1211 2663 Ilom.
1230 2640 1266 2663 34.
1285 2641 1307 2662 in
1325 2641 1412 2669 Evang.
1431 2648 1452 2663 n.
1471 2641 1492 2668 6,
1511 2642 1549 2670 qui
1568 2641 1625 2663 inter
1642 2641 1684 2663 alia
1702 2640 1767 2663 dicit:
1786 2641 1888 2662 Lucerna
1906 2640 1992 2668 quippe

1144 2680 1220 2702 lumen
1238 2680 1260 2701 in
1280 2683 1334 2702 testa
1352 2683 1399 2708 estg
1417 2680 1495 2702 lumen
1514 2686 1569 2702 vero
1587 2681 1608 2702 in
1627 2683 1682 2702 testa
1700 2683 1733 2702 est
1751 2679 1859 2701 divinitas
1876 2680 1897 2701 in
1916 2685 1992 2707 carne,

1144 2719 1173 2741 de
1190 2725 1234 2748 qua
1253 2719 1360 2741 videlicet
1377 2720 1434 2742 lesia
1453 2719 1487 2741 sui
1506 2720 1610 2747 corporis
1626 2719 1680 2741 dicit
1697 2720 1746 2746 ipsa
1759 2718 1873 2746 sapienda
1891 2718 1936 2745 (ΡΞ.
1954 2718 1992 2746 -21,

1148 2758 1204 2787 16.);
1222 2757 1329 2781 Emeruit
1346 2758 1409 2781 velut
1425 2759 1483 2781 testa
1501 2757 1577 2781 virtus
1593 2764 1653 2781 mea.
1672 2758 1729 2786 Quia
1747 2758 1807 2779 enim
1826 2759 1882 2779 testa
1900 2758 1921 2779 in
1939 2757 1993 2785 igne

1143 2797 1262 2825 solidatur,
1280 2798 1330 2820 eius
1346 2798 1421 2820 virtus
1438 2798 1497 2820 sicut
1514 2800 1570 2819 testa
1588 2797 1683 2819 exaruit.

1206 2836 1215 2851 ⁷
1232 2837 1293 2859 Libr.
1311 2837 1347 2860 IV.
1365 2843 1384 2859 c.
1403 2838 1440 2859 20.
1458 2843 1479 2859 n.
1499 2837 1534 2859 28.
1554 2837 1590 2859 29.
1608 2839 1630 2859 et
1646 2837 1730 2858 iterum
1748 2836 1826 2857 28.—-
1839 2835 1907 2857 Paulo
1925 2841 1991 2863 supe-

1142 2877 1190 2898 rius
1208 2882 1250 2904 pro
1267 2882 1283 2899 α
1299 2875 1366 2899 nullo
1384 2877 1418 2899 est
1434 2876 1502 2898 codd.
1520 2879 1542 2898 ct
1558 2875 1594 2898 ed.
1613 2876 1626 2896 6
1644 2881 1659 2897 a
1675 2874 1742 2897 nullo
1757 2874 1805 2897 (ιῖἱο
1823 2875 1863 2897 est.
1882 2887 1911 2890 —
1924 2875 1991 2903 Quod

1142 2916 1246 2944 sequitur
1263 2918 1366 2938 sumtum
1384 2918 1418 2938 est
1434 2922 1461 2937 ex
1478 2915 1575 2942 IIugone
1592 2914 1614 2936 Il.
1634 2914 1662 2936 de
1680 2914 1781 2936 Sacram.
1794 2920 1816 2942 p.
1835 2914 1849 2936 I.
1868 2920 1886 2936 c.
1906 2915 1926 2936 -2,

1205 2954 1215 2969 ὃ
1232 2953 1286 2982 Cap.
1301 2955 1321 2976 2.
1337 2953 1485 2977 Timotlzeani
1496 2956 1607 2976 vocantur
1620 2954 1653 2975 sic
1665 2959 1677 2975 a
1688 2953 1816 2981 Timotheo,
1828 2953 1975 2981 Eutychiano.

1204 2994 1214 3009 ⁹
1232 2994 1283 3016 Vat.
1300 2995 1390 3023 posset,
1410 2993 1460 3016 cod.
1478 2994 1495 3015 B
1512 2997 1534 3016 et
1551 2993 1604 3015 edd.
1623 2993 1643 3019 3,
1664 2992 1683 3021 4,
1702 2992 1723 3021 5,
1741 2992 1762 3021 7,
1782 2993 1795 3015 9
1810 2992 1892 3022 possit.

2045 998 2079 1011 Sto.

2010 1359 2124 1378 Gennadius.
