2166 3366
175 2584 204 2602 Ad
218 2584 281 2607 opposi

300 205 356 234 436

972 202 1222 231 SENTENTIARUM
1244 203 1304 231 LlB.
1326 203 1365 231 lll.

595 334 1031 383 COMMENTARIUS
1065 334 1127 382 IN
1160 334 1598 382 DISTINOTIONEM
1630 334 1748 382 XXI.

867 450 912 483 De
929 449 996 495 ipsa
1014 450 1233 495 pretiosissima
1250 455 1345 483 morte
1363 450 1484 483 Christi.

838 557 910 585 Post
935 556 1089 593 praedicta
1117 556 1365 585 considerandum
1393 559 1434 584 est
1461 558 1512 584 etc.

1032 655 1154 684 DlVlSIO
1176 655 1312 693 TEXTUS.

379 757 470 793 Supra
498 756 553 793 egit
581 755 710 792 Magister
738 755 773 784 de
803 754 990 784 sacratissima
1018 754 1118 783 Christi
1134 754 1144 770 ¹

300 804 436 841 passione.
466 803 494 831 In
522 803 575 831 hac
603 805 682 840 parte
710 803 766 839 agit
795 802 829 831 de
858 802 1056 839 pretiosissima
1085 802 1145 830 eius

301 853 405 884 morte,
427 857 499 887 quae
520 849 644 878 consistit
674 849 701 878 in
724 849 897 886 separatione
918 849 1026 877 animae
1048 856 1062 876 a
1089 856 1145 887 car-

300 905 342 926 ne.
372 897 512 925 Dividitur
533 899 626 925 autem
656 896 707 925 ista
738 904 803 933 pars
832 896 858 924 in
887 896 958 925 duas
986 898 1087 933 partes.
1117 895 1145 923 ln

301 952 420 982 quarum
440 944 532 981 prima
553 943 720 972 determinat
735 943 769 972 de
790 943 850 980 ipsa
865 943 1046 980 separatione.
1062 943 1090 970 In
1107 950 1146 971 se-

301 992 392 1021 cunda
417 992 474 1028 agit
495 991 529 1020 de
555 990 789 1028 consequentibus
815 991 903 1027 ipsam
926 990 1144 1026 separationem,

301 1039 372 1067 infra
393 1038 567 1067 distinctione
589 1038 723 1074 vigesima
744 1037 881 1066 secunda:
901 1037 956 1065 Hic
978 1036 1143 1075 quaeritur,

300 1088 402 1114 utrum
423 1084 454 1113 in
475 1084 523 1113 illo
545 1084 644 1112 triduo
665 1087 716 1113 etc.

379 1131 470 1159 Prima
485 1138 550 1167 pars
565 1130 700 1159 dividitur
720 1130 747 1158 in
763 1130 834 1158 duas
856 1132 957 1166 partes.
972 1129 1001 1157 In
1023 1137 1144 1166 quarum

301 1179 390 1215 prima
411 1178 468 1215 agit
486 1178 520 1206 de
535 1177 709 1214 separatione
730 1177 839 1205 animae
854 1185 869 1205 a
891 1184 974 1205 carne
989 1176 1016 1204 in
1038 1184 1146 1213 compa-

302 1226 406 1254 ratione
427 1225 462 1253 ad
483 1224 627 1253 Deitatem.
651 1224 679 1252 ln
701 1223 822 1252 secunda
844 1223 900 1259 agit
915 1223 950 1252 de
971 1223 1145 1259 separatione

300 1272 408 1300 animae
436 1279 452 1299 a
480 1266 563 1300 carne
592 1270 747 1299 secundum
775 1269 1030 1306 Comparationem,
1059 1278 1144 1306 quam

301 1319 404 1347 liabent
424 1318 459 1347 ad
482 1318 618 1347 invicem.
640 1317 696 1345 ibi:
724 1317 877 1345 Deeedente
893 1316 902 1330 ²
930 1325 997 1345 vero
1023 1317 1143 1350 anima,

300 1369 419 1394 mortua
440 1369 482 1393 est
507 1373 578 1393 caro
602 1363 719 1392 Christi.
748 1363 839 1392 Prima
866 1371 931 1400 pars
953 1363 1089 1392 dividitur
1116 1363 1144 1391 in

301 1413 371 1441 duas
392 1415 493 1449 partes.
520 1412 549 1440 In
576 1419 697 1448 quarum
719 1411 809 1448 prima
832 1411 962 1448 inquirit,
990 1414 1087 1439 utrum
1117 1410 1143 1438 in

1203 756 1291 782 morte
1312 753 1417 787 anima,
1439 753 1482 782 vel
1504 761 1569 782 caro
1590 753 1625 781 sit
1646 756 1774 791 separata
1795 762 1811 782 a
1832 754 1936 789 verbo,
1958 754 2048 784 deter-

1203 801 1312 829 minans
1334 800 1488 829 veritatem.
1517 800 1545 828 ln
1568 800 1689 829 secunda
1718 803 1797 837 parte
1821 800 1873 829 hoc
1901 800 2048 829 confirmat

1202 855 1253 884 per
1274 847 1483 881 auctoritatem,
1505 846 1561 875 ibi:
1584 846 1667 875 Sicut
1687 847 1874 884 Augustinus
1903 847 1982 876 docet
2001 856 2048 876 su-

1202 903 1253 932 per
1276 895 1421 923 Ioannem.
1444 894 1536 922 Prima
1557 901 1623 931 pars
1645 893 1780 923 dividitur
1802 894 1829 922 in
1851 897 1972 932 quatuor
1986 903 2048 932 par-

1203 944 1251 970 tes.
1268 941 1295 969 ln
1317 948 1437 978 quarum
1453 940 1544 977 prima
1565 940 1695 977 proponit
1709 940 1837 977 Magister
1857 940 2047 978 quaestionem

1202 992 1229 1017 et
1243 988 1357 1025 opponit
1371 988 1406 1016 ad
1421 992 1528 1025 partem
1550 987 1647 1016 falsam
1665 987 1683 1014 ³.
1706 987 1734 1015 In
1756 987 1879 1016 secunda
1897 995 1963 1016 vero
1985 987 2048 1016 sub-

1202 1035 1291 1072 iungit
1316 1034 1590 1069 determinationem,
1613 1034 1665 1063 ibi:
1691 1034 1802 1070 Quibus
1825 1034 2047 1072 respondemus,

1202 1082 1285 1111 illam
1305 1082 1520 1119 separationem.
1536 1086 1586 1111 etc.
1609 1082 1638 1110 ln
1653 1082 1734 1110 tertia
1757 1090 1822 1110 vero
1837 1082 1955 1110 resumit
1976 1082 2048 1111 obie-

1202 1130 1320 1158 ctionem
1342 1130 1429 1167 partis
1449 1129 1601 1163 adversae,
1623 1129 1679 1157 ibi:
1706 1128 1769 1157 Alii
1789 1137 1900 1167 quoque
1922 1128 2048 1157 auetori-

1203 1176 1258 1204 tati
1277 1176 1446 1205 innituntur
1467 1179 1518 1205 ete.
1540 1176 1568 1204 In
1591 1179 1692 1213 quarta
1714 1183 1781 1204 vero
1801 1179 1829 1204 et
1850 1175 1949 1204 ultima
1970 1176 2047 1213 ponit

1203 1223 1461 1252 determinationem
1490 1227 1517 1251 et
1545 1223 1747 1260 expositionem
1775 1223 1948 1252 auctoritatis
1969 1222 2047 1251 indu-

1202 1273 1279 1304 ctae,
1300 1270 1336 1298 ibi
1350 1280 1355 1297 z
1374 1270 1484 1305 Quibus
1499 1270 1723 1307 respondemus,
1738 1269 1814 1308 quod
1827 1269 1855 1297 si
1868 1269 1900 1297 iu
1921 1268 1967 1297 liis
1986 1277 2046 1297 vei·-

1203 1316 1245 1344 bis
1274 1319 1324 1345 etc.
1343 1333 1381 1336 —
1403 1316 1611 1345 Subdivisiones
1636 1319 1729 1345 autem
1756 1315 1868 1344 illarum
1885 1315 1894 1328 ⁴¹
1923 1315 2046 1352 partium

1203 1363 1268 1391 satis
1290 1362 1503 1391 manifestantur
1526 1362 1551 1390 in
1573 1363 1672 1391 littera.

950 1517 1134 1545 TRACTATIO
1156 1516 1398 1553 QUAESTIONUM.

379 1617 417 1646 Ad
440 1617 649 1654 intelligentiam
672 1619 766 1645 autem
788 1616 873 1645 huius
888 1616 976 1653 partis
991 1615 1087 1644 incidit
1101 1615 1146 1644 hic

301 1664 426 1702 quaestio
447 1664 521 1693 cirea
543 1664 607 1693 duo.
668 1654 673 1660 ⁶

380 1711 471 1740 Primo
486 1712 559 1740 enim
582 1711 728 1748 quaeritur
743 1711 777 1739 de
792 1710 851 1747 ipsa
866 1709 1052 1747 separatione,
1074 1717 1146 1745 quae

300 1759 371 1787 facta
399 1762 440 1787 est
468 1759 495 1787 iu
517 1760 607 1786 morte
636 1765 687 1794 per
715 1756 948 1794 comparationem
978 1756 1013 1784 ad
1036 1755 1146 1783 unionis

303 1805 455 1834 vinculum.

379 1852 506 1881 Secundo
527 1859 577 1888 per
599 1850 834 1887 comparationem
856 1850 891 1879 ad
907 1850 1035 1878 effectum
1057 1849 1146 1886 ipsius

301 1898 491 1936 separationis.

1282 1615 1360 1643 Circa
1381 1615 1504 1651 primum
1527 1617 1702 1651 quaeruntur
1724 1614 1784 1642 tria.

1282 1662 1373 1690 Primo
1394 1662 1555 1699 quaeritur,
1577 1664 1673 1690 utrum
1690 1661 1717 1689 in
1739 1664 1828 1689 morte
1849 1661 1933 1690 fuerit
1954 1660 2047 1689 anima

1204 1713 1331 1746 separata
1352 1717 1365 1736 a
1383 1708 1497 1737 Deitate.

1282 1756 1408 1784 Secundo
1430 1763 1511 1789 vero,
1538 1757 1634 1783 utrum
1656 1754 1748 1783 Deitas
1770 1754 1855 1783 fuerit
1882 1756 2010 1791 separata
2031 1761 2046 1782 a

1204 1810 1294 1830 carne.

1282 1849 1373 1877 Tertio
1393 1848 1551 1885 quaeritur,
1573 1852 1669 1876 utrum
1691 1848 1815 1877 Verbum
1830 1848 1915 1876 fuerit
1935 1847 2046 1876 unitum

1203 1895 1278 1924 carni
1301 1899 1327 1924 et
1348 1895 1456 1924 animae
1477 1895 1580 1932 duplici
1604 1895 1714 1924 unione.

1033 2005 1267 2039 ARTICULUS
1292 2006 1314 2038 Ι.

539 2103 580 2131 De
600 2102 802 2139 separatione,
824 2101 907 2139 faeta
929 2101 960 2129 in
982 2104 1085 2134 morte,
1104 2109 1158 2137 per
1181 2100 1429 2137 comparationem
1450 2100 1491 2128 rttl
1512 2099 1631 2128 unionis
1652 2099 1811 2128 vinculum.

1074 2198 1236 2235 QUAESTlO
1258 2199 1275 2226 1.

688 2288 792 2316 Utrum
813 2287 843 2315 in
865 2291 957 2315 morte
977 2286 1080 2315 anima
1105 2285 1215 2315 Christi
1235 2288 1376 2323 separata
1397 2284 1489 2322 frterit
1511 2293 1530 2313 a
1554 2285 1669 2313 Deitute.

380 2387 458 2415 Circa
473 2386 594 2423 primum
611 2386 649 2415 sic
666 2386 863 2423 proceditur'et
877 2385 1035 2422 quaeritur,
1050 2388 1146 2413 utrum

303 2434 329 2461 in
351 2436 440 2461 morte
468 2432 560 2460 anima
582 2435 709 2469 separata
731 2432 814 2461 fuerit
835 2440 850 2460 a
876 2432 991 2461 Deitate.
1020 2432 1051 2460 Et
1072 2431 1147 2468 quod

303 2480 356 2513 sie,
379 2479 498 2508 videtur.

384 2527 407 2553 1.
430 2526 537 2554 Ioannis
559 2526 701 2554 decimo5:
724 2525 898 2553 Potestatenz
920 2524 1008 2553 liabeo
1022 2524 1148 2561 ponendi

304 2573 437 2601 animant
465 2581 581 2606 meam,
610 2577 635 2600 et
659 2576 828 2609 potestatem
856 2571 944 2600 liabeo
973 2572 1079 2600 iterum
1100 2580 1146 2599 su-

303 2619 401 2647 mendi
420 2628 505 2652 edum
528 2619 576 2647 sed
598 2627 701 2656 ponere
722 2619 758 2647 ibi
781 2619 902 2647 animam
931 2626 985 2646 non
1007 2621 1048 2646 est
1069 2618 1145 2646 aliud

303 2674 385 2703 quam
415 2667 571 2703 deponere:
601 2674 667 2703 ergo
693 2666 714 2695 si
743 2666 793 2694 iste
822 2673 914 2694 sermo
942 2668 983 2694 est
1012 2672 1146 2701 personae

1204 2384 1261 2412 Filii
1290 2384 1355 2418 Dei,
1383 2383 1508 2417 videtur,
1537 2383 1611 2420 quod
1638 2382 1722 2411 Filius
1743 2382 1791 2411 Dei
1820 2382 1940 2410 animam
1967 2381 2048 2418 depo-

1204 2431 1292 2460 suerit
1313 2431 1338 2458 in
1366 2433 1471 2458 morte:
1495 2437 1561 2466 ergo
1580 2429 1606 2457 in
1630 2432 1718 2457 morte
1740 2429 1832 2457 anima
1846 2428 1898 2457 fuit
1919 2430 2045 2465 separata

1204 2485 1220 2505 a
1241 2477 1340 2505 Verbo.

1283 2524 1308 2551 ἓ.
1331 2523 1416 2557 item,
1444 2522 1510 2551 unio
1538 2522 1602 2550 facit
1629 2521 1906 2550 communicationem
1935 2521 2047 2549 idioma-

1204 2573 1263 2598 tum
1277 2570 1302 2604 ⁶3
1325 2570 1373 2598 sed
1395 2570 1422 2597 in
1444 2572 1533 2597 morte
1556 2568 1687 2597 idiomata
1708 2568 1755 2597 Dei
1783 2576 1836 2596 non
1862 2568 2047 2596 communica-

1204 2617 1306 2645 bantur
1327 2616 1453 2644 animae:
1477 2623 1542 2652 ergo
1557 2615 1584 2643 in
1606 2618 1695 2643 morte
1716 2623 1769 2643 non
1791 2615 1890 2643 mansit
1911 2614 1977 2642 unio
1991 2613 2044 2642 ani-

1204 2671 1265 2692 mae
1286 2664 1319 2692 ad
1343 2663 1487 2691 Deitatem.

366 2799 372 2812 ¹
391 2798 463 2821 Codcl.
481 2800 526 2821 GH
537 2800 568 2821 11,
579 2800 597 2821 T
608 2800 624 2821 U
636 2799 654 2821 V
665 2800 680 2821 Z
691 2806 715 2821 uu
727 2799 758 2821 bb
777 2798 824 2821 Dei.

364 2837 374 2851 ²
391 2837 446 2860 Cod.
464 2838 482 2859 i<
502 2844 554 2859 curn
573 2838 679 2865 Magistro
698 2837 827 2860 Ite-emente.

366 2875 376 2889 ³
394 2875 449 2897 Edd.
468 2876 604 2904 oppositam.

366 2913 374 2927 ⁴
392 2914 434 2935 Pro
452 2914 563 2942 illarum,
583 2915 644 2942 quod
658 2915 725 2937 codd.
738 2915 756 2936 H
767 2915 784 2936 T
803 2916 921 2943 omittunt,
934 2916 998 2937 multi
1011 2915 1077 2937 codd.
1090 2914 1147 2937 aliu-

305 2957 373 2979 rum,
393 2951 491 2973 subinde
508 2959 550 2979 pro
567 2952 751 2981 manifestantur
769 2953 819 2975 cod.
838 2954 858 2975 X
875 2953 1015 2983 manifeslae
1031 2955 1093 2976 sum.

368 2989 377 3003 ⁵
395 2990 457 3011 Vers.
478 2991 512 3012 lS.

1266 2796 1275 2808 ⁸
1292 2797 1336 2820 Csr.
1354 2803 1424 2825 supra
1451 2802 1502 2825 pag.
1524 2795 1562 2823 14,
1582 2798 1632 2818 nota
1651 2795 1672 2818 3.
1689 2807 1720 2811 —
1738 2795 1759 2816 ln
1777 2793 1865 2817 minori
1882 2800 1923 2821 pro
1941 2799 2043 2816 commu-

1204 2836 1346 2859 minabantur
1362 2835 1456 2858 zmirnae.
1473 2835 1525 2857 edd.
1544 2833 1751 2857 communicantur
1768 2832 1861 2855 animae
1877 2831 1909 2854 ad
1923 2831 2043 2855 Deitatem.

1203 2875 1259 2897 Edd.
1277 2876 1294 2903 l,
1307 2876 1320 2896 2
1333 2875 1438 2897 omittunt
1455 2874 1631 2896 conclusionem.
1650 2872 1735 2894 Deinde
1752 2874 1773 2893 et
1786 2872 1807 2893 in
1820 2877 1884 2899 seqq.
1902 2870 1969 2893 codd.
1988 2872 2044 2893 inter

1204 2920 1228 2936 se
1247 2914 1354 2936 differunt
1370 2912 1495 2935 scribentes
1512 2912 1548 2933 vel
1566 2911 1644 2934 Deitas
1661 2911 1696 2933 rel
1709 2909 1837 2937 Divinitas,
1853 2915 1894 2931 nec
1906 2910 1988 2937 singuli
2001 2910 2043 2932 sibi

1204 2956 1319 2981 constant,
1338 2952 1398 2975 unde
1417 2958 1460 2974 non
1479 2952 1595 2980 potuimus
1613 2950 1671 2972 bene
1689 2949 1840 2971 determinare
1858 2949 1999 2976 primitivam
2017 2949 2044 2971 le-

1205 2992 1309 3013 ctionem.
