2166 3366
748 168 828 196 DIST.
851 167 936 195 XXIII.
959 168 1031 196 ΛΒΤ.
1054 166 1071 194 1.
1092 166 1227 202 QUAEST.
1250 166 1278 194 Il.

219 248 247 275 Ξ.
269 247 344 280 Item,
365 246 537 283 Augustinus
553 246 588 274 de
607 245 729 274 Moribus
746 246 880 274 Ecclesiae
892 245 909 279 ¹,
931 245 983 274 vir-

137 296 224 322 tutem
257 293 393 321 deliniens
418 292 499 326 dicit,
521 292 596 329 quod
623 292 743 320 «virtus
764 300 818 320 nou
840 295 881 320 est
905 292 981 320 aliud

138 347 221 376 quam
254 347 333 367 amor
364 338 510 367 ordinatus
522 349 547 366 »z
570 346 636 374 crgo
667 338 689 366 si
719 338 809 366 omnis
831 338 920 367 virtus
941 341 983 366 est

139 393 234 419 amor,
255 385 439 413 essentialiter
474 385 627 421 loquendo,
658 384 748 413 omnis
782 385 870 412 virtus
891 388 932 413 est
955 384 981 412 in

137 440 170 461 ea
191 433 324 469 potentia,
346 432 426 460 cuius
448 434 489 460 est
510 439 621 464 amare;
643 431 690 459 sed
714 432 765 459 lioc
780 436 821 460 est
844 433 981 468 potentiae

137 479 294 512 affectWae,
316 486 368 506 nou
391 477 559 514 cognitivae:
581 485 648 513 ergo
669 477 759 505 omnis
781 478 870 506 virtus
891 481 932 506 est
954 478 980 506 in

138 525 259 563 potentia
279 525 414 553 allectiva.

216 572 242 600 3.
265 572 344 605 Item,
367 571 493 608 Magister
517 571 592 607 Ilugo
626 571 652 599 iu
675 571 746 599 libro
767 572 801 600 de
823 572 981 600 Sacramen-

137 618 191 647 tis’²
213 618 294 652 dicit,
316 618 390 655 quod
419 618 470 646 «in
492 618 594 646 affectu
616 617 680 646 sidei
703 618 858 646 substantia
880 619 981 655 reperi-

138 668 184 694 tur
196 676 208 691 »
216 676 223 699 ;
245 665 293 694 sed
316 665 341 693 iu
364 672 396 693 ea
418 664 539 701 potentia
560 667 602 693 est
624 665 713 693 virtus
729 669 859 701 tanquam
877 666 902 693 in
919 666 982 694 sub-

139 711 209 741 iecto
230 711 355 748 proprio,
378 711 404 739 in
426 719 482 748 quo
504 711 643 747 reperitur
675 711 735 740 eius
767 712 935 740 substantia:
958 712 980 741 si

138 765 204 795 ergo
227 758 293 787 liaec
315 761 356 786 est
377 757 498 794 potentia
519 757 658 791 affectiva,
681 758 792 786 videtur
812 762 862 787 etr.

216 805 243 834 lt.
266 805 348 839 Item,
370 804 396 832 in
418 804 496 833 nulla
517 804 639 841 potentia
660 808 700 833 est
716 805 805 833 virtus
821 805 894 837 fidei,
910 814 981 842 quae

137 851 225 889 possit
245 851 321 888 cogi,
342 851 419 888 quia.
441 851 513 880 sicut
533 851 599 880 dicit
621 851 790 887 Augustinus
800 851 818 883 ³,
839 860 925 880 «euni
942 860 983 881 ce-

139 901 198 926 tera
229 897 315 934 possit
346 898 429 926 homo
460 898 570 931 uolens,
603 898 718 926 credere
741 906 793 926 nou
818 902 907 935 potest
929 899 980 927 uisi

138 943 271 977 volens»;
293 943 341 972 sed
373 943 495 980 potentia
526 944 664 980 cognitiva
691 948 779 980 potest
810 945 884 981 cogi:
915 952 981 981 ergo

137 989 208 1019 fides
234 998 288 1018 non
311 993 399 1027 potest
420 998 481 1019 esse
503 990 529 1018 in
552 991 674 1027 potentia
701 990 857 1027 cognitiva3
886 995 912 1020 et
941 995 982 1020 est

137 1036 165 1066 in
187 1037 308 1074 potentIa
329 1037 483 1074 cognitiva,
506 1037 548 1066 vel
570 1037 711 1066 affectiva:
735 1046 801 1074 ergo
823 1041 872 1067 etc.

219 1085 244 1112 5.
266 1084 345 1117 ltem,
369 1084 394 1112 in
416 1084 464 1112 illa
485 1084 607 1121 potentia
622 1087 663 1112 est
680 1084 769 1113 virtus
784 1085 855 1113 sicut
878 1085 903 1113 in
920 1085 983 1113 sul)-

139 1130 223 1165 iacto,
245 1138 316 1168 quae
338 1135 380 1159 est
401 1131 568 1168 principium
600 1135 679 1159 actus
700 1135 727 1160 et
754 1132 921 1168 operationis
943 1132 981 1159 illi

139 1177 234 1207 virtuti
256 1177 401 1209 debitae⁴2
423 1178 470 1206 sed
494 1178 588 1206 nullus
609 1178 724 1207 assentit
745 1178 852 1206 veritati
876 1187 929 1207 uon
946 1178 983 1206 vi-

139 1232 197 1259 sae,
219 1225 270 1253 nisi
292 1225 358 1261 quia
380 1225 454 1253 vult:
477 1232 543 1261 ergo
565 1225 585 1253 si
619 1224 786 1261 principium
819 1228 898 1253 artus
926 1233 982 1254 cre-

138 1271 222 1301 dendi
244 1272 328 1300 habet
348 1274 441 1300 ortum
464 1280 480 1300 a
501 1272 656 1303 voluntate,
679 1280 790 1300 neccsse
816 1276 875 1305 est,
899 1272 982 1300 tidem

138 1326 199 1347 esse
221 1318 247 1346 in
269 1326 301 1347 ea
323 1322 454 1355 tauquam
471 1318 497 1346 in
513 1318 637 1346 subiecto
653 1318 773 1355 proprio.
789 1318 823 1347 δι’
837 1322 867 1346 tu
882 1319 982 1353 dieas,

138 1365 214 1402 quod
235 1365 319 1394 simul
340 1368 382 1394 est
403 1365 430 1393 in
452 1365 593 1393 intellectu
616 1368 644 1393 et
665 1365 778 1398 al'l'ectu;
806 1369 909 1393 contra
933 1366 983 1394 lioc

140 1414 199 1445 est,
220 1406 286 1448 qula
306 1419 380 1440 unus
402 1411 515 1440 habitus
543 1411 663 1448 simplex
687 1420 739 1439 nou
762 1414 852 1448 potest
873 1420 934 1440 esse
955 1412 983 1440 in

139 1457 251 1487 duabus
272 1458 413 1495 potentiis;
435 1458 484 1487 sed
506 1458 643 1494 cognitiva
665 1461 692 1487 et
712 1458 837 1487 affectiva
859 1462 924 1486 sunt
946 1459 984 1487 di-

139 1511 236 1533 versae
251 1505 401 1542 potentiae,
417 1505 488 1534 sicut
502 1508 644 1534 ostensum
661 1508 702 1534 est
717 1513 802 1542 supra
818 1505 843 1533 in
860 1505 983 1534 secundo

140 1551 243 1580 libro⁵z
266 1559 334 1588 ergo
355 1551 376 1580 si
399 1552 469 1580 fides
490 1556 531 1580 est
563 1552 675 1581 habitus
708 1560 794 1583 unus.
818 1560 870 1580 uon
894 1555 984 1589 potest

139 1605 199 1627 esse
221 1597 304 1627 simul
325 1602 353 1627 et
374 1598 458 1627 semel
482 1598 507 1626 in
531 1598 584 1626 illis
608 1598 735 1635 potentiis
750 1598 868 1626 duabus.
893 1598 922 1626 Et
938 1598 983 1626 ite-

138 1652 225 1678 rum,
247 1652 296 1681 per
319 1645 369 1673 lioc
391 1653 444 1673 non
467 1645 598 1678 solvitur,
613 1645 678 1682 quia
693 1645 785 1673 adliuc
802 1648 887 1673 restat
902 1652 984 1681 quae-

139 1690 207 1725 stio,
229 1691 256 1719 in
277 1699 333 1728 qua.
354 1691 466 1720 illarum
488 1692 676 1728 potentiarum
699 1693 733 1719 sit
745 1691 844 1728 primo
864 1695 890 1720 et
911 1691 984 1728 prin-

139 1737 280 1775 cipaliter,
301 1738 367 1775 quia
387 1738 586 1775 quodcumque
609 1738 710 1766 horum
732 1738 826 1771 detur,
849 1738 979 1767 videntur

138 1784 252 1813 obviare
274 1785 408 1819 rationes,
429 1793 501 1822 quae
522 1788 587 1814 suut
608 1785 643 1813 ad
664 1784 817 1821 oppositam
841 1787 957 1821 partem.

452 1886 666 1907 CONCLUSIO.

140 1970 247 2004 Fides,
272 1974 305 1999 ut
325 1974 367 1999 est
387 1971 478 2000 virtus
498 1975 523 2000 et
542 1971 725 2008 principium
745 1970 862 2004 meriti,
884 1974 924 1998 est
953 1970 984 1998 z'n

218 2017 307 2046 libero
328 2018 444 2046 arbitrio
465 2022 497 2046 ut
517 2017 659 2051 subiect&
680 2022 713 2046 ut
733 2021 773 2045 est
794 2017 915 2051 habitus,
938 2026 984 2045 re-

218 2065 305 2101 spicit
324 2064 452 2103 quodam
473 2065 558 2093 modo
581 2064 753 2093 intellectum
768 2063 982 2100 speculativum,

218 2112 346 2150 quodam
366 2121 434 2140 vero
455 2112 540 2140 modo
562 2111 733 2140 intellectum
754 2114 903 2139 extensum
924 2110 984 2139 sive

215 2158 394 2196 practicam,
409 2162 434 2187 et
456 2158 553 2195 ipsum
567 2158 698 2187 affectum
717 2158 834 2195 eiusque
855 2160 963 2185 actum.

219 2252 394 2281 Respommo:
417 2252 456 2280 Ad
478 2252 685 2289 praedictorum
712 2250 920 2287 intelligentiam
942 2253 983 2279 est

139 2298 306 2333 notandum,
328 2299 402 2336 quod
425 2299 498 2327 circa
514 2298 565 2327 hoc
581 2298 684 2326 diversi
700 2297 811 2326 diversa
825 2299 981 2325 senserunt.

204 2411 211 2426 ¹
228 2411 288 2434 Libr.
307 2412 321 2434 1.
334 2418 353 2434 c.
368 2411 403 2433 115.
417 2418 438 2434 n.
451 2412 493 2439 25,
511 2411 550 2434 ubi
564 2418 608 2433 uon
621 2411 714 2440 quidem
733 2411 840 2432 virtutem
858 2411 983 2438 generatim

140 2450 173 2472 sic
189 2450 278 2478 definit,
294 2453 319 2472 ut
335 2451 372 2473 liic
384 2451 406 2472 iu
418 2450 544 2473 Comment.
557 2451 672 2477 asseritur,
685 2452 781 2471 attamen
795 2449 875 2476 docet,
886 2451 984 2477 quatuor

139 2489 236 2511 virtutes
260 2489 387 2511 cardinales
407 2497 417 2509 ι(
430 2495 457 2511 ex
475 2490 546 2516 ipstus
567 2490 652 2511 amoris
669 2489 734 2510 vario
752 2488 853 2516 quodam
877 2488 957 2510 affectu
971 2496 981 2508 ι»

141 2527 192 2550 diei.
210 2528 288 2550 Melius
306 2528 384 2550 suisset
401 2528 508 2550 lectorem
534 2527 640 2555 delegare
658 2527 686 2549 ad
704 2526 752 2549 Civ.
770 2526 821 2554 Dei,
840 2526 879 2548 ubi
897 2526 947 2548 XV.
964 2532 983 2548 c.

141 2568 177 2590 22.
190 2568 212 2590 S.
230 2568 313 2590 Doctor
329 2568 361 2589 sic
380 2567 445 2589 dicit:
463 2566 527 2589 Unde
545 2567 599 2588 milii
619 2566 722 2594 videtur,
739 2565 802 2594 quod
819 2565 919 2587 definitio
936 2564 985 2587 bre-

139 2607 176 2629 vis
192 2608 214 2628 et
230 2613 285 2628 vera
308 2607 413 2628 virtutis:
431 2605 488 2628 ordo
513 2607 547 2627 est
571 2606 663 2627 amoris.
681 2617 711 2620 —
728 2605 750 2626 lu
768 2604 812 2627 fine
830 2611 878 2632 arg.
896 2604 946 2626 cod.
964 2605 984 2626 K

140 2645 204 2668 addit
220 2651 268 2668 non
285 2644 408 2674 coqm‘tz'va.
700 2644 710 2658 ²
726 2643 786 2665 Libr.
807 2643 820 2665 l.
839 2650 861 2671 p.
879 2643 907 2665 X.
925 2650 944 2665 c.
963 2644 983 2665 3.

203 2683 213 2698 ³
231 2684 253 2705 ln
271 2684 330 2706 loan.
350 2684 435 2711 Evang.
454 2686 480 2705 tr.
498 2683 534 2704 26.
553 2689 574 2704 n.
593 2683 621 2704 2:
634 2683 718 2705 Intrare
730 2683 852 2711 quisquam
865 2682 984 2704 ecclesiam

141 2725 216 2751 potest
233 2723 324 2750 nolens,
343 2722 452 2744 accedere
464 2721 492 2744 ad
505 2722 573 2743 altare
591 2723 664 2748 potest
681 2721 772 2748 nolens⁷
790 2722 893 2749 accipere
909 2721 985 2743 Sacra-

142 2765 245 2784 mentum
263 2764 337 2789 potest
354 2761 444 2789 nolens,
462 2760 556 2783 credere
573 2766 617 2782 non
634 2762 709 2788 potest
726 2760 767 2782 nisi
784 2760 871 2782 volens.
889 2759 933 2782 Cfr.
950 2766 985 2782 su-

141 2807 182 2829 pra
199 2807 252 2829 pag.
271 2800 327 2828 217,
345 2803 396 2823 nota
415 2800 436 2822 5.

204 2839 214 2854 ⁴
230 2840 290 2862 Vide
306 2846 375 2867 supra
393 2846 446 2867 pag.
464 2839 521 2866 388,
539 2841 591 2860 nota
609 2839 630 2860 2.

204 2877 214 2893 ⁵
231 2878 285 2901 Dist.
304 2878 340 2900 24.
358 2884 380 2906 p.
399 2878 413 2900 l.
431 2884 450 2900 a.
469 2878 489 2899 2.
507 2884 529 2905 q.
549 2878 568 2899 l.
587 2889 617 2892 —
628 2876 698 2898 Paulo
709 2878 759 2898 ante
772 2882 814 2904 pro
826 2875 919 2899 habitus
930 2876 986 2899 sim-

141 2915 201 2945 plem
217 2916 268 2939 cod.
285 2916 317 2939 hb
335 2915 429 2939 habitus
445 2915 525 2939 simut.

206 2954 216 2969 ⁶
232 2955 276 2978 Clr.
289 2961 358 2983 supra
372 2962 425 2983 pag.
439 2954 494 2983 470,
513 2957 564 2976 nota
577 2955 598 2976 8.
611 2966 640 2969 —
653 2954 763 2981 Superius
775 2960 817 2981 pro
829 2953 891 2976 ratio
903 2959 986 2976 eorum

1827 167 1883 194 475

1119 244 1237 280 Quidam
1259 244 1332 272 enim
1355 244 1448 272 dicere
1470 244 1633 278 voluerunt,
1655 244 1730 280 quod
1752 244 1822 272 sides
1843 248 1996 272 65106661-

1040 291 1065 319 in
1089 292 1209 328 potentia
1230 291 1367 327 cognitiva
1382 291 1450 320 etin
1467 290 1607 319 intellectu
1629 291 1823 327 speculativo,
1846 299 1884 319 56-

1038 338 1162 366 cundum
1178 337 1253 374 quod
1269 337 1465 374 speculativus.
1475 354 1512 357 —
1523 337 1553 365 Et
1569 337 1638 365 ratio
1653 345 1750 366 eorum
1766 340 1808 366 est
1823 337 1883 372 ista,
1898 342 1960 360 flatio-

1038 385 1104 421 quia
1133 384 1289 413 intellectus
1319 384 1508 421 speculatIvus
1539 384 1642 412 dicitur
1670 392 1730 413 esse
1764 384 1808 413 ille
1834 384 1882 421 qui

1039 432 1127 460 tendit
1148 432 1175 459 in
1198 439 1297 460 verum
1319 431 1372 460 sub
1396 431 1501 459 ratione
1523 431 1580 459 vcri
1594 431 1618 465 '³3
1640 431 1709 459 fides
1730 434 1824 459 autem
1846 431 1883 459 sa-

1039 478 1075 506 cit
1098 478 1266 506 intellectum
1289 477 1403 506 credere
1428 477 1576 511 articulos,
1609 485 1662 505 non
1695 477 1760 514 quia
1783 477 1883 511 bonos,

1038 524 1086 553 sed
1109 524 1174 561 quia
1196 531 1292 558 veros;
1316 524 1351 551 ita
1373 524 1445 552 enim
1473 524 1536 560 quis
1564 524 1653 552 credit
1674 524 1880 552 damnationem

1039 571 1190 605 majorum,
1212 570 1284 599 sicut
1298 570 1526 606 glorificationem
1543 570 1689 599 bonorum.
1714 571 1744 599 Et
1766 571 1882 604 iterum,

1038 618 1140 646 caritas
1171 620 1198 646 et
1229 617 1299 645 fides
1329 617 1541 653 distinguuntur
1563 617 1588 645 iu
1617 618 1724 646 obiecto
1745 621 1881 654 quantum

1038 664 1074 692 ad
1096 664 1230 692 rationem
1253 664 1364 697 motivi;
1395 667 1423 692 et
1453 664 1583 700 quoniam
1614 664 1714 692 caritas
1747 664 1834 693 tendit
1856 664 1883 692 in

1039 710 1127 739 Deum
1149 710 1202 739 sub
1224 710 1329 738 ratione
1352 709 1431 743 boni,
1454 717 1565 738 necesse
1580 714 1634 742 est,
1650 710 1725 747 quod
1741 711 1810 739 lides
1826 714 1882 739 ten-

1039 757 1086 785 dat
1108 757 1134 785 in
1156 757 1244 785 Deum
1267 757 1320 785 sul]
1342 757 1447 785 ratione
1470 757 1548 789 veri,
1577 757 1650 785 unde
1674 757 1788 786 assentit
1809 765 1882 785 sum-

1040 811 1100 832 mae
1122 803 1252 837 Veritati‚
1275 811 1328 831 non
1350 803 1415 840 quia
1438 802 1564 836 bonitas,
1597 803 1646 832 sed
1678 803 1743 840 quia
1764 803 1881 831 veritas.

1039 849 1173 886 Quoniam
1197 849 1280 886 igitur
1302 849 1458 878 intellectus
1490 850 1680 887 speculativas
1706 850 1819 887 respicit
1841 858 1883 878 ve-

1040 905 1103 925 rum
1124 897 1177 925 sub
1199 897 1305 925 ratione
1326 896 1406 929 veri,-
1430 896 1492 925 hinc.
1513 900 1564 931 est,
1585 897 1660 933 quod
1683 898 1833 931 dixerunt,
1856 897 1885 925 fi-

1039 943 1101 972 dem
1124 951 1184 972 esse
1206 944 1232 972 in
1256 944 1396 972 intellectu
1420 944 1611 981 speculativo,
1634 945 1659 972 in
1683 948 1820 982 quantum
1842 947 1884 972 est

1037 990 1243 1026 speculativas.
1264 1006 1303 1025 —,
1324 990 1377 1019 Nec
1399 991 1512 1019 obviant
1534 990 1576 1019 liis
1599 991 1685 1019 verba
1706 991 1883 1028 philosopho-

1040 1044 1103 1065 rum
1114 1037 1132 1070 ⁷,
1153 1037 1218 1073 quia
1239 1037 1290 1073 ipsi
1312 1037 1345 1065 de
1369 1037 1470 1066 virtute
1493 1037 1556 1066 fidei
1581 1037 1649 1066 niliil
1673 1038 1882 1066 intellexerunt.

1119 1083 1182 1111 Aliis
1204 1087 1297 1112 autem
1319 1084 1400 1112 aliter
1423 1084 1534 1113 videtur
1555 1092 1615 1113 csse
1630 1084 1796 1119 dicendum,
1814 1085 1887 1114 vide·
1899 1087 1967 1111 Opinio
1981 1088 1999 1106 2-

1040 1129 1102 1158 lioet
1123 1130 1197 1166 quod
1220 1130 1289 1158 tides
1303 1133 1345 1158 est
1367 1130 1393 1158 iu
1416 1130 1556 1159 intellectu
1570 1130 1710 1167 practico.
1728 1131 1886 1160 Intellectus

1040 1176 1112 1204 euim
1133 1177 1285 1213 practicus
1300 1177 1402 1206 dicitur
1424 1185 1484 1206 esse
1507 1177 1663 1206 intellectus
1683 1182 1827 1212 eit-tensus,
1849 1187 1889 1208 se-

1040 1223 1162 1251 cundum
1186 1223 1258 1260 quod
1284 1224 1342 1252 vult
1365 1224 1547 1261 Philosophus
1561 1224 1586 1258 ⁸,
1608 1225 1682 1261 quod
1703 1225 1887 1254 «intellectus

1040 1270 1229 1306 speculativus
1250 1270 1412 1299 extensione
1436 1270 1466 1299 fit
1486 1271 1663 1308 practicus».
1686 1272 1824 1309 Contingit
1838 1281 1885 1301 au-

1040 1319 1109 1350 tem,
1131 1316 1302 1346 intellectum
1326 1318 1439 1346 extendi
1462 1318 1621 1354 tripliciter:
1645 1318 1687 1347 vel
1710 1327 1759 1355 per
1775 1319 1887 1348 coniun-

1040 1363 1158 1392 ctionem
1181 1364 1224 1392 sui
1246 1371 1310 1392 cuin
1333 1363 1499 1401 affectione,
1521 1372 1537 1392 a
1558 1373 1618 1402 qua
1640 1365 1819 1399 inclinatum
1841 1366 1884 1395 vel

1041 1418 1090 1446 per
1111 1410 1332 1439 coniunctionem
1354 1411 1396 1439 sui
1419 1419 1482 1439 cum
1504 1410 1670 1448 affectione,
1685 1413 1830 1450 adquam
1845 1413 1887 1441 in-

1040 1456 1148 1489 clinat,-
1170 1457 1211 1485 vel
1234 1465 1284 1493 per
1305 1457 1526 1486 coniunctionem
1548 1458 1591 1486 sui
1614 1466 1677 1487 eum
1700 1459 1883 1495 operatione,

1040 1511 1130 1540 quam
1153 1503 1257 1541 diripit
1278 1507 1304 1532 et
1326 1504 1443 1541 regulat.
1459 1521 1497 1524 —
1512 1504 1648 1533 Ommbus
1663 1508 1756 1534 autem
1774 1506 1816 1534 liis
1833 1514 1888 1534 mo-

1041 1550 1083 1578 dis
1104 1551 1236 1586 contingit
1258 1550 1341 1579 {idem
1374 1551 1437 1587 poni
1467 1551 1493 1579 in
1516 1551 1657 1580 intellectu
1684 1556 1800 1581 extenso
1828 1553 1886 1582 sive

1040 1597 1162 1633 practico
1184 1598 1337 1626 secundum
1361 1598 1452 1626 varios
1474 1598 1561 1634 ipsius
1583 1598 1645 1627 fidei
1661 1602 1758 1627 status.
1774 1599 1842 1627 Nam
1859 1599 1886 1628 fi-

1040 1644 1089 1672 des
1103 1644 1273 1681 simplz'ct'ter
1289 1645 1377 1678 dieta,
1394 1645 1452 1673 sive
1467 1645 1502 1674 sit
1518 1645 1643 1674 informis
1657 1646 1714 1674 sive
1731 1646 1848 1674 formata
1859 1646 1884 1681 ⁰,

1040 1698 1111 1727 quae
1133 1690 1211 1724 facit,
1234 1691 1372 1720 lioniinem
1396 1692 1511 1720 credere
1533 1692 1589 1720 Deo
1611 1692 1637 1720 in
1660 1692 1703 1720 liis
1731 1700 1802 1729 quae
1830 1701 1885 1721 non

1041 1737 1133 1772 videt,
1154 1740 1196 1766 est
1217 1738 1244 1766 in
1267 1738 1327 1775 ipso
1350 1738 1505 1773 intellectu,
1529 1739 1706 1775 inquantum
1724 1739 1886 1768 inclinatur

1040 1783 1077 1812 ab
1099 1783 1165 1820 ipsa
1185 1784 1349 1817 voluntat&
1371 1793 1424 1812 non
1447 1785 1520 1813 enim
1542 1785 1685 1819 crederet,
1713 1786 1765 1814 nisi
1794 1786 1885 1815 vellet.

1041 1847 1079 1850 —
1101 1831 1178 1859 Fides
1199 1835 1292 1859 autem
1314 1830 1463 1867 formata,
1486 1840 1541 1868 qua
1555 1832 1619 1869 quis
1634 1832 1723 1861 credit
1739 1833 1764 1861 in
1781 1833 1886 1867 Deum,

1040 1880 1081 1906 est
1103 1878 1130 1906 in
1152 1877 1212 1914 ipso
1234 1878 1392 1912 intellectu,
1409 1878 1435 1906 in
1450 1882 1586 1915 quantum
1603 1879 1727 1907 inclinat
1740 1878 1885 1917 aflectum.

1041 1924 1078 1953 Ad
1101 1924 1152 1952 hoc
1174 1924 1263 1958 enim,
1285 1925 1359 1961 quod
1383 1924 1484 1962 aliquis
1505 1925 1601 1953 credat
1624 1925 1649 1953 in
1673 1925 1759 1954 Deum
1783 1934 1833 1963 per
1859 1926 1888 1954 fi-

1041 1970 1104 1999 dem
1120 1971 1283 2003 formatam,
1298 1974 1422 2008 oportet,
1438 1972 1510 2000 utin
1533 1972 1624 2009 ipsum
1640 1973 1760 2001 amando
1775 1973 1887 2008 tendat,

1041 2017 1194 2046 secundum
1217 2017 1291 2054 quod
1314 2018 1433 2046 liabetur
1455 2018 1480 2046 in
1504 2018 1596 2046 littera
1608 2019 1684 2046 ¹⁰.-
1699 2019 1777 2048 Fides
1792 2023 1886 2048 autem

1038 2061 1186 2100 perfecta,
1209 2063 1244 2092 de
1266 2072 1321 2100 qua
1342 2064 1409 2092 dicit
1430 2064 1592 2101 Apostolus,
1614 2065 1689 2101 quod
1711 2069 1752 2094 est
1766 2074 1885 2102 operans

1040 2116 1091 2146 per
1111 2109 1303 2144 dilectionem,
1325 2109 1372 2138 illa
1394 2110 1507 2146 quidem
1529 2114 1570 2139 est
1592 2111 1619 2139 in
1641 2111 1701 2148 ipso
1728 2112 1884 2146 intellectu,

1040 2155 1067 2184 in
1087 2160 1223 2193 quantum
1246 2156 1383 2185 mediante
1405 2157 1505 2186 affectu
1527 2157 1631 2195 (to-5921
1644 2166 1725 2194 opus.
1743 2158 1773 2186 Et
1787 2159 1826 2187 sic
1840 2166 1886 2195 pa-

1039 2206 1093 2237 tet,
1115 2203 1189 2240 quod
1211 2203 1367 2232 seeundum
1389 2204 1455 2233 istos
1477 2204 1547 2233 fides
1561 2208 1603 2233 est
1619 2205 1645 2233 in
1661 2205 1802 2234 intellectu
1813 2214 1884 2242 pra-

1040 2250 1111 2278 ctico
1133 2250 1191 2278 sive
1205 2253 1321 2278 extenso
1336 2251 1491 2279 secundum
1507 2251 1632 2280 diversos
1647 2251 1734 2288 ipsius
1750 2251 1814 2280 fidei
1834 2255 1885 2280 sta-

1040 2300 1100 2330 tus,
1122 2297 1179 2325 sive
1201 2297 1358 2325 intellectus
1380 2298 1518 2334 practicus
1539 2298 1648 2326 dicatur
1669 2299 1884 2332 communicer,

1042 2410 1092 2432 cod.
1110 2411 1127 2431 A
1145 2409 1207 2432 ratio
1230 2409 1296 2437 ez'us‚-
1315 2409 1384 2437 paulo
1405 2410 1499 2432 interius
1516 2416 1558 2438 pro
1576 2409 1692 2433 bonorum
1711 2411 1760 2433 Vat.
1778 2417 1831 2433 cum
1849 2411 1885 2433 ali-

1042 2452 1097 2477 quot
1114 2448 1181 2470 codd.
1200 2447 1329 2471 beatorwn.

1103 2487 1113 2502 ⁷
1130 2488 1220 2515 Quippe
1238 2488 1277 2516 qui
1295 2488 1401 2510 virtutem
1420 2489 1442 2509 in
1459 2488 1572 2510 intellectu
1590 2490 1691 2516 practico
1709 2493 1809 2517 ponunt,
1828 2490 1885 2512 utin

1041 2531 1105 2554 seqq.
1123 2526 1229 2553 tangitur.
1248 2537 1278 2541 —-
1294 2525 1396 2548 Subinde
1414 2532 1456 2554 pro
1479 2526 1506 2549 de
1530 2526 1616 2550 virtute
1639 2526 1694 2557 fidei
1712 2527 1766 2549 edd.
1784 2527 1811 2550 de
1827 2527 1885 2550 veri-

1042 2565 1087 2587 tate
1103 2564 1164 2594 fidei.

1104 2603 1113 2618 ⁸
1129 2604 1189 2626 Libr.
1209 2604 1240 2625 lll.
1266 2603 1295 2626 de
1319 2604 1412 2632 Anima,
1436 2606 1488 2626 text.
1506 2604 1541 2626 34.
1559 2607 1582 2627 et
1599 2604 1635 2627 49.
1653 2604 1682 2633 (c.
1699 2605 1721 2627 7.
1739 2608 1761 2628 et
1778 2605 1817 2634 9.).
1840 2605 1884 2628 Csr.

1041 2646 1096 2665 tom.
1115 2643 1137 2664 ll.
1155 2649 1208 2671 pag.
1228 2642 1285 2670 558,
1304 2646 1355 2665 nota
1369 2644 1389 2665 2.
1402 2655 1432 2659 ——
1445 2643 1496 2665 Post
1507 2649 1580 2671 pauca
1598 2650 1640 2671 pro
1657 2650 1672 2666 a
1689 2650 1736 2673 qua
1754 2643 1886 2667 inclinatur

1042 2682 1109 2704 codd.
1127 2683 1144 2703 A
1154 2683 1173 2703 G
1189 2682 1216 2709 (H
1228 2682 1234 2703 l
1252 2688 1263 2704 a
1281 2683 1355 2709 prima
1369 2682 1448 2710 manu)
1465 2682 1481 2703 L
1491 2682 1509 2703 T
1520 2682 1539 2704 V
1549 2688 1574 2704 aa
1585 2682 1616 2705 bh
1635 2689 1756 2711 perperam
1770 2683 1801 2706 ud
1812 2689 1885 2712 quam

1041 2719 1180 2744 inclinatur.

1104 2759 1113 2774 ⁹
1130 2759 1174 2782 Cfr.
1192 2760 1248 2781 infra
1266 2766 1286 2781 a.
1305 2760 1327 2782 2.
1344 2766 1366 2788 q.
1388 2761 1404 2782 1.
1424 2766 1488 2788 seqq.
1506 2772 1536 2776 —
1552 2760 1585 2782 De
1610 2760 1733 2783 differentia
1759 2761 1816 2783 inter
1838 2767 1885 2784 cre-

1041 2798 1096 2821 dere
1115 2798 1159 2821 Deo
1177 2801 1198 2821 et
1220 2798 1313 2822 credere
1330 2798 1355 2821 z'it
1372 2799 1447 2822 Deum
1472 2799 1526 2821 vide
1551 2800 1587 2822 liic
1604 2800 1634 2822 lit.
1652 2800 1766 2828 Magistri,
1782 2806 1801 2822 c.
1819 2800 1840 2822 4.
1863 2803 1885 2823 et

1042 2838 1099 2859 infra
1117 2837 1172 2859 dub.
1186 2838 1207 2859 3.
1218 2850 1250 2854 —
1262 2838 1310 2860 lllox
1322 2844 1365 2865 pro
1382 2837 1406 2860 iu
1424 2837 1460 2861 liis
1476 2838 1526 2861 cod.
1546 2839 1560 2860 F
1572 2838 1599 2861 de
1616 2838 1664 2866 his,
1684 2842 1706 2861 et
1723 2839 1805 2861 deinde
1817 2839 1883 2862 codd.

1042 2877 1060 2897 G
1070 2876 1076 2897 l
1086 2876 1102 2897 L
1112 2882 1138 2898 aa
1148 2882 1173 2898 cc
1190 2877 1241 2899 voci
1258 2876 1375 2900 intellectu
1392 2877 1479 2900 addunt
1495 2877 1606 2906 practico.

1107 2914 1126 2928 ¹⁰
1142 2915 1183 2937 Hic
1199 2921 1219 2937 c.
1237 2915 1257 2937 4.
1271 2927 1300 2930 —
1312 2915 1387 2937 Verba
1406 2916 1519 2944 Apostoli,
1537 2923 1596 2945 quae
1608 2917 1644 2939 hic
1655 2917 1819 2946 respiciuntur,
1832 2920 1885 2940 sunt

1042 2954 1077 2975 illa
1095 2954 1142 2975 Gal.
1160 2953 1186 2981 5,
1205 2954 1231 2975 6:
1249 2954 1326 2982 Fides,
1344 2960 1403 2982 quae
1421 2961 1462 2982 per
1479 2956 1594 2978 caritatem
1612 2958 1726 2984 operatur.
