2166 3366
18 956 151 976 Fundamenta.

725 170 807 198 Dts't'.
831 170 883 198 XX.
905 170 976 199 ΛΒΤ.
1000 170 1115 200 UNlCUS
1137 171 1273 206 QUAEST.
1295 171 1336 199 lV.

239 247 266 275 Ιι.
288 247 370 281 ltem,
392 247 515 275 existens
544 247 570 275 iu
603 247 690 283 gratia
719 251 767 276 aut
789 256 841 276 non
864 249 944 277 erat¹
968 249 1006 277 di-

161 301 233 330 gnus
252 293 347 330 aliqua
369 302 471 330 poena,
493 297 542 322 aut
564 294 708 330 temporali
730 294 805 323 sola:
829 295 850 323 si
874 304 940 331 ergo
961 296 1003 324 de-

162 341 233 369 bitor
249 348 352 377 poenae
368 340 529 377 temporalis
545 343 634 377 potest
651 340 724 368 illam
741 349 857 377 poenam
881 342 1005 376 solvere,

161 387 284 419 videtur,
307 387 380 424 quod
405 387 487 415 liomo
509 395 559 424 pro
580 387 705 424 quolibet
727 392 851 424 peccato,
870 389 945 425 quod
961 389 1007 417 lia-

161 434 222 468 bet,
244 434 330 471 possit
351 434 523 463 satisfacere:
546 442 613 470 ergo
635 443 685 470 pro
706 435 843 471 originali.

240 482 265 509 5.
288 481 366 515 lteni,
382 481 471 518 gratia
485 481 637 509 adveniens
653 481 679 509 in
695 481 815 509 animam
832 490 920 519 aeque
936 482 1005 511 bene

160 528 234 557 delet
256 528 366 565 culpam
389 527 574 565 originalem,
591 528 662 556 sicut
677 528 841 559 actualem.-
863 529 910 557 sed
934 529 1005 558 sicut

160 582 189 604 se
212 575 295 603 habet
316 574 404 611 gratia
423 574 576 603 secundum
593 574 741 602 essentiam
763 575 798 603 ad
814 575 912 612 culpae
934 576 1006 604 dele-

160 622 277 656 tionem,
301 622 337 650 ita
358 630 387 650 sc
410 621 493 650 habet
514 621 668 649 secundum
691 630 773 657 opera
790 622 824 650 ad
847 622 1006 651 satisfactio-

160 677 239 703 nem;
260 669 308 697 sed
324 669 425 705 gratia,
440 668 591 697 adveniens
613 668 638 695 in
661 668 798 701 animam,
823 668 921 697 liberat
943 678 1003 698 eam

159 716 194 744 ab
214 716 289 744 oinni
312 715 407 752 culpa,
429 718 484 743 tam
508 714 651 751 oriqinali
671 723 755 751 quain
784 716 916 744 actuali:
939 725 1004 753 ergo

159 769 273 791 movens
294 761 415 790 animam
429 761 439 776 ²
461 765 552 798 potest
573 761 731 789 satisfacere
754 770 803 798 pro
825 763 898 790 omni
922 763 1004 800 culpa

159 808 238 846 prius
259 808 367 837 deleta:
393 816 460 845 ergo
482 808 598 845 quilibet
627 808 709 836 lionio
731 812 819 844 potest
846 809 1004 838 satisfacere

159 864 210 893 pro
230 863 259 884 se
282 855 348 892 ipso.
605 888 608 891 Α

238 902 294 935 Suu
311 910 435 930 courum
462 903 484 930 l.
507 902 531 930 si
552 902 669 939 quilibet
691 902 774 931 bomo
790 907 881 939 posset
902 904 1005 932 satisfa-

159 957 222 979 cere
244 958 294 986 pro
316 957 345 978 se
368 949 442 986 ipso,
463 958 532 986 erqo
549 948 683 978 Christus
697 949 795 986 qratia
811 954 945 978 mortuus
966 960 1004 979 ea-

157 996 233 1025 sel³z
255 996 277 1025 si
293 1004 360 1032 ergo
383 997 433 1024 lioc
448 1000 490 1024 est
513 996 708 1025 inconveniens
722 1000 749 1024 et
770 997 942 1031 absurdum,
966 1007 1005 1027 re-

159 1045 227 1077 stat,
249 1043 323 1080 quod
346 1046 373 1071 et
394 1043 477 1076 illud,
499 1051 534 1071 ex
557 1051 613 1080 quo
634 1043 770 1080 sequitur.

238 1091 264 1118 2.
297 1090 382 1123 nem,
415 1089 486 1118 sicut
515 1090 615 1118 iniuria
645 1090 748 1127 peccati
779 1090 864 1119 totius
896 1092 1005 1127 generis

159 1137 273 1165 humani
295 1141 336 1165 est
360 1137 466 1165 infinita
495 1136 600 1165 ratione
622 1136 697 1171 eius,
724 1141 821 1165 contra
842 1146 925 1174 quein
948 1143 1004 1172 est,

158 1184 196 1213 sic
217 1187 244 1213 et
266 1183 312 1212 illa
340 1192 412 1221 quae
434 1187 475 1212 est
505 1183 530 1212 iu
556 1183 682 1220 quolibet
710 1188 821 1220 peccato
850 1185 1003 1221 singulari:

157 1238 224 1268 ergo
239 1230 259 1259 si
276 1230 376 1267 aliquis
392 1238 482 1267 purus
498 1230 580 1258 lioino
602 1238 654 1258 non
673 1231 761 1267 potuit
782 1231 941 1259 satisfacere
953 1240 1003 1268 pro

157 1280 214 1306 toto
241 1284 342 1314 genere
364 1277 487 1305 lnnnano
503 1276 522 1310 ⁴,
551 1277 609 1313 pari
632 1277 714 1305 etiam
745 1277 850 1305 ratione
879 1278 1002 1311 videtur,

157 1324 232 1362 quod
254 1332 307 1352 non
330 1324 415 1360 possit
436 1323 595 1352 satisfacere
616 1332 667 1360 pro
688 1331 717 1352 se
740 1323 807 1360 ipso.

236 1371 262 1400 3.
285 1371 367 1405 ltem,
384 1370 553 1408 impossibile
568 1374 625 1404 est,
640 1371 715 1408 quod
731 1370 833 1408 aliquis
855 1372 1003 1400 satisfaciat

158 1426 208 1455 pro
229 1418 327 1455 culpa,
355 1417 489 1455 quamdiu
520 1421 612 1446 manet
634 1418 659 1446 in
689 1426 721 1446 eo
752 1418 833 1446 radix
861 1422 887 1446 et
919 1427 1003 1447 causa

156 1465 255 1502 culpae
270 1481 309 1485 —-
324 1464 507 1493 «satisfacere
529 1464 602 1493 enim
624 1467 680 1497 est,
703 1464 774 1493 sicut
793 1464 859 1493 dicit
880 1465 1004 1501 Augusti-

157 1519 210 1541 nus
226 1511 245 1545 ⁵,
266 1519 366 1540 causas
395 1515 572 1548 peccatorum
594 1511 754 1539 excidere»
774 1528 811 1531 -
827 1512 874 1539 sed
905 1512 1001 1540 vitium

157 1558 295 1587 humanae
317 1558 431 1595 originis
457 1566 600 1594 nunquam
623 1562 770 1595 separatur
791 1567 807 1586 a
835 1566 917 1587 carne
945 1567 1003 1595 pec-

156 1605 224 1634 cati:
246 1613 313 1642 ergo
329 1605 452 1638 videtur,
474 1605 548 1642 quod
564 1604 660 1633 nullus
682 1605 780 1638 liomo,
799 1605 845 1642 qui
869 1605 1002 1642 originale

156 1655 300 1689 peccatum
331 1652 447 1684 babuit,
479 1652 565 1688 possit
596 1652 754 1680 satisfacere
784 1660 835 1689 pro
865 1652 1001 1687 originali.

156 1699 251 1728 Maior
274 1699 418 1728 manifesta
446 1703 488 1728 est
517 1707 566 1736 per
593 1699 797 1735 Augustinum.
827 1699 873 1727 sed
904 1698 1002 1727 minor

158 1745 350 1775 manifestatur
372 1754 421 1783 per
444 1746 508 1779 hoc,
530 1746 604 1783 quod
633 1745 750 1783 quilibet
772 1749 885 1781 generat
913 1745 1000 1773 tilium

157 1792 304 1821 habentem
327 1792 460 1828 originale
483 1795 637 1829 peccatum.

234 1840 261 1868 lt.
284 1839 365 1870 ltein,
386 1839 421 1868 ad
444 1839 508 1873 hoc,
529 1839 603 1876 quod
627 1839 674 1868 fiat
695 1839 856 1871 satisfactiO,
880 1847 1002 1867 necessa-

156 1886 229 1915 rium
252 1889 308 1921 est,
330 1886 405 1923 quod
431 1886 478 1914 fiat
500 1886 593 1915 damni
617 1886 849 1923 recompensatio:
871 1886 917 1914 sed
942 1895 1002 1923 pro-

156 1926 381 1970 pter'peccatum
404 1932 538 1969 originale
560 1932 677 1969 quilibet
700 1932 782 1960 liabet
808 1933 1000 1960 necessitatem

156 1979 305 2012 moriendi,
319 1983 346 2008 et
360 1987 468 2016 eorpus
482 1983 633 2007 mortuum
651 1983 691 2007 est
704 1983 823 2016 propter
836 1983 999 2015 peccalum,

155 2026 226 2056 sicut
248 2026 314 2055 dicit
328 2026 511 2063 Apostolus⁰t
534 2034 601 2063 ergo
616 2027 637 2055 si
660 2027 723 2064 quis
738 2026 820 2055 debet
843 2026 1001 2054 satisfacere

155 2082 206 2111 pro
226 2073 353 2111 originali
376 2077 502 2111 peccato,
526 2077 635 2102 tenetur
657 2074 775 2102 reddere
791 2073 924 2102 animam
944 2081 999 2110 pro

154 2120 267 2149 ultima..
289 2120 342 2149 Sed
357 2120 474 2158 quilibet
488 2125 529 2149 est
551 2121 649 2149 mortis
670 2120 779 2149 debitor
800 2128 851 2157 pro
873 2119 998 2156 originali

156 2170 281 2204 peccato:
304 2174 370 2204 ergo
391 2176 444 2195 non
467 2167 591 2201 videtur,
614 2167 687 2204 quod
710 2167 826 2204 aliquis,
848 2166 895 2203 qui
921 2166 1001 2202 origi-

155 2213 216 2242 nale
238 2216 382 2250 peccatum
408 2214 563 2245 contraxit,
585 2213 670 2250 possit
695 2220 820 2250 unquam
843 2212 1000 2241 satisfacere

155 2268 206 2297 pro
226 2259 282 2288 itto.

234 2308 258 2336 b'.
281 2307 361 2341 item,
376 2307 451 2344 quod
466 2307 600 2343 originale
616 2309 759 2343 peccatum
775 2306 809 2334 sit
831 2305 932 2342 culpa,
949 2305 1000 2333 lioc

154 2353 256 2388 habet,
278 2355 343 2391 quia
364 2354 498 2391 processit
519 2362 535 2382 a
557 2354 699 2382 voluntate
721 2354 805 2381 Adae:
829 2353 850 2381 si
873 2360 939 2389 ergo
962 2360 1000 2380 re—

154 2400 277 2437 quiritur
298 2400 446 2429 satisfactio
468 2400 502 2429 de
518 2401 576 2437 ipso
590 2400 608 2434 ⁷,
631 2400 785 2429 secundum
805 2399 877 2436 quod
901 2398 998 2435 eulpa,

218 2521 224 2536 ¹
244 2522 294 2544 Vat.
312 2523 352 2544 esf.

215 2560 225 2574 ἵ
242 2561 292 2583 Scit.
306 2560 334 2582 ad
347 2560 490 2588 operandum
503 2561 552 2582 sive
564 2560 593 2582 ad
611 2560 735 2582 exercenda
750 2566 819 2587 opera
833 2560 998 2592 satisfactionis.

215 2599 225 2613 ³
242 2600 289 2621 Gal.
308 2600 333 2626 Ξ,
352 2599 388 2626 21,
407 2598 445 2621 ubi
460 2599 527 2626 Vulg.
540 2602 561 2621 ct
573 2599 640 2621 ctiam
653 2598 705 2621 edd.
718 2599 750 2621 est
763 2605 803 2626 pro
816 2599 880 2621 esset.
890 2611 921 2615 —
931 2599 999 2621 Paulo

154 2640 205 2659 ante
223 2643 265 2665 pro
281 2638 358 2666 posset
375 2637 427 2659 cdd.
443 2637 524 2666 polest.

216 2675 225 2690 ⁴
243 2676 301 2698 Vide
318 2680 405 2705 quaest.
424 2676 529 2704 praeced.

216 2715 225 2729 ⁵
243 2716 325 2737 Verius
343 2714 491 2742 Gennadius,
516 2715 544 2737 ‹le
561 2715 644 2737 Eccles.
669 2715 772 2742 Dogmat.
792 2721 809 2736 c.
833 2714 868 2736 24.
893 2714 961 2741 (alias
978 2722 996 2737 c.

154 2754 208 2783 54).
227 2753 270 2776 Cfr.
290 2754 326 2776 lV.
343 2754 403 2775 Sont.
422 2754 444 2775 d.
466 2753 498 2775 15.
518 2760 538 2781 p.
558 2753 580 2775 ll.
598 2760 618 2775 a.
640 2754 657 2775 l.
676 2760 697 2782 q.
720 2754 737 2775 1.
755 2766 785 2768 -
803 2754 833 2775 De
852 2753 952 2780 minori,
976 2754 997 2775 in

154 2799 199 2821 qua
217 2799 259 2821 pro
276 2798 348 2815 carue
365 2791 453 2821 peccati
465 2792 545 2819 (Rom.
559 2792 582 2819 8,
597 2792 627 2818 3.)
641 2792 691 2814 cod.
705 2791 722 2814 U
734 2791 850 2814 substituit
866 2798 938 2815 carue
946 2798 997 2821 prc-

154 2831 252 2860 calrice‚
273 2832 312 2854 cfr.
331 2832 354 2854 n.
372 2833 432 2853 ficut.
451 2831 472 2853 d.
491 2831 527 2853 32.
545 2837 565 2853 a.
587 2831 604 2852 1.
622 2837 643 2859 q.
663 2832 682 2852 2.

216 2869 225 2884 ⁶
242 2870 308 2892 Rom.
330 2871 354 2897 8,
382 2871 414 2892 10.
434 2870 536 2898 Locutio,
559 2876 618 2898 quae
641 2870 756 2898 sequitur,
779 2869 874 2892 reddere
890 2868 997 2891 animam

152 2914 198 2938 pro
215 2908 305 2936 anima,
324 2911 398 2931 sumta
412 2912 446 2932 est
458 2915 483 2931 ex
502 2909 569 2931 Exod.
588 2909 628 2935 21,
647 2909 682 2930 23,
695 2920 726 2924 —-
738 2908 793 2930 Voci
805 2909 927 2937 peccatum
944 2908 996 2931 edd.

154 2948 241 2971 addunt
258 2947 380 2977 orz'qz'nale.

284 2998 308 3022 S.
326 2999 415 3022 Βοιιιιι).
434 3012 463 3015 —
481 3000 546 3021 Tom.
565 2999 597 3021 111.

1852 173 1909 201 42:¹5

1063 249 1158 277 nullus
1173 251 1263 286 potest
1284 257 1335 285 pro
1349 249 1476 285 originali
1499 250 1669 283 satisfacere,
1693 250 1743 279 nisi
1760 250 1906 279 satisfaciat

1063 303 1114 332 pro
1135 295 1222 332 culpa
1244 295 1333 323 Adae.
1356 296 1408 324 Sed
1427 305 1475 332 pro
1497 296 1584 333 eulpa
1607 297 1690 325 Adae
1708 296 1803 324 nullus
1820 300 1910 333 potest

1063 342 1236 375 satisfacere,
1264 343 1419 370 secundum
1448 343 1522 379 quod
1545 343 1688 379 originalis
1710 347 1766 378 est,
1796 343 1845 372 nisi
1869 351 1910 372 sa-

1063 388 1179 417 tisfaciat
1195 396 1246 425 pro
1261 391 1317 416 toto
1338 397 1439 424 genere
1456 390 1590 418 liumano:
1606 398 1672 426 ergo
1693 398 1713 418 a
1725 390 1832 426 primo,
1849 390 1909 418 nul-

1063 435 1107 465 lus
1129 439 1218 472 potest
1239 435 1397 464 satisfacere
1421 445 1471 473 pro
1499 441 1610 473 peccato
1632 438 1758 474 originali
1789 437 1908 466 alicuius

1063 482 1195 515 bominis,
1211 482 1261 510 nisi
1277 482 1426 511 satisfaciat
1442 491 1492 519 pro
1515 487 1570 511 toto
1586 492 1685 519 genere
1709 484 1840 512 liuniano.
1855 484 1906 512 Sed

1064 530 1114 558 lioc
1136 538 1188 558 non
1211 533 1299 566 potest
1313 529 1414 566 aliquis
1437 538 1525 566 purus
1541 531 1635 558 liomo:
1658 539 1725 567 ergo
1747 531 1842 559 nullus
1863 540 1907 567 po-

1063 580 1114 604 test
1135 577 1293 605 satisfacere
1316 584 1366 613 pro
1387 577 1513 613 originali
1537 585 1595 605 suo.

1376 678 1588 698 CONCLUSto.

1064 762 1189 796 Nullus,
1218 763 1408 800 quaulumvis
1434 763 1534 798 qratia
1565 763 1703 796 (tiliaciis,
1730 764 1825 800 poluit
1852 773 1907 801 pro

1140 809 1227 846 eulpa
1249 809 1392 847 originali
1411 808 1602 847 satisfacere,
1618 819 1652 838 ue
1670 810 1822 847 semiplene
1844 811 1904 848 ‹lui-

1140 856 1222 889 ‹Ie7n;
1243 864 1293 884 uec
1311 865 1367 893 pro
1388 865 1442 884 suo
1461 858 1585 893 proprio
1605 861 1722 893 peccalo
1741 857 1837 894 plene,
1859 858 1908 885 set!

1141 907 1255 931 lautum
1275 903 1435 940 semiplene.

1141 997 1314 1025 Rsssroisneo:
1330 997 1497 1029 Dicendum,
1508 998 1582 1034 quod
1595 1002 1637 1026 est
1648 998 1797 1026 satisfactio
1809 998 1907 1035 plena,

1061 1046 1088 1070 et
1109 1047 1151 1071 est
1172 1043 1321 1072 satisfactio
1349 1043 1507 1080 semiplena
1519 1044 1538 1072 ⁸.
1567 1044 1720 1072 satisfactio
1739 1044 1826 1081 plena
1847 1048 1907 1075 est.

1061 1089 1173 1126 quando
1189 1090 1271 1118 siinul
1289 1090 1318 1118 tit
1333 1091 1483 1119 satisfactio
1499 1091 1533 1120 de
1556 1091 1672 1119 iniuria
1688 1095 1715 1120 et
1729 1092 1763 1120 ‹le
1779 1092 1909 1125 (Iamno,-

1061 1136 1210 1164 satisfactio
1236 1144 1302 1165 vero
1323 1137 1482 1174 semiplena
1503 1141 1557 1171 est,
1580 1138 1708 1174 quando,
1731 1138 1848 1167 remissa
1869 1137 1910 1175 of—

1060 1182 1155 1220 fensa,
1171 1183 1320 1212 satisfactio
1336 1183 1365 1212 fit
1387 1192 1438 1221 pro
1453 1184 1570 1213 damno.
1586 1185 1800 1221 intelligendum
1823 1185 1907 1222 igitur

1060 1233 1117 1261 est,
1139 1230 1212 1266 quod
1237 1238 1287 1266 pro
1316 1230 1394 1259 nullo
1415 1235 1541 1267 peccato,
1565 1231 1589 1259 in
1617 1240 1672 1268 quo
1702 1232 1732 1260 fit
1763 1233 1873 1260 aversio
1893 1240 1909 1260 a

1061 1276 1132 1307 Deo,
1155 1280 1244 1313 potest
1272 1277 1431 1306 satisfacere
1452 1278 1554 1315 aliquis
1583 1287 1672 1315 purus
1693 1279 1777 1307 bomo
1805 1279 1910 1308 satisfa-

1060 1323 1150 1352 ctione
1164 1323 1318 1360 plenaria,
1341 1332 1390 1353 nec
1406 1332 1456 1361 pro
1478 1334 1506 1353 se
1533 1326 1593 1362 ipso
1616 1334 1664 1354 nec
1687 1334 1737 1362 pro
1758 1326 1833 1360 aliis,
1849 1335 1909 1363 pro—

1061 1373 1122 1406 pter
1145 1370 1195 1398 lioc
1217 1371 1291 1407 quod
1321 1371 1424 1399 offensa
1452 1375 1479 1400 et
1508 1372 1609 1400 iniuria
1639 1372 1685 1400 illa
1711 1373 1907 1409 superexcedit

1060 1424 1160 1452 puram
1189 1420 1356 1445 creaturam.
1372 1433 1409 1437 —
1424 1417 1449 1446 Si
1480 1426 1546 1446 vero
1569 1418 1717 1455 loquamur
1739 1419 1773 1447 de
1802 1419 1909 1448 satisfa—

1060 1463 1149 1491 ctione
1170 1463 1345 1500 semiplena,
1369 1464 1414 1492 illa
1438 1464 1578 1497 videlicet,
1601 1465 1627 1493 in
1643 1474 1713 1502 qua,
1736 1466 1852 1494 remissa
1867 1465 1907 1503 of—

1058 1507 1158 1545 feram,
1176 1510 1329 1546 requiritur
1350 1511 1469 1539 emenda
1484 1512 1518 1540 de
1540 1512 1666 1545 (lituum,-
1681 1512 1720 1541 sic
1742 1512 1906 1546 (licendum,

1059 1556 1132 1592 quod
1157 1556 1240 1584 bomo
1261 1560 1350 1594 potest
1365 1558 1524 1586 satisfacere
1546 1567 1596 1595 pro
1618 1566 1669 1587 suo
1688 1559 1802 1588 actuali
1814 1559 1834 1593 ⁹,
1858 1560 1904 1588 sed

1060 1611 1112 1630 non
1136 1611 1186 1639 pro
1204 1603 1354 1640 oriyinali.

1139 1649 1214 1678 Ratio
1235 1654 1328 1678 autem
1353 1651 1437 1680 liuius
1459 1655 1514 1683 est,
1535 1653 1602 1689 quia
1624 1656 1766 1688 peccatum
1790 1653 1905 1682 actuale

1059 1696 1125 1724 dicit
1146 1696 1372 1733 depravationem
1395 1698 1568 1731 voluntatis,
1596 1700 1643 1728 sed
1673 1699 1819 1736 oriqinctle
1840 1700 1905 1729 dicit

1059 1743 1285 1780 depravationem
1308 1748 1444 1773 timarete.
1469 1745 1495 1773 ln
1512 1746 1563 1774 hoc
1584 1750 1678 1774 autem
1695 1746 1788 1775 differt
1809 1747 1906 1784 depra-

1060 1790 1132 1818 vatio
1152 1794 1280 1819 nalurae
1299 1793 1317 1819 ‘a
1339 1791 1537 1828 depravatione
1553 1792 1729 1826 voluntatis,
1751 1794 1826 1830 quod
1848 1802 1905 1822 cor-

1059 1837 1152 1873 ruptio
1179 1837 1338 1866 voluntatis
1367 1839 1478 1875 respicit
1508 1839 1595 1875 ipsam
1619 1847 1783 1876 personam,
1806 1843 1836 1868 ut
1864 1843 1905 1869 est

1059 1883 1260 1917 individuum,
1276 1884 1324 1913 sed
1346 1885 1489 1922 corruptio
1506 1889 1647 1919 natione,
1669 1889 1700 1914 ut
1719 1890 1760 1914 est
1781 1886 1904 1915 allerias

1056 1931 1247 1967 principium.
1264 1948 1300 1952 -
1316 1932 1395 1966 Item,
1411 1933 1477 1969 quia
1499 1933 1633 1961 voltoztas
1654 1937 1696 1962 est
1712 1934 1863 1967 vertibilis,
1878 1938 1905 1962 et

1058 1978 1201 2014 corruptio
1229 1978 1254 2006 in
1277 1987 1309 2007 ea
1337 1979 1460 2008 existens
1488 1983 1529 2008 est
1556 1979 1645 2017 facile
1676 1980 1811 2013 mobz'lis‚·
1839 1981 1906 2018 quia

1059 2032 1125 2053 vero
1146 2027 1246 2053 natura
1271 2033 1327 2054 nno
1355 2026 1438 2055 modo
1460 2030 1588 2055 movetur
1601 2027 1627 2061 ¹⁰,
1646 2028 1788 2064 corruptio
1816 2028 1844 2056 in
1872 2036 1904 2057 ea

1058 2071 1180 2100 existens
1195 2075 1236 2100 est
1257 2071 1372 2110 difficile
1392 2072 1514 2101 mobili-5.
1537 2074 1672 2110 Quoniam
1691 2074 1775 2111 igitur
1797 2074 1904 2103 deordi-

1058 2118 1132 2146 uatio
1147 2118 1309 2153 voluntatis,
1327 2119 1485 2148 introducta
1500 2128 1550 2157 per
1565 2120 1690 2154 actuale,
1706 2124 1748 2149 est
1759 2130 1903 2158 personae

1056 2164 1221 2202 singularis
1246 2169 1272 2194 et
1302 2164 1391 2202 facile
1423 2166 1551 2200 mobilis,
1579 2167 1784 2204 recompensari
1812 2171 1901 2204 potest

1057 2219 1107 2248 per
1129 2219 1210 2240 usum
1227 2213 1331 2248 gratiae
1346 2217 1457 2249 gratum
1473 2214 1610 2248 facientis,
1630 2222 1701 2251 quae
1718 2214 1829 2251 respicit
1844 2222 1904 2251 per-

1058 2267 1152 2287 sonam
1169 2259 1352 2296 singularein;
1374 2261 1440 2298 quia
1455 2269 1522 2289 vero
1541 2261 1704 2298 depravatio
1720 2265 1846 2289 natm-cte
1861 2265 1902 2290 est

1057 2305 1207 2342 respiciens
1232 2307 1471 2343 propagationem,
1500 2312 1526 2336 et
1548 2308 1585 2336 ita
1604 2301 1747 2336 ‘acilini-um
1776 2316 1901 2336 eommu-

1056 2360 1135 2386 uem,
1157 2356 1184 2381 et
1205 2353 1323 2382 ulterius
1344 2354 1498 2382 eradicari
1510 2363 1566 2382 nou
1587 2358 1678 2391 polest
1699 2354 1822 2382 omnino:
1841 2355 1902 2383 ideo

1057 2407 1107 2436 pro
1129 2399 1236 2427 damno
1258 2400 1360 2428 illato'¹
1378 2408 1459 2429 nemo
1481 2404 1569 2438 potest
1591 2401 1748 2429 satisfacere
1771 2409 1819 2437 per
1841 2409 1900 2437 gra-

1117 2522 1126 2536 7
1144 2521 1198 2544 Coit.
1212 2522 1229 2543 R
1241 2528 1284 2551 pro
1297 2521 1353 2550 ipso.
1369 2522 1390 2543 ln
1405 2522 1448 2544 tine
1460 2529 1508 2550 arg.
1521 2522 1573 2544 edd.
1592 2523 1698 2544 omittunt
1711 2528 1764 2549 suo,
1779 2525 1800 2544 et
1813 2522 1901 2545 addunt

1054 2561 1157 2589 peel-nto.

1119 2599 1128 2614 ⁸
1145 2600 1186 2622 Alii
1204 2600 1346 2628 distinguunt
1366 2600 1508 2629 perfectam,
1535 2606 1594 2629 quac
1611 2606 1652 2627 per
1674 2606 1698 2622 se
1722 2604 1743 2622 et
1766 2600 1902 2622 intrinsecus

1056 2639 1184 2666 aequivalet
1201 2639 1290 2666 debito,
1308 2642 1329 2661 et
1344 2638 1505 2668 imperfectum
1522 2639 1570 2660 sivi·
1584 2639 1612 2660 de
1624 2645 1647 2660 sc
1660 2639 1842 2660 insufficientem.

1117 2677 1127 2691 ⁹
1144 2677 1200 2699 Edd.
1214 2678 1249 2699 nic
1266 2682 1288 2699 ct
1299 2677 1397 2699 subinde
1411 2681 1461 2705 post
1478 2677 1591 2706 originali
1601 2677 1703 2699 subdunt
1714 2678 1817 2706 peccalo.
1831 2677 1900 2699 Paulo

1055 2717 1162 2744 superius
1179 2719 1229 2738 ante
1247 2715 1289 2738 illa.
1307 2715 1410 2739 videlicet
1425 2716 1492 2738 codd.
1510 2716 1560 2737 Laa
1579 2717 1681 2738 inserunt
1699 2715 1732 2737 dc.

1118 2754 1137 2769 ¹⁰
1155 2755 1252 2779 Aris-tot..
1265 2755 1418 2782 mechanicae,
1432 2761 1450 2777 c.
1468 2755 1472 2776 1
1484 2760 1489 2776 ;
1502 2754 1584 2776 Natura
1597 2755 1679 2776 etenim
1697 2754 1796 2776 cundem
1809 2760 1901 2781 semper

1056 2793 1123 2815 habet
1135 2794 1238 2815 modum.
1251 2793 1296 2815 Cfr.
1314 2794 1351 2815 tx.
1370 2794 1465 2821 Metapli.
1479 2796 1530 2815 text.
1549 2794 1569 2815 3.
1587 2798 1607 2815 et
1631 2794 1663 2815 10.
1678 2793 1744 2820 (vni.
1761 2799 1779 2815 c.
1794 2794 1814 2815 2.
1827 2796 1849 2815 et
1861 2793 1900 2822 5.).

1054 2844 1085 2848 —·-
1097 2832 1165 2854 Paulo
1182 2835 1234 2854 ante
1251 2838 1293 2859 pro
1310 2832 1367 2854 Ilem
1385 2832 1452 2854 codd.
1469 2833 1486 2854 G
1497 2832 1540 2860 QZ
1559 2839 1583 2853 aa
1602 2832 1700 2855 lterum.
1720 2833 1788 2854 Paulo
1806 2833 1899 2855 inferius

1055 2877 1098 2898 pro
1109 2877 1152 2899 per
1168 2870 1261 2893 actuale
1272 2870 1324 2892 edd.
1343 2877 1395 2892 cum
1409 2877 1454 2892 nno
1472 2871 1588 2899 alteroque
1600 2871 1650 2893 cod.
1668 2877 1711 2900 pro
1731 2871 1827 2894 actuali.
1846 2872 1898 2893 Post

1055 2916 1127 2937 pauca
1147 2916 1188 2937 pro
1206 2915 1277 2932 rnsum
1293 2909 1385 2939 qruliue
1403 2910 1452 2932 cod.
1471 2910 1488 2931 N
1507 2909 1594 2933 ιΙοηιιιη
1609 2910 1710 2939 ytaliae.

1117 2948 1134 2962 ¹¹
1153 2948 1226 2971 Codd.
1245 2949 1289 2970 AR
1309 2950 1344 2971 nic
1361 2949 1489 2976 adiungunt
1504 2955 1547 2978 pro
1565 2949 1679 2979 orfyinalz'
1693 2951 1794 2979 precato.

1744 3000 1772 3022 54

1923 1004 1994 1027 Duplex
2011 1009 2039 1021 sa-

1934 1027 2020 1045 tis-tactio.

1922 1237 2021 1255 Conclusio
2035 1237 2050 1255 1.

1920 1518 2019 1535 Conclusio
2032 1518 2048 1535 -2,

1920 1658 1981 1675 Ratio.

1938 1750 2047 1769 littterentia

1920 1774 1988 1797 duplex
2000 1775 2049 1792 iuter

1919 1798 2009 1820 originale
2030 1800 2049 1816 et

1919 1822 1999 1839 actuale.
