<?xml version="1.0" encoding="UTF-8"?>
<!DOCTYPE html PUBLIC "-//W3C//DTD XHTML 1.0 Transitional//EN"
    "http://www.w3.org/TR/xhtml1/DTD/xhtml1-transitional.dtd">
<html xmlns="http://www.w3.org/1999/xhtml" xml:lang="en" lang="en">
 <head>
  <title>
</title>
<meta http-equiv="Content-Type" content="text/html;charset=utf-8" />
  <meta name='ocr-system' content='tesseract 3.04.00' />
  <meta name='ocr-capabilities' content='ocr_page ocr_carea ocr_par ocr_line ocrx_word'/>
</head>
<body>
  <div class='ocr_page' id='page_1' title='image "./doctorisseraphic03bona_0479.png"; bbox 0 0 2166 3366; ppageno 0'>
   <div class='ocr_carea' id='block_1_1' title="bbox 708 171 1340 208">
    <p class='ocr_par' dir='ltr' id='par_1_1' title="bbox 708 171 1340 208">
     <span class='ocr_line' id='line_1_1' title="bbox 708 171 1340 208; baseline -0.002 -8"><span class='ocrx_word' id='word_1_1' title='bbox 708 172 789 200; x_wconf 82' lang='lat' dir='ltr'>DisT.</span> <span class='ocrx_word' id='word_1_2' title='bbox 813 172 887 200; x_wconf 82' lang='lat' dir='ltr'>xxii.</span> <span class='ocrx_word' id='word_1_3' title='bbox 910 172 981 200; x_wconf 73' lang='grc' dir='ltr'>ΛΒΤ.</span> <span class='ocrx_word' id='word_1_4' title='bbox 1005 171 1120 201; x_wconf 78' lang='lat' dir='ltr'>L&#39;Nlcrs</span> <span class='ocrx_word' id='word_1_5' title='bbox 1142 171 1277 208; x_wconf 62' lang='lat' dir='ltr'>QUAEST.</span> <span class='ocrx_word' id='word_1_6' title='bbox 1301 171 1340 199; x_wconf 90' lang='grc'>111.</span> 
     </span>
    </p>
   </div>
   <div class='ocr_carea' id='block_1_2' title="bbox 11 249 996 1450">
    <p class='ocr_par' dir='ltr' id='par_1_2' title="bbox 147 249 994 333">
     <span class='ocr_line' id='line_1_2' title="bbox 147 249 994 287; baseline -0.002 -7"><span class='ocrx_word' id='word_1_7' title='bbox 147 251 266 280; x_wconf 85' lang='lat' dir='ltr'>civitatis</span> <span class='ocrx_word' id='word_1_8' title='bbox 287 254 356 279; x_wconf 88' lang='lat' dir='ltr'>etc.:</span> <span class='ocrx_word' id='word_1_9' title='bbox 379 257 446 286; x_wconf 81' lang='lat' dir='ltr'>ergo</span> <span class='ocrx_word' id='word_1_10' title='bbox 469 249 594 284; x_wconf 85' lang='lat' dir='ltr'>videtur,</span> <span class='ocrx_word' id='word_1_11' title='bbox 616 250 690 287; x_wconf 86' lang='lat' dir='ltr'>quod</span> <span class='ocrx_word' id='word_1_12' title='bbox 706 250 834 278; x_wconf 77' lang='lat' dir='ltr'>Christus</span> <span class='ocrx_word' id='word_1_13' title='bbox 856 250 994 287; x_wconf 84' lang='lat' dir='ltr'>usquead</span> 
     </span>
     <span class='ocr_line' id='line_1_3' title="bbox 148 297 832 333; baseline -0.004 -6"><span class='ocrx_word' id='word_1_14' title='bbox 148 299 260 327; x_wconf 88' lang='lat' dir='ltr'>tertium</span> <span class='ocrx_word' id='word_1_15' title='bbox 283 297 356 326; x_wconf 84' lang='lat' dir='ltr'>diem</span> <span class='ocrx_word' id='word_1_16' title='bbox 380 297 406 324; x_wconf 94' lang='lat' dir='ltr'>in</span> <span class='ocrx_word' id='word_1_17' title='bbox 428 297 558 333; x_wconf 88' lang='lat' dir='ltr'>sepulcro</span> <span class='ocrx_word' id='word_1_18' title='bbox 580 305 632 324; x_wconf 89' lang='lat' dir='ltr'>non</span> <span class='ocrx_word' id='word_1_19' title='bbox 655 297 832 333; x_wconf 68' lang='lat' dir='ltr'>requieverit.</span> 
     </span>
    </p>

    <p class='ocr_par' dir='ltr' id='par_1_3' title="bbox 147 343 995 523">
     <span class='ocr_line' id='line_1_4' title="bbox 227 343 995 379; baseline -0.001 -7"><span class='ocrx_word' id='word_1_20' title='bbox 227 346 253 372; x_wconf 63' lang='lat'>⁹2.</span> <span class='ocrx_word' id='word_1_21' title='bbox 276 344 358 377; x_wconf 82' lang='lat' dir='ltr'>ltem,</span> <span class='ocrx_word' id='word_1_22' title='bbox 381 344 496 371; x_wconf 78' lang='lat' dir='ltr'>Actuum</span> <span class='ocrx_word' id='word_1_23' title='bbox 520 343 680 371; x_wconf 58' lang='lat' dir='ltr'>secundm:</span> <span class='ocrx_word' id='word_1_24' title='bbox 705 343 793 379; x_wconf 72' lang='lat' dir='ltr'>Quem</span> <span class='ocrx_word' id='word_1_25' title='bbox 816 344 891 371; x_wconf 70' lang='lat' dir='ltr'>Dens</span> <span class='ocrx_word' id='word_1_26' title='bbox 905 343 995 371; x_wconf 66' lang='lat' dir='ltr'>susci-</span> 
     </span>
     <span class='ocr_line' id='line_1_5' title="bbox 148 389 992 427; baseline -0.002 -7"><span class='ocrx_word' id='word_1_27' title='bbox 148 391 220 420; x_wconf 72' lang='lat' dir='ltr'>tavit</span> <span class='ocrx_word' id='word_1_28' title='bbox 241 399 256 419; x_wconf 88' lang='lat' dir='ltr'>a</span> <span class='ocrx_word' id='word_1_29' title='bbox 272 390 402 424; x_wconf 83' lang='lat' dir='ltr'>mortuis,</span> <span class='ocrx_word' id='word_1_30' title='bbox 425 389 511 418; x_wconf 63' lang='lat' dir='ltr'>tama</span> <span class='ocrx_word' id='word_1_31' title='bbox 527 390 604 427; x_wconf 74' lang='lat' dir='ltr'>qnod</span> <span class='ocrx_word' id='word_1_32' title='bbox 625 389 800 426; x_wconf 63' lang='lat' dir='ltr'>impossibile</span> <span class='ocrx_word' id='word_1_33' title='bbox 821 394 902 423; x_wconf 69' lang='lat' dir='ltr'>erat,</span> <span class='ocrx_word' id='word_1_34' title='bbox 926 390 992 418; x_wconf 64' lang='lat' dir='ltr'>dett*-</span> 
     </span>
     <span class='ocr_line' id='line_1_6' title="bbox 148 436 992 473; baseline -0.002 -7"><span class='ocrx_word' id='word_1_35' title='bbox 148 438 214 466; x_wconf 72' lang='lat' dir='ltr'>nerz&#39;</span> <span class='ocrx_word' id='word_1_36' title='bbox 234 446 322 470; x_wconf 78' lang='lat' dir='ltr'>eum,-</span> <span class='ocrx_word' id='word_1_37' title='bbox 343 437 390 465; x_wconf 92' lang='lat' dir='ltr'>sed</span> <span class='ocrx_word' id='word_1_38' title='bbox 414 436 435 464; x_wconf 88' lang='lat' dir='ltr'>si</span> <span class='ocrx_word' id='word_1_39' title='bbox 457 444 509 464; x_wconf 91' lang='lat' dir='ltr'>non</span> <span class='ocrx_word' id='word_1_40' title='bbox 527 436 616 473; x_wconf 91' lang='lat' dir='ltr'>potuit</span> <span class='ocrx_word' id='word_1_41' title='bbox 631 436 767 464; x_wconf 74' lang='lat' dir='ltr'><strong>detineri:</strong></span> <span class='ocrx_word' id='word_1_42' title='bbox 784 445 850 473; x_wconf 72' lang='lat' dir='ltr'>ergo</span> <span class='ocrx_word' id='word_1_43' title='bbox 866 437 992 471; x_wconf 80' lang='lat' dir='ltr'>videtur,</span> 
     </span>
     <span class='ocr_line' id='line_1_7' title="bbox 147 483 940 523; baseline -0.003 -10"><span class='ocrx_word' id='word_1_44' title='bbox 147 485 222 523; x_wconf 87' lang='lat' dir='ltr'>quod</span> <span class='ocrx_word' id='word_1_45' title='bbox 245 485 337 513; x_wconf 86' lang='lat' dir='ltr'>statim</span> <span class='ocrx_word' id='word_1_46' title='bbox 360 483 565 516; x_wconf 73' lang='lat' dir='ltr'>resurrexerit,</span> <span class='ocrx_word' id='word_1_47' title='bbox 586 483 708 519; x_wconf 82' lang='lat' dir='ltr'>alioquin</span> <span class='ocrx_word' id='word_1_48' title='bbox 731 483 860 512; x_wconf 83' lang='lat' dir='ltr'>detentus</span> <span class='ocrx_word' id='word_1_49' title='bbox 881 484 940 511; x_wconf 85' lang='lat' dir='ltr'>luit.</span> 
     </span>
    </p>

    <p class='ocr_par' dir='ltr' id='par_1_4' title="bbox 147 529 994 756">
     <span class='ocr_line' id='line_1_8' title="bbox 227 529 994 567; baseline -0.001 -8"><span class='ocrx_word' id='word_1_50' title='bbox 227 531 252 560; x_wconf 83' lang='lat'>3.</span> <span class='ocrx_word' id='word_1_51' title='bbox 276 531 357 564; x_wconf 85' lang='lat' dir='ltr'>item,</span> <span class='ocrx_word' id='word_1_52' title='bbox 379 538 450 567; x_wconf 86' lang='lat' dir='ltr'>opus</span> <span class='ocrx_word' id='word_1_53' title='bbox 471 533 581 558; x_wconf 88' lang='lat' dir='ltr'>nostrae</span> <span class='ocrx_word' id='word_1_54' title='bbox 604 529 803 566; x_wconf 84' lang='lat' dir='ltr'>redemptionis</span> <span class='ocrx_word' id='word_1_55' title='bbox 825 531 915 559; x_wconf 84' lang='lat' dir='ltr'>statim</span> <span class='ocrx_word' id='word_1_56' title='bbox 933 533 994 567; x_wconf 90' lang='lat' dir='ltr'>post</span> 
     </span>
     <span class='ocr_line' id='line_1_9' title="bbox 148 576 994 614; baseline -0.001 -8"><span class='ocrx_word' id='word_1_57' title='bbox 148 582 266 606; x_wconf 87' lang='lat' dir='ltr'>mortem</span> <span class='ocrx_word' id='word_1_58' title='bbox 288 580 513 606; x_wconf 85' lang='lat' dir='ltr'>consummatum</span> <span class='ocrx_word' id='word_1_59' title='bbox 538 576 606 604; x_wconf 77' lang='lat' dir='ltr'>l‘uit:</span> <span class='ocrx_word' id='word_1_60' title='bbox 629 584 696 612; x_wconf 83' lang='lat' dir='ltr'>ergo</span> <span class='ocrx_word' id='word_1_61' title='bbox 716 577 878 613; x_wconf 82' lang='lat' dir='ltr'>glorilicatio</span> <span class='ocrx_word' id='word_1_62' title='bbox 900 585 994 614; x_wconf 89' lang='lat' dir='ltr'>corpo-</span> 
     </span>
     <span class='ocr_line' id='line_1_10' title="bbox 147 623 994 659; baseline -0.002 -6"><span class='ocrx_word' id='word_1_63' title='bbox 147 625 186 654; x_wconf 96' lang='lat' dir='ltr'>ris</span> <span class='ocrx_word' id='word_1_64' title='bbox 207 624 308 653; x_wconf 81' lang='lat' dir='ltr'>Christi</span> <span class='ocrx_word' id='word_1_65' title='bbox 332 624 384 652; x_wconf 87' lang='lat' dir='ltr'>iam</span> <span class='ocrx_word' id='word_1_66' title='bbox 409 631 461 651; x_wconf 94' lang='lat' dir='ltr'>non</span> <span class='ocrx_word' id='word_1_67' title='bbox 484 623 581 651; x_wconf 87' lang='lat' dir='ltr'>dehuit</span> <span class='ocrx_word' id='word_1_68' title='bbox 603 623 724 659; x_wconf 82' lang='lat' dir='ltr'>amplius</span> <span class='ocrx_word' id='word_1_69' title='bbox 752 624 874 657; x_wconf 76' lang='lat' dir='ltr'>differri,</span> <span class='ocrx_word' id='word_1_70' title='bbox 902 627 929 652; x_wconf 89' lang='lat' dir='ltr'>et</span> <span class='ocrx_word' id='word_1_71' title='bbox 957 624 994 652; x_wconf 82' lang='lat' dir='ltr'>ita</span> 
     </span>
     <span class='ocr_line' id='line_1_11' title="bbox 148 669 993 709; baseline -0.004 -8"><span class='ocrx_word' id='word_1_72' title='bbox 148 679 250 709; x_wconf 86' lang='lat' dir='ltr'>corpus</span> <span class='ocrx_word' id='word_1_73' title='bbox 271 670 372 699; x_wconf 77' lang='lat' dir='ltr'>Christi</span> <span class='ocrx_word' id='word_1_74' title='bbox 395 678 448 698; x_wconf 90' lang='lat' dir='ltr'>non</span> <span class='ocrx_word' id='word_1_75' title='bbox 478 670 574 698; x_wconf 84' lang='lat' dir='ltr'>debuit</span> <span class='ocrx_word' id='word_1_76' title='bbox 597 669 622 697; x_wconf 89' lang='lat' dir='ltr'>in</span> <span class='ocrx_word' id='word_1_77' title='bbox 645 670 774 706; x_wconf 83' lang='lat' dir='ltr'>sepulcro</span> <span class='ocrx_word' id='word_1_78' title='bbox 797 678 845 707; x_wconf 80' lang='lat' dir='ltr'>per</span> <span class='ocrx_word' id='word_1_79' title='bbox 868 670 993 699; x_wconf 90' lang='lat' dir='ltr'>triduum</span> 
     </span>
     <span class='ocr_line' id='line_1_12' title="bbox 148 718 981 756; baseline -0.002 -9"><span class='ocrx_word' id='word_1_80' title='bbox 148 718 279 756; x_wconf 80' lang='lat' dir='ltr'>relinqui.</span> <span class='ocrx_word' id='word_1_81' title='bbox 577 728 578 731; x_wconf 48' lang='lat'>¹</span> <span class='ocrx_word' id='word_1_82' title='bbox 979 727 981 730; x_wconf 59' lang='lat'><strong><em>¹</em></strong></span> 
     </span>
    </p>

    <p class='ocr_par' dir='ltr' id='par_1_5' title="bbox 149 763 996 1075">
     <span class='ocr_line' id='line_1_13' title="bbox 226 763 996 802; baseline -0.001 -8"><span class='ocrx_word' id='word_1_83' title='bbox 226 766 252 794; x_wconf 74' lang='grc'>[1.</span> <span class='ocrx_word' id='word_1_84' title='bbox 275 765 351 799; x_wconf 81' lang='lat' dir='ltr'>ltem,</span> <span class='ocrx_word' id='word_1_85' title='bbox 373 764 465 793; x_wconf 86' lang='lat' dir='ltr'>anima</span> <span class='ocrx_word' id='word_1_86' title='bbox 486 763 587 792; x_wconf 79' lang='lat' dir='ltr'>Christi</span> <span class='ocrx_word' id='word_1_87' title='bbox 612 764 638 792; x_wconf 96' lang='lat' dir='ltr'>in</span> <span class='ocrx_word' id='word_1_88' title='bbox 662 764 707 792; x_wconf 87' lang='lat' dir='ltr'>illo</span> <span class='ocrx_word' id='word_1_89' title='bbox 730 764 823 792; x_wconf 88' lang='lat' dir='ltr'>triduo</span> <span class='ocrx_word' id='word_1_90' title='bbox 844 768 891 793; x_wconf 86' lang='lat' dir='ltr'>aut</span> <span class='ocrx_word' id='word_1_91' title='bbox 913 773 996 802; x_wconf 73' lang='lat' dir='ltr'>appe-</span> 
     </span>
     <span class='ocr_line' id='line_1_14' title="bbox 149 810 994 849; baseline -0.001 -8"><span class='ocrx_word' id='word_1_92' title='bbox 149 812 223 841; x_wconf 73' lang='lat' dir='ltr'>rebat</span> <span class='ocrx_word' id='word_1_93' title='bbox 245 812 318 840; x_wconf 90' lang='lat' dir='ltr'>uniri</span> <span class='ocrx_word' id='word_1_94' title='bbox 341 819 392 839; x_wconf 88' lang='lat' dir='ltr'>suo</span> <span class='ocrx_word' id='word_1_95' title='bbox 414 810 541 847; x_wconf 76' lang='lat' dir='ltr'>corpori,</span> <span class='ocrx_word' id='word_1_96' title='bbox 562 813 611 838; x_wconf 85' lang='lat' dir='ltr'>aut</span> <span class='ocrx_word' id='word_1_97' title='bbox 634 820 698 838; x_wconf 85' lang='lat' dir='ltr'>non.</span> <span class='ocrx_word' id='word_1_98' title='bbox 715 812 739 839; x_wconf 78' lang='lat' dir='ltr'>Si</span> <span class='ocrx_word' id='word_1_99' title='bbox 758 820 814 839; x_wconf 79' lang='lat' dir='ltr'>non</span> <span class='ocrx_word' id='word_1_100' title='bbox 828 812 994 849; x_wconf 73' lang='lat' dir='ltr'>appetebat:</span> 
     </span>
     <span class='ocr_line' id='line_1_15' title="bbox 149 858 994 896; baseline -0.001 -8"><span class='ocrx_word' id='word_1_101' title='bbox 149 867 216 896; x_wconf 83' lang='lat' dir='ltr'>ergo</span> <span class='ocrx_word' id='word_1_102' title='bbox 238 867 290 887; x_wconf 90' lang='lat' dir='ltr'>non</span> <span class='ocrx_word' id='word_1_103' title='bbox 314 858 433 886; x_wconf 82' lang='lat' dir='ltr'>habehat</span> <span class='ocrx_word' id='word_1_104' title='bbox 456 861 583 885; x_wconf 84' lang='lat' dir='ltr'>naturam</span> <span class='ocrx_word' id='word_1_105' title='bbox 616 858 734 886; x_wconf 88' lang='lat' dir='ltr'>aliarum</span> <span class='ocrx_word' id='word_1_106' title='bbox 768 859 944 893; x_wconf 80' lang='lat' dir='ltr'>animarum3</span> <span class='ocrx_word' id='word_1_107' title='bbox 973 859 994 888; x_wconf 94' lang='lat' dir='ltr'>si</span> 
     </span>
     <span class='ocr_line' id='line_1_16' title="bbox 149 904 996 943; baseline 0 -9"><span class='ocrx_word' id='word_1_108' title='bbox 149 905 319 943; x_wconf 77' lang='lat' dir='ltr'>appetebat.-</span> <span class='ocrx_word' id='word_1_109' title='bbox 341 913 408 941; x_wconf 84' lang='lat' dir='ltr'>ergo</span> <span class='ocrx_word' id='word_1_110' title='bbox 429 904 626 933; x_wconf 76' lang='lat' dir='ltr'>retardabatur</span> <span class='ocrx_word' id='word_1_111' title='bbox 647 913 663 932; x_wconf 88' lang='lat' dir='ltr'>a</span> <span class='ocrx_word' id='word_1_112' title='bbox 684 905 915 942; x_wconf 70' lang='lat' dir='ltr'>contemplatione</span> <span class='ocrx_word' id='word_1_113' title='bbox 938 914 996 942; x_wconf 87' lang='lat' dir='ltr'>per-</span> 
     </span>
     <span class='ocr_line' id='line_1_17' title="bbox 149 951 996 989; baseline -0.001 -7"><span class='ocrx_word' id='word_1_114' title='bbox 149 953 235 987; x_wconf 78' lang='lat' dir='ltr'>fecta,</span> <span class='ocrx_word' id='word_1_115' title='bbox 257 952 278 981; x_wconf 84' lang='lat' dir='ltr'>si</span> <span class='ocrx_word' id='word_1_116' title='bbox 301 959 403 989; x_wconf 86' lang='lat' dir='ltr'>eorpus</span> <span class='ocrx_word' id='word_1_117' title='bbox 424 951 485 980; x_wconf 88' lang='lat' dir='ltr'>eius</span> <span class='ocrx_word' id='word_1_118' title='bbox 506 959 558 978; x_wconf 84' lang='lat' dir='ltr'>non</span> <span class='ocrx_word' id='word_1_119' title='bbox 583 951 753 979; x_wconf 58' lang='lat' dir='ltr'>reddel‘iatnr</span> <span class='ocrx_word' id='word_1_120' title='bbox 771 952 805 979; x_wconf 84' lang='lat' dir='ltr'>ei.</span> <span class='ocrx_word' id='word_1_121' title='bbox 820 952 872 980; x_wconf 76' lang='lat' dir='ltr'>Sed</span> <span class='ocrx_word' id='word_1_122' title='bbox 890 953 940 981; x_wconf 87' lang='lat' dir='ltr'>hoc</span> <span class='ocrx_word' id='word_1_123' title='bbox 955 955 996 981; x_wconf 88' lang='lat' dir='ltr'>est</span> 
     </span>
     <span class='ocr_line' id='line_1_18' title="bbox 150 998 996 1036; baseline -0.001 -8"><span class='ocrx_word' id='word_1_124' title='bbox 150 999 363 1028; x_wconf 85' lang='lat' dir='ltr'>inconveniens:</span> <span class='ocrx_word' id='word_1_125' title='bbox 386 1006 453 1034; x_wconf 83' lang='lat' dir='ltr'>ergo</span> <span class='ocrx_word' id='word_1_126' title='bbox 469 998 595 1032; x_wconf 88' lang='lat' dir='ltr'>videtur,</span> <span class='ocrx_word' id='word_1_127' title='bbox 611 998 686 1034; x_wconf 89' lang='lat' dir='ltr'>quod</span> <span class='ocrx_word' id='word_1_128' title='bbox 703 999 796 1026; x_wconf 82' lang='lat' dir='ltr'>statim</span> <span class='ocrx_word' id='word_1_129' title='bbox 819 1007 921 1036; x_wconf 87' lang='lat' dir='ltr'>corpus</span> <span class='ocrx_word' id='word_1_130' title='bbox 935 1001 996 1027; x_wconf 89' lang='lat' dir='ltr'>eius</span> 
     </span>
     <span class='ocr_line' id='line_1_19' title="bbox 150 1045 438 1075; baseline -0.01 0"><span class='ocrx_word' id='word_1_131' title='bbox 150 1046 279 1075; x_wconf 79' lang='lat' dir='ltr'>debuerit</span> <span class='ocrx_word' id='word_1_132' title='bbox 300 1045 438 1074; x_wconf 85' lang='lat' dir='ltr'>suscitari.</span> 
     </span>
    </p>

    <p class='ocr_par' dir='ltr' id='par_1_6' title="bbox 230 1091 996 1129">
     <span class='ocr_line' id='line_1_20' title="bbox 230 1091 996 1129; baseline 0.001 -8"><span class='ocrx_word' id='word_1_133' title='bbox 230 1093 275 1121; x_wconf 88' lang='lat' dir='ltr'>Est</span> <span class='ocrx_word' id='word_1_134' title='bbox 296 1093 380 1129; x_wconf 81' lang='lat' dir='ltr'>igitur</span> <span class='ocrx_word' id='word_1_135' title='bbox 402 1091 528 1129; x_wconf 84' lang='lat' dir='ltr'>quaestio</span> <span class='ocrx_word' id='word_1_136' title='bbox 549 1091 583 1120; x_wconf 88' lang='lat' dir='ltr'>de</span> <span class='ocrx_word' id='word_1_137' title='bbox 603 1095 727 1129; x_wconf 86' lang='lat' dir='ltr'>tempore</span> <span class='ocrx_word' id='word_1_138' title='bbox 742 1096 768 1120; x_wconf 85' lang='lat' dir='ltr'>et</span> <span class='ocrx_word' id='word_1_139' title='bbox 784 1093 852 1121; x_wconf 82' lang='lat' dir='ltr'>liora</span> <span class='ocrx_word' id='word_1_140' title='bbox 874 1101 996 1122; x_wconf 83' lang='lat' dir='ltr'>resurre-</span> 
     </span>
    </p>

    <p class='ocr_par' dir='ltr' id='par_1_7' title="bbox 23 1139 995 1177">
     <span class='ocr_line' id='line_1_21' title="bbox 23 1139 995 1177; baseline -0.003 -6"><span class='ocrx_word' id='word_1_141' title='bbox 23 1146 135 1173; x_wconf 53' lang='grc'>011101101-</span> <span class='ocrx_word' id='word_1_142' title='bbox 150 1140 256 1169; x_wconf 84' lang='lat' dir='ltr'>etionis.</span> <span class='ocrx_word' id='word_1_143' title='bbox 277 1140 344 1168; x_wconf 86' lang='lat' dir='ltr'>Nam</span> <span class='ocrx_word' id='word_1_144' title='bbox 366 1139 476 1176; x_wconf 80' lang='lat' dir='ltr'>aliquae</span> <span class='ocrx_word' id='word_1_145' title='bbox 498 1139 629 1168; x_wconf 68' lang='lat' dir='ltr'>Glossae²</span> <span class='ocrx_word' id='word_1_146' title='bbox 652 1139 781 1168; x_wconf 82' lang='lat' dir='ltr'>videntur</span> <span class='ocrx_word' id='word_1_147' title='bbox 797 1140 897 1173; x_wconf 82' lang='lat' dir='ltr'>dicere,</span> <span class='ocrx_word' id='word_1_148' title='bbox 921 1140 995 1177; x_wconf 80' lang='lat' dir='ltr'>quod</span> 
     </span>
    </p>

    <p class='ocr_par' dir='ltr' id='par_1_8' title="bbox 11 1170 996 1269">
     <span class='ocr_line' id='line_1_22' title="bbox 11 1170 995 1223; baseline -0.001 -8"><span class='ocrx_word' id='word_1_149' title='bbox 11 1170 100 1189; x_wconf 58' lang='lat' dir='ltr'>mmm</span> <span class='ocrx_word' id='word_1_150' title='bbox 150 1187 278 1215; x_wconf 85' lang='lat' dir='ltr'>Christus</span> <span class='ocrx_word' id='word_1_151' title='bbox 298 1186 423 1215; x_wconf 85' lang='lat' dir='ltr'>surrexit</span> <span class='ocrx_word' id='word_1_152' title='bbox 439 1186 464 1214; x_wconf 92' lang='lat' dir='ltr'>in</span> <span class='ocrx_word' id='word_1_153' title='bbox 483 1186 574 1214; x_wconf 84' lang='lat' dir='ltr'>media</span> <span class='ocrx_word' id='word_1_154' title='bbox 590 1189 684 1217; x_wconf 84' lang='lat' dir='ltr'>noete.</span> <span class='ocrx_word' id='word_1_155' title='bbox 699 1186 808 1223; x_wconf 83' lang='lat' dir='ltr'>aliquae</span> <span class='ocrx_word' id='word_1_156' title='bbox 824 1194 905 1217; x_wconf 84' lang='lat' dir='ltr'>vero,</span> <span class='ocrx_word' id='word_1_157' title='bbox 921 1186 995 1222; x_wconf 88' lang='lat' dir='ltr'>quod</span> 
     </span>
     <span class='ocr_line' id='line_1_23' title="bbox 151 1233 996 1269; baseline -0.002 -7"><span class='ocrx_word' id='word_1_158' title='bbox 151 1234 177 1262; x_wconf 93' lang='lat' dir='ltr'>in</span> <span class='ocrx_word' id='word_1_159' title='bbox 200 1241 289 1262; x_wconf 84' lang='lat' dir='ltr'>mane.</span> <span class='ocrx_word' id='word_1_160' title='bbox 311 1250 349 1253; x_wconf 98' lang='lat'>-—</span> <span class='ocrx_word' id='word_1_161' title='bbox 372 1233 493 1263; x_wconf 69' lang='lat' dir='ltr'>llursns,</span> <span class='ocrx_word' id='word_1_162' title='bbox 515 1233 641 1269; x_wconf 80' lang='lat' dir='ltr'>quaestio</span> <span class='ocrx_word' id='word_1_163' title='bbox 668 1237 724 1261; x_wconf 83' lang='lat' dir='ltr'>est:</span> <span class='ocrx_word' id='word_1_164' title='bbox 756 1241 843 1269; x_wconf 73' lang='lat' dir='ltr'>quare</span> <span class='ocrx_word' id='word_1_165' title='bbox 869 1233 996 1261; x_wconf 87' lang='lat' dir='ltr'>Christus</span> 
     </span>
    </p>

    <p class='ocr_par' dir='ltr' id='par_1_9' title="bbox 13 1279 996 1317">
     <span class='ocr_line' id='line_1_24' title="bbox 13 1279 996 1317; baseline -0.003 -7"><span class='ocrx_word' id='word_1_166' title='bbox 13 1286 137 1314; x_wconf 49' lang='lat' dir='ltr'>,Quaestioz</span> <span class='ocrx_word' id='word_1_167' title='bbox 151 1280 295 1317; x_wconf 86' lang='lat' dir='ltr'>praevenit</span> <span class='ocrx_word' id='word_1_168' title='bbox 327 1279 561 1308; x_wconf 75' lang='lat' dir='ltr'>resurrectionem</span> <span class='ocrx_word' id='word_1_169' title='bbox 594 1279 712 1307; x_wconf 88' lang='lat' dir='ltr'>alioruin</span> <span class='ocrx_word' id='word_1_170' title='bbox 746 1283 942 1313; x_wconf 83' lang='lat' dir='ltr'>mortuorum,</span> <span class='ocrx_word' id='word_1_171' title='bbox 969 1283 996 1308; x_wconf 85' lang='lat' dir='ltr'>et</span> 
     </span>
    </p>

    <p class='ocr_par' dir='ltr' id='par_1_10' title="bbox 11 1310 995 1450">
     <span class='ocr_line' id='line_1_25' title="bbox 11 1310 995 1364; baseline -0.002 -8"><span class='ocrx_word' id='word_1_172' title='bbox 11 1310 102 1330; x_wconf 55' lang='lat' dir='ltr'>&#39;mm&#39;</span> <span class='ocrx_word' id='word_1_173' title='bbox 150 1335 253 1364; x_wconf 82' lang='lat' dir='ltr'>corpus</span> <span class='ocrx_word' id='word_1_174' title='bbox 274 1327 334 1356; x_wconf 90' lang='lat' dir='ltr'>eius</span> <span class='ocrx_word' id='word_1_175' title='bbox 357 1335 408 1355; x_wconf 89' lang='lat' dir='ltr'>non</span> <span class='ocrx_word' id='word_1_176' title='bbox 432 1326 484 1355; x_wconf 91' lang='lat' dir='ltr'>l&#39;nit</span> <span class='ocrx_word' id='word_1_177' title='bbox 505 1326 556 1354; x_wconf 84' lang='lat' dir='ltr'>nisi</span> <span class='ocrx_word' id='word_1_178' title='bbox 580 1334 628 1363; x_wconf 86' lang='lat' dir='ltr'>pei·</span> <span class='ocrx_word' id='word_1_179' title='bbox 652 1326 776 1354; x_wconf 90' lang='lat' dir='ltr'>triduum</span> <span class='ocrx_word' id='word_1_180' title='bbox 801 1327 825 1354; x_wconf 92' lang='lat' dir='ltr'>in</span> <span class='ocrx_word' id='word_1_181' title='bbox 848 1326 995 1363; x_wconf 83' lang='lat' dir='ltr'>sepulcro,</span> 
     </span>
     <span class='ocr_line' id='line_1_26' title="bbox 150 1373 995 1411; baseline -0.002 -8"><span class='ocrx_word' id='word_1_182' title='bbox 150 1382 214 1403; x_wconf 86' lang='lat' dir='ltr'>cum</span> <span class='ocrx_word' id='word_1_183' title='bbox 237 1382 354 1411; x_wconf 85' lang='lat' dir='ltr'>corpora</span> <span class='ocrx_word' id='word_1_184' title='bbox 375 1373 495 1402; x_wconf 83' lang='lat' dir='ltr'>aliorum</span> <span class='ocrx_word' id='word_1_185' title='bbox 518 1373 663 1401; x_wconf 87' lang='lat' dir='ltr'>hominum</span> <span class='ocrx_word' id='word_1_186' title='bbox 679 1376 841 1410; x_wconf 74' lang='lat' dir='ltr'>exspectent</span> <span class='ocrx_word' id='word_1_187' title='bbox 857 1373 995 1410; x_wconf 77' lang='lat' dir='ltr'>usquead</span> 
     </span>
     <span class='ocr_line' id='line_1_27' title="bbox 151 1420 432 1450; baseline 0 -1"><span class='ocrx_word' id='word_1_188' title='bbox 151 1420 224 1450; x_wconf 88' lang='lat' dir='ltr'>diem</span> <span class='ocrx_word' id='word_1_189' title='bbox 247 1423 432 1449; x_wconf 80' lang='lat' dir='ltr'>extremum?</span> 
     </span>
    </p>
   </div>
   <div class='ocr_carea' id='block_1_3' title="bbox 465 1521 677 1542">
    <p class='ocr_par' dir='ltr' id='par_1_11' title="bbox 465 1521 677 1542">
     <span class='ocr_line' id='line_1_28' title="bbox 465 1521 677 1542; baseline -0.005 0"><span class='ocrx_word' id='word_1_190' title='bbox 465 1521 677 1542; x_wconf 78' lang='lat' dir='ltr'>CONCLUSIO.</span> 
     </span>
    </p>
   </div>
   <div class='ocr_carea' id='block_1_4' title="bbox 169 1607 970 1692">
    <p class='ocr_par' dir='ltr' id='par_1_12' title="bbox 169 1607 970 1692">
     <span class='ocr_line' id='line_1_29' title="bbox 198 1607 949 1646; baseline -0.001 -10"><span class='ocrx_word' id='word_1_191' title='bbox 198 1607 333 1636; x_wconf 76' lang='lat' dir='ltr'>Christus</span> <span class='ocrx_word' id='word_1_192' title='bbox 353 1607 494 1646; x_wconf 71' lang='lat' dir='ltr'>requievit</span> <span class='ocrx_word' id='word_1_193' title='bbox 513 1616 566 1644; x_wconf 80' lang='lat' dir='ltr'>per</span> <span class='ocrx_word' id='word_1_194' title='bbox 589 1607 721 1635; x_wconf 67' lang='lat' dir='ltr'>triduum</span> <span class='ocrx_word' id='word_1_195' title='bbox 746 1607 775 1634; x_wconf 72' lang='lat' dir='ltr'>ln</span> <span class='ocrx_word' id='word_1_196' title='bbox 795 1607 949 1644; x_wconf 72' lang='lat' dir='ltr'>sepulcro,-</span> 
     </span>
     <span class='ocr_line' id='line_1_30' title="bbox 169 1653 970 1692; baseline -0.002 -9"><span class='ocrx_word' id='word_1_197' title='bbox 169 1655 220 1684; x_wconf 79' lang='lat' dir='ltr'>sed</span> <span class='ocrx_word' id='word_1_198' title='bbox 240 1655 366 1684; x_wconf 90' lang='lat' dir='ltr'>triduum</span> <span class='ocrx_word' id='word_1_199' title='bbox 389 1654 562 1692; x_wconf 70' lang='lat' dir='ltr'>incetttgyttur</span> <span class='ocrx_word' id='word_1_200' title='bbox 583 1654 744 1683; x_wconf 73' lang='lat' dir='ltr'>seeundum</span> <span class='ocrx_word' id='word_1_201' title='bbox 767 1653 970 1691; x_wconf 69' lang='lat' dir='ltr'>synecdochen.</span> 
     </span>
    </p>
   </div>
   <div class='ocr_carea' id='block_1_5' title="bbox 11 1748 998 2158">
    <p class='ocr_par' dir='ltr' id='par_1_13' title="bbox 11 1748 998 1927">
     <span class='ocr_line' id='line_1_31' title="bbox 230 1748 997 1786; baseline -0.001 -9"><span class='ocrx_word' id='word_1_202' title='bbox 230 1749 409 1777; x_wconf 66' lang='lat' dir='ltr'>Ruseounuo:</span> <span class='ocrx_word' id='word_1_203' title='bbox 433 1748 469 1777; x_wconf 79' lang='lat' dir='ltr'>Ad</span> <span class='ocrx_word' id='word_1_204' title='bbox 493 1749 700 1786; x_wconf 86' lang='lat' dir='ltr'>praedictorum</span> <span class='ocrx_word' id='word_1_205' title='bbox 725 1748 931 1784; x_wconf 76' lang='lat' dir='ltr'>intelligentiam</span> <span class='ocrx_word' id='word_1_206' title='bbox 956 1751 997 1776; x_wconf 88' lang='lat' dir='ltr'>est</span> 
     </span>
     <span class='ocr_line' id='line_1_32' title="bbox 11 1795 998 1842; baseline -0.003 -16"><span class='ocrx_word' id='word_1_207' title='bbox 11 1799 140 1842; x_wconf 51' lang='lat' dir='ltr'>{Anffiffizgffih</span> <span class='ocrx_word' id='word_1_208' title='bbox 150 1797 320 1831; x_wconf 84' lang='lat' dir='ltr'>notandum,</span> <span class='ocrx_word' id='word_1_209' title='bbox 341 1796 416 1834; x_wconf 92' lang='lat' dir='ltr'>quod</span> <span class='ocrx_word' id='word_1_210' title='bbox 431 1804 484 1824; x_wconf 93' lang='lat' dir='ltr'>non</span> <span class='ocrx_word' id='word_1_211' title='bbox 501 1796 694 1829; x_wconf 76' lang='lat' dir='ltr'>conveniebat,</span> <span class='ocrx_word' id='word_1_212' title='bbox 714 1804 815 1832; x_wconf 85' lang='lat' dir='ltr'>corpus</span> <span class='ocrx_word' id='word_1_213' title='bbox 830 1795 931 1823; x_wconf 75' lang='lat' dir='ltr'>Christi</span> <span class='ocrx_word' id='word_1_214' title='bbox 947 1798 998 1823; x_wconf 83' lang='lat' dir='ltr'>sta-</span> 
     </span>
     <span class='ocr_line' id='line_1_33' title="bbox 127 1837 997 1881; baseline -0.002 -9"><span class='ocrx_word' id='word_1_215' title='bbox 127 1837 131 1841; x_wconf 48' lang='lat'><em>*</em></span> <span class='ocrx_word' id='word_1_216' title='bbox 151 1843 200 1872; x_wconf 86' lang='lat' dir='ltr'>tim</span> <span class='ocrx_word' id='word_1_217' title='bbox 222 1846 284 1881; x_wconf 90' lang='lat' dir='ltr'>post</span> <span class='ocrx_word' id='word_1_218' title='bbox 304 1846 422 1872; x_wconf 89' lang='lat' dir='ltr'>mortem</span> <span class='ocrx_word' id='word_1_219' title='bbox 445 1842 572 1871; x_wconf 87' lang='lat' dir='ltr'>suscitari</span> <span class='ocrx_word' id='word_1_220' title='bbox 589 1853 595 1876; x_wconf 92' lang='lat'>;</span> <span class='ocrx_word' id='word_1_221' title='bbox 616 1850 666 1871; x_wconf 82' lang='lat' dir='ltr'>nec</span> <span class='ocrx_word' id='word_1_222' title='bbox 689 1846 778 1870; x_wconf 83' lang='lat' dir='ltr'>tamen</span> <span class='ocrx_word' id='word_1_223' title='bbox 801 1841 997 1875; x_wconf 82' lang='lat' dir='ltr'>conveniebat,</span> 
     </span>
     <span class='ocr_line' id='line_1_34' title="bbox 150 1888 998 1927; baseline -0.004 -8"><span class='ocrx_word' id='word_1_224' title='bbox 150 1890 356 1919; x_wconf 81' lang='lat' dir='ltr'>suscitationem</span> <span class='ocrx_word' id='word_1_225' title='bbox 389 1890 450 1919; x_wconf 87' lang='lat' dir='ltr'>eius</span> <span class='ocrx_word' id='word_1_226' title='bbox 470 1898 561 1927; x_wconf 89' lang='lat' dir='ltr'>usque</span> <span class='ocrx_word' id='word_1_227' title='bbox 582 1890 616 1918; x_wconf 84' lang='lat' dir='ltr'>ad</span> <span class='ocrx_word' id='word_1_228' title='bbox 640 1889 797 1925; x_wconf 80' lang='lat' dir='ltr'>generalem</span> <span class='ocrx_word' id='word_1_229' title='bbox 821 1888 998 1917; x_wconf 80' lang='lat' dir='ltr'>resurreetio-</span> 
     </span>
    </p>

    <p class='ocr_par' dir='ltr' id='par_1_14' title="bbox 23 1937 997 2158">
     <span class='ocr_line' id='line_1_35' title="bbox 150 1937 350 1966; baseline -0.01 0"><span class='ocrx_word' id='word_1_230' title='bbox 150 1945 213 1966; x_wconf 91' lang='lat' dir='ltr'>nem</span> <span class='ocrx_word' id='word_1_231' title='bbox 235 1937 350 1966; x_wconf 79' lang='lat' dir='ltr'>differri.</span> 
     </span>
     <span class='ocr_line' id='line_1_36' title="bbox 232 1982 997 2021; baseline -0.004 -9"><span class='ocrx_word' id='word_1_232' title='bbox 232 1984 261 2012; x_wconf 85' lang='lat' dir='ltr'>Et</span> <span class='ocrx_word' id='word_1_233' title='bbox 283 1984 353 2012; x_wconf 86' lang='lat' dir='ltr'>ratio</span> <span class='ocrx_word' id='word_1_234' title='bbox 368 1984 452 2012; x_wconf 78' lang='lat' dir='ltr'>liuius</span> <span class='ocrx_word' id='word_1_235' title='bbox 466 1987 523 2018; x_wconf 85' lang='lat' dir='ltr'>est,</span> <span class='ocrx_word' id='word_1_236' title='bbox 545 1984 611 2021; x_wconf 86' lang='lat' dir='ltr'>quia</span> <span class='ocrx_word' id='word_1_237' title='bbox 633 1987 743 2011; x_wconf 86' lang='lat' dir='ltr'>nostrae</span> <span class='ocrx_word' id='word_1_238' title='bbox 759 1982 821 2010; x_wconf 86' lang='lat' dir='ltr'>lidei</span> <span class='ocrx_word' id='word_1_239' title='bbox 844 1982 997 2016; x_wconf 75' lang='lat' dir='ltr'>certitudo,</span> 
     </span>
     <span class='ocr_line' id='line_1_37' title="bbox 75 2029 997 2069; baseline -0.004 -9"><span class='ocrx_word' id='word_1_240' title='bbox 75 2034 207 2069; x_wconf 68' lang='lat' dir='ltr'>nat1⁰·qua</span> <span class='ocrx_word' id='word_1_241' title='bbox 227 2031 370 2060; x_wconf 85' lang='lat' dir='ltr'>credimus</span> <span class='ocrx_word' id='word_1_242' title='bbox 391 2038 441 2059; x_wconf 87' lang='lat' dir='ltr'>nos</span> <span class='ocrx_word' id='word_1_243' title='bbox 463 2034 688 2063; x_wconf 79' lang='lat' dir='ltr'>resurrecturos,</span> <span class='ocrx_word' id='word_1_244' title='bbox 710 2029 825 2058; x_wconf 79' lang='lat' dir='ltr'>fundata</span> <span class='ocrx_word' id='word_1_245' title='bbox 846 2033 887 2057; x_wconf 86' lang='lat' dir='ltr'>est</span> <span class='ocrx_word' id='word_1_246' title='bbox 912 2036 997 2065; x_wconf 84' lang='lat' dir='ltr'>supra</span> 
     </span>
     <span class='ocr_line' id='line_1_38' title="bbox 151 2074 997 2111; baseline -0.006 -5"><span class='ocrx_word' id='word_1_247' title='bbox 151 2085 246 2106; x_wconf 87' lang='lat' dir='ltr'>veram</span> <span class='ocrx_word' id='word_1_248' title='bbox 269 2077 501 2106; x_wconf 85' lang='lat' dir='ltr'>resurrectionem</span> <span class='ocrx_word' id='word_1_249' title='bbox 524 2077 626 2105; x_wconf 89' lang='lat' dir='ltr'>Christi</span> <span class='ocrx_word' id='word_1_250' title='bbox 637 2076 654 2104; x_wconf 77' lang='lat'>³.</span> <span class='ocrx_word' id='word_1_251' title='bbox 677 2076 714 2104; x_wconf 71' lang='lat' dir='ltr'>Ad</span> <span class='ocrx_word' id='word_1_252' title='bbox 738 2076 788 2103; x_wconf 89' lang='lat' dir='ltr'>hoc</span> <span class='ocrx_word' id='word_1_253' title='bbox 804 2078 906 2108; x_wconf 82' lang='lat' dir='ltr'>autem,</span> <span class='ocrx_word' id='word_1_254' title='bbox 922 2074 997 2111; x_wconf 91' lang='lat' dir='ltr'>quod</span> 
     </span>
     <span class='ocr_line' id='line_1_39' title="bbox 23 2115 997 2158; baseline -0.005 -4"><span class='ocrx_word' id='word_1_255' title='bbox 23 2115 139 2158; x_wconf 52' lang='lat' dir='ltr'>ffi‘iu‘ffl&#39;ssii</span> <span class='ocrx_word' id='word_1_256' title='bbox 152 2128 258 2154; x_wconf 84' lang='lat' dir='ltr'>constet</span> <span class='ocrx_word' id='word_1_257' title='bbox 279 2125 358 2153; x_wconf 85' lang='lat' dir='ltr'>nohis</span> <span class='ocrx_word' id='word_1_258' title='bbox 380 2125 414 2153; x_wconf 88' lang='lat' dir='ltr'>de</span> <span class='ocrx_word' id='word_1_259' title='bbox 437 2124 553 2153; x_wconf 88' lang='lat' dir='ltr'>veritate</span> <span class='ocrx_word' id='word_1_260' title='bbox 569 2123 796 2156; x_wconf 78' lang='lat' dir='ltr'>resurrectionis,</span> <span class='ocrx_word' id='word_1_261' title='bbox 812 2122 869 2150; x_wconf 91' lang='lat' dir='ltr'>duo</span> <span class='ocrx_word' id='word_1_262' title='bbox 883 2129 997 2150; x_wconf 79' lang='lat' dir='ltr'>concur-</span> 
     </span>
    </p>
   </div>
   <div class='ocr_carea' id='block_1_6' title="bbox 23 2163 998 2209">
    <p class='ocr_par' dir='ltr' id='par_1_15' title="bbox 23 2163 998 2209">
     <span class='ocr_line' id='line_1_40' title="bbox 23 2163 998 2209; baseline -0.005 -8"><span class='ocrx_word' id='word_1_263' title='bbox 23 2163 138 2205; x_wconf 46' lang='lat' dir='ltr'>}’Zffl&#39;ssssissm</span> <span class='ocrx_word' id='word_1_264' title='bbox 152 2174 233 2201; x_wconf 90' lang='lat' dir='ltr'>runt:</span> <span class='ocrx_word' id='word_1_265' title='bbox 256 2171 379 2209; x_wconf 89' lang='lat' dir='ltr'>primum</span> <span class='ocrx_word' id='word_1_266' title='bbox 402 2174 458 2206; x_wconf 79' lang='lat' dir='ltr'>est⁷</span> <span class='ocrx_word' id='word_1_267' title='bbox 479 2171 554 2208; x_wconf 91' lang='lat' dir='ltr'>quod</span> <span class='ocrx_word' id='word_1_268' title='bbox 570 2174 760 2208; x_wconf 86' lang='lat' dir='ltr'>opportunum</span> <span class='ocrx_word' id='word_1_269' title='bbox 775 2172 831 2201; x_wconf 84' lang='lat' dir='ltr'>est.</span> <span class='ocrx_word' id='word_1_270' title='bbox 847 2169 921 2206; x_wconf 89' lang='lat' dir='ltr'>quod</span> <span class='ocrx_word' id='word_1_271' title='bbox 938 2177 998 2197; x_wconf 84' lang='lat' dir='ltr'>con-</span> 
     </span>
    </p>
   </div>
   <div class='ocr_carea' id='block_1_7' title="bbox 1022 179 1029 2203">
    <p class='ocr_par' dir='ltr' id='par_1_16' title="bbox 1022 179 1029 2203">
     <span class='ocr_line' id='line_1_41' title="bbox 1022 179 1029 2203; baseline 0 0"><span class='ocrx_word' id='word_1_272' title='bbox 1022 179 1029 2203; x_wconf 95' lang='lat' dir='ltr'> </span> 
     </span>
    </p>
   </div>
   <div class='ocr_carea' id='block_1_8' title="bbox 1839 172 1895 200">
    <p class='ocr_par' dir='ltr' id='par_1_17' title="bbox 1839 172 1895 200">
     <span class='ocr_line' id='line_1_42' title="bbox 1839 172 1895 200; baseline 0.018 -1"><span class='ocrx_word' id='word_1_273' title='bbox 1839 172 1895 200; x_wconf 72' lang='lat'>[157</span> 
     </span>
    </p>
   </div>
   <div class='ocr_carea' id='block_1_9' title="bbox 1050 249 2041 2207">
    <p class='ocr_par' dir='ltr' id='par_1_18' title="bbox 1050 249 1938 988">
     <span class='ocr_line' id='line_1_43' title="bbox 1053 249 1898 286; baseline -0.001 -8"><span class='ocrx_word' id='word_1_274' title='bbox 1053 253 1105 278; x_wconf 84' lang='lat' dir='ltr'>stet</span> <span class='ocrx_word' id='word_1_275' title='bbox 1126 250 1160 278; x_wconf 88' lang='lat' dir='ltr'>de</span> <span class='ocrx_word' id='word_1_276' title='bbox 1184 250 1298 278; x_wconf 84' lang='lat' dir='ltr'>veritate</span> <span class='ocrx_word' id='word_1_277' title='bbox 1321 249 1444 282; x_wconf 72' lang='lat' dir='ltr'>mortt‘.s;</span> <span class='ocrx_word' id='word_1_278' title='bbox 1467 249 1621 277; x_wconf 75' lang='lat' dir='ltr'>sec-undum</span> <span class='ocrx_word' id='word_1_279' title='bbox 1644 252 1701 282; x_wconf 85' lang='lat' dir='ltr'>est⁷</span> <span class='ocrx_word' id='word_1_280' title='bbox 1722 249 1796 286; x_wconf 88' lang='lat' dir='ltr'>quod</span> <span class='ocrx_word' id='word_1_281' title='bbox 1819 257 1898 286; x_wconf 89' lang='lat' dir='ltr'>opor-</span> 
     </span>
     <span class='ocr_line' id='line_1_44' title="bbox 1053 296 1898 334; baseline -0.001 -9"><span class='ocrx_word' id='word_1_282' title='bbox 1053 300 1105 330; x_wconf 85' lang='lat' dir='ltr'>tet⁷</span> <span class='ocrx_word' id='word_1_283' title='bbox 1128 298 1200 334; x_wconf 88' lang='lat' dir='ltr'>quod</span> <span class='ocrx_word' id='word_1_284' title='bbox 1224 300 1330 325; x_wconf 85' lang='lat' dir='ltr'>constet</span> <span class='ocrx_word' id='word_1_285' title='bbox 1351 296 1385 325; x_wconf 84' lang='lat' dir='ltr'>de</span> <span class='ocrx_word' id='word_1_286' title='bbox 1409 300 1523 325; x_wconf 71' lang='lat' dir='ltr'>vernale</span> <span class='ocrx_word' id='word_1_287' title='bbox 1545 296 1758 324; x_wconf 61' lang='lat' dir='ltr'>coniunctionis·</span> <span class='ocrx_word' id='word_1_288' title='bbox 1774 296 1898 324; x_wconf 73' lang='lat' dir='ltr'>iteratae</span> 
     </span>
     <span class='ocr_line' id='line_1_45' title="bbox 1051 343 1898 372; baseline 0.001 -1"><span class='ocrx_word' id='word_1_289' title='bbox 1051 344 1170 372; x_wconf 72' lang='lat' dir='ltr'>animae</span> <span class='ocrx_word' id='word_1_290' title='bbox 1191 348 1215 372; x_wconf 81' lang='lat' dir='ltr'>et</span> <span class='ocrx_word' id='word_1_291' title='bbox 1236 344 1346 372; x_wconf 65' lang='lat' dir='ltr'>carnis.</span> <span class='ocrx_word' id='word_1_292' title='bbox 1380 343 1486 371; x_wconf 87' lang='lat' dir='ltr'>Veritas</span> <span class='ocrx_word' id='word_1_293' title='bbox 1517 343 1621 372; x_wconf 66' lang='lat' dir='ltr'>mortis</span> <span class='ocrx_word' id='word_1_294' title='bbox 1654 351 1706 371; x_wconf 87' lang='lat' dir='ltr'>non</span> <span class='ocrx_word' id='word_1_295' title='bbox 1729 343 1898 372; x_wconf 79' lang='lat' dir='ltr'>constitisset</span> 
     </span>
     <span class='ocr_line' id='line_1_46' title="bbox 1051 391 1899 427; baseline 0.001 -9"><span class='ocrx_word' id='word_1_296' title='bbox 1051 391 1146 424; x_wconf 86' lang='lat' dir='ltr'>nohis,</span> <span class='ocrx_word' id='word_1_297' title='bbox 1168 391 1189 419; x_wconf 87' lang='lat' dir='ltr'>si</span> <span class='ocrx_word' id='word_1_298' title='bbox 1213 391 1339 419; x_wconf 84' lang='lat' dir='ltr'>Christus</span> <span class='ocrx_word' id='word_1_299' title='bbox 1367 391 1459 419; x_wconf 82' lang='lat' dir='ltr'>statim</span> <span class='ocrx_word' id='word_1_300' title='bbox 1482 391 1704 425; x_wconf 79' lang='lat' dir='ltr'>resurrexisset,</span> <span class='ocrx_word' id='word_1_301' title='bbox 1726 391 1772 419; x_wconf 87' lang='lat' dir='ltr'>sed</span> <span class='ocrx_word' id='word_1_302' title='bbox 1798 391 1899 427; x_wconf 87' lang='lat' dir='ltr'>potuis-</span> 
     </span>
     <span class='ocr_line' id='line_1_47' title="bbox 1051 437 1896 474; baseline 0 -9"><span class='ocrx_word' id='word_1_303' title='bbox 1051 441 1091 466; x_wconf 82' lang='lat' dir='ltr'>set</span> <span class='ocrx_word' id='word_1_304' title='bbox 1118 437 1219 474; x_wconf 79' lang='lat' dir='ltr'>aliquis</span> <span class='ocrx_word' id='word_1_305' title='bbox 1251 438 1401 474; x_wconf 83' lang='lat' dir='ltr'>suspicari,</span> <span class='ocrx_word' id='word_1_306' title='bbox 1434 437 1524 474; x_wconf 87' lang='lat' dir='ltr'>ipsum</span> <span class='ocrx_word' id='word_1_307' title='bbox 1548 437 1662 466; x_wconf 82' lang='lat' dir='ltr'>finxisse</span> <span class='ocrx_word' id='word_1_308' title='bbox 1685 446 1713 466; x_wconf 87' lang='lat' dir='ltr'>se</span> <span class='ocrx_word' id='word_1_309' title='bbox 1746 441 1896 466; x_wconf 88' lang='lat' dir='ltr'>mortuum.</span> 
     </span>
     <span class='ocr_line' id='line_1_48' title="bbox 1050 484 1898 518; baseline 0.001 -6"><span class='ocrx_word' id='word_1_310' title='bbox 1050 501 1088 505; x_wconf 83' lang='lat'>-</span> <span class='ocrx_word' id='word_1_311' title='bbox 1111 485 1217 513; x_wconf 78' lang='lat' dir='ltr'>Veritas</span> <span class='ocrx_word' id='word_1_312' title='bbox 1239 484 1361 512; x_wconf 73' lang='lat' dir='ltr'>iteratae</span> <span class='ocrx_word' id='word_1_313' title='bbox 1382 485 1594 512; x_wconf 66' lang='lat' dir='ltr'>coniunctionis</span> <span class='ocrx_word' id='word_1_314' title='bbox 1611 493 1663 512; x_wconf 88' lang='lat' dir='ltr'>non</span> <span class='ocrx_word' id='word_1_315' title='bbox 1679 485 1859 518; x_wconf 73' lang='lat' dir='ltr'>constitisset,</span> <span class='ocrx_word' id='word_1_316' title='bbox 1875 486 1898 513; x_wconf 82' lang='lat' dir='ltr'>si</span> 
     </span>
     <span class='ocr_line' id='line_1_49' title="bbox 1051 530 1899 568; baseline 0.001 -10"><span class='ocrx_word' id='word_1_317' title='bbox 1051 530 1178 558; x_wconf 86' lang='lat' dir='ltr'>Christus</span> <span class='ocrx_word' id='word_1_318' title='bbox 1193 530 1285 559; x_wconf 85' lang='lat' dir='ltr'>adhuc</span> <span class='ocrx_word' id='word_1_319' title='bbox 1301 538 1354 558; x_wconf 89' lang='lat' dir='ltr'>non</span> <span class='ocrx_word' id='word_1_320' title='bbox 1372 531 1588 562; x_wconf 66' lang='lat' dir='ltr'>remi-rexisset.</span> <span class='ocrx_word' id='word_1_321' title='bbox 1606 531 1690 559; x_wconf 88' lang='lat' dir='ltr'>immo</span> <span class='ocrx_word' id='word_1_322' title='bbox 1702 532 1709 545; x_wconf 83' lang='lat'><strong>⁴</strong></span> <span class='ocrx_word' id='word_1_323' title='bbox 1733 532 1824 568; x_wconf 87' lang='lat' dir='ltr'>potius</span> <span class='ocrx_word' id='word_1_324' title='bbox 1841 539 1899 568; x_wconf 86' lang='lat' dir='ltr'>pos-</span> 
     </span>
     <span class='ocr_line' id='line_1_50' title="bbox 1051 577 1899 614; baseline 0.002 -9"><span class='ocrx_word' id='word_1_325' title='bbox 1051 580 1092 605; x_wconf 83' lang='lat' dir='ltr'>set</span> <span class='ocrx_word' id='word_1_326' title='bbox 1123 577 1185 614; x_wconf 84' lang='lat' dir='ltr'>quis</span> <span class='ocrx_word' id='word_1_327' title='bbox 1207 578 1357 614; x_wconf 78' lang='lat' dir='ltr'>desperare</span> <span class='ocrx_word' id='word_1_328' title='bbox 1379 585 1462 614; x_wconf 82' lang='lat' dir='ltr'>quam</span> <span class='ocrx_word' id='word_1_329' title='bbox 1485 582 1668 614; x_wconf 73' lang='lat' dir='ltr'>exspectare2</span> <span class='ocrx_word' id='word_1_330' title='bbox 1696 579 1779 606; x_wconf 90' lang='lat' dir='ltr'>immo</span> <span class='ocrx_word' id='word_1_331' title='bbox 1808 582 1899 612; x_wconf 78' lang='lat' dir='ltr'>certe,</span> 
     </span>
     <span class='ocr_line' id='line_1_51' title="bbox 1051 624 1899 661; baseline 0.002 -9"><span class='ocrx_word' id='word_1_332' title='bbox 1051 625 1071 653; x_wconf 95' lang='lat' dir='ltr'>si</span> <span class='ocrx_word' id='word_1_333' title='bbox 1096 632 1148 652; x_wconf 90' lang='lat' dir='ltr'>non</span> <span class='ocrx_word' id='word_1_334' title='bbox 1172 624 1389 655; x_wconf 77' lang='lat' dir='ltr'>resurrexisset,</span> <span class='ocrx_word' id='word_1_335' title='bbox 1413 624 1481 653; x_wconf 80' lang='lat' dir='ltr'>lides</span> <span class='ocrx_word' id='word_1_336' title='bbox 1511 625 1536 653; x_wconf 88' lang='lat' dir='ltr'>in</span> <span class='ocrx_word' id='word_1_337' title='bbox 1559 625 1694 661; x_wconf 63' lang='grc'>,1110510115</span> <span class='ocrx_word' id='word_1_338' title='bbox 1720 626 1833 653; x_wconf 88' lang='lat' dir='ltr'>omnino</span> <span class='ocrx_word' id='word_1_339' title='bbox 1855 626 1899 654; x_wconf 88' lang='lat' dir='ltr'>de-</span> 
     </span>
     <span class='ocr_line' id='line_1_52' title="bbox 1052 671 1938 708; baseline 0.001 -8"><span class='ocrx_word' id='word_1_340' title='bbox 1052 672 1172 706; x_wconf 74' lang='lat' dir='ltr'>les-isset,</span> <span class='ocrx_word' id='word_1_341' title='bbox 1194 679 1243 700; x_wconf 84' lang='lat' dir='ltr'>nec</span> <span class='ocrx_word' id='word_1_342' title='bbox 1265 671 1365 708; x_wconf 88' lang='lat' dir='ltr'>aliquis</span> <span class='ocrx_word' id='word_1_343' title='bbox 1387 672 1471 700; x_wconf 77' lang='lat' dir='ltr'>fuisse</span> <span class='ocrx_word' id='word_1_344' title='bbox 1493 672 1634 700; x_wconf 86' lang='lat' dir='ltr'>Christum</span> <span class='ocrx_word' id='word_1_345' title='bbox 1651 673 1738 701; x_wconf 89' lang='lat' dir='ltr'>Deum</span> <span class='ocrx_word' id='word_1_346' title='bbox 1755 673 1898 707; x_wconf 71' lang='lat' dir='ltr'>crederet,</span> <span class='ocrx_word' id='word_1_347' title='bbox 1934 692 1938 695; x_wconf 64' lang='grc'><em>»</em></span> 
     </span>
     <span class='ocr_line' id='line_1_53' title="bbox 1052 718 1899 756; baseline 0.001 -10"><span class='ocrx_word' id='word_1_348' title='bbox 1052 718 1098 746; x_wconf 88' lang='lat' dir='ltr'>sed</span> <span class='ocrx_word' id='word_1_349' title='bbox 1123 718 1261 746; x_wconf 86' lang='lat' dir='ltr'>hominem</span> <span class='ocrx_word' id='word_1_350' title='bbox 1283 726 1394 755; x_wconf 89' lang='lat' dir='ltr'>purum.</span> <span class='ocrx_word' id='word_1_351' title='bbox 1412 718 1527 746; x_wconf 71' lang='lat' dir='ltr'>Necesse</span> <span class='ocrx_word' id='word_1_352' title='bbox 1549 718 1633 755; x_wconf 78' lang='lat' dir='ltr'>igitur</span> <span class='ocrx_word' id='word_1_353' title='bbox 1655 719 1706 747; x_wconf 88' lang='lat' dir='ltr'>suit</span> <span class='ocrx_word' id='word_1_354' title='bbox 1721 722 1834 756; x_wconf 87' lang='lat' dir='ltr'>propter</span> <span class='ocrx_word' id='word_1_355' title='bbox 1854 728 1899 747; x_wconf 92' lang='lat' dir='ltr'>no-</span> 
     </span>
     <span class='ocr_line' id='line_1_54' title="bbox 1052 764 1898 799; baseline 0.002 -7"><span class='ocrx_word' id='word_1_356' title='bbox 1052 768 1126 793; x_wconf 85' lang='lat' dir='ltr'>strae</span> <span class='ocrx_word' id='word_1_357' title='bbox 1152 764 1223 793; x_wconf 88' lang='lat' dir='ltr'>lidei·</span> <span class='ocrx_word' id='word_1_358' title='bbox 1247 764 1391 793; x_wconf 86' lang='lat' dir='ltr'>veritatem</span> <span class='ocrx_word' id='word_1_359' title='bbox 1414 768 1439 793; x_wconf 84' lang='lat' dir='ltr'>et</span> <span class='ocrx_word' id='word_1_360' title='bbox 1461 764 1638 799; x_wconf 79' lang='lat' dir='ltr'>firmitatem,</span> <span class='ocrx_word' id='word_1_361' title='bbox 1665 767 1898 795; x_wconf 69' lang='lat' dir='ltr'>resurrectionem</span> 
     </span>
     <span class='ocr_line' id='line_1_55' title="bbox 1053 811 1899 850; baseline 0.002 -11"><span class='ocrx_word' id='word_1_362' title='bbox 1053 811 1152 839; x_wconf 87' lang='lat' dir='ltr'>Christi</span> <span class='ocrx_word' id='word_1_363' title='bbox 1175 811 1340 844; x_wconf 81' lang='lat' dir='ltr'>accelerari,</span> <span class='ocrx_word' id='word_1_364' title='bbox 1363 819 1410 839; x_wconf 90' lang='lat' dir='ltr'>nec</span> <span class='ocrx_word' id='word_1_365' title='bbox 1428 815 1517 839; x_wconf 76' lang='lat' dir='ltr'>lamen</span> <span class='ocrx_word' id='word_1_366' title='bbox 1545 812 1615 840; x_wconf 86' lang='lat' dir='ltr'>adeo</span> <span class='ocrx_word' id='word_1_367' title='bbox 1646 812 1810 846; x_wconf 79' lang='lat' dir='ltr'>accelerari,</span> <span class='ocrx_word' id='word_1_368' title='bbox 1833 813 1899 850; x_wconf 84' lang='lat' dir='ltr'>quin</span> 
     </span>
     <span class='ocr_line' id='line_1_56' title="bbox 1053 858 1898 895; baseline 0.001 -9"><span class='ocrx_word' id='word_1_369' title='bbox 1053 858 1276 886; x_wconf 81' lang='lat' dir='ltr'>manifestaretur</span> <span class='ocrx_word' id='word_1_370' title='bbox 1293 858 1394 886; x_wconf 85' lang='lat' dir='ltr'>veritas</span> <span class='ocrx_word' id='word_1_371' title='bbox 1410 859 1514 886; x_wconf 87' lang='lat' dir='ltr'>mortis.</span> <span class='ocrx_word' id='word_1_372' title='bbox 1538 858 1601 886; x_wconf 82' lang='lat' dir='ltr'>ldeo</span> <span class='ocrx_word' id='word_1_373' title='bbox 1623 867 1711 895; x_wconf 84' lang='lat' dir='ltr'>usque</span> <span class='ocrx_word' id='word_1_374' title='bbox 1727 859 1761 887; x_wconf 85' lang='lat' dir='ltr'>ad</span> <span class='ocrx_word' id='word_1_375' title='bbox 1786 860 1898 887; x_wconf 87' lang='lat' dir='ltr'>tertium</span> 
     </span>
     <span class='ocr_line' id='line_1_57' title="bbox 1052 905 1900 943; baseline 0.002 -10"><span class='ocrx_word' id='word_1_376' title='bbox 1052 905 1125 933; x_wconf 84' lang='lat' dir='ltr'>diem</span> <span class='ocrx_word' id='word_1_377' title='bbox 1148 905 1256 934; x_wconf 88' lang='lat' dir='ltr'>distulit</span> <span class='ocrx_word' id='word_1_378' title='bbox 1270 908 1297 933; x_wconf 86' lang='lat' dir='ltr'>et</span> <span class='ocrx_word' id='word_1_379' title='bbox 1312 913 1365 933; x_wconf 90' lang='lat' dir='ltr'>non</span> <span class='ocrx_word' id='word_1_380' title='bbox 1387 905 1517 942; x_wconf 83' lang='lat' dir='ltr'>amplius.</span> <span class='ocrx_word' id='word_1_381' title='bbox 1539 906 1604 942; x_wconf 86' lang='lat' dir='ltr'>quia</span> <span class='ocrx_word' id='word_1_382' title='bbox 1628 914 1676 942; x_wconf 84' lang='lat' dir='ltr'>per</span> <span class='ocrx_word' id='word_1_383' title='bbox 1700 910 1809 943; x_wconf 80' lang='lat' dir='ltr'>tempus</span> <span class='ocrx_word' id='word_1_384' title='bbox 1830 907 1900 936; x_wconf 90' lang='lat' dir='ltr'>illud</span> 
     </span>
     <span class='ocr_line' id='line_1_58' title="bbox 1053 951 1678 988; baseline 0.002 -9"><span class='ocrx_word' id='word_1_385' title='bbox 1053 959 1117 979; x_wconf 82' lang='lat' dir='ltr'>vere</span> <span class='ocrx_word' id='word_1_386' title='bbox 1134 955 1240 988; x_wconf 84' lang='lat' dir='ltr'>poterat</span> <span class='ocrx_word' id='word_1_387' title='bbox 1257 951 1424 980; x_wconf 79' lang='lat' dir='ltr'>manifestari</span> <span class='ocrx_word' id='word_1_388' title='bbox 1441 952 1525 980; x_wconf 82' lang='lat' dir='ltr'>fuisse</span> <span class='ocrx_word' id='word_1_389' title='bbox 1543 956 1678 980; x_wconf 85' lang='lat' dir='ltr'>mortuus.</span> 
     </span>
    </p>

    <p class='ocr_par' dir='ltr' id='par_1_19' title="bbox 1053 998 2040 1455">
     <span class='ocr_line' id='line_1_59' title="bbox 1133 998 2040 1037; baseline 0.004 -12"><span class='ocrx_word' id='word_1_390' title='bbox 1133 998 1275 1035; x_wconf 76' lang='lat' dir='ltr'>llequievit</span> <span class='ocrx_word' id='word_1_391' title='bbox 1308 998 1407 1034; x_wconf 80' lang='lat' dir='ltr'>igitur,</span> <span class='ocrx_word' id='word_1_392' title='bbox 1436 998 1507 1027; x_wconf 78' lang='lat' dir='ltr'>sicut</span> <span class='ocrx_word' id='word_1_393' title='bbox 1529 999 1595 1027; x_wconf 81' lang='lat' dir='ltr'>(licit</span> <span class='ocrx_word' id='word_1_394' title='bbox 1618 999 1686 1028; x_wconf 85' lang='lat' dir='ltr'>tides</span> <span class='ocrx_word' id='word_1_395' title='bbox 1708 1003 1820 1034; x_wconf 85' lang='lat' dir='ltr'>nostra,</span> <span class='ocrx_word' id='word_1_396' title='bbox 1850 1008 1899 1037; x_wconf 87' lang='lat' dir='ltr'>per</span> <span class='ocrx_word' id='word_1_397' title='bbox 1912 1006 2010 1024; x_wconf 72' lang='lat' dir='ltr'>Conclusio</span> <span class='ocrx_word' id='word_1_398' title='bbox 2025 1006 2040 1023; x_wconf 87' lang='lat'>¹-</span> 
     </span>
     <span class='ocr_line' id='line_1_60' title="bbox 1054 1045 1900 1083; baseline 0.004 -11"><span class='ocrx_word' id='word_1_399' title='bbox 1054 1045 1178 1073; x_wconf 87' lang='lat' dir='ltr'>tridumn</span> <span class='ocrx_word' id='word_1_400' title='bbox 1203 1045 1227 1073; x_wconf 93' lang='lat' dir='ltr'>in</span> <span class='ocrx_word' id='word_1_401' title='bbox 1250 1045 1398 1082; x_wconf 83' lang='lat' dir='ltr'>sepulcro,</span> <span class='ocrx_word' id='word_1_402' title='bbox 1421 1054 1473 1074; x_wconf 89' lang='lat' dir='ltr'>non</span> <span class='ocrx_word' id='word_1_403' title='bbox 1496 1049 1587 1074; x_wconf 79' lang='lat' dir='ltr'>tamen</span> <span class='ocrx_word' id='word_1_404' title='bbox 1605 1054 1653 1083; x_wconf 86' lang='lat' dir='ltr'>per</span> <span class='ocrx_word' id='word_1_405' title='bbox 1675 1050 1731 1075; x_wconf 86' lang='lat' dir='ltr'>tres</span> <span class='ocrx_word' id='word_1_406' title='bbox 1753 1047 1813 1075; x_wconf 78' lang='lat' dir='ltr'>dies</span> <span class='ocrx_word' id='word_1_407' title='bbox 1836 1047 1900 1076; x_wconf 90' lang='lat' dir='ltr'>inte-</span> 
     </span>
     <span class='ocr_line' id='line_1_61' title="bbox 1053 1092 1900 1130; baseline 0.005 -11"><span class='ocrx_word' id='word_1_408' title='bbox 1053 1100 1117 1127; x_wconf 80' lang='lat' dir='ltr'>gros</span> <span class='ocrx_word' id='word_1_409' title='bbox 1138 1095 1165 1120; x_wconf 83' lang='lat' dir='ltr'>et</span> <span class='ocrx_word' id='word_1_410' title='bbox 1186 1092 1352 1129; x_wconf 79' lang='lat' dir='ltr'>completos,</span> <span class='ocrx_word' id='word_1_411' title='bbox 1375 1093 1421 1120; x_wconf 85' lang='lat' dir='ltr'>sed</span> <span class='ocrx_word' id='word_1_412' title='bbox 1439 1101 1488 1129; x_wconf 82' lang='lat' dir='ltr'>per</span> <span class='ocrx_word' id='word_1_413' title='bbox 1511 1093 1637 1121; x_wconf 88' lang='lat' dir='ltr'>ultimam</span> <span class='ocrx_word' id='word_1_414' title='bbox 1659 1097 1766 1130; x_wconf 84' lang='lat' dir='ltr'>partem</span> <span class='ocrx_word' id='word_1_415' title='bbox 1782 1094 1835 1123; x_wconf 91' lang='lat' dir='ltr'>diei</span> <span class='ocrx_word' id='word_1_416' title='bbox 1853 1094 1900 1123; x_wconf 87' lang='lat' dir='ltr'>Ve-</span> 
     </span>
     <span class='ocr_line' id='line_1_62' title="bbox 1053 1138 1900 1178; baseline 0.005 -12"><span class='ocrx_word' id='word_1_417' title='bbox 1053 1138 1128 1166; x_wconf 88' lang='lat' dir='ltr'>neris</span> <span class='ocrx_word' id='word_1_418' title='bbox 1149 1142 1175 1166; x_wconf 88' lang='lat' dir='ltr'>et</span> <span class='ocrx_word' id='word_1_419' title='bbox 1198 1146 1245 1175; x_wconf 85' lang='lat' dir='ltr'>per</span> <span class='ocrx_word' id='word_1_420' title='bbox 1268 1138 1386 1175; x_wconf 82' lang='lat' dir='ltr'>primam</span> <span class='ocrx_word' id='word_1_421' title='bbox 1410 1143 1516 1176; x_wconf 89' lang='lat' dir='ltr'>partem</span> <span class='ocrx_word' id='word_1_422' title='bbox 1543 1140 1697 1169; x_wconf 80' lang='lat' dir='ltr'>dominicae</span> <span class='ocrx_word' id='word_1_423' title='bbox 1726 1141 1779 1169; x_wconf 89' lang='lat' dir='ltr'>diei</span> <span class='ocrx_word' id='word_1_424' title='bbox 1802 1144 1829 1169; x_wconf 82' lang='lat' dir='ltr'>et</span> <span class='ocrx_word' id='word_1_425' title='bbox 1851 1150 1900 1178; x_wconf 81' lang='lat' dir='ltr'>per</span> 
     </span>
     <span class='ocr_line' id='line_1_63' title="bbox 1055 1185 2040 1225; baseline 0.006 -13"><span class='ocrx_word' id='word_1_426' title='bbox 1055 1188 1138 1212; x_wconf 85' lang='lat' dir='ltr'>lotam</span> <span class='ocrx_word' id='word_1_427' title='bbox 1160 1185 1233 1213; x_wconf 89' lang='lat' dir='ltr'>diem</span> <span class='ocrx_word' id='word_1_428' title='bbox 1256 1185 1378 1219; x_wconf 72' lang='lat' dir='ltr'>sabbati,</span> <span class='ocrx_word' id='word_1_429' title='bbox 1403 1186 1438 1214; x_wconf 82' lang='lat' dir='ltr'>ita</span> <span class='ocrx_word' id='word_1_430' title='bbox 1460 1187 1533 1224; x_wconf 89' lang='lat' dir='ltr'>quod</span> <span class='ocrx_word' id='word_1_431' title='bbox 1557 1187 1692 1224; x_wconf 80' lang='lat' dir='ltr'>requietio</span> <span class='ocrx_word' id='word_1_432' title='bbox 1716 1188 1761 1216; x_wconf 80' lang='lat' dir='ltr'>illa</span> <span class='ocrx_word' id='word_1_433' title='bbox 1783 1196 1833 1225; x_wconf 81' lang='lat' dir='ltr'>per</span> <span class='ocrx_word' id='word_1_434' title='bbox 1855 1189 1900 1217; x_wconf 89' lang='lat' dir='ltr'>tri·</span> <span class='ocrx_word' id='word_1_435' title='bbox 1912 1194 2010 1212; x_wconf 69' lang='lat' dir='ltr'>Conclusio</span> <span class='ocrx_word' id='word_1_436' title='bbox 2023 1194 2040 1212; x_wconf 66' lang='lat'>2-</span> 
     </span>
     <span class='ocr_line' id='line_1_64' title="bbox 1053 1231 1899 1271; baseline 0.006 -12"><span class='ocrx_word' id='word_1_437' title='bbox 1053 1231 1140 1259; x_wconf 88' lang='lat' dir='ltr'>duum</span> <span class='ocrx_word' id='word_1_438' title='bbox 1165 1231 1343 1268; x_wconf 75' lang='lat' dir='ltr'>intelligenda</span> <span class='ocrx_word' id='word_1_439' title='bbox 1365 1236 1405 1261; x_wconf 89' lang='lat' dir='ltr'>est</span> <span class='ocrx_word' id='word_1_440' title='bbox 1424 1241 1478 1269; x_wconf 74' lang='lat' dir='ltr'>per</span> <span class='ocrx_word' id='word_1_441' title='bbox 1498 1233 1692 1271; x_wconf 72' lang='lat' dir='ltr'>synecdochen</span> <span class='ocrx_word' id='word_1_442' title='bbox 1707 1234 1725 1262; x_wconf 79' lang='lat'>⁵.</span> <span class='ocrx_word' id='word_1_443' title='bbox 1749 1235 1779 1263; x_wconf 83' lang='lat' dir='ltr'>Et</span> <span class='ocrx_word' id='word_1_444' title='bbox 1800 1235 1824 1263; x_wconf 86' lang='lat' dir='ltr'>in</span> <span class='ocrx_word' id='word_1_445' title='bbox 1849 1236 1899 1264; x_wconf 86' lang='lat' dir='ltr'>hoc</span> 
     </span>
     <span class='ocr_line' id='line_1_65' title="bbox 1053 1278 2040 1321; baseline 0.006 -16"><span class='ocrx_word' id='word_1_446' title='bbox 1053 1285 1149 1306; x_wconf 81' lang='lat' dir='ltr'>omnes</span> <span class='ocrx_word' id='word_1_447' title='bbox 1171 1278 1260 1307; x_wconf 80' lang='lat' dir='ltr'>Sancti</span> <span class='ocrx_word' id='word_1_448' title='bbox 1283 1280 1467 1314; x_wconf 72' lang='lat' dir='ltr'>concordam,</span> <span class='ocrx_word' id='word_1_449' title='bbox 1491 1280 1553 1308; x_wconf 85' lang='lat' dir='ltr'>licet</span> <span class='ocrx_word' id='word_1_450' title='bbox 1575 1280 1609 1309; x_wconf 90' lang='lat' dir='ltr'>de</span> <span class='ocrx_word' id='word_1_451' title='bbox 1631 1281 1699 1309; x_wconf 80' lang='lat' dir='ltr'>liora</span> <span class='ocrx_word' id='word_1_452' title='bbox 1715 1282 1848 1319; x_wconf 78' lang='lat' dir='ltr'>temporis</span> <span class='ocrx_word' id='word_1_453' title='bbox 1864 1282 1900 1310; x_wconf 96' lang='lat' dir='ltr'>vi-</span> <span class='ocrx_word' id='word_1_454' title='bbox 1910 1287 2040 1321; x_wconf 38' lang='grc' dir='ltr'>,Λα-11113851.</span> 
     </span>
     <span class='ocr_line' id='line_1_66' title="bbox 1053 1311 2031 1364; baseline 0.007 -12"><span class='ocrx_word' id='word_1_455' title='bbox 1053 1324 1153 1353; x_wconf 78' lang='lat' dir='ltr'>deutur</span> <span class='ocrx_word' id='word_1_456' title='bbox 1174 1332 1234 1353; x_wconf 87' lang='lat' dir='ltr'>esse</span> <span class='ocrx_word' id='word_1_457' title='bbox 1256 1326 1453 1355; x_wconf 80' lang='lat' dir='ltr'>controversia.</span> <span class='ocrx_word' id='word_1_458' title='bbox 1475 1327 1542 1355; x_wconf 86' lang='lat' dir='ltr'>Nam</span> <span class='ocrx_word' id='word_1_459' title='bbox 1565 1328 1679 1364; x_wconf 83' lang='lat' dir='ltr'>quidam</span> <span class='ocrx_word' id='word_1_460' title='bbox 1710 1328 1841 1358; x_wconf 87' lang='lat' dir='ltr'>videntur</span> <span class='ocrx_word' id='word_1_461' title='bbox 1863 1329 1901 1358; x_wconf 89' lang='lat' dir='ltr'>di·</span> <span class='ocrx_word' id='word_1_462' title='bbox 1910 1311 2031 1330; x_wconf 51' lang='lat' dir='ltr'>“mmm</span> 
     </span>
     <span class='ocr_line' id='line_1_67' title="bbox 1054 1372 1900 1412; baseline 0.006 -13"><span class='ocrx_word' id='word_1_463' title='bbox 1054 1379 1131 1406; x_wconf 80' lang='lat' dir='ltr'>cere,</span> <span class='ocrx_word' id='word_1_464' title='bbox 1153 1372 1226 1408; x_wconf 89' lang='lat' dir='ltr'>quod</span> <span class='ocrx_word' id='word_1_465' title='bbox 1250 1373 1375 1400; x_wconf 86' lang='lat' dir='ltr'>surrexit</span> <span class='ocrx_word' id='word_1_466' title='bbox 1398 1374 1423 1401; x_wconf 85' lang='lat' dir='ltr'>iu</span> <span class='ocrx_word' id='word_1_467' title='bbox 1446 1374 1542 1402; x_wconf 56' lang='grc'>1111911111</span> <span class='ocrx_word' id='word_1_468' title='bbox 1564 1378 1657 1408; x_wconf 80' lang='lat' dir='ltr'>nocte,</span> <span class='ocrx_word' id='word_1_469' title='bbox 1680 1375 1793 1412; x_wconf 86' lang='lat' dir='ltr'>quidam</span> <span class='ocrx_word' id='word_1_470' title='bbox 1818 1384 1900 1410; x_wconf 85' lang='lat' dir='ltr'>vero,</span> 
     </span>
     <span class='ocr_line' id='line_1_68' title="bbox 1053 1419 1490 1455; baseline 0.007 -9"><span class='ocrx_word' id='word_1_471' title='bbox 1053 1419 1126 1455; x_wconf 88' lang='lat' dir='ltr'>quod</span> <span class='ocrx_word' id='word_1_472' title='bbox 1150 1419 1275 1447; x_wconf 83' lang='lat' dir='ltr'>surrexit</span> <span class='ocrx_word' id='word_1_473' title='bbox 1298 1420 1323 1447; x_wconf 95' lang='lat' dir='ltr'>in</span> <span class='ocrx_word' id='word_1_474' title='bbox 1346 1421 1490 1449; x_wconf 54' lang='grc' dir='ltr'>Μίνω-(Ν.</span> 
     </span>
    </p>

    <p class='ocr_par' dir='ltr' id='par_1_20' title="bbox 1053 1466 2041 2207">
     <span class='ocr_line' id='line_1_69' title="bbox 1134 1466 2031 1513; baseline 0.003 -20"><span class='ocrx_word' id='word_1_475' title='bbox 1134 1466 1209 1494; x_wconf 74' lang='lat' dir='ltr'>Ratio</span> <span class='ocrx_word' id='word_1_476' title='bbox 1230 1470 1324 1495; x_wconf 85' lang='lat' dir='ltr'>autem</span> <span class='ocrx_word' id='word_1_477' title='bbox 1347 1468 1431 1496; x_wconf 90' lang='lat' dir='ltr'>huius</span> <span class='ocrx_word' id='word_1_478' title='bbox 1453 1468 1622 1498; x_wconf 70' lang='lat' dir='ltr'>diversitatis</span> <span class='ocrx_word' id='word_1_479' title='bbox 1637 1472 1693 1503; x_wconf 86' lang='lat' dir='ltr'>est,</span> <span class='ocrx_word' id='word_1_480' title='bbox 1709 1478 1760 1506; x_wconf 85' lang='lat' dir='ltr'>pro</span> <span class='ocrx_word' id='word_1_481' title='bbox 1775 1478 1807 1499; x_wconf 88' lang='lat' dir='ltr'>eo</span> <span class='ocrx_word' id='word_1_482' title='bbox 1823 1471 1897 1507; x_wconf 89' lang='lat' dir='ltr'>quod</span> <span class='ocrx_word' id='word_1_483' title='bbox 1909 1479 2031 1513; x_wconf 49' lang='lat' dir='ltr'>egnit-qum</span> 
     </span>
     <span class='ocr_line' id='line_1_70' title="bbox 1053 1508 2029 1553; baseline 0.002 -12"><span class='ocrx_word' id='word_1_484' title='bbox 1053 1513 1229 1541; x_wconf 80' lang='lat' dir='ltr'>considerant</span> <span class='ocrx_word' id='word_1_485' title='bbox 1260 1514 1447 1543; x_wconf 84' lang='lat' dir='ltr'>diversimode</span> <span class='ocrx_word' id='word_1_486' title='bbox 1477 1515 1503 1543; x_wconf 93' lang='lat' dir='ltr'>in</span> <span class='ocrx_word' id='word_1_487' title='bbox 1527 1516 1573 1544; x_wconf 86' lang='lat' dir='ltr'>illa</span> <span class='ocrx_word' id='word_1_488' title='bbox 1595 1516 1725 1545; x_wconf 87' lang='lat' dir='ltr'>dilatione</span> <span class='ocrx_word' id='word_1_489' title='bbox 1747 1525 1899 1553; x_wconf 77' lang='lat' dir='ltr'>congruen-</span> <span class='ocrx_word' id='word_1_490' title='bbox 1925 1508 2029 1543; x_wconf 55' lang='lat' dir='ltr'>Ses‘fpmm&#39;</span> 
     </span>
     <span class='ocr_line' id='line_1_71' title="bbox 1053 1560 1900 1602; baseline 0.007 -15"><span class='ocrx_word' id='word_1_491' title='bbox 1053 1560 1118 1587; x_wconf 85' lang='lat' dir='ltr'>tiam</span> <span class='ocrx_word' id='word_1_492' title='bbox 1142 1563 1276 1597; x_wconf 91' lang='lat' dir='ltr'>quantum</span> <span class='ocrx_word' id='word_1_493' title='bbox 1309 1561 1342 1589; x_wconf 84' lang='lat' dir='ltr'>ad</span> <span class='ocrx_word' id='word_1_494' title='bbox 1378 1570 1525 1591; x_wconf 84' lang='lat' dir='ltr'>numerum</span> <span class='ocrx_word' id='word_1_495' title='bbox 1553 1563 1695 1592; x_wconf 77' lang='lat' dir='ltr'>horarum.</span> <span class='ocrx_word' id='word_1_496' title='bbox 1718 1564 1784 1592; x_wconf 81' lang='lat' dir='ltr'>Nam</span> <span class='ocrx_word' id='word_1_497' title='bbox 1814 1565 1900 1602; x_wconf 77' lang='lat' dir='ltr'>aliqui</span> 
     </span>
     <span class='ocr_line' id='line_1_72' title="bbox 1054 1606 1902 1648; baseline 0.007 -15"><span class='ocrx_word' id='word_1_498' title='bbox 1054 1606 1188 1643; x_wconf 84' lang='lat' dir='ltr'>incipiunt</span> <span class='ocrx_word' id='word_1_499' title='bbox 1210 1611 1320 1643; x_wconf 86' lang='lat' dir='ltr'>tempus</span> <span class='ocrx_word' id='word_1_500' title='bbox 1341 1612 1503 1645; x_wconf 86' lang='lat' dir='ltr'>computare</span> <span class='ocrx_word' id='word_1_501' title='bbox 1525 1609 1560 1637; x_wconf 88' lang='lat' dir='ltr'>ah</span> <span class='ocrx_word' id='word_1_502' title='bbox 1576 1610 1641 1638; x_wconf 83' lang='lat' dir='ltr'>liora</span> <span class='ocrx_word' id='word_1_503' title='bbox 1660 1614 1754 1645; x_wconf 81' lang='lat' dir='ltr'>sexta,</span> <span class='ocrx_word' id='word_1_504' title='bbox 1770 1619 1825 1648; x_wconf 86' lang='lat' dir='ltr'>qua</span> <span class='ocrx_word' id='word_1_505' title='bbox 1841 1618 1902 1639; x_wconf 89' lang='lat' dir='ltr'>cru-</span> 
     </span>
     <span class='ocr_line' id='line_1_73' title="bbox 1054 1652 1902 1694; baseline 0.006 -14"><span class='ocrx_word' id='word_1_506' title='bbox 1054 1652 1155 1681; x_wconf 82' lang='lat' dir='ltr'>cilixus</span> <span class='ocrx_word' id='word_1_507' title='bbox 1176 1656 1233 1687; x_wconf 81' lang='lat' dir='ltr'>est,</span> <span class='ocrx_word' id='word_1_508' title='bbox 1255 1656 1282 1682; x_wconf 82' lang='lat' dir='ltr'>et</span> <span class='ocrx_word' id='word_1_509' title='bbox 1304 1654 1435 1683; x_wconf 74' lang='lat' dir='ltr'>tenebrae</span> <span class='ocrx_word' id='word_1_510' title='bbox 1465 1655 1563 1692; x_wconf 72' lang='lat' dir='ltr'>litctitc</span> <span class='ocrx_word' id='word_1_511' title='bbox 1587 1661 1656 1685; x_wconf 66' lang='lat' dir='ltr'>sunt</span> <span class='ocrx_word' id='word_1_512' title='bbox 1676 1665 1765 1694; x_wconf 72' lang='lat' dir='ltr'>supet·</span> <span class='ocrx_word' id='word_1_513' title='bbox 1787 1657 1902 1686; x_wconf 67' lang='lat' dir='ltr'>runiver-</span> 
     </span>
     <span class='ocr_line' id='line_1_74' title="bbox 1053 1701 1900 1741; baseline 0.009 -15"><span class='ocrx_word' id='word_1_514' title='bbox 1053 1707 1119 1727; x_wconf 74' lang='lat' dir='ltr'>sctm</span> <span class='ocrx_word' id='word_1_515' title='bbox 1141 1701 1293 1733; x_wconf 76' lang='lat' dir='ltr'>terrctm⁷,·</span> <span class='ocrx_word' id='word_1_516' title='bbox 1314 1704 1341 1729; x_wconf 84' lang='lat' dir='ltr'>et</span> <span class='ocrx_word' id='word_1_517' title='bbox 1364 1701 1405 1729; x_wconf 87' lang='lat' dir='ltr'>isti</span> <span class='ocrx_word' id='word_1_518' title='bbox 1430 1703 1599 1738; x_wconf 78' lang='lat' dir='ltr'>protendunt</span> <span class='ocrx_word' id='word_1_519' title='bbox 1623 1706 1732 1740; x_wconf 88' lang='lat' dir='ltr'>tempus</span> <span class='ocrx_word' id='word_1_520' title='bbox 1756 1712 1843 1741; x_wconf 86' lang='lat' dir='ltr'>usque</span> <span class='ocrx_word' id='word_1_521' title='bbox 1865 1705 1900 1733; x_wconf 84' lang='lat' dir='ltr'>ad</span> 
     </span>
     <span class='ocr_line' id='line_1_75' title="bbox 1054 1746 1902 1779; baseline 0.007 -6"><span class='ocrx_word' id='word_1_522' title='bbox 1054 1746 1173 1774; x_wconf 88' lang='lat' dir='ltr'>mediam</span> <span class='ocrx_word' id='word_1_523' title='bbox 1196 1750 1303 1776; x_wconf 85' lang='lat' dir='ltr'>noctem</span> <span class='ocrx_word' id='word_1_524' title='bbox 1326 1748 1397 1776; x_wconf 88' lang='lat' dir='ltr'>inter</span> <span class='ocrx_word' id='word_1_525' title='bbox 1420 1748 1492 1777; x_wconf 86' lang='lat' dir='ltr'>diem</span> <span class='ocrx_word' id='word_1_526' title='bbox 1514 1749 1619 1778; x_wconf 79' lang='lat' dir='ltr'>sabbati</span> <span class='ocrx_word' id='word_1_527' title='bbox 1642 1753 1669 1778; x_wconf 91' lang='lat' dir='ltr'>et</span> <span class='ocrx_word' id='word_1_528' title='bbox 1691 1750 1764 1779; x_wconf 88' lang='lat' dir='ltr'>diem</span> <span class='ocrx_word' id='word_1_529' title='bbox 1787 1751 1902 1779; x_wconf 87' lang='lat' dir='ltr'>domini-</span> 
     </span>
     <span class='ocr_line' id='line_1_76' title="bbox 1053 1794 1901 1835; baseline 0.007 -14"><span class='ocrx_word' id='word_1_530' title='bbox 1053 1800 1133 1822; x_wconf 85' lang='lat' dir='ltr'>cam:</span> <span class='ocrx_word' id='word_1_531' title='bbox 1156 1797 1182 1822; x_wconf 86' lang='lat' dir='ltr'>et</span> <span class='ocrx_word' id='word_1_532' title='bbox 1204 1794 1241 1822; x_wconf 87' lang='lat' dir='ltr'>sic</span> <span class='ocrx_word' id='word_1_533' title='bbox 1263 1798 1425 1831; x_wconf 80' lang='lat' dir='ltr'>computant</span> <span class='ocrx_word' id='word_1_534' title='bbox 1440 1795 1552 1832; x_wconf 80' lang='lat' dir='ltr'>triginta</span> <span class='ocrx_word' id='word_1_535' title='bbox 1567 1804 1616 1825; x_wconf 78' lang='lat' dir='ltr'>sex</span> <span class='ocrx_word' id='word_1_536' title='bbox 1634 1797 1732 1831; x_wconf 88' lang='lat' dir='ltr'>horas,</span> <span class='ocrx_word' id='word_1_537' title='bbox 1747 1798 1813 1835; x_wconf 91' lang='lat' dir='ltr'>quia</span> <span class='ocrx_word' id='word_1_538' title='bbox 1835 1801 1901 1827; x_wconf 85' lang='lat' dir='ltr'>tunc</span> 
     </span>
     <span class='ocr_line' id='line_1_77' title="bbox 1054 1841 1901 1880; baseline 0.006 -12"><span class='ocrx_word' id='word_1_539' title='bbox 1054 1844 1113 1868; x_wconf 86' lang='lat' dir='ltr'>erat</span> <span class='ocrx_word' id='word_1_540' title='bbox 1140 1841 1345 1877; x_wconf 78' lang='lat' dir='ltr'>aequinoctium</span> <span class='ocrx_word' id='word_1_541' title='bbox 1380 1843 1506 1876; x_wconf 77' lang='lat' dir='ltr'>vernale,</span> <span class='ocrx_word' id='word_1_542' title='bbox 1529 1844 1640 1880; x_wconf 83' lang='lat' dir='ltr'>quando</span> <span class='ocrx_word' id='word_1_543' title='bbox 1662 1844 1789 1873; x_wconf 87' lang='lat' dir='ltr'>Christus</span> <span class='ocrx_word' id='word_1_544' title='bbox 1812 1845 1901 1873; x_wconf 90' lang='lat' dir='ltr'>Domi-</span> 
     </span>
     <span class='ocr_line' id='line_1_78' title="bbox 1054 1889 1901 1929; baseline 0.007 -14"><span class='ocrx_word' id='word_1_545' title='bbox 1054 1895 1107 1915; x_wconf 88' lang='lat' dir='ltr'>nus</span> <span class='ocrx_word' id='word_1_546' title='bbox 1132 1895 1231 1924; x_wconf 88' lang='lat' dir='ltr'>passus</span> <span class='ocrx_word' id='word_1_547' title='bbox 1259 1892 1308 1917; x_wconf 90' lang='lat' dir='ltr'>est.</span> <span class='ocrx_word' id='word_1_548' title='bbox 1329 1905 1368 1910; x_wconf 90' lang='lat'>—</span> <span class='ocrx_word' id='word_1_549' title='bbox 1389 1889 1476 1926; x_wconf 70' lang='lat' dir='ltr'>Aliqui</span> <span class='ocrx_word' id='word_1_550' title='bbox 1507 1890 1670 1927; x_wconf 77' lang='lat' dir='ltr'>inceperunt</span> <span class='ocrx_word' id='word_1_551' title='bbox 1701 1896 1863 1929; x_wconf 81' lang='lat' dir='ltr'>computare</span> <span class='ocrx_word' id='word_1_552' title='bbox 1885 1901 1901 1921; x_wconf 82' lang='lat' dir='ltr'>a</span> 
     </span>
     <span class='ocr_line' id='line_1_79' title="bbox 1055 1935 1901 1976; baseline 0.008 -15"><span class='ocrx_word' id='word_1_553' title='bbox 1055 1942 1131 1967; x_wconf 86' lang='lat' dir='ltr'>ser0‚</span> <span class='ocrx_word' id='word_1_554' title='bbox 1157 1935 1180 1962; x_wconf 95' lang='lat' dir='ltr'>in</span> <span class='ocrx_word' id='word_1_555' title='bbox 1204 1943 1260 1972; x_wconf 91' lang='lat' dir='ltr'>quo</span> <span class='ocrx_word' id='word_1_556' title='bbox 1282 1936 1387 1972; x_wconf 71' lang='lat' dir='ltr'>positus</span> <span class='ocrx_word' id='word_1_557' title='bbox 1409 1937 1460 1965; x_wconf 87' lang='lat' dir='ltr'>l&#39;uit</span> <span class='ocrx_word' id='word_1_558' title='bbox 1483 1938 1507 1965; x_wconf 91' lang='lat' dir='ltr'>in</span> <span class='ocrx_word' id='word_1_559' title='bbox 1528 1938 1672 1974; x_wconf 75' lang='lat' dir='ltr'>sepulcro.</span> <span class='ocrx_word' id='word_1_560' title='bbox 1688 1943 1714 1967; x_wconf 90' lang='lat' dir='ltr'>et</span> <span class='ocrx_word' id='word_1_561' title='bbox 1730 1940 1901 1976; x_wconf 87' lang='lat' dir='ltr'>protendunt</span> 
     </span>
     <span class='ocr_line' id='line_1_80' title="bbox 1055 1982 1900 2018; baseline 0.008 -10"><span class='ocrx_word' id='word_1_562' title='bbox 1055 1983 1164 2017; x_wconf 87' lang='lat' dir='ltr'>tempus</span> <span class='ocrx_word' id='word_1_563' title='bbox 1187 1989 1275 2018; x_wconf 84' lang='lat' dir='ltr'>usque</span> <span class='ocrx_word' id='word_1_564' title='bbox 1297 1982 1331 2010; x_wconf 87' lang='lat' dir='ltr'>ad</span> <span class='ocrx_word' id='word_1_565' title='bbox 1353 1983 1511 2012; x_wconf 81' lang='lat' dir='ltr'>diluculum</span> <span class='ocrx_word' id='word_1_566' title='bbox 1528 1984 1682 2013; x_wconf 77' lang='lat' dir='ltr'>dominicae</span> <span class='ocrx_word' id='word_1_567' title='bbox 1705 1986 1778 2014; x_wconf 79' lang='lat' dir='ltr'>diei:</span> <span class='ocrx_word' id='word_1_568' title='bbox 1801 1990 1828 2014; x_wconf 90' lang='lat' dir='ltr'>et</span> <span class='ocrx_word' id='word_1_569' title='bbox 1843 1990 1900 2015; x_wconf 88' lang='lat' dir='ltr'>tam</span> 
     </span>
     <span class='ocr_line' id='line_1_81' title="bbox 1055 2028 1901 2069; baseline 0.009 -15"><span class='ocrx_word' id='word_1_570' title='bbox 1055 2028 1098 2055; x_wconf 87' lang='lat' dir='ltr'>isti</span> <span class='ocrx_word' id='word_1_571' title='bbox 1120 2036 1205 2064; x_wconf 87' lang='lat' dir='ltr'>quam</span> <span class='ocrx_word' id='word_1_572' title='bbox 1227 2028 1264 2056; x_wconf 95' lang='lat' dir='ltr'>illi</span> <span class='ocrx_word' id='word_1_573' title='bbox 1288 2030 1404 2058; x_wconf 86' lang='lat' dir='ltr'>eandem</span> <span class='ocrx_word' id='word_1_574' title='bbox 1420 2031 1597 2059; x_wconf 83' lang='lat' dir='ltr'>considerant</span> <span class='ocrx_word' id='word_1_575' title='bbox 1617 2033 1826 2069; x_wconf 79' lang='lat' dir='ltr'>congruentiam</span> <span class='ocrx_word' id='word_1_576' title='bbox 1846 2036 1901 2062; x_wconf 88' lang='lat' dir='ltr'>tan-</span> 
     </span>
     <span class='ocr_line' id='line_1_82' title="bbox 1055 2075 2041 2116; baseline 0.003 -13"><span class='ocrx_word' id='word_1_577' title='bbox 1055 2078 1097 2103; x_wconf 85' lang='lat' dir='ltr'>tae</span> <span class='ocrx_word' id='word_1_578' title='bbox 1113 2075 1259 2104; x_wconf 87' lang='lat' dir='ltr'>dilationis.</span> <span class='ocrx_word' id='word_1_579' title='bbox 1277 2076 1339 2104; x_wconf 66' lang='grc'>11190</span> <span class='ocrx_word' id='word_1_580' title='bbox 1353 2077 1426 2105; x_wconf 87' lang='lat' dir='ltr'>enim</span> <span class='ocrx_word' id='word_1_581' title='bbox 1443 2077 1577 2106; x_wconf 83' lang='lat' dir='ltr'>Dominus</span> <span class='ocrx_word' id='word_1_582' title='bbox 1599 2078 1707 2107; x_wconf 85' lang='lat' dir='ltr'>distulit</span> <span class='ocrx_word' id='word_1_583' title='bbox 1722 2087 1772 2116; x_wconf 87' lang='lat' dir='ltr'>per</span> <span class='ocrx_word' id='word_1_584' title='bbox 1788 2079 1899 2116; x_wconf 81' lang='lat' dir='ltr'>triginta</span> <span class='ocrx_word' id='word_1_585' title='bbox 1915 2088 2041 2111; x_wconf 57' lang='lat' dir='ltr'>eunpruenna</span> 
     </span>
     <span class='ocr_line' id='line_1_83' title="bbox 1055 2123 1901 2162; baseline 0.006 -12"><span class='ocrx_word' id='word_1_586' title='bbox 1055 2130 1105 2150; x_wconf 81' lang='lat' dir='ltr'>sex</span> <span class='ocrx_word' id='word_1_587' title='bbox 1127 2123 1225 2152; x_wconf 86' lang='lat' dir='ltr'>horas.</span> <span class='ocrx_word' id='word_1_588' title='bbox 1247 2127 1277 2151; x_wconf 92' lang='lat' dir='ltr'>ut</span> <span class='ocrx_word' id='word_1_589' title='bbox 1300 2123 1325 2151; x_wconf 89' lang='lat' dir='ltr'>in</span> <span class='ocrx_word' id='word_1_590' title='bbox 1349 2124 1399 2152; x_wconf 90' lang='lat' dir='ltr'>hoc</span> <span class='ocrx_word' id='word_1_591' title='bbox 1422 2124 1606 2160; x_wconf 72' lang='lat' dir='ltr'>significetur.</span> <span class='ocrx_word' id='word_1_592' title='bbox 1632 2125 1696 2162; x_wconf 86' lang='lat' dir='ltr'>quia</span> <span class='ocrx_word' id='word_1_593' title='bbox 1719 2126 1846 2154; x_wconf 81' lang='lat' dir='ltr'>liberatio</span> <span class='ocrx_word' id='word_1_594' title='bbox 1874 2131 1901 2156; x_wconf 85' lang='lat' dir='ltr'>et</span> 
     </span>
     <span class='ocr_line' id='line_1_84' title="bbox 1055 2169 1900 2207; baseline 0.006 -10"><span class='ocrx_word' id='word_1_595' title='bbox 1055 2169 1170 2197; x_wconf 83' lang='lat' dir='ltr'>victoria</span> <span class='ocrx_word' id='word_1_596' title='bbox 1191 2172 1232 2198; x_wconf 84' lang='lat' dir='ltr'>est</span> <span class='ocrx_word' id='word_1_597' title='bbox 1252 2169 1390 2207; x_wconf 75' lang='lat' dir='ltr'>perfecta.</span> <span class='ocrx_word' id='word_1_598' title='bbox 1417 2171 1463 2199; x_wconf 80' lang='lat' dir='ltr'>llle</span> <span class='ocrx_word' id='word_1_599' title='bbox 1486 2171 1558 2199; x_wconf 82' lang='lat' dir='ltr'>enim</span> <span class='ocrx_word' id='word_1_600' title='bbox 1582 2180 1718 2200; x_wconf 84' lang='lat' dir='ltr'>numerus</span> <span class='ocrx_word' id='word_1_601' title='bbox 1740 2177 1781 2201; x_wconf 86' lang='lat' dir='ltr'>est</span> <span class='ocrx_word' id='word_1_602' title='bbox 1802 2181 1837 2201; x_wconf 84' lang='lat' dir='ltr'>ex</span> <span class='ocrx_word' id='word_1_603' title='bbox 1861 2182 1900 2202; x_wconf 79' lang='lat' dir='ltr'>se-</span> 
     </span>
    </p>
   </div>
   <div class='ocr_carea' id='block_1_10' title="bbox 769 2257 1282 2259">
    <p class='ocr_par' dir='ltr' id='par_1_21' title="bbox 769 2257 1282 2259">
     <span class='ocr_line' id='line_1_85' title="bbox 769 2257 1282 2259; baseline 0 0"><span class='ocrx_word' id='word_1_604' title='bbox 769 2257 1282 2259; x_wconf 95' lang='lat' dir='ltr'> </span> 
     </span>
    </p>
   </div>
   <div class='ocr_carea' id='block_1_11' title="bbox 149 2305 997 2994">
    <p class='ocr_par' dir='ltr' id='par_1_22' title="bbox 214 2305 361 2327">
     <span class='ocr_line' id='line_1_86' title="bbox 214 2305 361 2327; baseline 0 0"><span class='ocrx_word' id='word_1_605' title='bbox 214 2305 222 2320; x_wconf 78' lang='lat'>1</span> <span class='ocrx_word' id='word_1_606' title='bbox 240 2305 305 2327; x_wconf 83' lang='lat' dir='ltr'>Vers.</span> <span class='ocrx_word' id='word_1_607' title='bbox 323 2305 361 2327; x_wconf 76' lang='lat'>24.</span> 
     </span>
    </p>

    <p class='ocr_par' dir='ltr' id='par_1_23' title="bbox 149 2342 996 2605">
     <span class='ocr_line' id='line_1_87' title="bbox 211 2342 996 2372; baseline -0.005 -6"><span class='ocrx_word' id='word_1_608' title='bbox 211 2343 221 2358; x_wconf 58' lang='grc' dir='ltr'>ἵ</span> <span class='ocrx_word' id='word_1_609' title='bbox 237 2343 351 2370; x_wconf 73' lang='grc' dir='ltr'>ΑΠ]1)1·05.,</span> <span class='ocrx_word' id='word_1_610' title='bbox 369 2344 397 2366; x_wconf 83' lang='lat' dir='ltr'>X.</span> <span class='ocrx_word' id='word_1_611' title='bbox 410 2350 481 2371; x_wconf 83' lang='lat' dir='ltr'>super</span> <span class='ocrx_word' id='word_1_612' title='bbox 493 2344 546 2366; x_wconf 88' lang='lat' dir='ltr'>Luc.</span> <span class='ocrx_word' id='word_1_613' title='bbox 561 2343 601 2372; x_wconf 65' lang='lat'>24,</span> <span class='ocrx_word' id='word_1_614' title='bbox 624 2344 640 2365; x_wconf 95' lang='lat' dir='ltr'>l.</span> <span class='ocrx_word' id='word_1_615' title='bbox 654 2350 674 2365; x_wconf 95' lang='lat' dir='ltr'>n.</span> <span class='ocrx_word' id='word_1_616' title='bbox 691 2343 728 2364; x_wconf 77' lang='grc'>151</span> <span class='ocrx_word' id='word_1_617' title='bbox 741 2348 745 2364; x_wconf 89' lang='grc'>;</span> <span class='ocrx_word' id='word_1_618' title='bbox 761 2351 771 2362; x_wconf 82' lang='grc'><strong>«</strong></span> <span class='ocrx_word' id='word_1_619' title='bbox 785 2342 831 2364; x_wconf 73' lang='lat' dir='ltr'>Non</span> <span class='ocrx_word' id='word_1_620' title='bbox 849 2348 905 2370; x_wconf 75' lang='lat' dir='ltr'>ergo</span> <span class='ocrx_word' id='word_1_621' title='bbox 917 2348 996 2369; x_wconf 79' lang='lat' dir='ltr'>vespe-</span> 
     </span>
     <span class='ocr_line' id='line_1_88' title="bbox 149 2381 996 2414; baseline -0.002 -9"><span class='ocrx_word' id='word_1_622' title='bbox 149 2386 213 2405; x_wconf 82' lang='lat' dir='ltr'>rante</span> <span class='ocrx_word' id='word_1_623' title='bbox 226 2383 274 2411; x_wconf 77' lang='lat' dir='ltr'>(lie,</span> <span class='ocrx_word' id='word_1_624' title='bbox 292 2383 333 2405; x_wconf 68' lang='lat' dir='ltr'>sed</span> <span class='ocrx_word' id='word_1_625' title='bbox 351 2383 423 2414; x_wconf 79' lang='lat' dir='ltr'>noctis</span> <span class='ocrx_word' id='word_1_626' title='bbox 440 2389 537 2410; x_wconf 81' lang='lat' dir='ltr'>vespere.</span> <span class='ocrx_word' id='word_1_627' title='bbox 556 2383 685 2404; x_wconf 78' lang='lat' dir='ltr'>resurrexit.</span> <span class='ocrx_word' id='word_1_628' title='bbox 704 2381 805 2409; x_wconf 83' lang='lat' dir='ltr'>Denique.</span> <span class='ocrx_word' id='word_1_629' title='bbox 827 2381 927 2403; x_wconf 85' lang='lat' dir='ltr'>Graecus</span> <span class='ocrx_word' id='word_1_630' title='bbox 943 2386 996 2403; x_wconf 79' lang='lat' dir='ltr'>sero</span> 
     </span>
     <span class='ocr_line' id='line_1_89' title="bbox 149 2420 996 2450; baseline -0.002 -6"><span class='ocrx_word' id='word_1_631' title='bbox 149 2421 227 2444; x_wconf 88' lang='lat' dir='ltr'>dixit...</span> <span class='ocrx_word' id='word_1_632' title='bbox 245 2422 283 2444; x_wconf 88' lang='lat' dir='ltr'>Est</span> <span class='ocrx_word' id='word_1_633' title='bbox 299 2424 320 2444; x_wconf 86' lang='lat' dir='ltr'>et</span> <span class='ocrx_word' id='word_1_634' title='bbox 336 2427 389 2445; x_wconf 76' lang='lat' dir='ltr'>sero</span> <span class='ocrx_word' id='word_1_635' title='bbox 407 2424 499 2450; x_wconf 84' lang='lat' dir='ltr'>tempus</span> <span class='ocrx_word' id='word_1_636' title='bbox 518 2422 589 2444; x_wconf 85' lang='lat' dir='ltr'>noctis</span> <span class='ocrx_word' id='word_1_637' title='bbox 608 2421 759 2449; x_wconf 68' lang='lat' dir='ltr'>profundum,</span> <span class='ocrx_word' id='word_1_638' title='bbox 779 2423 802 2442; x_wconf 92' lang='lat' dir='ltr'>ut</span> <span class='ocrx_word' id='word_1_639' title='bbox 817 2422 834 2442; x_wconf 88' lang='lat' dir='ltr'>si</span> <span class='ocrx_word' id='word_1_640' title='bbox 853 2420 996 2442; x_wconf 61' lang='grc' dir='ltr'>(111-115ιὲ010</span> 
     </span>
     <span class='ocr_line' id='line_1_90' title="bbox 149 2458 996 2489; baseline -0.004 -6"><span class='ocrx_word' id='word_1_641' title='bbox 149 2461 178 2483; x_wconf 82' lang='lat' dir='ltr'>ad</span> <span class='ocrx_word' id='word_1_642' title='bbox 196 2460 366 2483; x_wconf 82' lang='lat' dir='ltr'>lucubrandum</span> <span class='ocrx_word' id='word_1_643' title='bbox 383 2462 492 2489; x_wconf 82' lang='lat' dir='ltr'>surrexit,</span> <span class='ocrx_word' id='word_1_644' title='bbox 510 2461 532 2483; x_wconf 91' lang='lat' dir='ltr'>id</span> <span class='ocrx_word' id='word_1_645' title='bbox 550 2465 583 2483; x_wconf 89' lang='lat' dir='ltr'>est</span> <span class='ocrx_word' id='word_1_646' title='bbox 601 2467 644 2482; x_wconf 87' lang='lat' dir='ltr'>non</span> <span class='ocrx_word' id='word_1_647' title='bbox 668 2460 798 2487; x_wconf 76' lang='lat' dir='ltr'>vespertino</span> <span class='ocrx_word' id='word_1_648' title='bbox 822 2463 938 2486; x_wconf 74' lang='lat' dir='ltr'>tompore,</span> <span class='ocrx_word' id='word_1_649' title='bbox 956 2458 996 2481; x_wconf 84' lang='lat' dir='ltr'>sed</span> 
     </span>
     <span class='ocr_line' id='line_1_91' title="bbox 149 2498 996 2528; baseline -0.004 -7"><span class='ocrx_word' id='word_1_650' title='bbox 149 2499 263 2527; x_wconf 77' lang='lat' dir='ltr'>protunda</span> <span class='ocrx_word' id='word_1_651' title='bbox 276 2502 341 2522; x_wconf 83' lang='lat' dir='ltr'>nocte</span> <span class='ocrx_word' id='word_1_652' title='bbox 355 2501 452 2522; x_wconf 81' lang='lat' dir='ltr'>surrexit</span> <span class='ocrx_word' id='word_1_653' title='bbox 464 2508 485 2522; x_wconf 71' lang='grc'>1».</span> <span class='ocrx_word' id='word_1_654' title='bbox 499 2500 566 2528; x_wconf 87' lang='lat' dir='ltr'>Quod</span> <span class='ocrx_word' id='word_1_655' title='bbox 578 2503 653 2522; x_wconf 81' lang='lat' dir='ltr'>autem</span> <span class='ocrx_word' id='word_1_656' title='bbox 666 2498 768 2521; x_wconf 87' lang='lat' dir='ltr'>Christus</span> <span class='ocrx_word' id='word_1_657' title='bbox 780 2503 849 2520; x_wconf 54' lang='lat' dir='ltr'>‘mane</span> <span class='ocrx_word' id='word_1_658' title='bbox 862 2498 996 2525; x_wconf 73' lang='lat' dir='ltr'>resurrexit,</span> 
     </span>
     <span class='ocr_line' id='line_1_92' title="bbox 150 2536 995 2567; baseline -0.004 -6"><span class='ocrx_word' id='word_1_659' title='bbox 150 2539 229 2561; x_wconf 82' lang='lat' dir='ltr'>Glossa</span> <span class='ocrx_word' id='word_1_660' title='bbox 248 2538 312 2566; x_wconf 85' lang='lat' dir='ltr'>dicit,</span> <span class='ocrx_word' id='word_1_661' title='bbox 330 2545 399 2567; x_wconf 80' lang='lat' dir='ltr'>quam</span> <span class='ocrx_word' id='word_1_662' title='bbox 417 2545 487 2567; x_wconf 85' lang='lat' dir='ltr'>supra</span> <span class='ocrx_word' id='word_1_663' title='bbox 511 2545 563 2567; x_wconf 83' lang='lat' dir='ltr'>pag.</span> <span class='ocrx_word' id='word_1_664' title='bbox 587 2538 642 2566; x_wconf 65' lang='lat'>247,</span> <span class='ocrx_word' id='word_1_665' title='bbox 662 2541 712 2560; x_wconf 86' lang='lat' dir='ltr'>nota</span> <span class='ocrx_word' id='word_1_666' title='bbox 731 2537 751 2559; x_wconf 84' lang='lat'>3.</span> <span class='ocrx_word' id='word_1_667' title='bbox 770 2537 927 2564; x_wconf 79' lang='lat' dir='ltr'>allegavimus.</span> <span class='ocrx_word' id='word_1_668' title='bbox 951 2536 995 2558; x_wconf 74' lang='lat' dir='ltr'>Cir.</span> 
     </span>
     <span class='ocr_line' id='line_1_93' title="bbox 150 2578 550 2605; baseline 0.003 -6"><span class='ocrx_word' id='word_1_669' title='bbox 150 2578 218 2600; x_wconf 83' lang='lat' dir='ltr'>etiam</span> <span class='ocrx_word' id='word_1_670' title='bbox 236 2578 318 2605; x_wconf 82' lang='lat' dir='ltr'>Lyran.</span> <span class='ocrx_word' id='word_1_671' title='bbox 336 2578 358 2600; x_wconf 95' lang='lat' dir='ltr'>in</span> <span class='ocrx_word' id='word_1_672' title='bbox 376 2578 451 2600; x_wconf 75' lang='lat' dir='ltr'>lllatth.</span> <span class='ocrx_word' id='word_1_673' title='bbox 470 2578 511 2605; x_wconf 78' lang='grc'>28,</span> <span class='ocrx_word' id='word_1_674' title='bbox 534 2578 550 2599; x_wconf 96' lang='grc' dir='ltr'>Ι.</span> 
     </span>
    </p>

    <p class='ocr_par' dir='ltr' id='par_1_24' title="bbox 150 2613 997 2679">
     <span class='ocr_line' id='line_1_94' title="bbox 213 2613 997 2645; baseline -0.005 -6"><span class='ocrx_word' id='word_1_675' title='bbox 213 2616 223 2631; x_wconf 80' lang='lat'><strong>³</strong></span> <span class='ocrx_word' id='word_1_676' title='bbox 240 2616 284 2639; x_wconf 87' lang='lat' dir='ltr'>Csr.</span> <span class='ocrx_word' id='word_1_677' title='bbox 303 2617 317 2638; x_wconf 94' lang='lat' dir='ltr'>l.</span> <span class='ocrx_word' id='word_1_678' title='bbox 334 2616 386 2639; x_wconf 88' lang='lat' dir='ltr'>Cor.</span> <span class='ocrx_word' id='word_1_679' title='bbox 407 2617 446 2645; x_wconf 81' lang='grc'>15,</span> <span class='ocrx_word' id='word_1_680' title='bbox 468 2618 501 2639; x_wconf 75' lang='grc'>12.</span> <span class='ocrx_word' id='word_1_681' title='bbox 519 2623 592 2645; x_wconf 75' lang='lat' dir='ltr'>seqq,</span> <span class='ocrx_word' id='word_1_682' title='bbox 610 2619 631 2638; x_wconf 86' lang='lat' dir='ltr'>et</span> <span class='ocrx_word' id='word_1_683' title='bbox 649 2621 718 2643; x_wconf 88' lang='lat' dir='ltr'>supra</span> <span class='ocrx_word' id='word_1_684' title='bbox 737 2621 788 2642; x_wconf 77' lang='lat' dir='ltr'>pag.</span> <span class='ocrx_word' id='word_1_685' title='bbox 808 2613 848 2642; x_wconf 73' lang='lat'>44,</span> <span class='ocrx_word' id='word_1_686' title='bbox 867 2618 917 2636; x_wconf 81' lang='lat' dir='ltr'>noia</span> <span class='ocrx_word' id='word_1_687' title='bbox 932 2614 952 2636; x_wconf 74' lang='lat'>4.</span> <span class='ocrx_word' id='word_1_688' title='bbox 967 2627 997 2630; x_wconf 83' lang='lat'>—</span> 
     </span>
     <span class='ocr_line' id='line_1_95' title="bbox 150 2653 740 2679; baseline -0.002 -2"><span class='ocrx_word' id='word_1_689' title='bbox 150 2655 200 2678; x_wconf 85' lang='lat' dir='ltr'>lllox</span> <span class='ocrx_word' id='word_1_690' title='bbox 218 2656 269 2678; x_wconf 87' lang='lat' dir='ltr'>voci</span> <span class='ocrx_word' id='word_1_691' title='bbox 287 2655 469 2679; x_wconf 74' lang='lat' dir='ltr'>resurrectionis</span> <span class='ocrx_word' id='word_1_692' title='bbox 486 2656 535 2678; x_wconf 85' lang='lat' dir='ltr'>Vnt.</span> <span class='ocrx_word' id='word_1_693' title='bbox 554 2656 629 2678; x_wconf 81' lang='lat' dir='ltr'>adiicit</span> <span class='ocrx_word' id='word_1_694' title='bbox 648 2653 740 2677; x_wconf 73' lang='lat' dir='ltr'>Christi.</span> 
     </span>
    </p>

    <p class='ocr_par' dir='ltr' id='par_1_25' title="bbox 151 2692 997 2801">
     <span class='ocr_line' id='line_1_96' title="bbox 215 2692 996 2722; baseline -0.001 -6"><span class='ocrx_word' id='word_1_695' title='bbox 215 2693 224 2708; x_wconf 79' lang='lat'><em>⁴</em></span> <span class='ocrx_word' id='word_1_696' title='bbox 242 2695 283 2717; x_wconf 74' lang='lat' dir='ltr'>Pro</span> <span class='ocrx_word' id='word_1_697' title='bbox 301 2694 373 2717; x_wconf 81' lang='lat' dir='ltr'>immo</span> <span class='ocrx_word' id='word_1_698' title='bbox 391 2695 441 2717; x_wconf 89' lang='lat' dir='ltr'>cod.</span> <span class='ocrx_word' id='word_1_699' title='bbox 455 2695 471 2717; x_wconf 92' lang='lat' dir='ltr'>C</span> <span class='ocrx_word' id='word_1_700' title='bbox 488 2694 540 2722; x_wconf 77' lang='lat' dir='ltr'>scd,</span> <span class='ocrx_word' id='word_1_701' title='bbox 556 2694 607 2716; x_wconf 90' lang='lat' dir='ltr'>edd.</span> <span class='ocrx_word' id='word_1_702' title='bbox 626 2699 688 2722; x_wconf 64' lang='lat' dir='ltr'>erqo.</span> <span class='ocrx_word' id='word_1_703' title='bbox 708 2692 776 2714; x_wconf 76' lang='lat' dir='ltr'>Paulo</span> <span class='ocrx_word' id='word_1_704' title='bbox 789 2692 882 2714; x_wconf 75' lang='lat' dir='ltr'>inferius</span> <span class='ocrx_word' id='word_1_705' title='bbox 898 2698 940 2719; x_wconf 81' lang='lat' dir='ltr'>pro</span> <span class='ocrx_word' id='word_1_706' title='bbox 955 2697 996 2715; x_wconf 74' lang='lat' dir='ltr'>nec</span> 
     </span>
     <span class='ocr_line' id='line_1_97' title="bbox 151 2730 997 2762; baseline -0.005 -6"><span class='ocrx_word' id='word_1_707' title='bbox 151 2732 237 2762; x_wconf 81' lang='lat' dir='ltr'>aliquis</span> <span class='ocrx_word' id='word_1_708' title='bbox 257 2732 330 2762; x_wconf 77' lang='lat' dir='ltr'>fuisse</span> <span class='ocrx_word' id='word_1_709' title='bbox 353 2733 404 2756; x_wconf 89' lang='lat' dir='ltr'>cod.</span> <span class='ocrx_word' id='word_1_710' title='bbox 426 2740 451 2756; x_wconf 80' lang='lat' dir='ltr'>aa</span> <span class='ocrx_word' id='word_1_711' title='bbox 471 2734 500 2761; x_wconf 88' lang='lat' dir='ltr'>(L</span> <span class='ocrx_word' id='word_1_712' title='bbox 518 2740 529 2755; x_wconf 84' lang='lat' dir='ltr'>a</span> <span class='ocrx_word' id='word_1_713' title='bbox 553 2732 653 2758; x_wconf 77' lang='lat' dir='ltr'>secunda</span> <span class='ocrx_word' id='word_1_714' title='bbox 672 2732 755 2758; x_wconf 83' lang='lat' dir='ltr'>mann)</span> <span class='ocrx_word' id='word_1_715' title='bbox 777 2736 818 2753; x_wconf 80' lang='lat' dir='ltr'>nec</span> <span class='ocrx_word' id='word_1_716' title='bbox 838 2730 925 2760; x_wconf 66' lang='lat' dir='ltr'>aliquis</span> <span class='ocrx_word' id='word_1_717' title='bbox 941 2730 997 2759; x_wconf 73' lang='lat' dir='ltr'>fitis-</span> 
     </span>
     <span class='ocr_line' id='line_1_98' title="bbox 152 2771 251 2801; baseline 0 -7"><span class='ocrx_word' id='word_1_718' title='bbox 152 2773 187 2794; x_wconf 78' lang='lat' dir='ltr'>set</span> <span class='ocrx_word' id='word_1_719' title='bbox 203 2771 251 2801; x_wconf 77' lang='lat' dir='ltr'>qui.</span> 
     </span>
    </p>

    <p class='ocr_par' dir='ltr' id='par_1_26' title="bbox 151 2808 997 2956">
     <span class='ocr_line' id='line_1_99' title="bbox 214 2808 997 2839; baseline -0.003 -6"><span class='ocrx_word' id='word_1_720' title='bbox 214 2810 225 2825; x_wconf 82' lang='lat'>⁵</span> <span class='ocrx_word' id='word_1_721' title='bbox 242 2812 345 2839; x_wconf 60' lang='lat' dir='ltr'>August„</span> <span class='ocrx_word' id='word_1_722' title='bbox 364 2812 394 2833; x_wconf 93' lang='grc'>111.</span> <span class='ocrx_word' id='word_1_723' title='bbox 412 2811 441 2834; x_wconf 87' lang='lat' dir='ltr'>de</span> <span class='ocrx_word' id='word_1_724' title='bbox 459 2811 576 2833; x_wconf 81' lang='lat' dir='ltr'>Consensu</span> <span class='ocrx_word' id='word_1_725' title='bbox 598 2810 684 2837; x_wconf 82' lang='lat' dir='ltr'>Evang.</span> <span class='ocrx_word' id='word_1_726' title='bbox 702 2815 721 2831; x_wconf 78' lang='lat' dir='ltr'>e.</span> <span class='ocrx_word' id='word_1_727' title='bbox 744 2808 780 2830; x_wconf 70' lang='grc'>21,</span> <span class='ocrx_word' id='word_1_728' title='bbox 799 2815 820 2830; x_wconf 87' lang='lat' dir='ltr'>n.</span> <span class='ocrx_word' id='word_1_729' title='bbox 839 2809 879 2830; x_wconf 79' lang='lat'>56:</span> <span class='ocrx_word' id='word_1_730' title='bbox 897 2808 953 2830; x_wconf 86' lang='lat' dir='ltr'>Nam</span> <span class='ocrx_word' id='word_1_731' title='bbox 976 2812 997 2831; x_wconf 82' lang='lat' dir='ltr'>et</span> 
     </span>
     <span class='ocr_line' id='line_1_100' title="bbox 152 2848 996 2879; baseline -0.004 -7"><span class='ocrx_word' id='word_1_732' title='bbox 152 2850 230 2877; x_wconf 88' lang='lat' dir='ltr'>ipsum</span> <span class='ocrx_word' id='word_1_733' title='bbox 247 2849 361 2876; x_wconf 87' lang='lat' dir='ltr'>triduum,</span> <span class='ocrx_word' id='word_1_734' title='bbox 384 2856 431 2879; x_wconf 90' lang='lat' dir='ltr'>quo</span> <span class='ocrx_word' id='word_1_735' title='bbox 450 2850 560 2872; x_wconf 83' lang='lat' dir='ltr'>Dominus</span> <span class='ocrx_word' id='word_1_736' title='bbox 583 2852 687 2870; x_wconf 87' lang='lat' dir='ltr'>mortuus</span> <span class='ocrx_word' id='word_1_737' title='bbox 704 2852 737 2869; x_wconf 83' lang='lat' dir='ltr'>est</span> <span class='ocrx_word' id='word_1_738' title='bbox 759 2851 780 2870; x_wconf 79' lang='lat' dir='ltr'>ei</span> <span class='ocrx_word' id='word_1_739' title='bbox 797 2848 931 2873; x_wconf 79' lang='lat' dir='ltr'>resurrexit,</span> <span class='ocrx_word' id='word_1_740' title='bbox 954 2848 996 2870; x_wconf 89' lang='lat' dir='ltr'>nisi</span> 
     </span>
     <span class='ocr_line' id='line_1_101' title="bbox 151 2885 995 2917; baseline -0.002 -7"><span class='ocrx_word' id='word_1_741' title='bbox 151 2888 194 2910; x_wconf 90' lang='grc'>1510</span> <span class='ocrx_word' id='word_1_742' title='bbox 207 2888 314 2916; x_wconf 81' lang='lat' dir='ltr'>loquendi</span> <span class='ocrx_word' id='word_1_743' title='bbox 332 2889 413 2916; x_wconf 83' lang='lat' dir='ltr'>modo,</span> <span class='ocrx_word' id='word_1_744' title='bbox 432 2895 478 2917; x_wconf 86' lang='lat' dir='ltr'>quo</span> <span class='ocrx_word' id='word_1_745' title='bbox 491 2895 502 2910; x_wconf 86' lang='lat' dir='ltr'>a</span> <span class='ocrx_word' id='word_1_746' title='bbox 521 2891 584 2916; x_wconf 79' lang='lat' dir='ltr'>parte</span> <span class='ocrx_word' id='word_1_747' title='bbox 597 2890 668 2909; x_wconf 82' lang='lat' dir='ltr'>totum</span> <span class='ocrx_word' id='word_1_748' title='bbox 685 2886 728 2908; x_wconf 88' lang='lat' dir='ltr'>dici</span> <span class='ocrx_word' id='word_1_749' title='bbox 741 2886 797 2908; x_wconf 76' lang='lat' dir='ltr'>solet</span> <span class='ocrx_word' id='word_1_750' title='bbox 814 2885 995 2915; x_wconf 52' lang='lat' dir='ltr'>[synecdoche]</span> 
     </span>
     <span class='ocr_line' id='line_1_102' title="bbox 152 2928 535 2956; baseline 0 -7"><span class='ocrx_word' id='word_1_751' title='bbox 152 2930 213 2949; x_wconf 84' lang='lat' dir='ltr'>recle</span> <span class='ocrx_word' id='word_1_752' title='bbox 230 2928 322 2955; x_wconf 74' lang='lat' dir='ltr'>intenigi</span> <span class='ocrx_word' id='word_1_753' title='bbox 341 2934 385 2950; x_wconf 88' lang='lat' dir='ltr'>non</span> <span class='ocrx_word' id='word_1_754' title='bbox 403 2932 477 2956; x_wconf 86' lang='lat' dir='ltr'>potest</span> <span class='ocrx_word' id='word_1_755' title='bbox 493 2931 535 2950; x_wconf 82' lang='lat' dir='ltr'>etc.</span> 
     </span>
    </p>

    <p class='ocr_par' dir='ltr' id='par_1_27' title="bbox 213 2964 996 2994">
     <span class='ocr_line' id='line_1_103' title="bbox 213 2964 996 2994; baseline 0 -8"><span class='ocrx_word' id='word_1_756' title='bbox 213 2964 223 2979; x_wconf 77' lang='lat'><strong>⁶</strong></span> <span class='ocrx_word' id='word_1_757' title='bbox 242 2965 299 2987; x_wconf 80' lang='lat' dir='ltr'>Petr.</span> <span class='ocrx_word' id='word_1_758' title='bbox 317 2965 444 2994; x_wconf 67' lang='lat' dir='ltr'>Contestor,</span> <span class='ocrx_word' id='word_1_759' title='bbox 464 2966 544 2988; x_wconf 79' lang='lat' dir='ltr'>Hister.</span> <span class='ocrx_word' id='word_1_760' title='bbox 559 2966 662 2987; x_wconf 80' lang='lat' dir='ltr'>scholast.</span> <span class='ocrx_word' id='word_1_761' title='bbox 682 2965 703 2986; x_wconf 93' lang='lat' dir='ltr'>in</span> <span class='ocrx_word' id='word_1_762' title='bbox 722 2965 807 2992; x_wconf 80' lang='lat' dir='ltr'>Evang.</span> <span class='ocrx_word' id='word_1_763' title='bbox 826 2970 844 2986; x_wconf 85' lang='lat' dir='ltr'>c.</span> <span class='ocrx_word' id='word_1_764' title='bbox 867 2964 913 2986; x_wconf 79' lang='grc'>185.</span> <span class='ocrx_word' id='word_1_765' title='bbox 928 2965 996 2987; x_wconf 86' lang='lat' dir='ltr'>trium</span> 
     </span>
    </p>
   </div>
   <div class='ocr_carea' id='block_1_12' title="bbox 279 3015 593 3040">
    <p class='ocr_par' dir='ltr' id='par_1_28' title="bbox 279 3015 593 3040">
     <span class='ocr_line' id='line_1_104' title="bbox 279 3015 593 3040; baseline -0.003 -1"><span class='ocrx_word' id='word_1_766' title='bbox 279 3015 304 3039; x_wconf 87' lang='lat' dir='ltr'>S.</span> <span class='ocrx_word' id='word_1_767' title='bbox 322 3016 410 3040; x_wconf 68' lang='lat' dir='ltr'>Bonae.</span> <span class='ocrx_word' id='word_1_768' title='bbox 428 3029 458 3032; x_wconf 90' lang='lat'>-—</span> <span class='ocrx_word' id='word_1_769' title='bbox 476 3017 541 3039; x_wconf 86' lang='lat' dir='ltr'>Tom.</span> <span class='ocrx_word' id='word_1_770' title='bbox 560 3016 593 3038; x_wconf 92' lang='grc'>111.</span> 
     </span>
    </p>
   </div>
   <div class='ocr_carea' id='block_1_13' title="bbox 1024 2304 1028 2989">
    <p class='ocr_par' dir='ltr' id='par_1_29' title="bbox 1024 2304 1028 2989">
     <span class='ocr_line' id='line_1_105' title="bbox 1024 2304 1028 2989; baseline 0 0"><span class='ocrx_word' id='word_1_771' title='bbox 1024 2304 1028 2989; x_wconf 95' lang='lat' dir='ltr'> </span> 
     </span>
    </p>
   </div>
   <div class='ocr_carea' id='block_1_14' title="bbox 1053 2303 1901 2993">
    <p class='ocr_par' dir='ltr' id='par_1_30' title="bbox 1053 2303 1901 2993">
     <span class='ocr_line' id='line_1_106' title="bbox 1053 2303 1899 2331; baseline 0.005 -7"><span class='ocrx_word' id='word_1_772' title='bbox 1053 2304 1187 2325; x_wconf 80' lang='lat' dir='ltr'>Sanctorum</span> <span class='ocrx_word' id='word_1_773' title='bbox 1206 2303 1234 2325; x_wconf 87' lang='lat' dir='ltr'>(le</span> <span class='ocrx_word' id='word_1_774' title='bbox 1252 2304 1294 2325; x_wconf 81' lang='lat' dir='ltr'>hac</span> <span class='ocrx_word' id='word_1_775' title='bbox 1312 2310 1335 2325; x_wconf 81' lang='lat' dir='ltr'>re</span> <span class='ocrx_word' id='word_1_776' title='bbox 1353 2305 1473 2331; x_wconf 80' lang='lat' dir='ltr'>opiniones</span> <span class='ocrx_word' id='word_1_777' title='bbox 1490 2305 1547 2326; x_wconf 82' lang='lat' dir='ltr'>inter</span> <span class='ocrx_word' id='word_1_778' title='bbox 1564 2311 1588 2326; x_wconf 75' lang='lat' dir='ltr'>se</span> <span class='ocrx_word' id='word_1_779' title='bbox 1606 2305 1762 2327; x_wconf 77' lang='lat' dir='ltr'>discordantes</span> <span class='ocrx_word' id='word_1_780' title='bbox 1780 2310 1899 2328; x_wconf 80' lang='lat' dir='ltr'>recenset:</span> 
     </span>
     <span class='ocr_line' id='line_1_107' title="bbox 1053 2342 1900 2371; baseline 0.005 -8"><span class='ocrx_word' id='word_1_781' title='bbox 1053 2342 1196 2369; x_wconf 76' lang='lat' dir='ltr'>Hieronymi,</span> <span class='ocrx_word' id='word_1_782' title='bbox 1215 2343 1253 2370; x_wconf 82' lang='lat' dir='ltr'>qui</span> <span class='ocrx_word' id='word_1_783' title='bbox 1272 2343 1340 2369; x_wconf 84' lang='lat' dir='ltr'>Epist.</span> <span class='ocrx_word' id='word_1_784' title='bbox 1358 2343 1406 2364; x_wconf 72' lang='grc'>120,</span> <span class='ocrx_word' id='word_1_785' title='bbox 1420 2343 1487 2366; x_wconf 71' lang='lat' dir='ltr'>talias</span> <span class='ocrx_word' id='word_1_786' title='bbox 1510 2343 1567 2370; x_wconf 74' lang='lat'>150.)</span> <span class='ocrx_word' id='word_1_787' title='bbox 1580 2343 1608 2365; x_wconf 80' lang='lat' dir='ltr'>ad</span> <span class='ocrx_word' id='word_1_788' title='bbox 1627 2343 1758 2371; x_wconf 77' lang='lat' dir='ltr'>Hebidiam,</span> <span class='ocrx_word' id='word_1_789' title='bbox 1772 2351 1790 2366; x_wconf 86' lang='lat' dir='ltr'>e.</span> <span class='ocrx_word' id='word_1_790' title='bbox 1809 2345 1829 2366; x_wconf 83' lang='lat'>3.</span> <span class='ocrx_word' id='word_1_791' title='bbox 1848 2346 1900 2367; x_wconf 80' lang='lat' dir='ltr'>scri-</span> 
     </span>
     <span class='ocr_line' id='line_1_108' title="bbox 1053 2381 1899 2411; baseline 0.004 -9"><span class='ocrx_word' id='word_1_792' title='bbox 1053 2381 1111 2408; x_wconf 87' lang='lat' dir='ltr'>psit:</span> <span class='ocrx_word' id='word_1_793' title='bbox 1139 2389 1148 2400; x_wconf 70' lang='lat' dir='ltr'>n</span> <span class='ocrx_word' id='word_1_794' title='bbox 1166 2382 1209 2402; x_wconf 78' lang='lat' dir='ltr'>Aut</span> <span class='ocrx_word' id='word_1_795' title='bbox 1230 2382 1290 2402; x_wconf 83' lang='lat' dir='ltr'>enim</span> <span class='ocrx_word' id='word_1_796' title='bbox 1315 2387 1359 2402; x_wconf 88' lang='lat' dir='ltr'>nou</span> <span class='ocrx_word' id='word_1_797' title='bbox 1382 2382 1506 2409; x_wconf 78' lang='lat' dir='ltr'>recipimus</span> <span class='ocrx_word' id='word_1_798' title='bbox 1523 2382 1590 2404; x_wconf 77' lang='lat' dir='ltr'>Marci</span> <span class='ocrx_word' id='word_1_799' title='bbox 1609 2383 1778 2411; x_wconf 77' lang='lat' dir='ltr'>testimonium,</span> <span class='ocrx_word' id='word_1_800' title='bbox 1796 2384 1860 2411; x_wconf 82' lang='lat' dir='ltr'>quod</span> <span class='ocrx_word' id='word_1_801' title='bbox 1877 2385 1899 2406; x_wconf 92' lang='lat' dir='ltr'>in</span> 
     </span>
     <span class='ocr_line' id='line_1_109' title="bbox 1053 2420 1901 2450; baseline 0.005 -9"><span class='ocrx_word' id='word_1_802' title='bbox 1053 2420 1110 2441; x_wconf 87' lang='lat' dir='ltr'>raris</span> <span class='ocrx_word' id='word_1_803' title='bbox 1133 2420 1204 2442; x_wconf 78' lang='lat' dir='ltr'>fertur</span> <span class='ocrx_word' id='word_1_804' title='bbox 1227 2420 1378 2447; x_wconf 76' lang='lat' dir='ltr'>Evangeliis...</span> <span class='ocrx_word' id='word_1_805' title='bbox 1402 2422 1440 2442; x_wconf 84' lang='lat' dir='ltr'>aut</span> <span class='ocrx_word' id='word_1_806' title='bbox 1463 2421 1505 2442; x_wconf 86' lang='lat' dir='ltr'>hoc</span> <span class='ocrx_word' id='word_1_807' title='bbox 1527 2421 1731 2449; x_wconf 68' lang='lat' dir='ltr'>respondendum,</span> <span class='ocrx_word' id='word_1_808' title='bbox 1754 2422 1816 2450; x_wconf 81' lang='lat' dir='ltr'>quod</span> <span class='ocrx_word' id='word_1_809' title='bbox 1841 2426 1901 2445; x_wconf 84' lang='lat' dir='ltr'>uter-</span> 
     </span>
     <span class='ocr_line' id='line_1_110' title="bbox 1054 2458 1901 2488; baseline 0.004 -8"><span class='ocrx_word' id='word_1_810' title='bbox 1054 2465 1099 2487; x_wconf 86' lang='lat' dir='ltr'>que</span> <span class='ocrx_word' id='word_1_811' title='bbox 1125 2465 1208 2480; x_wconf 70' lang='lat' dir='ltr'>verum</span> <span class='ocrx_word' id='word_1_812' title='bbox 1234 2458 1329 2480; x_wconf 78' lang='lat' dir='ltr'>dixerit:</span> <span class='ocrx_word' id='word_1_813' title='bbox 1356 2459 1496 2487; x_wconf 70' lang='lat' dir='ltr'>Matthaeus,</span> <span class='ocrx_word' id='word_1_814' title='bbox 1521 2459 1613 2488; x_wconf 84' lang='lat' dir='ltr'>quando</span> <span class='ocrx_word' id='word_1_815' title='bbox 1641 2460 1752 2482; x_wconf 89' lang='lat' dir='ltr'>Dominus</span> <span class='ocrx_word' id='word_1_816' title='bbox 1777 2462 1901 2483; x_wconf 78' lang='lat' dir='ltr'>surrexerit</span> 
     </span>
     <span class='ocr_line' id='line_1_111' title="bbox 1055 2496 1900 2528; baseline 0.002 -9"><span class='ocrx_word' id='word_1_817' title='bbox 1055 2503 1147 2526; x_wconf 69' lang='lat' dir='ltr'>vespere</span> <span class='ocrx_word' id='word_1_818' title='bbox 1158 2496 1261 2525; x_wconf 70' lang='lat' dir='ltr'>sabbati,</span> <span class='ocrx_word' id='word_1_819' title='bbox 1276 2498 1364 2519; x_wconf 79' lang='lat' dir='ltr'>Marcus</span> <span class='ocrx_word' id='word_1_820' title='bbox 1377 2502 1464 2525; x_wconf 79' lang='lat' dir='ltr'>autem,</span> <span class='ocrx_word' id='word_1_821' title='bbox 1483 2497 1575 2526; x_wconf 85' lang='lat' dir='ltr'>quando</span> <span class='ocrx_word' id='word_1_822' title='bbox 1588 2504 1641 2520; x_wconf 86' lang='lat' dir='ltr'>eum</span> <span class='ocrx_word' id='word_1_823' title='bbox 1660 2498 1743 2521; x_wconf 79' lang='lat' dir='ltr'>viderit</span> <span class='ocrx_word' id='word_1_824' title='bbox 1760 2499 1826 2521; x_wconf 73' lang='lat' dir='ltr'>Illnria</span> <span class='ocrx_word' id='word_1_825' title='bbox 1841 2500 1900 2528; x_wconf 77' lang='lat' dir='ltr'>Mag-</span> 
     </span>
     <span class='ocr_line' id='line_1_112' title="bbox 1054 2536 1898 2564; baseline 0.004 -6"><span class='ocrx_word' id='word_1_826' title='bbox 1054 2536 1145 2563; x_wconf 59' lang='lat' dir='ltr'>[talene.</span> <span class='ocrx_word' id='word_1_827' title='bbox 1164 2536 1186 2558; x_wconf 73' lang='lat' dir='ltr'>iil</span> <span class='ocrx_word' id='word_1_828' title='bbox 1204 2540 1236 2559; x_wconf 87' lang='lat' dir='ltr'>est</span> <span class='ocrx_word' id='word_1_829' title='bbox 1255 2542 1321 2558; x_wconf 84' lang='lat' dir='ltr'>mane</span> <span class='ocrx_word' id='word_1_830' title='bbox 1339 2537 1410 2564; x_wconf 81' lang='lat' dir='ltr'>prima</span> <span class='ocrx_word' id='word_1_831' title='bbox 1430 2536 1517 2559; x_wconf 78' lang='lat' dir='ltr'>sabbati</span> <span class='ocrx_word' id='word_1_832' title='bbox 1533 2546 1553 2559; x_wconf 70' lang='lat' dir='ltr'>n.</span> <span class='ocrx_word' id='word_1_833' title='bbox 1574 2549 1605 2553; x_wconf 90' lang='lat'>—</span> <span class='ocrx_word' id='word_1_834' title='bbox 1625 2537 1739 2560; x_wconf 75' lang='lat' dir='ltr'>Ambrosii</span> <span class='ocrx_word' id='word_1_835' title='bbox 1762 2540 1898 2561; x_wconf 82' lang='lat' dir='ltr'>asserentis:</span> 
     </span>
     <span class='ocr_line' id='line_1_113' title="bbox 1058 2574 1899 2606; baseline 0.006 -11"><span class='ocrx_word' id='word_1_836' title='bbox 1058 2582 1067 2594; x_wconf 72' lang='grc' dir='ltr'><strong>α</strong></span> <span class='ocrx_word' id='word_1_837' title='bbox 1080 2575 1127 2596; x_wconf 72' lang='lat' dir='ltr'>Non</span> <span class='ocrx_word' id='word_1_838' title='bbox 1151 2579 1285 2602; x_wconf 66' lang='lat' dir='ltr'>vesperante</span> <span class='ocrx_word' id='word_1_839' title='bbox 1308 2575 1354 2602; x_wconf 85' lang='lat' dir='ltr'>die,</span> <span class='ocrx_word' id='word_1_840' title='bbox 1378 2574 1418 2597; x_wconf 79' lang='lat' dir='ltr'>sed</span> <span class='ocrx_word' id='word_1_841' title='bbox 1442 2574 1516 2598; x_wconf 76' lang='lat' dir='ltr'>noctis</span> <span class='ocrx_word' id='word_1_842' title='bbox 1538 2581 1653 2605; x_wconf 67' lang='lat' dir='ltr'>uespere»</span> <span class='ocrx_word' id='word_1_843' title='bbox 1674 2589 1704 2591; x_wconf 97' lang='lat'><strong>—</strong></span> <span class='ocrx_word' id='word_1_844' title='bbox 1721 2580 1742 2598; x_wconf 86' lang='lat' dir='ltr'>et</span> <span class='ocrx_word' id='word_1_845' title='bbox 1764 2578 1899 2606; x_wconf 76' lang='lat' dir='ltr'>Augustini,</span> 
     </span>
     <span class='ocr_line' id='line_1_114' title="bbox 1054 2613 1898 2644; baseline 0.004 -9"><span class='ocrx_word' id='word_1_846' title='bbox 1054 2614 1104 2642; x_wconf 83' lang='grc'>11111,</span> <span class='ocrx_word' id='word_1_847' title='bbox 1131 2617 1154 2636; x_wconf 91' lang='grc'>111</span> <span class='ocrx_word' id='word_1_848' title='bbox 1171 2613 1288 2636; x_wconf 78' lang='lat' dir='ltr'>Comestor</span> <span class='ocrx_word' id='word_1_849' title='bbox 1313 2614 1391 2641; x_wconf 75' lang='lat' dir='ltr'>refert,</span> <span class='ocrx_word' id='word_1_850' title='bbox 1413 2622 1423 2633; x_wconf 75' lang='grc' dir='ltr'>ιι</span> <span class='ocrx_word' id='word_1_851' title='bbox 1437 2614 1491 2636; x_wconf 75' lang='lat' dir='ltr'>dixit</span> <span class='ocrx_word' id='word_1_852' title='bbox 1512 2613 1561 2643; x_wconf 91' lang='grc'>[111.</span> <span class='ocrx_word' id='word_1_853' title='bbox 1581 2614 1610 2637; x_wconf 82' lang='lat' dir='ltr'>de</span> <span class='ocrx_word' id='word_1_854' title='bbox 1627 2614 1745 2637; x_wconf 80' lang='lat' dir='ltr'>Consensu</span> <span class='ocrx_word' id='word_1_855' title='bbox 1769 2616 1854 2644; x_wconf 79' lang='lat' dir='ltr'>Evang.</span> <span class='ocrx_word' id='word_1_856' title='bbox 1879 2623 1898 2638; x_wconf 87' lang='lat' dir='ltr'>c.</span> 
     </span>
     <span class='ocr_line' id='line_1_115' title="bbox 1054 2652 1900 2681; baseline 0.005 -7"><span class='ocrx_word' id='word_1_857' title='bbox 1054 2652 1090 2674; x_wconf 74' lang='grc'>21.</span> <span class='ocrx_word' id='word_1_858' title='bbox 1108 2659 1129 2674; x_wconf 94' lang='lat' dir='ltr'>n.</span> <span class='ocrx_word' id='word_1_859' title='bbox 1147 2652 1207 2681; x_wconf 73' lang='grc'>65],</span> <span class='ocrx_word' id='word_1_860' title='bbox 1231 2659 1285 2674; x_wconf 82' lang='lat' dir='ltr'>eum</span> <span class='ocrx_word' id='word_1_861' title='bbox 1306 2652 1410 2675; x_wconf 71' lang='lat' dir='ltr'>diluculo</span> <span class='ocrx_word' id='word_1_862' title='bbox 1433 2654 1569 2681; x_wconf 72' lang='lat' dir='ltr'>surrexisse,</span> <span class='ocrx_word' id='word_1_863' title='bbox 1589 2655 1625 2675; x_wconf 86' lang='lat' dir='ltr'>cui</span> <span class='ocrx_word' id='word_1_864' title='bbox 1643 2655 1753 2676; x_wconf 82' lang='lat' dir='ltr'>consentit</span> <span class='ocrx_word' id='word_1_865' title='bbox 1776 2656 1900 2678; x_wconf 80' lang='lat' dir='ltr'>auctoritas</span> 
     </span>
     <span class='ocr_line' id='line_1_116' title="bbox 1054 2690 1897 2720; baseline 0.004 -7"><span class='ocrx_word' id='word_1_866' title='bbox 1054 2692 1088 2713; x_wconf 88' lang='lat' dir='ltr'>illa</span> <span class='ocrx_word' id='word_1_867' title='bbox 1107 2691 1202 2720; x_wconf 69' lang='lat' dir='ltr'>[filossa</span> <span class='ocrx_word' id='word_1_868' title='bbox 1221 2692 1267 2713; x_wconf 81' lang='lat' dir='ltr'>scil.</span> <span class='ocrx_word' id='word_1_869' title='bbox 1280 2690 1404 2713; x_wconf 69' lang='lat' dir='ltr'>ordinaria</span> <span class='ocrx_word' id='word_1_870' title='bbox 1417 2692 1437 2713; x_wconf 91' lang='lat' dir='ltr'>in</span> <span class='ocrx_word' id='word_1_871' title='bbox 1457 2692 1470 2713; x_wconf 74' lang='lat' dir='ltr'>l.</span> <span class='ocrx_word' id='word_1_872' title='bbox 1489 2692 1559 2713; x_wconf 72' lang='lat' dir='ltr'>Maeli.</span> <span class='ocrx_word' id='word_1_873' title='bbox 1578 2692 1603 2719; x_wconf 83' lang='lat'>3,</span> <span class='ocrx_word' id='word_1_874' title='bbox 1617 2692 1657 2720; x_wconf 74' lang='lat'>39,</span> <span class='ocrx_word' id='word_1_875' title='bbox 1675 2696 1748 2715; x_wconf 78' lang='lat' dir='ltr'>sumta</span> <span class='ocrx_word' id='word_1_876' title='bbox 1766 2700 1792 2715; x_wconf 67' lang='lat' dir='ltr'>ex</span> <span class='ocrx_word' id='word_1_877' title='bbox 1811 2694 1897 2716; x_wconf 75' lang='lat' dir='ltr'>Raban.</span> 
     </span>
     <span class='ocr_line' id='line_1_117' title="bbox 1054 2731 1897 2759; baseline 0.004 -7"><span class='ocrx_word' id='word_1_878' title='bbox 1054 2731 1076 2752; x_wconf 92' lang='lat' dir='ltr'>in</span> <span class='ocrx_word' id='word_1_879' title='bbox 1094 2731 1154 2752; x_wconf 86' lang='lat' dir='ltr'>huuc</span> <span class='ocrx_word' id='word_1_880' title='bbox 1172 2731 1221 2757; x_wconf 65' lang='lat' dir='ltr'>loc..</span> <span class='ocrx_word' id='word_1_881' title='bbox 1239 2735 1261 2753; x_wconf 83' lang='lat' dir='ltr'>et</span> <span class='ocrx_word' id='word_1_882' title='bbox 1278 2737 1289 2752; x_wconf 87' lang='lat' dir='ltr'>a</span> <span class='ocrx_word' id='word_1_883' title='bbox 1311 2731 1405 2753; x_wconf 79' lang='lat' dir='ltr'>Rabano</span> <span class='ocrx_word' id='word_1_884' title='bbox 1423 2731 1518 2753; x_wconf 79' lang='lat' dir='ltr'>formata</span> <span class='ocrx_word' id='word_1_885' title='bbox 1540 2738 1566 2754; x_wconf 86' lang='lat' dir='ltr'>ex</span> <span class='ocrx_word' id='word_1_886' title='bbox 1584 2733 1679 2759; x_wconf 77' lang='lat' dir='ltr'>August.</span> <span class='ocrx_word' id='word_1_887' title='bbox 1698 2732 1733 2754; x_wconf 79' lang='lat' dir='ltr'>lV.</span> <span class='ocrx_word' id='word_1_888' title='bbox 1752 2733 1814 2754; x_wconf 87' lang='lat' dir='ltr'>Trin.</span> <span class='ocrx_word' id='word_1_889' title='bbox 1833 2739 1852 2755; x_wconf 86' lang='lat' dir='ltr'>c.</span> <span class='ocrx_word' id='word_1_890' title='bbox 1876 2734 1897 2755; x_wconf 84' lang='lat'>6.</span> 
     </span>
     <span class='ocr_line' id='line_1_118' title="bbox 1055 2769 1899 2799; baseline 0.004 -8"><span class='ocrx_word' id='word_1_891' title='bbox 1055 2776 1075 2792; x_wconf 76' lang='lat' dir='ltr'>n.</span> <span class='ocrx_word' id='word_1_892' title='bbox 1098 2769 1154 2799; x_wconf 82' lang='lat' dir='ltr'>l0.]⁷</span> <span class='ocrx_word' id='word_1_893' title='bbox 1172 2776 1231 2798; x_wconf 77' lang='lat' dir='ltr'>quae</span> <span class='ocrx_word' id='word_1_894' title='bbox 1248 2770 1316 2796; x_wconf 80' lang='lat' dir='ltr'>dicit,</span> <span class='ocrx_word' id='word_1_895' title='bbox 1335 2770 1458 2792; x_wconf 85' lang='lat' dir='ltr'>Dominum</span> <span class='ocrx_word' id='word_1_896' title='bbox 1480 2770 1505 2792; x_wconf 67' lang='grc'>10</span> <span class='ocrx_word' id='word_1_897' title='bbox 1524 2771 1586 2793; x_wconf 90' lang='lat' dir='ltr'>horis</span> <span class='ocrx_word' id='word_1_898' title='bbox 1603 2772 1672 2793; x_wconf 80' lang='lat' dir='ltr'>fuisse</span> <span class='ocrx_word' id='word_1_899' title='bbox 1689 2774 1805 2794; x_wconf 81' lang='lat' dir='ltr'>mortuum</span> <span class='ocrx_word' id='word_1_900' title='bbox 1829 2775 1851 2794; x_wconf 79' lang='lat' dir='ltr'>et</span> <span class='ocrx_word' id='word_1_901' title='bbox 1869 2775 1899 2794; x_wconf 82' lang='lat' dir='ltr'>to-</span> 
     </span>
     <span class='ocr_line' id='line_1_119' title="bbox 1054 2808 1898 2840; baseline 0.005 -10"><span class='ocrx_word' id='word_1_902' title='bbox 1054 2809 1123 2831; x_wconf 79' lang='lat' dir='ltr'>iidem</span> <span class='ocrx_word' id='word_1_903' title='bbox 1147 2808 1229 2831; x_wconf 70' lang='lat' dir='ltr'>diebus</span> <span class='ocrx_word' id='word_1_904' title='bbox 1253 2813 1302 2836; x_wconf 83' lang='lat' dir='ltr'>posi</span> <span class='ocrx_word' id='word_1_905' title='bbox 1326 2813 1439 2836; x_wconf 79' lang='lat' dir='ltr'>moratum</span> <span class='ocrx_word' id='word_1_906' title='bbox 1458 2811 1479 2831; x_wconf 93' lang='lat' dir='ltr'>in</span> <span class='ocrx_word' id='word_1_907' title='bbox 1503 2814 1561 2832; x_wconf 79' lang='lat' dir='ltr'>terra</span> <span class='ocrx_word' id='word_1_908' title='bbox 1580 2814 1630 2833; x_wconf 84' lang='lat' dir='ltr'>ante</span> <span class='ocrx_word' id='word_1_909' title='bbox 1653 2812 1822 2838; x_wconf 75' lang='lat' dir='ltr'>ascensionen13</span> <span class='ocrx_word' id='word_1_910' title='bbox 1845 2812 1898 2840; x_wconf 86' lang='lat' dir='ltr'>quia</span> 
     </span>
     <span class='ocr_line' id='line_1_120' title="bbox 1054 2847 1898 2876; baseline 0.004 -7"><span class='ocrx_word' id='word_1_911' title='bbox 1054 2848 1116 2869; x_wconf 82' lang='lat' dir='ltr'>horis</span> <span class='ocrx_word' id='word_1_912' title='bbox 1134 2847 1146 2869; x_wconf 69' lang='lat' dir='ltr'>li</span> <span class='ocrx_word' id='word_1_913' title='bbox 1164 2849 1301 2875; x_wconf 67' lang='lat' dir='ltr'>vespertinis</span> <span class='ocrx_word' id='word_1_914' title='bbox 1318 2854 1455 2876; x_wconf 75' lang='lat' dir='ltr'>parasceves</span> <span class='ocrx_word' id='word_1_915' title='bbox 1472 2852 1493 2870; x_wconf 83' lang='lat' dir='ltr'>ct</span> <span class='ocrx_word' id='word_1_916' title='bbox 1511 2849 1539 2870; x_wconf 76' lang='lat'>36</span> <span class='ocrx_word' id='word_1_917' title='bbox 1558 2849 1655 2871; x_wconf 82' lang='lat' dir='ltr'>duarum</span> <span class='ocrx_word' id='word_1_918' title='bbox 1674 2851 1774 2872; x_wconf 86' lang='lat' dir='ltr'>noctium</span> <span class='ocrx_word' id='word_1_919' title='bbox 1792 2853 1814 2872; x_wconf 82' lang='lat' dir='ltr'>et</span> <span class='ocrx_word' id='word_1_920' title='bbox 1832 2851 1898 2873; x_wconf 89' lang='lat' dir='ltr'>unius</span> 
     </span>
     <span class='ocr_line' id='line_1_121' title="bbox 1055 2887 1899 2917; baseline 0.005 -9"><span class='ocrx_word' id='word_1_921' title='bbox 1055 2887 1105 2909; x_wconf 87' lang='lat' dir='ltr'>diei.</span> <span class='ocrx_word' id='word_1_922' title='bbox 1129 2887 1225 2909; x_wconf 79' lang='lat' dir='ltr'>Ecclesia</span> <span class='ocrx_word' id='word_1_923' title='bbox 1245 2893 1337 2916; x_wconf 85' lang='lat' dir='ltr'>quoque</span> <span class='ocrx_word' id='word_1_924' title='bbox 1355 2888 1463 2910; x_wconf 78' lang='lat' dir='ltr'>assentire</span> <span class='ocrx_word' id='word_1_925' title='bbox 1479 2888 1581 2914; x_wconf 70' lang='lat' dir='ltr'>videtur,</span> <span class='ocrx_word' id='word_1_926' title='bbox 1604 2895 1663 2917; x_wconf 87' lang='lat' dir='ltr'>quae</span> <span class='ocrx_word' id='word_1_927' title='bbox 1680 2890 1802 2911; x_wconf 79' lang='lat' dir='ltr'>matutinas</span> <span class='ocrx_word' id='word_1_928' title='bbox 1820 2889 1899 2912; x_wconf 75' lang='lat' dir='ltr'>laudes</span> 
     </span>
     <span class='ocr_line' id='line_1_122' title="bbox 1054 2926 1527 2953; baseline 0.004 -6"><span class='ocrx_word' id='word_1_929' title='bbox 1054 2932 1097 2953; x_wconf 89' lang='lat' dir='ltr'>pro</span> <span class='ocrx_word' id='word_1_930' title='bbox 1114 2926 1194 2948; x_wconf 76' lang='lat' dir='ltr'>Christi</span> <span class='ocrx_word' id='word_1_931' title='bbox 1213 2927 1377 2949; x_wconf 79' lang='lat' dir='ltr'>resurrectione</span> <span class='ocrx_word' id='word_1_932' title='bbox 1396 2926 1494 2949; x_wconf 59' lang='lat' dir='ltr'>celebrat</span> <span class='ocrx_word' id='word_1_933' title='bbox 1507 2936 1527 2949; x_wconf 74' lang='lat' dir='ltr'>n.</span> 
     </span>
     <span class='ocr_line' id='line_1_123' title="bbox 1118 2965 1330 2993; baseline 0.009 -7"><span class='ocrx_word' id='word_1_934' title='bbox 1118 2965 1127 2979; x_wconf 94' lang='lat'><em>⁷</em></span> <span class='ocrx_word' id='word_1_935' title='bbox 1146 2966 1220 2987; x_wconf 68' lang='grc'>,11111111-</span> <span class='ocrx_word' id='word_1_936' title='bbox 1239 2965 1275 2993; x_wconf 73' lang='lat'>27,</span> <span class='ocrx_word' id='word_1_937' title='bbox 1295 2965 1330 2988; x_wconf 66' lang='lat'>45.</span> 
     </span>
    </p>
   </div>
   <div class='ocr_carea' id='block_1_15' title="bbox 1744 3018 1772 3039">
    <p class='ocr_par' dir='ltr' id='par_1_31' title="bbox 1744 3018 1772 3039">
     <span class='ocr_line' id='line_1_124' title="bbox 1744 3018 1772 3039; baseline 0 0"><span class='ocrx_word' id='word_1_938' title='bbox 1744 3018 1772 3039; x_wconf 76' lang='lat'>58</span> 
     </span>
    </p>
   </div>
  </div>
 </body>
</html>
