2166 3366
132 338 219 357 Notandu
226 344 250 357 m.

132 1337 240 1356 Distinctio.

264 160 299 188 56

341 238 367 265 ίι.
389 237 427 266 Ad
452 236 523 265 illud
546 235 621 273 quod
654 235 800 269 obiicitur,
823 235 896 271 quod
927 233 1110 271 propinquior

266 288 308 313 est
329 284 408 313 nobis
429 291 548 321 persona
570 282 689 319 Spiritus
711 281 813 315 sanctig
833 281 997 315 dicendum,
1019 281 1110 318 quod¹

268 332 374 361 dictum
396 334 438 359 est
455 339 509 367 per
526 329 812 366 appropriationem,
828 336 881 356 non
904 328 970 364 quia
992 335 1111 364 persona

263 378 382 415 Spiritus
402 377 489 405 sancti
513 376 601 412 magis
630 375 744 404 accedat
775 374 811 403 ad
833 377 964 402 naturam
987 377 1109 402 creatam

263 433 347 462 quam
370 431 487 461 persona
509 423 601 457 Verbi,
624 422 672 451 sed
694 422 760 459 quia
782 424 891 450 tantum
914 421 1049 458 procedit,
1072 421 1110 449 ita

261 471 336 509 quod
358 479 412 499 non
433 470 564 507 producit
585 469 668 498 aliam
689 476 853 506 personam,
875 471 902 497 et
917 468 1044 505 procedit
1059 475 1109 505 per

258 518 374 546 modum
396 516 573 546 fecunditatis
606 516 764 545 voluntatis.
799 516 829 544 Et
854 516 986 552 quoniam
1013 522 1110 543 omnes

258 568 405 594 creaturae
437 564 591 601 productae
620 567 686 592 sunt
714 563 870 592 voluntarie
899 566 926 592 et
957 570 993 591 ex
1015 562 1110 591 divina

939 155 1196 185 SENTENTIARUM
1218 155 1278 184 LlB.
1298 155 1339 184 111.

1169 233 1351 268 liberalitate3
1384 234 1449 263 hinc
1470 237 1527 268 est,
1550 233 1624 271 quod
1647 241 1767 270 persona
1788 233 1908 270 Spiritus
1930 234 2017 263 sancti

1168 280 1272 309 dicitur
1287 281 1367 310 nobis
1382 281 1471 317 magis
1486 280 1722 318 appropinquare.
1738 281 1769 309 Et
1781 280 1843 309 ideo
1859 281 2018 309 secundum

1169 327 1311 365 quandam
1333 328 1599 365 appropriationem,
1615 327 1729 356 concedi
1745 330 1844 364 potest,
1859 327 1934 364 quod
1950 327 2017 356 unio

1166 374 1216 402 illa
1238 374 1287 402 fiat
1309 374 1449 403 mediante
1470 374 1576 411 Spiritu
1597 378 1701 408 sancto,
1724 382 1789 403 cum
1811 374 1846 403 sit
1868 374 1990 411 gratuita
2000 374 2018 409 ²,

1167 421 1272 458 Spiritu
1294 424 1405 455 sancto⁷
1427 421 1552 458 inquam,
1584 421 1721 450 efficiente
1743 421 1900 450 secundum
1921 429 2019 459 appro-

1166 468 1342 505 priationem,
1364 476 1418 496 non
1440 468 1642 497 interveniente
1665 472 1757 497 tamen
1780 468 1937 497 secundum
1958 476 2019 506 per-

1167 515 1290 544 sonalem
1312 515 1509 544 discretionem
1522 515 1539 543 ³.

840 662 938 692 DUBIA
962 662 1056 690 Cinea
1079 661 1246 690 LITTERAM
1267 661 1428 689 MAGISTRI.

625 762 692 791 ΗΓΒ.
715 762 731 790 l.

335 857 363 885 In
386 861 464 894 parte
485 857 537 886 ista
560 860 626 885 sunt
648 857 836 885 dubitationes
865 857 937 885 circa
968 856 1107 890 litteram,

255 909 282 933 et
302 904 449 942 quaeritur
470 905 561 941 primo
584 904 618 933 de
640 904 693 932 1100
708 903 783 941 quod
799 904 879 932 dicit:
906 903 1013 932 Omnia
1034 912 1108 941 qaae

256 951 287 979 riu
307 955 411 979 *nostra
433 954 546 979 ηαιῑινα
564 950 728 988 plantavit,
744 950 798 979 Dei
818 950 941 978 Verbum
956 950 1107 978 tissimum.

255 999 309 1028 Sed
331 1002 454 1027 contra.-
487 998 562 1027 Deus
593 997 729 1035 plantavit
760 997 787 1026 in
812 997 904 1034 primo
926 997 1039 1026 homine
1061 997 1109 1025 im-

256 1045 473 1074 mortalitatem:
497 1053 563 1082 ergo
585 1045 718 1074 assumsit
745 1044 1004 1076 111111101“13111310111;
1033 1045 1108 1081 quod

255 1093 357 1121 falsum
379 1096 436 1127 est,
458 1093 524 1130 quia
545 1092 671 1121 mortalis
700 1092 760 1120 fuit.
788 1109 827 1112 —
852 1091 935 1121 Item.
958 1092 984 1120 in
1007 1095 1108 1120 natura

256 1142 352 1168 nostra
379 1139 514 1176 plantavit
536 1142 690 1176 utrumque
722 1146 836 1173 sexum,
868 1138 973 1167 scilicet
1003 1138 1109 1167 femini-

256 1195 324 1216 num
347 1190 374 1216 et
395 1186 599 1215 masculinum:
616 1194 683 1223 ergo
698 1189 853 1223 utrumque
869 1186 1017 1220 assumsit3
1032 1186 1107 1223 quod

255 1234 383 1263 similiter
404 1234 505 1262 falsum
527 1238 576 1263 est.

334 1281 514 1310 RESPONnEo:
537 1280 692 1311 Dicendum
715 1284 771 1315 est,
788 1280 863 1317 quod
879 1280 1017 1317 quaedam
1034 1280 1109 1317 plan-

256 1328 324 1356 tavit
346 1328 420 1356 Deus
442 1328 469 1356 in
491 1331 592 1356 natura
614 1331 724 1362 nostra,
747 1335 818 1364 quae
844 1327 998 1364 respiciunt
1019 1327 1108 1364 ipsius

257 1375 489 1404 constitutionem
498 1385 508 1408 ,·
523 1375 678 1412 quaedam,
693 1382 765 1411 quae
787 1374 941 1411 respiciunt
955 1378 1067 1403 statum
1082 1378 1109 1403 et

256 1422 455 1451 accidentalem
472 1421 691 1458 dispositionem.
707 1421 775 1449 Cum
792 1429 859 1458 ergo
881 1421 993 1455 dicitur,
1012 1421 1088 1458 quod
1100 1421 1108 1435 ⁴

254 1470 348 1497 omnia
363 1469 497 1497 assumsit
512 1476 584 1506 quae
601 1468 753 1505 plantavit,
775 1468 875 1496 omnia
891 1468 957 1497 dicit
979 1468 1016 1496 ibi
1035 1477 1108 1506 quae

254 1520 320 1545 sunt
341 1516 375 1545 de
392 1515 480 1553 ipsias
496 1515 701 1544 constitutione.
716 1532 755 1535 —
766 1515 836 1543 Cum
851 1523 918 1553 ergo
934 1516 993 1553 ipse
1015 1516 1108 1553 arguit

254 1568 351 1592 contra
377 1564 427 1592 hoc
453 1563 488 1592 de
514 1563 724 1592 immortalitate
748 1566 775 1591 et
797 1570 885 1592 sexus
914 1563 1107 1597 distinctione,

253 1619 307 1639 non
331 1611 414 1640 instat
435 1611 591 1640 secundum
613 1610 770 1645 veritatem,
792 1610 841 1639 sed
863 1614 978 1647 propter
1002 1611 1108 1647 praedi-

252 1658 304 1687 cati
320 1658 566 1687 commutationem
579 1657 750 1694 paralogizat
765 1657 809 1685 vel
825 1657 975 1694 sophistice
992 1657 1107 1692 instat⁵;

251 1709 279 1734 et
300 1713 349 1743 per
372 1705 424 1734 hoc
446 1708 540 1742 patent
563 1704 609 1733 1113
630 1705 687 1733 duo
708 1704 823 1733 obiecta.

618 1798 687 1827 Dra.
708 1798 738 1827 11.

330 1895 397 1924 ltem
420 1894 566 1932 quaeritur
588 1893 622 1922 de
645 1894 698 1922 hoc
719 1893 794 1931 quod
827 1893 894 1923 dicit
923 1898 1019 1922 contra
1045 1894 1107 1922 hae-

251 1942 369 1971 reticos:
393 1941 426 1970 St
447 1941 575 1969 visibilia
607 1941 722 1970 mitada.
752 1940 914 1969 visibilibus
944 1941 1107 1970 t-mnmmlts

253 1988 410 2027 inquinari
430 1997 487 2017 non.
505 1992 646 2026 possunt,
669 1992 778 2027 qaanto
794 1989 892 2026 nzayis
909 1988 1107 2017 immutabilis

253 2036 371 2071 'ueritas
396 2036 511 2066 Videtur
539 2036 614 2065 enim
637 2036 708 2065 ratio
730 2036 778 2064 illa
800 2044 855 2064 non
877 2035 980 2064 valere.
1007 2036 1108 2072 Quam-

250 2084 293 2113 vis
307 2084 380 2113 enim
397 2083 467 2112 radii
490 2083 556 2112 solis
572 2092 625 2112 non
642 2083 824 2121 inquinentur
839 2091 875 2112 ex
892 2083 1022 2112 foeditate
1046 2083 1107 2112 11111-

250 2131 409 2166 minahilis,
430 2131 524 2160 anima
546 2134 654 2166 tamen,
677 2139 748 2168 quae
770 2131 943 2168 spiritualior
966 2134 1027 2165 est,
1049 2130 1107 2159 infi-

250 2179 323 2208 citur
345 2186 381 2207 ex
412 2178 605 2207 coniunctione
628 2178 719 2207 carnis
731 2178 748 2206 ὖ.
770 2195 808 2198 —
831 2178 992 2212 Praeterea,
1022 2177 1107 2207 Filius

249 2226 297 2255 Dei
320 2229 362 2255 est
384 2226 523 2263 passibilis
544 2230 660 2264 propter
682 2226 883 2255 assumtionem
906 2225 998 2254 carnis
1022 2225 1107 2262 passi-

250 2274 329 2309 bilis,
351 2282 418 2312 ergo
439 2274 568 2303 similiter
590 2274 680 2303 factus
701 2277 743 2303 est
758 2273 907 2306 ear·nctli5;
923 2273 972 2302 sed
989 2273 1106 2310 spiritus

251 2321 380 2350 foedatur
401 2325 428 2351 et
450 2321 588 2356 inficitur,
612 2321 724 2359 quando
740 2321 860 2350 carnalis
874 2320 1013 2349 efficitur:
1037 2328 1106 2357 ergo

314 2456 321 2471 ¹
340 2456 396 2479 Cod.
414 2456 446 2478 bb
464 2459 486 2478 ct
503 2456 553 2478 Vat.
572 2455 697 2478 subiiciunt
714 2455 764 2479 hoc.

313 2496 321 2509 ²
341 2496 396 2518 Etld.
420 2496 436 2524 1,
455 2496 468 2517 -2
486 2501 539 2519 cam
558 2495 590 2518 sit
605 2495 669 2525 facta
687 2501 702 2518 a
719 2494 810 2525 Spiritu
829 2496 911 2518 sancto
931 2496 1051 2525 tanquam
1063 2494 1106 2525 effi-

254 2534 325 2558 ciente
342 2537 384 2557 etc.
403 2535 424 2556 ln
443 2534 487 2557 sine
505 2535 572 2557 solut.
591 2540 633 2562 pro
652 2533 815 2557 discretionem
832 2534 899 2557 codd.
918 2535 935 2556 G
948 2534 1003 2556 WZ
1017 2538 1038 2556 et
1051 2534 1104 2556 cdd.

258 2574 275 2601 l,
294 2574 306 2595 2
330 2573 414 2596 liabent
435 2573 619 2602 distinctionem,
645 2575 666 2596 in
689 2573 739 2596 Vat.
762 2574 846 2602 legitur
870 2573 1047 2597 distinctionem
1072 2573 1108 2596 rel

254 2612 424 2636 discretionem.

316 2652 326 2667 3
343 2653 402 2675 Vide
420 2653 521 2675 scholion
540 2653 569 2675 ad
587 2653 765 2681 praecedentem
784 2657 870 2682 quaest.

315 2691 324 2705 ⁴
342 2691 397 2714 Cod.
415 2692 432 2713 N
455 2692 547 2720 supplet
568 2692 638 2715 Deus.
662 2692 705 2715 Pro
722 2692 809 2719 dicitur
832 2693 853 2714 in
876 2692 943 2714 codd.
965 2692 1010 2714 ΑΙ]
1034 2691 1104 2714 habe-

252 2732 290 2752 tur
308 2729 369 2753 dicit.

314 2768 323 2783 5
341 2768 385 2791 Csr.
404 2769 502 2797 aristot,
521 2770 537 2791 1.
554 2773 576 2791 et
594 2769 617 2791 ll.
636 2770 734 2798 Elench„
753 2771 877 2798 praecipue
897 2770 910 2792 1.
928 2776 947 2792 c.
966 2770 987 2792 5.
1007 2770 1041 2798 (c.
1061 2770 1103 2799 6.),

256 2807 294 2830 ubi
312 2814 393 2830 omnes
410 2808 536 2836 syllogismi
559 2809 676 2836 sophistici
694 2809 723 2831 ad
740 2810 892 2837 ignorantiam
911 2809 1056 2831 reducuntur
1073 2815 1106 2831 re-

256 2847 398 2874 dargutionis
416 2846 530 2875 (elenchi)
548 2847 561 2868 i.
579 2853 599 2869 e.
617 2847 647 2869 ad
668 2847 821 2875 ignorantiam
845 2848 974 2876 syllogismi
991 2847 1106 2870 contradi-

256 2886 349 2915 ctionis,
367 2892 412 2915 qua
429 2886 477 2908 scil.
495 2886 630 2914 ignorantur
648 2892 707 2915 quae
724 2886 752 2908 ad
771 2892 850 2909 veram
867 2886 1071 2909 contradictionem
1084 2890 1106 2909 et

254 2926 384 2948 instantiam
397 2926 552 2954 requiruntur.
566 2937 596 2941 --
614 2925 656 2948 Pro
674 2925 807 2955 praedicati
823 2926 1032 2949 commatationem
1052 2926 1105 2948 edd.

252 2964 371 2994 praedicti
387 2963 603 2988 conmutationem.
615 2976 646 2980 —
658 2964 702 2987 Ctr.
720 2964 748 2986 (le
761 2965 804 2987 hoc
821 2964 892 2987 dubio
916 2965 940 2987 B.
958 2964 1052 2993 Alhert„
1069 2965 1106 2987 hic

1165 760 1292 796 videtur,
1314 760 1389 798 quod
1412 761 1570 790 haereticus
1597 769 1696 790 verum
1718 761 1790 790 dixit
1812 762 1839 790 in
1855 762 1921 797 hoc,
1944 762 2019 800 quod

1166 807 1290 842 dicebat,
1313 808 1487 836 divinitatem
1509 816 1545 836 ex
1568 808 1611 837 sui
1627 809 1757 838 societate
1779 817 1843 838 cum
1867 817 1950 839 carne
1966 817 2020 837 ma-

1165 854 1262 884 culari.

1245 902 1425 930 RESPONnEo:
1448 901 1619 937 Dicendum,
1642 903 1717 939 quod
1740 903 1902 940 exemplum
1929 903 2020 933 illud⁷

1166 952 1262 978 contra
1284 949 1439 978 haereticos
1460 952 1486 978 et
1509 949 1579 978 ratio
1600 953 1641 978 est
1656 950 1729 978 hona
1748 954 1775 979 et
1790 950 1899 979 efficax.
1916 951 2019 980 Radius

1166 996 1238 1026 enim
1263 1005 1278 1024 a
1293 997 1379 1025 rebus
1394 996 1482 1025 foedis
1497 1005 1551 1025 non
1566 997 1730 1034 inquinatur
1745 1000 1861 1035 propter
1876 998 1937 1033 hoc,
1953 999 2019 1036 quia

1166 1052 1220 1072 non
1242 1044 1430 1073 communicat
1451 1044 1478 1072 in
1501 1044 1618 1073 materia
1641 1044 1847 1073 transmutabili
1863 1053 1913 1074 nec
1935 1045 2019 1074 etiam

1166 1091 1201 1120 ab
1223 1091 1263 1120 eis
1284 1091 1431 1128 dependet.
1454 1091 1480 1120 Si
1502 1099 1568 1128 ergo
1590 1091 1699 1120 Veritas
1722 1091 1810 1120 multo
1831 1092 1921 1129 magis
1941 1100 1957 1121 a
1979 1100 2019 1121 re-

1166 1138 1220 1167 bus
1241 1139 1329 1168 foedis
1352 1138 1436 1167 distat
1457 1142 1483 1167 et
1504 1141 1546 1167 est
1567 1138 1774 1175 independens,
1802 1139 1959 1168 necessario
1981 1147 2020 1168 se-

1166 1186 1278 1222 quitur,
1294 1186 1369 1223 quod
1386 1186 1475 1214 multo
1490 1186 1584 1214 minus
1603 1189 1645 1214 est
1659 1186 1891 1215 contaminabilis.
1907 1203 1945 1206 —
1966 1187 2019 1216 Nec

1165 1232 1239 1261 valet
1261 1233 1329 1261 illud
1353 1233 1387 1261 de
1409 1233 1517 1267 anima,
1540 1236 1654 1270 propter
1676 1233 1729 1262 hoc
1743 1234 1818 1270 quod
1841 1234 1952 1268 anima,
1968 1234 2019 1263 etsi

1166 1280 1200 1308 sit
1222 1279 1391 1316 spiritualis,
1414 1280 1498 1308 habet
1520 1284 1612 1309 tamen
1634 1288 1650 1308 a
1671 1288 1788 1317 corpore
1804 1281 2018 1318 dependentiam

1165 1330 1192 1355 et
1213 1327 1427 1355 inclinationem.

1244 1374 1283 1402 Ad
1305 1374 1376 1403 illud
1399 1382 1466 1403 vero
1488 1374 1563 1412 quod
1585 1374 1731 1409 obiicitur,
1759 1375 1834 1412 quod
1857 1375 1941 1404 Filius
1970 1375 2017 1404 Dei

1165 1421 1306 1458 passibilis
1337 1421 1427 1450 factus
1456 1425 1516 1455 est;
1538 1422 1705 1457 dicendum,
1728 1422 1803 1459 quod
1826 1422 1897 1451 illud
1919 1430 2018 1451 verum

1165 1472 1207 1498 est
1228 1472 1343 1506 propter
1365 1469 1646 1498 communicationem
1660 1469 1827 1498 idiomatum
1841 1469 1866 1504 Β,
1882 1478 1937 1498 non
1952 1470 2019 1507 quia

1165 1516 1287 1553 patiatur
1310 1516 1466 1545 secundum
1488 1516 1611 1545 divinam
1633 1519 1779 1551 naturam,
1797 1517 1845 1546 sed
1863 1517 2018 1546 secundum

1165 1566 1295 1592 naturam
1317 1566 1481 1592 assumtam.
1504 1563 1588 1592 ——Et
1617 1563 1745 1593 similiter
1774 1567 1864 1601 potest
1891 1564 2018 1599 concedi,

1165 1610 1240 1648 quod
1256 1611 1291 1639 sit
1312 1610 1460 1644 cctrttalis,
1477 1611 1632 1640 secundum
1648 1611 1724 1648 quod
1746 1611 1880 1640 carnalis
1895 1611 2020 1640 nominat

1164 1661 1308 1686 naturam
1320 1681 1329 1691 ,
1352 1657 1399 1687 sed
1417 1666 1471 1686 non
1487 1658 1643 1687 secundum
1659 1658 1734 1695 quod
1757 1658 1881 1687 nominat
1896 1659 2018 1693 vitium,

1166 1705 1231 1742 qnia
1247 1705 1370 1742 suscepit
1385 1705 1477 1734 carnis
1492 1705 1720 1742 passibilitatem,
1736 1714 1791 1734 non
1810 1706 1987 1735 vitiositatem
2000 1706 2018 1734 ⁹.

1165 1752 1234 1781 Cum
1256 1760 1323 1789 ergo
1345 1752 1455 1787 obiicit,
1478 1752 1551 1790 quod
1574 1752 1691 1790 spiritus
1712 1752 1853 1788 inficitur,
1875 1761 1940 1782 cum
1962 1761 2020 1782 car-

1165 1799 1236 1828 nalis
1257 1798 1396 1834 efficitur;
1419 1799 1587 1834 dicendum,
1606 1800 1682 1837 quod
1697 1808 1751 1828 non
1769 1800 1857 1835 valet,
1873 1800 1939 1837 quia
1954 1800 2020 1829 obii-

1164 1847 1201 1875 cit
1223 1846 1257 1875 de
1279 1846 1415 1880 carnali,
1438 1850 1522 1884 prout
1544 1850 1623 1876 sonat
1644 1847 1671 1875 in
1694 1847 1803 1876 vitium.

1523 1941 1592 1970 Due.
1614 1941 1653 1969 111,

1243 2035 1311 2064 Item
1335 2035 1482 2072 quaeritur
1504 2036 1539 2065 de
1560 2035 1612 2065 hoc
1634 2036 1709 2073 quod
1736 2036 1818 2069 dicit,
1851 2036 1927 2074 quod
1948 2044 2019 2065 caro

1165 2091 1223 2111 non
1243 2082 1304 2120 fait
1322 2082 1413 2120 prius
1435 2086 1572 2120 concepta
1603 2086 1629 2111 et
1656 2083 1845 2120 postmodam
1874 2086 2017 2112 assumta.

1164 2130 1282 2159 Videtur
1304 2130 1378 2159 enim
1400 2129 1512 2164 falsum,
1534 2130 1600 2167 quia
1622 2130 1695 2168 quod
1713 2138 1768 2158 non
1795 2133 1837 2159 est
1852 2138 1906 2159 non
1928 2132 2019 2167 potest

1164 2178 1286 2212 assumi;
1315 2177 1364 2206 sed
1387 2185 1468 2211 cara,
1490 2185 1562 2215 quae
1584 2177 1708 2206 nondum
1732 2180 1864 2215 concepta
1885 2180 1935 2212 est,
1951 2185 2019 2206 non-

1164 2224 1232 2253 dum
1255 2227 1311 2253 est:
1334 2232 1400 2261 ergo
1432 2233 1487 2253 non
1515 2228 1557 2253 est
1585 2224 1783 2254 assumtibilis:
1812 2232 1879 2262 ergo
1905 2233 2018 2254 necesse

1164 2275 1221 2305 est,
1243 2271 1319 2309 quod
1342 2279 1408 2300 caro
1429 2272 1509 2309 prius
1530 2271 1717 2309 concipiatur,
1739 2280 1823 2309 quam
1847 2275 2017 2301 assumatur.

1164 2336 1202 2339 —
1224 2319 1377 2353 Ite1n,n0n
1393 2322 1435 2347 est
1448 2319 1584 2347 assumtio
1609 2319 1661 2347 nisi
1676 2319 1776 2357 {carnis
1797 2319 1853 2347 iam
1875 2319 2018 2356 organiza-

1162 2462 1181 2478 3.
1199 2455 1226 2483 7;
1245 2455 1267 2477 S.
1292 2454 1374 2476 Thom.
1397 2456 1418 2476 et
1436 2454 1493 2476 Petr.
1517 2460 1529 2475 a
1549 2453 1609 2481 Tan,
1627 2454 1663 2476 hic
1686 2454 1745 2476 circa
1773 2454 1815 2482 lit.;
1837 2453 1910 2482 ,ligia
1930 2454 1963 2482 ll„
1981 2454 2017 2476 hic

1166 2494 1221 2517 dub.
1240 2495 1269 2517 111.
1288 2494 1310 2516 7.
1711 2499 1715 2500 ’

1224 2532 1234 2547 6
1251 2532 1295 2555 cfr.
1314 2532 1336 2555 ll.
1355 2532 1416 2555 Sem.
1435 2532 1458 2554 d.
1477 2532 1513 2554 31.
1532 2538 1552 2553 a.
1570 2532 1591 2554 2.
1610 2538 1631 2561 q.
1654 2532 1671 2553 1.
1687 2544 1718 2548 -
1736 2531 1779 2554 Pro
1796 2530 1948 2560 spiritualior
1965 2530 2015 2553 Vat.

1163 2571 1308 2602 spiritualis,
1328 2571 1381 2594 edd.
1408 2572 1425 2600 1,
1445 2572 1457 2593 2
1475 2570 1639 2600 spiritualiter.
1664 2571 1713 2593 Mox
1731 2571 1789 2598 Vat⁸⁷
1808 2573 1860 2598 post
1880 2569 1957 2593 Filius
1976 2569 2017 2592 Dei

1163 2611 1241 2634 addito
1258 2611 1331 2634 verbo
1348 2610 1439 2640 factus,
1460 2616 1513 2633 cum
1531 2610 1584 2633 edd.
1607 2611 1623 2638 l,
1643 2611 1655 2632 2
1673 2611 1756 2632 omittit
1770 2608 1892 2639 passibilis
1910 2611 1962 2637 post
1978 2614 2016 2631 as-

1163 2650 1305 2674 sumtionem
1323 2649 1411 2673 carnis.
1431 2650 1483 2672 Post
1500 2656 1573 2678 pauca
1591 2655 1633 2678 pro
1651 2655 1735 2672 veram
1751 2648 1812 2672 dia-it
1829 2648 1880 2671 cod.
1898 2649 1914 2670 E
1932 2654 2016 2671 verum

1164 2689 1262 2717 dioeerit,
1283 2690 1350 2712 codd.
1369 2689 1414 2711 AU
1434 2695 1517 2712 ceram
1535 2688 1604 2712 dicat.

1224 2729 1234 2744 ⁷
1251 2729 1308 2752 Edd.
1326 2730 1362 2751 1110
1381 2729 1506 2751 subiiciunt
1522 2727 1610 2751 bonam
1627 2729 1673 2756 est,
1694 2730 1715 2750 et
1733 2727 1801 2755 paulo
1819 2727 1914 2749 inferius
1931 2733 1974 2755 pro
1985 2726 2015 2749 ab

1163 2768 1196 2791 eis
1213 2767 1325 2798 dependet
1342 2768 1484 2791 substituunt
1501 2766 1530 2790 ab
1548 2773 1575 2790 ea
1592 2766 1710 2796 dependet.

1225 2807 1234 2822 ὅ
1251 2807 1295 2830 Cir.
1315 2814 1384 2835 supra
1404 2813 1457 2836 pag.
1480 2806 1513 2835 14,
1532 2809 1583 2829 nota
1603 2807 1623 2828 3.

1226 2847 1235 2861 ⁹
1253 2847 1312 2869 Vide
1329 2848 1386 2869 intra
1404 2846 1427 2869 d.
1449 2846 1482 2869 15.
1500 2852 1520 2868 a.
1543 2847 1559 2868 Ι.
1578 2852 1599 2875 q.
1618 2846 1638 2867 2.
1655 2857 1688 2871 ,-
1708 2845 1777 2867 Paulo
1795 2845 1889 2867 interius
1906 2851 1948 2873 pro
1965 2850 2014 2868 ozon

1163 2885 1226 2909 valet
1242 2885 1293 2908 cod.
1312 2887 1329 2907 Α
1347 2892 1396 2908 non
1414 2886 1449 2908 est
1466 2890 1555 2908 cerum.
1571 2896 1602 2901 —
1618 2883 1662 2906 Ctr.
1680 2883 1709 2906 de
1732 2884 1775 2906 1100
1793 2883 1864 2906 dubio
1882 2884 1904 2906 S.
1923 2884 2013 2912 Tuom„

1164 2926 1220 2948 Petr.
1239 2932 1251 2948 a
1271 2925 1323 2947 Tar.
1342 2927 1364 2947 et
1383 2924 1488 2947 Richard.
1507 2930 1518 2946 a
1537 2923 1602 2952 llled⁸⁷
1620 2924 1657 2945 hic
1674 2923 1732 2945 circa
1750 2923 1780 2945 lit.

2033 951 2145 970 Notandum.
