2166 3366
26 1032 36 1049 tt

35 1071 140 1091 naestiones

28 1095 139 1115 incidentes.

9 1633 102 1661 'Nolanda
115 1634 142 1653 di·

26 1660 108 1677 stincuo.

25 2010 142 2030 Anteceden-

26 2034 58 2055 tia.
72 2034 142 2058 princi-

26 2057 82 2081 palia,
99 2063 142 2076 con-

25 2081 123 2123 squgigtia

26 2110 46 2123 ln
98 2118 103 2123 .

38 2385 142 2405 Conclusio.

782 191 862 220 DlST.
886 192 963 220 XXV.
986 192 1058 220 ΛΒΤ.
1082 192 1098 221 Ι.
1121 193 1255 230 ΟΙῘΑΕὸΤ.
1279 193 1296 222 l.

163 269 236 298 Deus
264 271 306 297 est
333 269 524 306 omnipotens,
547 269 584 298 ita
604 269 688 298 etiam
717 272 759 298 est
780 269 949 304 immensus,
972 270 1009 298 ita

161 319 307 350 aeternus,
330 315 419 344 bonus
440 319 467 345 et
488 316 613 353 sapiens3
635 319 662 345 et
683 316 755 344 sicut
769 317 889 349 creavit,
912 317 948 345 ita
971 317 1008 345 di-

160 363 274 397 stinxit,
295 363 405 391 ornavit
426 366 453 392 et
474 363 664 397 conservavit;
687 362 759 391 sicut
780 363 863 391 etiam
880 363 1007 392 Cin-istus

161 410 321 439 incarnatus
341 413 397 444 est⁷
421 410 457 438 ita
478 410 561 439 etiam
585 410 656 438 inter
679 410 805 439 liomines
827 413 1008 439 conversatus

160 457 240 490 est¹;
262 457 334 486 sicut
365 457 538 491 resurrexit,
568 457 605 485 ita
635 460 663 486 ει
689 460 750 494 post
772 457 1006 486 resurrectionem

160 504 308 541 apparuit;
330 507 357 533 et
379 504 414 533 de
435 504 566 532 omnibus
598 504 640 532 liis
672 504 740 532 nihii
768 504 892 541 tangitur
913 504 939 533 in
963 505 1009 533 do-

159 551 248 580 ctrina
270 551 404 588 Symboli:
426 559 493 588 ergo
516 551 627 579 videtur
649 551 675 579 in
698 559 730 579 ea
752 551 822 579 tides
842 551 1008 580 insufficien-

161 602 202 627 ter
232 598 382 632 contineri,
415 606 478 627 cum
511 598 604 626 omnia
630 598 698 626 baec
719 601 845 636 oporteat
866 598 958 629 credi,
981 601 1007 627 et

160 645 196 674 ad
217 645 309 673 omnia
332 645 400 673 llaec
421 648 572 675 arctemur,
595 645 668 674 sicut
689 645 724 674 ad
746 645 880 674 articulos
902 645 938 673 ibi
960 653 1007 673 ex-

160 699 279 729 pressos.

239 740 263 767 δ’.
286 738 368 773 Item,
400 738 450 766 hoc
483 738 575 775 ipsunt
605 739 761 768 ostenditur
793 747 828 767 ex
858 739 1007 768 (utilitione

158 785 286 814 alioruin
310 785 533 823 symbolorum,
556 786 660 815 scilicet
686 786 825 815 Athanasii
847 789 874 814 et
896 786 1004 815 Nicaeni

158 832 279 861 Concilii.
302 833 326 860 Si
349 832 422 861 enim
447 832 472 860 in
495 833 625 869 Symbolo
647 833 839 870 Apostolorum
863 833 932 862 tides
953 833 1007 862 sus-

157 879 280 909 licienter
304 879 439 913 traditur,
472 887 539 917 ergo
570 880 624 908 alia
645 880 775 917 Symbola
807 880 1005 917 superssuunt3

157 927 255 964 quodsi
281 935 332 955 non
356 926 546 964 superfluunt:
563 935 630 964 ergo
645 927 670 955 in
688 927 733 955 illo
750 927 818 956 tides
841 927 1006 956 insufficien-

157 977 199 1003 ter
221 974 399 1011 exprimitur.

236 1022 318 1050 luxta
340 1023 392 1051 lioc
413 1022 559 1059 quaeritur
581 1021 680 1050 ultimo
701 1022 736 1050 de
765 1022 926 1050 diversitate
950 1022 1006 1050 illo-

157 1076 220 1097 rum
244 1068 438 1105 symbolorum
455 1071 590 1105 quantum
607 1068 640 1097 ad
657 1069 864 1097 continentiam
880 1072 906 1098 et
921 1077 1006 1106 quan-

158 1119 216 1144 tum
239 1116 321 1144 etiam
345 1116 378 1144 ad
412 1116 631 1144 recitationem²
653 1119 680 1145 et
701 1120 837 1153 quantum
869 1117 902 1145 ad
926 1116 1004 1145 (ilias

157 1161 355 1201 differentia&
378 1170 450 1200 quae
472 1166 536 1191 sunt
558 1163 630 1192 inter
652 1163 707 1191 illa.

472 1265 684 1286 CONCLUSIO.

157 1352 192 1380 In
214 1351 348 1389 Symboto
377 1351 535 1388 apostolico
563 1351 739 1389 sufficienter
767 1351 910 1380 contineri
935 1352 1005 1388 fidei

233 1398 386 1436 principia
405 1398 589 1435 principalia
616 1402 640 1426 et
658 1399 802 1436 propria,
818 1403 1003 1427 nien-stratur

235 1449 295 1474 tuin
318 1454 352 1474 cx.
376 1449 462 1482 parte
488 1449 644 1473 anctorum
667 1446 898 1482 componentium
912 1469 919 1479 ,
942 1450 1002 1474 tum

234 1500 269 1520 ca:
286 1496 374 1529 parte
395 1491 595 1520 articulorum
617 1492 864 1520 constituentium.

234 1587 407 1615 Rssspoxnsso:
432 1586 469 1615 Ad
492 1586 701 1623 praedictorum
732 1586 939 1623 intelligentiam
962 1590 1004 1615 est

155 1634 321 1669 notandum,
344 1634 418 1671 quod
442 1634 567 1662 doctriua
588 1633 650 1662 fidei
684 1634 822 1671 quaedam
850 1634 933 1663 babet
953 1643 1004 1663 an—

155 1681 325 1715 tecedentia,
348 1681 486 1718 quaedam
520 1681 740 1718 consequentia,
764 1681 902 1718 quaedam
922 1681 1004 1718 prin-

155 1728 266 1766 cipalia
286 1736 345 1757 sua
366 1727 483 1756 obiecta.
507 1727 581 1756 Sicut
605 1728 630 1756 in
653 1728 715 1756 aliis
737 1728 859 1757 scientiis
874 1728 1003 1757 videmus

155 1783 215 1805 esse
246 1775 385 1813 quaedam
414 1775 566 1812 principia
598 1775 784 1809 communia,
811 1784 882 1812 qnae
904 1783 1004 1812 suppo-

155 1825 279 1856 nuntur,
304 1821 375 1850 sieut
396 1821 559 1857 dignitates;
581 1822 719 1858 quaedam
744 1830 811 1850 vero
833 1823 903 1850 sieut
922 1822 1004 1858 prin-

154 1869 233 1906 cipia
254 1869 380 1906 propria
394 1868 506 1897 illarum
522 1869 712 1900 scientiarum,
728 1872 758 1898 ut
773 1872 837 1897 suut
855 1869 1003 1897 intrinseca

153 1916 290 1954 principia
321 1924 437 1945 suarum
465 1916 750 1949 demonstrationuuu
771 1916 908 1954 quaedam
936 1924 1003 1944 vero

154 1967 219 1993 sunt
240 1964 312 1992 sicut
334 1963 547 2001 consequentia,
569 1963 640 1992 sicut
655 1966 720 1991 sunt
742 1963 934 1992 conclusiones
962 1972 1003 1991 co-

156 2010 317 2039 roliariae³:
335 2018 384 2047 per
402 2010 476 2039 hunc
497 2010 579 2039 etiam
604 2010 717 2039 modum
741 2010 767 2038 in
790 2010 915 2039 doctrina
938 2010 1000 2039 lidei

154 2057 352 2086 antecedentia
373 2060 438 2086 sunt
460 2057 506 2085 illa
535 2065 606 2095 quae
628 2061 693 2086 sunt
708 2058 742 2086 de
758 2058 906 2086 dictamine
932 2058 1002 2087 iuris

155 2105 307 2139 naturaiis3
327 2104 511 2142 principalia
534 2113 600 2133 vero
621 2109 686 2133 suut
708 2105 770 2139 illa,
792 2105 826 2133 ad
850 2113 921 2141 quae
937 2105 1000 2133 ndei

154 2152 320 2181 illuminatio
342 2152 448 2180 directe
469 2151 576 2188 dirigit,
598 2155 625 2180 et
647 2152 699 2181 ista
719 2152 853 2180 dicuntur
874 2152 1001 2184 articuli;

153 2199 357 2237 consequentia
378 2202 443 2228 sunt
472 2198 519 2227 illa
550 2206 621 2236 quae
647 2206 680 2227 ex
706 2199 760 2227 illis
791 2199 917 2227 articulis
943 2207 1002 2236 pos-

153 2249 219 2275 sunt
239 2246 300 2275 elici
322 2250 349 2275 et
370 2246 404 2274 ad
429 2246 490 2274 illos
504 2246 637 2274 articulos
652 2246 756 2274 liabent
770 2245 858 2283 sequi.

232 2293 299 2321 Cum
323 2301 389 2329 ergo
411 2293 573 2330 quaeritur,
595 2296 691 2321 utrum
714 2293 840 2321 doctrina
862 2292 925 2321 fidei
948 2293 1002 2322 suf-

154 2340 278 2369 ficienter
291 2340 466 2368 contineatur
483 2340 508 2368 in
525 2340 655 2377 Symbolo
670 2340 833 2377 apostoliam
850 2339 999 2369 dicendum

154 2390 211 2421 est,
232 2386 308 2424 quod
341 2387 362 2415 si
396 2387 545 2424 loquamur
566 2387 601 2415 de
629 2387 756 2415 doctrina
778 2386 840 2415 lidei
863 2390 1000 2423 quantum

153 2433 187 2462 ad
210 2441 241 2462 ea
267 2441 339 2470 quae
360 2437 425 2462 sunt
446 2434 472 2462 in
494 2442 527 2462 ea
546 2433 730 2471 principalia
751 2438 777 2462 et
806 2434 946 2470 propria,
969 2434 1002 2463 si-

155 2484 202 2509 cut
223 2484 288 2510 sunt
319 2481 370 2518 ipsi
404 2481 531 2515 articuli,
560 2480 731 2510 sufficienter
753 2481 778 2509 in
802 2481 849 2508 illo
870 2481 1000 2518 Symboio

218 2637 331 2659 ¹Barucl1
355 2637 381 2665 3,
400 2637 443 2659 38:
470 2637 521 2660 Post
547 2638 602 2660 haec
628 2639 650 2660 in
671 2640 738 2661 terris
763 2640 828 2661 visus
845 2643 878 2662 est
903 2642 924 2661 et
947 2645 999 2661 cuni

154 2675 287 2698 bominibus
303 2678 453 2698 conversatus
469 2679 510 2698 est.
529 2689 558 2692 —
570 2676 602 2698 De
620 2677 700 2704 triplici
718 2684 787 2705 opere
805 2678 857 2705 Dei,
875 2679 921 2700 scil.
940 2684 1000 2700 crea-

154 2716 233 2743 tionis,
252 2715 401 2737 distinctionis
426 2718 448 2737 ct
473 2717 567 2737 ornatus
587 2716 626 2737 cfr.
645 2716 667 2738 ll.
685 2716 747 2738 Sent.
764 2716 787 2738 d.
809 2717 842 2738 12.
860 2723 880 2738 a.
900 2718 919 2739 l.
938 2724 960 2745 q.
978 2718 1001 2738 2.

154 2754 183 2776 ad
202 2753 222 2776 4.
241 2767 270 2769 —
288 2754 357 2776 Paulo
383 2747 477 2775 inferius
494 2754 558 2775 multi
577 2753 646 2776 codd.
663 2755 770 2777 omittunt
786 2754 843 2784 fides
860 2757 911 2777 ante
928 2754 1000 2783 insuf-

153 2792 258 2823 ficienter
275 2792 403 2821 contineri,
418 2796 439 2815 ct
451 2792 534 2815 deinde
549 2798 591 2820 pro
603 2792 668 2816 crecti
679 2793 729 2815 cod.
743 2793 759 2814 Z
771 2793 886 2815 substituit
898 2793 999 2816 credere.

215 2833 225 2847 ‘³
243 2833 292 2855 Vnt.
311 2832 466 2855 abundantius
483 2833 505 2854 et
521 2832 638 2861 qnantum
650 2831 720 2854 eiiam
737 2831 770 2853 ad
785 2831 997 2859 ratioce'nattomm,

154 2872 175 2894 et
191 2872 308 2901 qnantum
320 2871 353 2894 (td
367 2870 592 2901 frequentationem,
611 2871 632 2893 et
650 2871 767 2900 qnantum
784 2869 816 2893 ad
832 2869 999 2893 recitationem.

217 2910 226 2925 ³
243 2910 270 2932 Ut
287 2910 354 2933 docet
372 2911 474 2938 Aristot.,
493 2911 508 2932 l.
526 2910 604 2932 Poster
621 2916 639 2931 c.
659 2910 679 2931 S.
698 2909 726 2937 (c.
749 2910 799 2937 10.).
818 2908 862 2931 Ctr.
880 2910 947 2931 etiam
965 2915 1000 2931 su-

153 2955 194 2977 pra
212 2955 265 2977 pag.
284 2949 341 2978 482,
360 2952 411 2972 nota
429 2950 450 2971 2.
467 2961 499 2966 ——
516 2949 627 2977 Superius
638 2955 680 2976 pro
691 2947 834 2977 principalia
851 2954 895 2970 sua
913 2947 999 2971 obiecta

154 2988 207 3011 cdd.
224 2987 342 3018 principia
359 2988 406 3012 sice
418 2987 505 3012 obiecta
518 2990 539 3010 et
551 2988 607 3010 intra
620 2987 655 3010 bis
667 2987 784 3017 principia
796 2993 838 3015 pro
849 2986 999 3016 principalia.

1860 196 1915 225 5323

1066 271 1250 300 continentur.
1273 289 1312 293 —
1334 272 1423 301 Potest
1444 275 1538 301 autem
1573 273 1660 310 ipsius
1689 273 1854 303 sufficientia
1876 282 1911 304 ex
1926 282 1999 308 nuntex
2016 287 2057 306 pro-

1066 318 1178 355 ‹lnptici
1199 322 1277 356 parte
1301 320 1465 353 monstrari,
1490 320 1618 349 videlicet
1633 328 1668 349 ex
1687 324 1764 358 parte
1786 321 1913 358 ipsorum
1940 306 1997 324 bam

1065 369 1222 394 anctorum
1244 367 1490 403 componentium,
1512 370 1540 396 el
1560 375 1595 396 ex
1619 371 1697 404 parte
1712 368 1913 397 articttlormn

1066 413 1311 442 constituentium.

1146 459 1184 487 lix
1207 463 1285 496 parte
1307 465 1464 489 tinctorum
1487 462 1733 499 componentium,
1762 463 1828 500 quia
1852 463 1912 492 uni-
1937 470 2057 489 Sufficientia

1067 506 1184 534 versitas
1207 506 1242 534 ibi
1265 507 1458 543 Apostolorum
1482 509 1625 543 convenit,
1656 517 1740 546 quam
1754 509 1762 524 ⁴
1795 518 1847 538 non
1870 513 1911 539 cst
1925 496 2006 536 ῗιοῗῗιῖιῗῗ
2025 499 2057 512 ²²*

1066 552 1184 580 dubium
1217 552 1320 590 aliquid
1355 562 1407 582 non
1436 554 1559 591 potuisse
1590 555 1674 584 latere
1703 556 1737 584 de
1771 556 1814 585 liis
1839 564 1913 593 quae

1065 599 1204 636 pertinent
1219 600 1252 628 ad
1270 600 1333 629 fidei
1350 601 1594 638 coinplementum.
1612 603 1642 630 Et
1657 606 1688 631 ut
1710 603 1843 632 maiorem
1867 604 1913 632 lia-

1066 647 1162 675 berent
1185 647 1360 682 firmitatem,
1377 648 1477 684 singuli
1495 652 1649 685 posuerunt
1672 650 1706 678 ibi
1723 659 1789 678 suas
1804 654 1912 687 partes,

1064 696 1090 721 et
1113 702 1210 722 omnes
1233 694 1345 722 insimul
1379 695 1504 731 singulas
1535 696 1779 732 approbaverunt,
1802 702 1833 725 ut
1856 706 1912 725 una

1066 740 1208 775 Ecclesia,
1240 749 1311 778 quae
1343 750 1428 778 super
1457 742 1600 778 Apostolos
1632 743 1741 772 fundari
1775 744 1911 779 debebat,

1065 795 1148 816 unam
1173 788 1235 816 fidei
1268 789 1461 817 credulitatem
1494 792 1521 817 et
1553 790 1752 819 consessionem
1780 791 1910 826 liaberet,

1064 842 1136 871 quae
1158 835 1271 871 quidem
1295 836 1436 864 diceretur
1449 836 1521 873 sides
1536 836 1694 870 catholica,
1711 837 1761 866 boc
1784 842 1826 867 est
1842 838 1910 867 sides
1924 846 1979 864 ratos
1991 847 2056 865 canto-

1064 881 1261 910 nnicersalis:
1293 882 1485 915 uniuersalis,
1518 884 1648 920 inquam,
1677 884 1742 921 quia
1772 885 1910 913 universis
1962 870 2006 888 Μ’

1064 928 1140 960 data,
1163 933 1190 957 et
1205 929 1240 957 ab
1264 930 1402 958 universis
1418 930 1568 967 Apostolts,
1585 931 1632 968 qui
1654 935 1734 960 erant
1749 932 1911 961 fundamen-

1064 979 1124 1004 tum
1148 976 1314 1005 universalis
1337 976 1488 1011 Ecclesiae,
1510 978 1658 1006 constituta
1669 978 1687 1004 ⁵.

1144 1024 1219 1052 Unde
1242 1023 1338 1051 Petrus
1361 1024 1452 1061 primo
1475 1024 1567 1061 posuit
1583 1025 1747 1062 particulam
1771 1034 1850 1054 suam
1873 1026 1912 1054 di-

1062 1078 1144 1098 cens:
1169 1070 1259 1099 Credo
1276 1070 1305 1098 in
1324 1071 1414 1099 Deum
1438 1072 1558 1099 Patrem
1581 1072 1810 1109 omnipotentem,
1833 1081 1912 1101 crea-

1063 1121 1154 1145 torem
1175 1117 1249 1146 caeli
1269 1121 1294 1145 et
1316 1123 1420 1146 terrac.

1142 1164 1270 1193 Secundo
1291 1165 1414 1193 Andreas
1429 1165 1591 1193 subiunxit:
1616 1166 1650 1194 Et
1672 1165 1702 1193 in
1718 1166 1813 1194 les-nni
1831 1166 1912 1194 Cliri-

1061 1215 1150 1245 stnnt,
1174 1211 1282 1240 Iv'iiinnz
1306 1212 1368 1240 eins
1390 1212 1529 1246 unicum,
1553 1213 1712 1241 Dominum
1732 1217 1875 1242 nostruin.

1143 1259 1235 1287 Tertio
1258 1259 1371 1287 loannes
1392 1259 1514 1288 addidit:
1550 1259 1608 1295 Oni
1637 1264 1790 1297 conceptus·
1816 1264 1856 1288 est
1877 1260 1911 1289 (Ie

1062 1307 1178 1344 Spiritu
1199 1311 1316 1340 sancto,
1338 1310 1427 1335 natus
1449 1315 1483 1334 ca:
1506 1307 1606 1335 Allaria
1633 1307 1757 1344 Virqinc.

1140 1355 1245 1390 Quarto
1268 1353 1359 1382 intulit
1381 1353 1496 1382 lacobus
1511 1354 1614 1382 maior:
1632 1354 1746 1382 Passus
1766 1354 1820 1383 snb
1836 1355 1910 1383 Pon-

1062 1401 1101 1429 tio
1125 1400 1235 1434 Pilato,
1258 1400 1433 1437 crucilia-ns,
1455 1405 1592 1429 mortuns
1613 1405 1639 1429 et
1658 1401 1796 1438 sepultus.

1140 1447 1241 1484 Quinto
1262 1447 1392 1476 adiunxit
1424 1447 1559 1476 Thomas:
1590 1447 1742 1476 Descendit
1769 1448 1810 1476 ad
1839 1448 1909 1486 insc-

1061 1503 1110 1522 ros
1122 1495 1141 1528 ⁰,
1165 1495 1250 1523 tertia
1272 1495 1318 1523 (lie
1338 1495 1504 1523 resurrexit
1525 1504 1544 1523 α
1566 1495 1699 1523 mortuis.

1139 1543 1222 1570 Sexto
1244 1542 1351 1570 addidit
1374 1542 1487 1571 lacobus
1510 1542 1615 1570 minor:
1640 1542 1777 1571 Ascendit
1791 1543 1832 1571 ad
1846 1551 1907 1571 cac-

1062 1588 1120 1622 los,
1142 1589 1218 1617 sedet
1239 1589 1280 1617 ml
1300 1589 1451 1617 ‹lexim-mn
1475 1589 1527 1617 Dei
1548 1590 1652 1618 Patris
1677 1590 1887 1627 omnipotentis.

1141 1636 1262 1672 Septimo
1283 1636 1384 1665 adiecit
1405 1636 1564 1673 Philippus:
1595 1637 1665 1665 Inde
1696 1641 1837 1666 venitm-us
1868 1642 1909 1667 est

1063 1682 1197 1711 indicare
1217 1682 1298 1710 ’μῖμος
1319 1687 1343 1711 et
1365 1687 1504 1711 mortuos.

1141 1730 1244 1758 Octavo
1267 1729 1358 1758 intulit
1381 1730 1626 1759 Bartholomaeus:
1651 1731 1742 1759 Credo
1764 1731 1795 1759 in
1816 1731 1909 1768 Spiri-

1061 1780 1120 1805 tum
1143 1779 1288 1804 sanctuni.

1139 1823 1214 1851 Nono
1236 1823 1383 1852 subiunxit
1405 1824 1573 1852 Matthaeus:
1591 1824 1730 1853 Sanctam
1749 1825 1908 1854 Ecclesiam

1060 1870 1251 1903 mutaticom,-
1272 1874 1297 1898 et
1320 1873 1361 1899 est
1383 1878 1496 1899 sensus:
1524 1871 1608 1899 credo
1630 1871 1656 1899 in
1683 1871 1815 1908 Spiritum
1849 1880 1908 1900 san-

1060 1921 1155 1951 etum,
1178 1917 1395 1946 sanctificantem
1418 1918 1606 1946 universalem
1630 1918 1807 1947 Ecclesiam⁷.

1138 1965 1250 1993 Decimo
1270 1964 1378 1993 addidit
1399 1965 1492 1993 Simon
1508 1965 1705 1993 Cliananaeus:
1729 1965 1907 1994 Sanctorum

1060 2011 1302 2045 communionem,
1326 2011 1523 2039 renn'ssionem
1551 2016 1759 2048 peecatorum,
1792 2013 1858 2050 quia
1880 2013 1906 2041 in

1060 2059 1224 2087 Sanctorum
1248 2058 1442 2086 communione
1465 2058 1495 2086 lit
1516 2062 1694 2095 peccatorum
1717 2059 1854 2088 remissio.

1138 2105 1286 2134 Undecimo
1298 2105 1492 2142 superaddidit
1505 2105 1586 2134 ludas
1602 2106 1781 2135 Tliaddaeus:
1799 2106 1907 2135 Carnis

1058 2152 1320 2185 resurrectionem,-
1341 2156 1368 2180 et
1390 2156 1431 2181 est
1453 2160 1569 2186 sensus,
1591 2153 1665 2190 quod
1694 2153 1769 2182 Deus
1790 2154 1907 2182 resusci-

1059 2200 1126 2228 tabit
1148 2200 1236 2236 ipsam
1259 2208 1381 2228 caruem.

1140 2247 1310 2276 Duodecimn
1332 2247 1448 2275 lllatliias
1480 2247 1697 2275 consummavit:

1059 2297 1181 2322 ternant.
1205 2295 1305 2322 Anien.

1139 2341 1169 2369 Et
1190 2341 1228 2369 sic
1251 2340 1369 2378 Apostoli
1393 2340 1419 2368 in
1442 2348 1560 2368 numero
1582 2340 1755 2369 duodenario
1777 2340 1858 2377 pleno
1880 2344 1907 2369 et

1059 2388 1166 2425 integro
1188 2391 1405 2424 composuerunt
1421 2387 1489 2415 illud
1507 2387 1685 2424 Symbolum,
1700 2387 1812 2424 quando
1827 2391 1907 2416 erant

1059 2434 1171 2463 insimul
1195 2435 1369 2471 congregati;
1392 2434 1418 2462 in
1441 2442 1496 2471 quo
1519 2434 1632 2471 quidem
1664 2441 1782 2462 numero
1804 2434 1907 2471 signifi-

1059 2484 1139 2510 catur
1155 2481 1388 2518 superabundans
1403 2481 1543 2517 perfectio
1556 2497 1594 2501 —
1607 2481 1636 2508 Et
1652 2480 1720 2509 illud
1737 2480 1906 2518 praefigura-
1919 2485 2037 2527 Pmius'ffm'

1737 2247 1831 2275 Vitam
1863 2256 1907 2275 ac-

1122 2639 1130 2652 ⁴
1147 2638 1219 2661 Codd.
1237 2640 1254 2660 Α
1266 2638 1324 2660 t'bli
1341 2644 1407 2667 qnos.
1434 2638 1502 2660 Paulo
1529 2638 1623 2660 inferius
1648 2644 1690 2666 pro
1707 2637 1820 2661 haberent
1836 2638 1904 2661 codd.
1943 2648 1958 2661 .-

1057 2677 1075 2698 G
1086 2677 1104 2699 Η
1115 2677 1120 2698 l
1132 2677 1149 2698 it
1161 2678 1176 2699 L
1186 2678 1202 2698 Z
1212 2683 1238 2699 aa
1258 2676 1359 2699 haberet.

1121 2716 1131 2730 ⁵
1147 2716 1202 2744 [ἱρὴ.
1221 2717 1247 2743 2,
1266 2716 1310 2737 20:
1329 2715 1515 2743 superaedificati
1533 2721 1604 2742 super
1621 2715 1796 2737 fundamentum
1811 2716 1906 2743 Aposto-

1058 2755 1140 2777 lorum.
1158 2767 1190 2770 —
1211 2755 1253 2776 Pro
1275 2753 1414 2782 constituta,
1440 2753 1503 2782 quod
1528 2753 1612 2776 liabent
1636 2754 1728 2782 plurimi
1754 2754 1829 2782 codd,
1851 2754 1904 2777 edd.

1057 2793 1185 2816 constituti.
1204 2793 1272 2815 Panto
1289 2793 1383 2815 interius
1399 2796 1452 2820 post
1468 2792 1577 2815 Andreas
1593 2793 1645 2815 edd.
1664 2794 1766 2815 inserunt
1782 2793 1888 2816 audiens.

1119 2832 1129 2846 ⁶
1147 2832 1203 2854 Edd.
1221 2838 1273 2854 cum
1291 2838 1336 2854 uon
1355 2833 1434 2859 paucis
1451 2832 1519 2854 codd.
1537 2833 1573 2854 liic
1590 2835 1612 2854 et
1628 2832 1685 2854 intra
1703 2831 1806 2861 inferna.

1120 2870 1130 2885 ⁷
1147 2870 1203 2893 lidd.
1221 2872 1327 2893 omittunt
1350 2870 1420 2892 verba
1438 2871 1459 2893 et
1476 2871 1510 2893 cst
1526 2876 1633 2893 sensus...
1651 2870 1794 2899 Ecclesiam,
1814 2873 1835 2893 et
1853 2874 1905 2899 post

1057 2915 1129 2937 pauca
1147 2909 1214 2931 etiam
1227 2909 1298 2931 verba
1311 2908 1473 2931 remissionem
1485 2910 1650 2938 peccatoram,
1665 2909 1750 2938 quibus
1762 2909 1840 2932 verbis
1852 2910 1903 2932 cod.

1057 2947 1074 2970 Ο
1093 2947 1196 2976 adiungit
1212 2947 1236 2970 itt
1247 2949 1280 2970 est
1291 2947 1316 2970 in
1328 2947 1443 2971 unitatem
1459 2948 1648 2972 ecclesiasticam.
1668 2949 1736 2971 Paulo
1754 2949 1848 2971 interius
1861 2955 1903 2977 pro

1056 2986 1205 3010 resuscitabit
1221 2987 1288 3009 codd.
1307 2988 1323 3009 Α
1334 2987 1379 3009 ΚΝ
1390 2987 1405 3009 Ζ
1423 2986 1551 3011 suscitabit.
