2166 3366
798 184 882 213 DIST.
906 185 923 213 1.
946 185 1067 214 DIVISIO
1089 185 1227 215 TEXTUS.
1868 188 1884 215 7

501 263 561 290 Car.
581 263 620 290 111.

150 350 196 376 An
208 349 308 380 Filius,
322 348 371 384 qui
382 353 486 376 tantum
500 356 609 375 curnem
623 347 736 383 accepit,
750 347 857 383 aliquid
869 347 969 382 feeerit,

286 392 358 428 quod
370 401 425 419 non
439 393 519 419 Pater
532 391 575 418 vel
587 390 705 426 Spiritus
718 395 832 418 stenelus.

209 478 261 505 Sed
285 478 350 504 sorte
379 477 462 512 aliqui
482 477 587 503 dicent:
608 484 668 503 cum
690 476 804 503 imlivisa
823 477 875 503 siut
901 484 982 511 opera

22 529 124 548 numiano.
139 521 289 555 Trinitatis,
312 521 334 547 si
354 521 437 547 Filius
464 527 572 547 carnem
596 520 735 552 assumsit,
765 522 827 546 tuuc
855 520 932 546 Pater
957 522 983 546 et

139 564 254 598 Spiritus
273 567 394 595 sanctus;
414 564 485 598 quia,
505 564 526 589 si
547 563 630 589 Filius
649 570 756 589 carnem
777 563 910 595 assumsit,
934 570 982 589 nee

140 607 189 634 hoc
209 607 271 634 lecit
289 608 366 634 Pater
385 607 426 633 vel
446 607 561 641 Spiritus
581 609 702 638 sanctus,
726 614 778 632 non
807 613 884 632 omne
910 605 982 640 quod

139 649 201 676 facit
220 649 316 680 Filius,
336 649 399 676 facit
418 650 494 676 Pater
521 653 546 675 et
566 649 680 683 Spiritus
700 652 825 680 sanctus;
845 651 869 674 at
893 648 982 675 omnia

137 692 217 718 simul
235 692 313 719 Pater
331 696 357 718 et
376 692 458 719 Filius
488 695 513 718 et
538 692 677 719 amborum
698 691 813 725 Spiritus
832 691 933 725 pariter
958 693 983 717 et

47 742 124 760 suune.
138 735 308 762 concorditer
328 739 480 769 operantur
492 735 577 761 —Ad
597 734 668 768 quod
686 734 813 765 (licinum,
833 734 897 768 quia
917 733 981 759 nibil

139 781 266 812 operatur
293 778 376 805 Filius
401 779 458 805 sine
478 779 554 805 Patre
574 781 599 804 et
618 778 718 812 Spiritu
738 780 844 807 sancto,
863 776 909 803 sed
930 783 982 803 una

139 824 178 847 est
197 821 292 854 borum
314 822 392 848 trium
412 821 533 855 operatio
554 821 666 847 indivisa
687 824 712 847 et
731 819 933 851 indissimilis²;
957 822 982 845 et

140 866 227 890 tamen
247 863 343 896 Filius,
363 872 415 890 nou
434 864 512 890 Pater
532 863 573 890 vel
592 863 707 897 Spiritus
728 866 850 893 sanctus,
873 869 981 888 carnem

140 906 270 933 assumsit.
300 906 388 941 Ipsam
420 910 507 933 tamen
535 906 623 933 carnis
649 906 839 932 assumtionem
868 905 982 932 Trinitas

11 952 124 975 Fulgentius·
139 952 250 983 operata
269 953 322 981 est,
341 950 410 976 sicut
430 950 593 983 Augustinus
612 949 678 975 dicit
697 949 722 974 in
742 948 810 975 libro
823 948 857 975 de
870 948 934 975 Fide
949 948 982 975 ad

140 991 284 1018 Peirum2:
309 1003 320 1014 «τ
336 992 505 1019 Reconciliati
534 999 627 1018 sumus
646 998 694 1025 per
714 991 799 1017 solum
820 991 916 1018 Filium
942 999 983 1018 se-

140 1034 257 1061 cundum
286 1042 407 1066 carnem,
435 1035 482 1061 sed
511 1042 561 1061 uon
581 1034 630 1060 soli
650 1034 715 1060 Filio
734 1034 882 1060 secundum
903 1034 983 1061 deita-

141 1080 200 1103 tem.
221 1077 335 1104 Trinitas
353 1077 423 1104 enim
443 1085 491 1103 nos
504 1077 554 1103 sibi
568 1076 763 1108 reconciliavit,
783 1083 831 1110 per
845 1076 896 1103 boc
910 1076 982 1110 quod

1040 263 1125 290 solum
1152 263 1392 290 Verbum-carnem
1419 264 1476 298 ipsa
1504 264 1619 290 Trinitas
1647 264 1746 291 fecit».
1772 264 1886 291 Trinitas

1041 306 1120 339 igitur
1139 307 1228 333 carnis
1247 307 1436 333 assumtionem
1457 307 1532 339 fecit,
1552 307 1599 334 sed
1618 307 1720 340 Verbo,
1744 315 1795 333 non
1815 307 1885 334 Patri

1040 348 1082 374 vel
1100 348 1211 382 Spiritui
1231 352 1331 375 saneto.
1352 349 1378 376 Si
1399 350 1469 376 enim
1493 350 1570 377 Pater
1590 350 1654 381 sibi,
1674 353 1698 376 et
1718 350 1801 376 Filius
1820 349 1885 383 sibi,

1040 390 1081 417 vel
1110 392 1186 417 Pater
1213 391 1295 423 Filio,
1318 396 1344 418 et.
1371 392 1454 419 Filius
1483 393 1553 419 Patri
1579 392 1668 419 carnis
1695 393 1885 419 assumtionem

1040 436 1167 466 operatus
1186 437 1268 466 esset,
1289 434 1340 460 iam
1361 442 1413 460 non
1433 435 1526 462 eadem
1546 435 1666 469 operatio
1695 438 1765 462 esset
1788 435 1885 461 utrius-

1040 484 1106 511 que,
1127 477 1173 503 sed
1194 477 1287 504 divisa.
1307 478 1358 504 Sed
1378 479 1448 505 sicut
1466 478 1654 512 inseparabilis
1674 481 1699 505 et
1719 478 1833 505 indivisa
1846 481 1886 505 est

1040 519 1127 545 unitas
1146 520 1310 547 substantiae
1331 521 1423 552 trium,
1444 524 1471 547 ut
1492 522 1528 548 ait
1541 521 1704 555 Augustinus
1724 522 1748 548 in
1769 521 1837 547 libro
1851 521 2017 551 deaugusunus.

1039 562 1201 594 Triiiitate³,
1231 563 1265 589 ita
1286 566 1312 589 et
1331 564 1468 597 operatio;
1495 575 1505 586 «
1519 572 1570 590 non
1592 568 1678 590 tamen
1699 564 1810 591 candem
1832 564 1886 590 Tri-

1040 605 1149 631 nitatem
1170 608 1258 631 natam
1279 605 1312 632 de
1331 606 1453 640 Virgine,
1473 607 1629 633 crucilixam
1650 610 1676 633 et
1694 606 1826 641 sepultam
1845 613 1886 633 ca-

1041 647 1131 673 tholici
1153 651 1310 675 tractatores
1330 648 1495 681 docuerunt,
1514 649 1559 675 sed
1576 649 1758 676 tantummodo
1771 649 1883 682 Filium;

1040 698 1089 716 nec
1117 690 1229 717 eandem
1259 691 1412 717 Trinitatem
1439 691 1464 717 in
1490 692 1580 725 specie
1609 692 1749 718 columbae
1778 692 1886 718 deseen-
1897 698 1979 717 Dubium
1993 698 2011 716 t.

1040 733 1110 759 disse
1129 741 1211 767 super
1229 734 1329 764 Iesum,
1348 734 1395 760 sed
1416 737 1516 760 tantum
1530 734 1659 768 Spiritum
1678 738 1814 766 sanctum3
1835 742 1885 761 nee

1040 776 1151 802 candem
1172 776 1272 802 dixisse
1292 776 1324 803 dc
1346 777 1437 803 caelo:
1461 777 1501 803 th
1520 785 1545 803 rs
1566 777 1654 803 Fz'lae'zcs
1667 785 1758 808 meras,
1772 778 1818 804 sed
1834 781 1887 804 tan-

1041 822 1096 845 tum
1116 819 1200 845 Patris
1220 826 1313 845 vocem
1334 819 1414 846 fuisse
1442 819 1475 845 ad
1501 820 1597 846 Filium
1625 820 1737 851 saetam,
1763 821 1886 854 quamvis

1039 862 1116 888 Pater
1136 865 1161 888 et
1180 862 1262 888 Filius
1282 865 1308 888 et
1327 862 1443 896 Spiritus
1461 866 1581 893 sancum,
1602 863 1672 889 sicut
1694 863 1886 897 inseparabiles

1039 907 1114 937 sunt,
1143 904 1179 931 ita
1207 908 1232 930 et
1261 905 1476 938 inseparabiliter
1495 909 1647 939 operentur.
1677 906 1747 932 Haec
1776 909 1801 932 et
1826 913 1886 933 mea

1040 947 1106 973 fides
1125 951 1179 980 est,
1197 948 1324 982 quoniam
1344 948 1411 975 haee
1431 952 1471 975 est
1489 949 1622 975 catholica
1642 949 1708 975 fides
1725 960 1748 974 n.
1763 964 1798 968 —
1811 949 1886 975 Licet

1041 990 1121 1024 igitur
1145 990 1218 1017 solus
1244 991 1327 1017 Filius
1355 998 1462 1018 caruem
1489 992 1658 1025 assumserit,
1685 992 1769 1026 ipsam
1797 995 1884 1019 tamen

1040 1033 1249 1060 incarnationem
1263 1041 1325 1060 cuin
1340 1034 1417 1060 Patre
1431 1037 1456 1061 et
1469 1034 1570 1068 Spiritu
1583 1038 1676 1061 sancto
1696 1038 1823 1069 operatus
1837 1038 1884 1062 est.

470 1202 907 1250 COMMENTARIUS
942 1202 1004 1250 IN
1037 1202 1477 1251 DISTINCTIONEM
1511 1203 1545 1251 Ι.

432 1319 475 1351 De
501 1318 612 1351 unione
636 1324 815 1351 naturarum
842 1318 871 1351 in
898 1318 1017 1351 Christo
1044 1329 1081 1351 ex
1106 1324 1191 1363 parte
1217 1329 1364 1363 personae
1390 1319 1586 1352 assumentis.

670 1424 741 1452 Cum
765 1425 840 1452 uenit
862 1424 952 1461 iyt'tzci·
970 1424 1119 1461 plenitudo
1142 1425 1279 1461 temporis
1301 1428 1351 1453 etc.

870 1522 991 1551 DIVISIO
1013 1523 1150 1551 TEXTUS.

218 1622 353 1659 Quoniam
377 1622 460 1658 igitur
482 1621 508 1649 in
537 1621 589 1650 boc
618 1621 705 1655 libro,
733 1621 781 1658 qni
806 1621 845 1649 sic
868 1621 979 1658 incipit:

139 1669 206 1698 Cum
236 1669 322 1706 igitur
350 1668 425 1697 venit
451 1667 596 1705 plenitudo
624 1668 757 1705 temporis
778 1671 838 1701 ete„
864 1667 982 1696 intendit

139 1716 267 1752 Magister
288 1715 490 1749 determinare,
510 1715 629 1752 qualiter
644 1715 719 1744 Deus
734 1723 784 1743 nos
797 1715 907 1743 Christo
922 1723 983 1743 con-

139 1762 304 1797 viviticavit3
327 1761 397 1790 liber
417 1761 468 1790 iste
490 1761 576 1790 dividi
599 1761 682 1790 habet
704 1762 730 1790 in
746 1765 867 1799 quatuor
888 1764 982 1798 partes

9 1815 127 1840 Divisiorri-
139 1808 294 1838 secundum
310 1811 446 1845 quatuor,
461 1816 532 1845 quae
547 1808 689 1845 praedicta
704 1811 768 1836 sunt
779 1809 794 1835 ¹.
810 1808 838 1836 ln
860 1816 980 1845 quarum

46 1844 82 1857 ma.

138 1855 229 1893 prima
249 1855 378 1892 Magister
399 1855 565 1884 determinat
586 1855 620 1883 de
641 1855 743 1883 unione
764 1859 930 1883 naturarum
954 1854 981 1883 in

138 1902 263 1937 Christo,
278 1910 328 1939 per
346 1909 430 1939 quam
446 1901 566 1931 dicimur
587 1901 791 1938 convivificari
811 1901 842 1930 iu
858 1901 980 1930 Clu-isto.

138 1965 177 1969 —-
192 1949 220 1977 ln
241 1948 364 1978 secunda
391 1956 458 1977 vero
483 1948 665 1983 determinat,
687 1948 808 1985 qualiter
829 1956 858 1977 se
878 1949 982 1978 nostris

139 1995 348 2024 infirmitatibus
369 1995 566 2029 conformavit,
595 2003 629 2024 ex
659 2003 714 2032 quo
740 1995 860 2024 dicimur
889 1995 982 2024 conui-

138 2042 258 2080 vtfiearz·
271 2051 337 2071 cum
355 2041 477 2070 Christo.
501 2042 531 2071 Et
553 2042 647 2079 incipit
669 2042 737 2071 baec
765 2042 888 2071 secunda
915 2050 982 2079 pars

138 2089 210 2118 infra
231 2088 404 2118 distinctione
433 2089 617 2117 duodecima:
640 2088 715 2117 Solet
741 2089 831 2117 etiam
859 2089 981 2127 quaeri,

139 2139 240 2164 utrum
261 2135 354 2164 alium
376 2134 537 2169 hominem,
560 2135 603 2164 vel
623 2136 743 2164 aliunde
763 2139 814 2165 etc.
830 2153 868 2157 ——
883 2137 910 2164 In
930 2139 982 2165 ter-

138 2183 176 2211 tia
197 2190 264 2211 vero
285 2182 467 2217 determinat,
489 2182 609 2219 qualiter
630 2190 680 2219 per
702 2185 820 2211 mortem
836 2191 915 2211 suam
931 2191 981 2212 nos

138 2237 154 2257 a
175 2232 264 2258 morte
286 2228 428 2263 liberavit,
444 2237 479 2257 ex
496 2237 550 2266 quo
568 2236 618 2257 nos
633 2228 754 2258 dicimur
769 2229 918 2266 vivificari
928 2238 981 2267 per

141 2274 300 2309 Christum,
312 2275 383 2304 infra
394 2275 568 2304 distinctione
580 2275 687 2304 decima
699 2284 782 2304 nona:
799 2275 884 2304 Nunc
899 2285 983 2314 quae-

139 2330 255 2355 ramus,
267 2322 407 2360 quomodo
418 2330 472 2359 per
487 2324 608 2350 mortem
624 2322 718 2359 ipsius
732 2323 866 2351 etc.—-ln
882 2326 983 2360 quarta

140 2376 207 2397 vero
228 2371 255 2397 et
276 2368 374 2396 ultima
401 2368 583 2403 determinat,
613 2369 732 2406 qualiter
760 2369 873 2398 habitus
897 2369 983 2398 virtu—

140 2419 200 2444 tum
222 2416 249 2444 in
271 2415 380 2444 Christo
401 2415 519 2450 suerint,
540 2419 568 2444 et
588 2416 708 2453 qualiter
728 2424 788 2445 esse
808 2417 928 2445 debeant
954 2417 981 2445 in

140 2462 201 2491 eius
223 2461 424 2496 imitatoribus,
453 2469 489 2490 ex
518 2470 573 2499 quo
594 2462 713 2496 dicitur,
734 2463 808 2499 quod
830 2463 905 2491 Deus
932 2470 982 2491 nos

140 2508 299 2537 secundum
318 2507 468 2536 Christum
482 2507 652 2545 vivificavit,
668 2508 739 2536 infra
757 2508 931 2537 distinctione
946 2509 984 2536 vi-

141 2555 245 2593 gesima
267 2555 365 2584 tertia:
384 2554 456 2583 Cum
477 2563 544 2582 vero
565 2563 660 2592 supra
682 2554 813 2583 habitum
834 2555 885 2589 sit,
903 2554 984 2583 Clari-

140 2605 218 2630 stunt
239 2605 290 2630 etc.

205 2734 212 2748 ¹
231 2735 270 2757 Ed.
291 2735 298 2756 ¹l
321 2734 379 2756 bene
404 2733 566 2762 indivisibilis,
587 2734 638 2756 cod.
656 2733 672 2756 C
690 2740 738 2757 mm
755 2734 884 2758 dissimilis.
902 2735 983 2763 Quoad

144 2773 270 2796 doctrinam
287 2773 345 2795 Vide
363 2774 482 2801 Augustini
502 2773 584 2796 librum
600 2776 677 2796 contra
695 2774 829 2796 Sermonem
847 2774 983 2796 Arianorum

143 2818 163 2834 c.
181 2811 202 2834 4.
221 2819 242 2834 n.
261 2811 281 2834 4.

205 2850 214 2864 ²
231 2850 286 2878 Cap.
304 2852 325 2873 2.
344 2857 365 2873 n.
383 2851 419 2873 23.

206 2889 216 2904 ³
232 2889 292 2912 Libr.
310 2890 324 2912 l.
338 2896 356 2912 c.
369 2890 390 2912 5.
404 2897 424 2912 η,
438 2890 458 2918 8,
471 2893 492 2912 et
510 2890 544 2913 lV.
563 2896 581 2912 c.
600 2890 636 2912 2¹.
650 2896 670 2912 n.
684 2890 719 2912 30,
734 2890 861 2918 llespicitur
874 2891 948 2913 Mattli.
964 2891 984 2917 3,

148 2928 188 2955 12;
207 2928 243 2956 17,
260 2928 286 2956 5;
305 2928 371 2950 Marc.
394 2929 398 2950 l
411 2946 415 2956 ,
430 2929 465 2951 ll.
479 2929 529 2951 l‘ost
546 2928 621 2951 Filius
633 2934 699 2951 meus
711 2928 777 2951 codd.
791 2929 806 2950 Α
817 2929 833 2951 C
844 2929 861 2951 l)
878 2929 986 2952 adiiciunt

145 2965 248 2989 dilectus.
267 2967 289 2989 ln
307 2968 351 2989 line
369 2969 419 2995 post
437 2967 549 2997 quonium.
561 2967 622 2995 edd.y
635 2971 728 2995 excepta
746 2968 762 2995 l,
775 2967 861 2990 addunt
873 2967 965 2998 quidem
976 2986 983 2997 ,

1118 1621 1166 1649 Vel
1188 1621 1285 1650 aliter:
1308 1622 1440 1658 quoniam
1462 1623 1489 1651 in
1511 1623 1563 1651 boe
1585 1623 1656 1652 libro
1677 1624 1782 1660 agitur,
1797 1624 1883 1661 quali-

1040 1670 1081 1696 ter
1102 1668 1176 1697 Deus
1198 1676 1247 1697 nos
1269 1668 1472 1697 convivificavit
1493 1669 1618 1704 Christo,
1639 1674 1666 1699 et
1687 1670 1813 1699 Christus
1832 1679 1882 1700 nos

1040 1714 1190 1742 vivificavit
1211 1715 1380 1743 assumendo
1401 1715 1486 1743 vitam
1509 1718 1620 1745 nostrae
1642 1719 1758 1746 naturae
1780 1720 1807 1746 et
1835 1717 1884 1745 im-

1039 1761 1184 1797 partiendo
1197 1760 1207 1776 ²
1228 1761 1308 1790 nobis
1330 1762 1414 1790 vitam
1437 1762 1557 1799 gratiae;
1573 1763 1634 1792 ideo
1649 1763 1719 1792 liber
1734 1763 1785 1792 iste
1800 1763 1884 1792 habet

1039 1810 1132 1844 partes
1154 1808 1233 1837 duas.
1256 1809 1283 1837 ln
1305 1809 1396 1846 prima
1417 1809 1510 1846 agitur
1531 1810 1566 1839 de
1585 1810 1656 1845 vita,
1672 1818 1757 1848 quam
1772 1819 1823 1850 pro
1838 1819 1884 1839 no-

1039 1854 1081 1883 bis
1095 1855 1223 1884 Christus
1237 1856 1385 1890 assumsit3
1401 1856 1428 1884 in
1443 1857 1565 1886 secunda
1580 1865 1647 1886 vero
1669 1857 1703 1886 de
1719 1858 1783 1893 vita,
1798 1866 1884 1895 quam

1038 1901 1118 1929 nobis
1149 1902 1280 1937 contulit,
1312 1903 1384 1931 infra
1415 1903 1591 1933 distinctione
1622 1904 1756 1941 vigesima
1785 1905 1882 1934 tertia:

1041 1948 1111 1976 Cum
1134 1957 1202 1977 ruero
1222 1958 1318 1986 supra
1339 1949 1471 1978 habitum
1499 1951 1537 1979 δίε
1566 1954 1632 1986 etc.,
1661 1951 1711 1980 ubi
1734 1952 1827 1988 agitur
1849 1952 1884 1981 de

1038 1995 1206 2030 virtutibus,
1229 1996 1308 2025 donis
1329 2000 1356 2025 et
1377 1997 1541 2034 praeceptis.

1117 2042 1209 2071 Prima
1230 2050 1296 2080 pars
1317 2043 1401 2072 habet
1426 2044 1512 2079 duas,
1534 2045 1561 2073 in
1583 2053 1704 2082 quarum
1727 2045 1818 2082 prima
1839 2046 1885 2075 de-

1040 2089 1169 2118 terminat
1201 2090 1328 2127 Magister
1356 2090 1394 2125 vde
1426 2091 1615 2121 incarnatione
1646 2092 1730 2121 Verbi
1762 2093 1820 2121 sive
1849 2093 1883 2122 de

1039 2136 1111 2165 vitae
1133 2139 1244 2165 nostrae
1265 2137 1457 2166 assumtione³
1480 2138 1551 2167 sacta
1572 2147 1588 2166 a
1609 2139 1700 2167 Verbo
1722 2139 1748 2167 in
1774 2148 1803 2168 se
1825 2140 1883 2169 sive

1038 2182 1184 2217 absolute3
1206 2183 1233 2211 in
1255 2184 1377 2212 secunda
1400 2192 1482 2219 vern,
1504 2189 1587 2221 prout
1609 2185 1757 2214 ordinatur
1777 2186 1813 2214 ad
1838 2194 1883 2215 no-

1039 2232 1124 2257 stram
1147 2229 1384 2266 redemptionem,
1410 2230 1481 2259 infra
1502 2231 1678 2260 distinctione
1699 2232 1882 2261 duodecima:

1039 2275 1113 2304 Solet
1134 2276 1222 2304 etiam
1244 2277 1365 2314 quaeri,
1387 2280 1489 2305 utrum
1511 2278 1605 2306 alium
1627 2277 1769 2307 hominem
1791 2283 1843 2308 etc.

1118 2323 1209 2351 Prima
1230 2331 1310 2360 pars,
1332 2323 1380 2352 ubi
1402 2324 1530 2360 Magister
1551 2325 1717 2354 determinat
1732 2326 1766 2354 de
1780 2326 1883 2355 unione

1039 2373 1206 2398 naturarum
1238 2370 1266 2398 in
1292 2370 1417 2404 Christe,
1440 2371 1575 2400 dlviditur
1596 2372 1622 2400 in
1646 2375 1702 2401 tres
1724 2376 1825 2410 partes.
1853 2373 1882 2402 ln

1040 2416 1130 2453 prima
1159 2416 1278 2444 ostendit
1300 2416 1445 2453 Magister,
1467 2417 1542 2453 quod
1564 2417 1591 2445 in
1613 2418 1722 2446 Christo
1743 2418 1796 2447 fuit
1816 2420 1882 2448 nmo

1040 2466 1204 2491 naturarum
1233 2463 1419 2491 diversarum.
1451 2464 1479 2491 ln
1511 2464 1633 2493 secunda
1665 2473 1732 2494 vero
1763 2466 1882 2495 inserit⁴

1040 2508 1152 2536 uniendi
1185 2511 1212 2537 et
1242 2510 1402 2538 assumendi
1434 2510 1573 2545 modum,
1605 2511 1676 2539 infra
1707 2512 1882 2542 distinctione

1040 2554 1153 2591 quinta:
1183 2555 1344 2584 Praeterea
1366 2555 1480 2594 inquiri
1500 2560 1617 2594 oportet.
1640 2558 1668 2586 In
1691 2559 1771 2587 tertia
1799 2567 1882 2595 vero,

1039 2600 1159 2637 qualiter
1190 2609 1240 2638 per
1265 2601 1341 2630 illam
1363 2602 1493 2631 unionem
1515 2603 1563 2631 [iat
1583 2604 1796 2634 communicatio
1818 2605 1884 2634 idio-

1042 2738 1063 2758 et
1080 2735 1147 2757 codd.
1172 2735 1240 2757 BCD
1262 2741 1304 2763 pro
1327 2734 1440 2764 quonium
1463 2735 1547 2758 liabent
1563 2736 1672 2766 quando,
1701 2737 1737 2760 ed.
1756 2738 1769 2759 5
1787 2737 1881 2768 quando

1041 2772 1141 2802 quidem.

1255 2811 1350 2836 NOTAE*
1368 2812 1404 2835 An
1422 2812 1668 2837 COMMENTARIUM.

1106 2851 1112 2865 ¹
1132 2851 1152 2873 lu
1172 2852 1290 2874 Prooemio
1308 2858 1361 2880 pag.
1380 2853 1400 2874 2.

1104 2890 1113 2904 2
1130 2890 1186 2913 Edd.
1201 2890 1375 2920 participando.

1104 2928 1114 2943 3
1130 2929 1185 2952 Cod.
1204 2930 1220 2952 l<
1240 2930 1303 2953 addit
1320 2929 1368 2954 sive
1386 2930 1414 2954 de
1429 2930 1517 2954 unione
1533 2933 1687 2955 naturarum.

1104 2967 1112 2982 ⁴
1130 2968 1201 2991 Codd.
1220 2969 1265 2991 ΗΜ
1277 2970 1295 2998 Q
1306 2971 1320 2992 S
1338 2970 1442 3000 quaerit,
1461 2970 1514 2993 edd.
1532 2970 1638 2994 ostendit.

1899 1631 1971 1651 Divisio
1987 1632 2014 1650 al-

1929 1657 1976 1674 tera.
