2166 3366
15 1446 150 1467 Fundamenta.

776 182 856 210 DtST.
880 182 931 210 Vll.
954 183 1025 211 ART.
1047 183 1077 210 ll.
1098 183 1233 219 QUAEST.
1256 184 1284 211 11.
1850 187 1903 214 179

160 259 227 287 dum
250 259 371 287 divinam
394 263 524 288 naturam
546 263 669 293 tantum,
697 262 739 288 est
761 259 796 287 ibi
818 261 1002 297 repugnantia
1056 261 1188 298 pliciter,
1211 261 1259 290 sed
1291 261 1357 298 quia
1388 262 1424 290 ibi
1456 265 1498 290 est
1520 262 1723 299 paralogismus
1743 263 1901 291 seeundum

159 305 359 334 intellectuum.
388 307 418 334 Et
439 306 500 335 ideo
521 314 575 334 non
598 309 672 334 tenet
693 306 739 334 ille
761 314 923 342 processus,
946 315 1000 335 non
1059 307 1194 336 accidens
1207 308 1224 336 ¹.
1247 308 1326 344 Quod
1348 309 1421 337 enim
1444 309 1571 337 convenit
1592 309 1700 338 Christo
1724 309 1829 338 ratione
1855 310 1904 338 hu-

159 352 224 389 quia
246 352 282 380 ibi
305 357 345 380 est
377 352 580 389 paralogismus
610 352 771 380 secundum
800 353 872 390 quid
891 358 916 381 et
936 354 1003 381 sim-
1059 362 1157 382 manae
1178 357 1295 383 naturae
1315 358 1357 383 est
1378 358 1546 384 extraneum
1567 356 1674 384 ratione
1695 355 1814 385 divinae.

901 480 922 515 S
934 480 954 515 O
964 481 992 515 H
1004 480 1025 515 Ο
1036 481 1059 515 L
1069 481 1115 521 10
1126 481 1163 516 N.

221 606 235 628 l.
255 606 275 627 ln
295 605 367 628 tribus
383 605 451 627 huius
468 605 554 627 articuli
571 604 743 633 quaestionibus
761 605 841 627 iterum
854 605 882 627 (le
902 607 1001 633 proprie-
1059 606 1154 628 docente
1171 606 1287 628 Durando.
1305 607 1336 628 De
1354 607 1402 629 aliis
1427 607 1540 629 similibus
1565 608 1717 631 locutionibus
1734 609 1788 631 vide
1805 610 1861 631 inu-a
1879 609 1901 632 d.

158 648 201 667 tate
227 645 296 667 trium
322 644 461 665 locutionum
485 644 571 671 agitur,
598 649 642 665 non
669 643 697 665 de
723 644 770 671 ipsa
795 644 1000 671 praedestinatione
1062 646 1095 668 lO.
1113 652 1132 668 a.
1155 646 1172 668 l.
1190 649 1212 667 et
1233 646 1264 668 ll.
1283 652 1302 668 a.
1321 647 1341 667 2.

158 683 239 706 Christi
257 684 278 705 in
295 690 319 705 so
337 683 485 705 considerata.
504 683 534 704 De
552 683 759 710 praedestinatione
786 684 806 704 in
825 690 909 711 genero
927 685 967 706 cfr.
986 685 999 706 Ι.
1121 684 1143 706 ΙΙ.
1162 684 1193 706 De
1211 685 1245 707 his
1257 684 1330 707 tribus
1347 685 1519 713 quaestionibus
1537 688 1559 708 et
1575 687 1739 715 locutionibus,
1758 690 1845 710 mutato
1857 690 1902 710 tan-

158 722 218 744 Sent.
237 722 259 744 d.
278 721 313 744 40.
332 721 372 749 41;
391 722 419 744 de
438 721 642 749 praedestinatione
659 721 740 744 Christi
764 722 820 744 infra
846 722 868 744 d.
890 723 922 744 ll.
940 730 960 744 a.
983 724 1000 744 l.
1058 727 1106 746 tum
1119 723 1232 746 interdurn
1245 723 1332 748 ordine=
1346 726 1452 746 tractant:
1466 724 1525 746 Alex.
1539 724 1594 752 Hal.y
1608 725 1629 747 S.
1642 731 1664 753 p.
1683 726 1714 747 lll.
1726 732 1748 754 q.
1767 726 1788 748 3.
1806 733 1835 748 m.
1858 726 1902 748 1-4.

158 773 188 777 —
207 760 440 788 Pracsupponendum
453 763 484 782 est
493 778 498 788 ‚
511 760 539 782 ad
552 761 661 782 rationem
674 760 894 789 praedestinationis
908 763 1000 789 proprie
1057 773 1088 778 —
1097 762 1164 790 Scot.¹
1178 763 1214 784 hic
1231 769 1252 791 q.
1272 762 1299 789 3;
1318 762 1410 790 Report.
1424 763 1459 784 hic
1477 769 1498 791 q.
1511 762 1530 785 4.
1543 775 1574 779 —
1586 764 1608 785 S.
1621 764 1712 792 Thom.,
1730 765 1766 786 hic
1779 771 1799 793 q.
1814 765 1834 787 3.
1847 772 1867 787 a.
1884 766 1900 788 l.

158 800 241 823 dictam
259 801 298 822 tria
317 800 414 828 requiri,
433 800 517 822 scilicet
533 799 596 828 quod
614 799 789 827 praedestinatio
799 800 1000 829 praecedaiprae·
1058 801 1083 829 ‘23
1101 801 1122 823 S.
1142 801 1173 823 lll.
1191 807 1213 829 q.
1231 800 1267 823 24.
1286 808 1305 823 a.
1328 802 1345 823 l.
1364 802 1384 823 2.
1402 814 1433 817 —
1450 802 1473 823 Β.
1491 802 1584 830 Athen,
1611 803 1647 825 hic
1665 810 1684 825 a.
1704 804 1730 831 2,
1749 804 1805 825 inl'ra
1824 805 1845 827 d.
1868 805 1900 826 10.

158 839 307 866 destinatum3
325 838 387 867 quod
405 845 441 860 res
467 838 632 866 praedestinata
659 839 798 861 concedatur
820 845 864 868 pet·
880 839 1000 868 yr(ttiant;
1057 846 1077 861 a.
1096 839 1139 862 4-7.
1158 852 1188 855 —
1206 840 1261 862 Petr.
1279 846 1290 861 a
1309 840 1369 867 Tan,
1389 841 1424 862 hic
1442 847 1463 869 q.
1482 840 1502 862 3.
1521 847 1541 862 a.
1561 842 1580 863 l.
1599 842 1621 863 2.
1639 854 1669 857 —
1681 842 1787 865 Richard.
1805 849 1816 864 a
1836 843 1901 871 Med„

158 878 221 906 quod
238 878 318 899 eadem
337 877 459 906 aliquando
477 883 559 906 reapse
576 876 724 900 concedatur.
744 878 798 899 Hinc
816 878 860 899 iam
874 882 941 905 patet,
953 878 1000 907 pri·
1057 880 1093 901 hic
1110 886 1130 901 a.
1148 880 1168 901 2.
1187 887 1208 908 q.
1231 879 1274 901 1-4.
1292 892 1322 895 —
1339 879 1413 907 AEgid.
1439 879 1473 906 R„
1500 881 1535 901 hic
1561 887 1582 909 q.
1601 881 1621 902 2.
1640 887 1660 902 a.
1682 881 1723 903 1-3.
1742 894 1772 897 —
1789 882 1901 910 Dur-and.y

157 923 223 940 mam
241 917 377 939 locutionem
396 917 428 946 (q.
450 917 477 945 l.)
494 923 545 939 esse
570 917 661 944 salsam;
684 917 740 939 aliae
758 917 817 939 duae
834 923 886 939 cum
905 918 1000 945 quibus-
1057 919 1093 940 hic
1111 925 1132 947 q.
1151 918 1171 940 4.
1189 931 1219 934 —-
1235 919 1327 946 Dionys.
1345 918 1427 946 Carth,
1446 919 1482 941 hic
1499 925 1520 947 q.
1539 919 1560 941 3.

158 956 212 979 dam
229 956 409 979 restrictionibus
426 957 579 978 communiter
591 956 754 984 conceduntur,
767 957 905 978 contrarium
925 960 998 979 tamen

923 1070 1084 1107 QUAESTIO
1106 1071 1134 1099 11.

497 1180 600 1208 Utrum
623 1179 692 1209 liaeo
713 1180 751 1209 sic
773 1189 858 1209 tieret:
882 1181 977 1209 Filitis
1001 1181 1052 1209 Dei
1070 1181 1308 1217 praedestinatus
1329 1186 1369 1210 esc
1390 1191 1449 1211 esse
1471 1182 1563 1211 lioino.

236 1303 363 1331 Secundo
384 1303 530 1340 quaeritur
551 1303 586 1331 de
606 1303 673 1331 hae:
693 1303 777 1331 Filius
798 1303 845 1331 Dei
862 1306 903 1331 est
923 1310 1000 1340 prae·
1135 1303 1187 1331 Sssn
1209 1311 1328 1332 comnia:
1354 1305 1377 1332 1.
1400 1304 1615 1334 Praedestinatio
1636 1310 1678 1334 est
1693 1310 1821 1344 respectu
1842 1316 1901 1344 gra-
1915 1317 1943 1335 Ad
1956 1317 2030 1340 opposi-

157 1349 311 1378 slestinatus
332 1357 392 1378 esse
415 1349 506 1377 homo.
530 1349 559 1378 Et
580 1350 655 1386 quod
678 1350 713 1377 sit
735 1357 816 1381 vera.
838 1350 968 1378 videtur:
1057 1349 1109 1378 tiae
1131 1353 1158 1378 et
1188 1350 1307 1387 gloriae,
1340 1359 1393 1379 non
1426 1355 1555 1388 respectu
1589 1353 1744 1385 naturae⁰;
1767 1354 1813 1382 sed
1841 1363 1900 1383 esse
1951 1342 1995 1358 Μ’

238 1397 260 1424 l.
283 1396 374 1425 Primo
396 1404 445 1433 per
461 1396 622 1433 Magistrum
639 1397 666 1424 in
689 1396 780 1425 littera
794 1397 818 1430 ²,
844 1397 892 1433 qui
917 1397 998 1428 dicit.
1057 1396 1200 1425 hominem
1231 1397 1298 1426 dicit
1328 1398 1519 1435 praedicatum
1553 1400 1696 1434 naturale,
1718 1409 1771 1429 non
1794 1401 1897 1430 donum

156 1450 217 1472 eam
239 1443 394 1471 sec-undum
416 1443 570 1480 quamlibet
584 1443 670 1471 trium
684 1443 846 1480 opinionum
862 1451 922 1472 esse
937 1452 998 1472 con·
1056 1444 1225 1481 gratuitum:
1257 1452 1323 1481 ergo
1355 1449 1484 1482 respectu
1516 1446 1591 1475 illius
1619 1447 1716 1475 nullus
1737 1448 1819 1477 debet
1846 1449 1898 1478 diei

156 1489 319 1518 cedendam.
1056 1491 1286 1528 praedestinatus.

235 1537 260 1564 ⁶2.
281 1536 364 1570 ltem,
393 1536 445 1564 hoc
468 1536 558 1573 ipsum
591 1536 702 1565 videtur
733 1536 855 1565 ratione.
879 1537 998 1565 Tantum
1136 1540 1161 1567 2.
1184 1539 1266 1573 Item,
1288 1540 1444 1568 necessario
1464 1541 1606 1577 sequitur:
1638 1541 1689 1570 iste
1712 1542 1899 1578 praedestina-

155 1586 293 1619 repuguat
325 1582 367 1611 vel
398 1582 519 1619 amplius
552 1583 616 1611 Filio
650 1583 694 1611 Dei
726 1582 833 1619 lieri⁵‚
860 1586 997 1619 quantum
1056 1587 1101 1613 tus
1121 1588 1162 1613 est
1184 1585 1287 1614 hahere
1309 1586 1427 1622 gratiam
1449 1590 1476 1614 et
1490 1586 1620 1623 gloriam,
1643 1595 1709 1624 ergo
1724 1591 1766 1617 est
1787 1590 1900 1626 praede-

154 1629 374 1666 praedestinari
383 1640 394 1663 ‚·
415 1629 463 1658 sed
487 1630 553 1658 haec
575 1629 752 1658 conceditur:
781 1629 865 1658 Filius
888 1630 934 1658 Dei
957 1633 998 1658 est
1056 1632 1188 1666 stinatus‚
1211 1640 1276 1668 ergo
1298 1631 1425 1660 similiter
1445 1633 1587 1670 sequitur:
1606 1633 1688 1662 Filius
1705 1634 1751 1663 Dei
1767 1639 1809 1664 est
1823 1644 1900 1673 prae-

155 1676 244 1705 factus
266 1677 363 1705 homo:
385 1684 452 1714 ergo
474 1681 500 1705 et
521 1677 605 1705 haec:
627 1676 711 1704 Filius
732 1676 780 1705 Dei
811 1680 852 1705 est
882 1676 998 1713 praede·
1056 1678 1210 1706 destinatus
1231 1686 1291 1707 esse
1313 1678 1408 1713 homo,
1434 1687 1500 1715 ergo
1528 1683 1570 1708 est
1592 1681 1828 1716 praedestinatus;
1850 1683 1897 1712 sed

155 1723 273 1752 stinatus
294 1731 354 1752 esse
376 1723 467 1751 homo.
1056 1724 1123 1752 haec
1145 1727 1186 1752 est
1207 1724 1347 1761 neganda:
1370 1725 1454 1753 Filius
1475 1725 1523 1754 Dei
1545 1729 1586 1754 est
1608 1727 1844 1763 praedestinatus,
1867 1730 1899 1758 si-

233 1769 258 1798 3.
281 1770 363 1804 item,
385 1770 531 1807 prophetia
557 1769 618 1803 ilia.
645 1778 700 1807 qua
729 1770 832 1798 dicitur
852 1770 937 1799 Isaiae
959 1778 998 1799 se·
1055 1773 1101 1799 cut
1122 1774 1263 1799 ostensum
1286 1775 1328 1800 est
1348 1773 1466 1809 supra7:
1489 1780 1555 1809 ergo
1577 1776 1628 1802 etc.

153 1817 274 1854 ptimo⁴:
299 1818 368 1845 Eece
395 1817 482 1853 Viryo
504 1817 657 1853 concipiet,
679 1817 782 1845 dicitur
796 1825 857 1846 esse
879 1817 996 1854 prophe·
1134 1818 1158 1846 3.
1181 1818 1261 1852 Item,
1279 1819 1509 1855 praedestinatio
1524 1820 1590 1849 dicit
1611 1822 1827 1851 antecessionem
1844 1832 1897 1852 non

154 1864 191 1892 tia
212 1864 485 1901 praedestinationis:
507 1872 574 1901 ergo
595 1864 669 1901 quod
685 1863 808 1892 Verbum
824 1872 888 1892 earo
910 1863 996 1898 fieret,
1054 1864 1145 1893 solum
1167 1868 1294 1902 respectu
1318 1865 1436 1894 termini
1445 1866 1465 1900 Β,
1487 1867 1534 1895 sed
1558 1867 1639 1896 etiam
1665 1872 1790 1905 respectu
1816 1878 1899 1906 prae·

154 1911 225 1940 sicut
246 1918 280 1939 ex
314 1913 439 1947 tempore
470 1910 522 1939 fuit
552 1911 750 1948 prophetatum
782 1914 810 1939 et
835 1911 996 1948 impletum,
1054 1912 1208 1945 destinati,-
1229 1913 1276 1941 sed
1292 1914 1421 1950 quamvis
1443 1914 1537 1942 divina
1556 1915 1695 1951 praevisio
1716 1918 1899 1953 praecesserit

153 1957 191 1986 ita
222 1961 248 1986 et
273 1957 308 1986 ab
339 1961 452 1986 aeterno
483 1957 740 1994 praedestinatum:
772 1966 839 1995 ergo
869 1958 940 1987 sicut
961 1966 997 1987 ex
1055 1960 1206 1988 humanam
1229 1963 1371 1995 naturam,
1397 1968 1449 1988 non
1481 1964 1571 1990 tamen
1597 1962 1747 1998 praecessit
1775 1963 1896 1992 divinam

152 2007 278 2041 tempore
299 2004 387 2033 sactus
402 2008 444 2033 est
459 2005 556 2039 homo.
573 2004 609 2032 ita
623 2008 650 2033 et
664 2005 699 2033 ab
713 2008 826 2033 aeterno
847 2005 997 2040 praedesti·
1054 2014 1214 2043 personam:
1231 2005 1315 2043 igitur
1330 2007 1388 2035 sive
1409 2007 1518 2036 dicatur
1532 2007 1672 2041 absolute,
1694 2009 1752 2038 sive
1771 2013 1898 2047 respectu

152 2054 235 2080 natus
256 2055 298 2080 est
318 2059 378 2080 esse
400 2051 491 2080 homo.
1056 2053 1193 2082 humanae
1215 2057 1344 2087 naturae,
1363 2054 1521 2091 negandum
1537 2058 1591 2088 est.
1608 2055 1705 2084 Filium
1722 2056 1769 2085 Dei
1785 2057 1900 2093 praede-

231 2099 257 2127 [ι.
280 2098 359 2131 ltem,
381 2098 465 2127 Filius
486 2098 534 2127 Dei
556 2102 598 2127 est
620 2098 702 2126 homo
717 2101 766 2127 aut
781 2106 831 2135 per
850 2099 995 2136 qratiam,
1054 2099 1186 2128 stinatum
1208 2108 1283 2129 esse:
1306 2108 1372 2137 ergo
1393 2101 1461 2129 falsa
1487 2105 1528 2130 est
1549 2102 1692 2138 praedicta
1715 2103 1827 2138 locutio,
1850 2104 1899 2132 sci-

152 2148 201 2173 aut
225 2153 279 2181 per
309 2148 467 2177 natztram;
499 2152 551 2172 non
584 2152 633 2181 per
664 2148 824 2173 naturam:
858 2153 925 2182 ergo
946 2154 996 2182 per
1055 2146 1131 2174 licet:
1155 2146 1238 2175 Filius
1259 2146 1307 2175 Dei
1328 2147 1552 2184 praedestinatus
1573 2152 1614 2176 est
1635 2156 1695 2177 esse
1718 2150 1808 2177 homo.

149 2191 301 2229 qratiam;
322 2193 370 2220 sed
392 2191 481 2220 omnis
503 2191 607 2228 gratia,
629 2199 823 2229 quaecumque
844 2192 928 2220 datur
949 2192 996 2221 ali·
1132 2194 1157 2221 li.
1181 2193 1259 2227 item,
1275 2194 1445 2232 quicumque
1460 2195 1716 2231 praedestinatur⁹‚
1730 2196 1764 2225 ad
1784 2197 1895 2234 aliquod

151 2238 196 2267 eui
217 2246 253 2267 ex
276 2241 416 2275 tempore,
437 2238 633 2275 praeordinata
654 2238 706 2266 fuit
727 2241 754 2267 et
776 2242 941 2276 praeparata
960 2239 995 2267 ab
1053 2239 1157 2268 donum
1170 2241 1323 2276 gratuitum
1337 2244 1538 2278 praeparatum
1553 2242 1601 2271 sed
1616 2242 1699 2271 Filius
1719 2243 1765 2271 Dei
1785 2252 1848 2272 cum
1862 2244 1898 2272 fa-

151 2288 280 2319 aetern03
311 2285 359 2314 sed
392 2285 443 2313 hoc
474 2293 528 2313 non
560 2289 601 2314 est
630 2285 705 2314 aliud
736 2293 820 2323 quam
847 2286 996 2322 praedesti·
1053 2290 1114 2315 ctus
1126 2287 1270 2319 esthomo,
1284 2287 1360 2316 nulla
1375 2288 1426 2316 fuit
1441 2288 1511 2316 facta
1527 2288 1616 2325 gratia
1633 2289 1669 2317 illi
1687 2298 1821 2326 personae
1837 2290 1893 2318 Filii

151 2332 246 2360 nari⁵:
263 2340 328 2369 ergo
344 2332 468 2367 videtur,
490 2332 563 2369 quod
580 2332 662 2361 haec:
685 2332 768 2360 Filius
793 2332 839 2360 Dei
855 2335 897 2361 est
918 2340 995 2369 prae·
1052 2333 1114 2367 Dei,
1136 2334 1184 2362 sed
1206 2334 1382 2363 solummodo
1404 2335 1496 2371 generi
1521 2335 1660 2363 humano:
1684 2344 1749 2371 ergo
1771 2337 1896 2372 videtur,

153 2378 306 2407 destinatus
327 2386 388 2407 esse
410 2378 501 2413 homo,
522 2382 564 2407 est
585 2378 770 2407 concedenda.
1052 2380 1126 2417 quod
1139 2380 1216 2408 nullo
1230 2381 1311 2409 modo
1322 2380 1387 2409 Filio
1398 2381 1445 2409 Dei
1456 2385 1593 2418 competat
1607 2382 1658 2410 ista
1670 2383 1895 2419 praedestinatio.

151 2586 205 2608 mul.
224 2590 250 2607 tr.
267 2585 295 2607 (le
316 2584 441 2613 Falarem,
462 2585 571 2607 fallaciam
589 2585 719 2608 secundum
737 2585 794 2615 quid
810 2585 842 2608 ad
857 2585 995 2615 simpliciter
1051 2587 1080 2609 X.
1098 2594 1116 2609 c.
1136 2588 1155 2609 l.
1174 2588 1195 2610 3.
1214 2589 1328 2616 proponit.

151 2624 283 2646 describi—ns
301 2625 345 2646 ait:
367 2632 376 2643 ι
391 2624 478 2646 Dictum
496 2623 625 2647 secundum
647 2623 705 2653 quid
725 2625 852 2652 appellatur
870 2625 905 2647 hic¹
923 2625 994 2647 deter-
1113 2624 1123 2639 ³
1140 2626 1181 2648 Pro
1196 2625 1250 2656 fieri
1266 2626 1318 2648 cdd.
1336 2625 1453 2649 hominem
1469 2626 1528 2657 fieri.

151 2663 244 2685 minatio
261 2662 391 2685 diminuens
409 2662 437 2684 de
455 2663 540 2684 rationi¹
558 2663 593 2684 vel
612 2662 640 2684 do
657 2668 706 2685 esse
726 2663 775 2685 vius
792 2664 828 2685 cui
846 2663 992 2691 adiungitur,
1113 2663 1122 2678 ⁴
1139 2664 1203 2687 Vers.
1226 2664 1258 2687 lli.

151 2705 187 2729 ut,
205 2707 257 2724 cum
276 2701 342 2724 dit-0:
362 2702 430 2723 horno
448 2704 565 2728 mortuus,
584 2701 613 2723 ihi
641 2705 756 2723 mortuum
781 2702 886 2724 diminuit
910 2702 939 2724 (le
961 2709 993 2724 ra·
1112 2703 1122 2718 ⁵
1139 2704 1314 2726 l‘raodestinatio
1331 2711 1430 2734 namque
1448 2705 1536 2727 deliniri
1554 2706 1626 2728 solet:
1645 2707 1790 2734 praeparatio
1808 2709 1894 2735 gratiae

151 2741 210 2762 tione
228 2741 349 2763 hominis...
366 2740 398 2762 Fit
415 2743 491 2762 autom
510 2741 565 2762 hacc
583 2740 668 2762 fallacia
688 2743 718 2762 tot
735 2740 822 2768 modis,
846 2745 901 2770 quot
919 2741 994 2763 modis
1050 2742 1070 2763 in
1089 2743 1201 2770 praesenti
1219 2745 1240 2764 et
1257 2743 1342 2770 gloriae
1360 2744 1382 2765 in
1400 2744 1483 2766 futuro.
1501 2744 1545 2766 Cir.
1564 2751 1633 2773 supra
1653 2752 1706 2773 pag.
1728 2746 1782 2773 177,
1802 2749 1852 2768 uota
1872 2746 1892 2768 5.

214 2546 220 2560 ¹
239 2545 284 2569 cfr.
303 2547 404 2574 Ariston,
423 2547 437 2568 Ι.
456 2547 545 2568 Elem-h.
563 2553 581 2568 c.
600 2546 620 2568 15.
639 2548 668 2571 (c.
686 2547 725 2574 5.),
745 2547 800 2570 petr.
814 2548 918 2575 Hispan,
930 2548 994 2570 Sum·
1019 2549 1023 2722 A
1113 2549 1122 2563 ²
1140 2549 1231 2572 Elicitur
1247 2556 1273 2571 ex
1292 2550 1318 2571 iis
1335 2556 1394 2578 quae
1412 2550 1517 2578 Magister
1543 2551 1578 2573 hic
1601 2558 1619 2573 r.
1641 2552 1658 2573 l.
1677 2558 1741 2580 seqq.
1759 2555 1781 2574 et.
1798 2553 1854 2575 infra
1872 2553 1894 2575 d.

150 2780 259 2808 contingit
276 2780 342 2802 alicui
360 2779 445 2802 addere
472 2779 682 2802 determinatlonem
708 2779 886 2806 ‹liminuentt-m:
912 2784 932 2802 et
955 2787 993 2808 po·
1113 2781 1122 2795 ⁶
1138 2780 1182 2803 Cir.
1201 2784 1251 2803 nota
1270 2782 1374 2810 praeced.

150 2821 235 2840 nuntur
251 2819 353 2847 quinque
371 2818 455 2840 modi»
476 2821 517 2840 etc.
537 2818 671 2841 Describvns
687 2823 762 2840 auti-m
788 2819 897 2841 fallaciam
914 2825 994 2842 secuit·
1111 2820 1121 2834 ⁷
1139 2821 1229 2848 Quaest.
1248 2821 1353 2848 pravced.

150 2856 207 2879 ditm
224 2857 331 2880 accidens
348 2857 416 2880 dicit:
435 2857 557 2885 Accidens,
577 2861 600 2880 ut
618 2858 653 2879 hic
670 2858 781 2886 sumitur,
800 2858 861 2880 idi-m
879 2861 913 2881 est
930 2859 992 2887 quod
1112 2858 1122 2874 ⁸
1139 2860 1181 2881 Pro
1198 2859 1293 2882 termini
1308 2860 1358 2882 cod.
1377 2861 1394 2883 U
1411 2862 1520 2884 natio-ae.

149 2900 280 2918 extraneum
299 2897 320 2919 ln
339 2899 402 2925 parte
419 2897 480 2919 idern
498 2900 519 2919 et
537 2897 558 2918 in
577 2901 640 2924 parte
657 2896 776 2919 diversum
794 2901 836 2920 etc.
860 2897 904 2920 Csr.
922 2904 991 2926 supra
1111 2898 1121 2912 ⁹
1138 2898 1193 2920 Cod.
1211 2898 1227 2920 N
1243 2898 1439 2928 praedestinatus.
1457 2901 1479 2922 ln
1498 2900 1541 2923 flue
1559 2907 1607 2929 arg.
1626 2908 1668 2929 pro
1685 2901 1730 2924 isla
1747 2902 1814 2924 codd.
1831 2901 1889 2931 (1(Ιὶ

149 2941 202 2963 pag.
223 2935 277 2964 ¹75,
296 2938 346 2957 nota
365 2935 386 2958 7.
404 2948 434 2952 —
452 2936 494 2958 l‘ro
510 2935 551 2958 sed
567 2935 623 2965 qnia
641 2935 672 2958 ibi
685 2937 720 2958 est
736 2936 803 2958 codd.
821 2937 837 2958 Α
849 2936 934 2958 llll.N
945 2937 964 2959 Τ
975 2937 992 2959 U
1049 2943 1061 2959 a
1079 2937 1178 2959 secunda
1197 2940 1275 2966 mauu)
1293 2938 1350 2960 be
1367 2938 1426 2968 ipsa.

149 2973 206 2995 Xaa
224 2973 265 2996 sed
281 2974 315 2996 est
331 2973 368 2997 ibi.
