2166 3366
6 716 39 736 Ad
53 717 126 741 opposi-

45 743 88 759 uun.

715 169 796 197 DlS'l'.
820 168 894 197 xxti.
917 169 989 197 ΛΒΤ.
1012 168 1126 197 UNlCUS
1148 168 1282 204 QUAEST.
1305 167 1346 196 Vl.

1827 168 1883 197 463

899 294 1061 331 otiansno
1084 294 1125 323 vi.

350 383 454 411 Utrum
477 381 612 410 Cle-zetus
631 381 731 409 smn'm
752 385 815 418 post
838 385 958 409 mortem
982 381 1180 409 inermium-erit
1201 381 1319 409 am‘mas
1342 381 1481 409 liberatas·
1504 381 1534 408 111
1556 380 1676 409 0110111111.

216 482 300 509 Sexto
321 483 348 509 et
369 480 468 508 ultimo
490 480 636 516 quaeritur
667 479 702 507 de
735 479 908 508 traductione
929 479 984 507 ani-

139 535 264 561 marum,
286 534 356 564 quas
380 526 506 554 liberavit
526 526 561 554 tle
584 526 703 560 interno,
719 526 753 554 ad
770 526 875 560 caelos,
897 529 923 554 et
942 529 983 555 est

138 574 279 611 quaestio,
306 576 402 602 utrum
435 573 527 601 statim
551 576 612 610 post
645 576 761 601 mortem
795 573 984 601 introduxerit

138 628 185 650 eas
207 620 232 648 in
255 620 372 648 caelum.
397 620 426 648 Et
447 621 520 656 quod
544 620 598 654 sic,
621 620 746 648 videtur:

220 668 243 695 l.
267 667 316 695 l'er
339 666 407 694 illud
435 667 509 703 quod
539 667 642 695 dieitur
664 667 751 695 Lucae
779 667 911 703 vigesimo
934 670 985 695 ter-

139 714 216 743 tio¹:
240 713 315 742 Dixit
336 713 470 741 Dominus
498 713 532 741 ad
568 713 720 742 latronem:
753 714 844 741 Hodie
872 721 984 742 mecam

139 761 198 790 eras·
220 761 251 789 in
270 760 436 798 paradiso3
458 764 485 788 et
506 763 627 794 constat,
650 760 724 797 quod
748 760 815 789 illud
833 768 886 788 non
910 760 985 788 intel—

140 808 234 845 ligitur
256 807 290 836 (le
313 807 442 844 paradiso
465 807 606 838 terrestri,
628 807 693 844 quia
716 816 768 835 non
791 815 922 843 magnum
945 815 984 836 es-

139 858 179 884 set
201 854 239 882 illi
262 854 371 882 animae
392 861 452 882 esse
475 853 501 881 in
524 853 570 881 illo
593 854 740 890 paradiso:
772 862 839 890 ergo
861 853 985 890 intelligi-

139 905 184 931 tur
206 902 241 930 de
262 901 380 930 caelesti.

217 950 242 977 2.
266 949 348 981 ltem,
371 948 461 976 statim
486 951 547 985 post
563 951 678 976 mortem
695 948 796 977 Christi
812 952 907 985 aperta
934 948 985 976 suit

140 996 238 1029 ianua,
270 999 297 1024 et
321 995 389 1023 nihil
412 994 463 1023 t'uit
484 994 596 1023 omnino
620 995 801 1023 retardans&
824 1004 890 1032 ergo
913 995 985 1023 vide-

139 1046 201 1077 tur,
224 1042 297 1079 quod
320 1042 413 1070 anima
434 1041 534 1070 Christi
557 1050 620 1069 cum
643 1041 704 1070 aliis
725 1042 872 1070 animabus
892 1041 983 1070 statim

140 1090 166 1118 iu
189 1089 295 1118 caelum
318 1088 479 1117 evolaverit.

219 1136 244 1165 3.
268 1136 350 1169 ltcm‚
373 1136 450 1164 locus
471 1136 600 1172 superior
622 1136 752 1172 competit
773 1136 855 1164 statui
872 1136 985 1172 gloriae,

139 1184 211 1213 siout
233 1183 346 1212 inl'erior
367 1183 498 1220 competit
520 1182 602 1211 statui
619 1183 734 1219 eulpae:
757 1191 823 1220 ergo
845 1183 916 1211 sieut
931 1182 986 1210 ani-

140 1239 201 1260 mae
223 1231 370 1260 damnatae
403 1230 494 1258 statim
518 1230 691 1269 descendunt
714 1230 739 1258 in
763 1230 920 1263 internum,
950 1230 985 1258 ita

140 1278 248 1307 animae
270 1277 365 1306 beatae
387 1277 478 1305 statim
502 1277 604 1305 debent
625 1277 736 1305 evolare
751 1277 777 1305 in
793 1276 920 1311 caelum;
937 1277 984 1305 sed

140 1325 232 1355 statim
255 1328 316 1361 post
347 1327 464 1353 mortem
491 1324 591 1352 Christi
615 1323 722 1352 :mimae
746 1324 816 1354 illae.
838 1332 909 1360 quae
931 1324 987 1352 l'ue-

141 1375 206 1402 runt
229 1372 254 1400 in
279 1371 400 1404 inferno,
422 1371 536 1399 suerunt
558 1371 619 1399 luce
647 1378 785 1408 supernae
808 1370 931 1399 veritatis
954 1370 986 1398 ir-

140 1417 301 1447 radiatae³z
325 1425 391 1454 ergo
412 1417 503 1445 statim
527 1417 686 1445 debuerunt
703 1417 727 1445 in
743 1416 850 1445 caelum
868 1417 985 1445 traduci.

219 1466 245 1494 11.
268 1465 350 1495 ltem,
373 1464 449 1492 nulla
470 1464 561 1492 anima
584 1464 681 1500 purior
707 1464 757 1491 l'uit
785 1471 868 1500 quam
894 1463 986 1491 anima

141 1512 241 1541 Christi
257 1523 263 1545 ;
286 1512 332 1540 sed
356 1511 464 1539 animae
480 1514 639 1540 sanctorum
658 1511 825 1547 Martyrum,
841 1511 888 1548 qui
904 1511 986 1539 modo

142 1559 317 1592 moriuntur,
339 1558 431 1587 statim
454 1558 564 1586 evolant
577 1558 601 1585 ⁴:
624 1566 691 1594 ergo
713 1557 805 1585 anima
820 1557 919 1585 Christi
936 1560 987 1585 sta-

142 1605 189 1633 tim
212 1605 332 1633 evolavit
354 1604 380 1633 in
402 1604 519 1633 eaelum.
542 1604 593 1632 Sed
617 1612 669 1632 non
692 1604 815 1632 ascendit
831 1606 914 1640 caput
928 1603 986 1631 sine

142 1652 294 1681 membris:
324 1659 391 1688 ergo
413 1651 482 1680 aliae
504 1643 612 1679 11010100
644 1654 705 1688 post
737 1654 853 1678 mortem
886 1650 986 1678 Christi

144 1700 235 1728 statim
258 1699 291 1727 ad
315 1699 423 1728 caelum
447 1699 561 1727 suerunt
583 1698 741 1735 perductae.

221 1747 273 1774 San
295 1754 421 1775 CONTRA:
448 1747 470 1773 l.
493 1745 630 1773 lllicliaeae
662 1744 821 1772 secundos’:
851 1743 988 1772 Ascendit

0 1793 274 1831 ·Fundamenta.pavndens
296 1793 349 1821 ite)-
371 1796 438 1821 ame
458 1801 504 1821 eos
514 1815 521 1825 ,
537 1792 638 1820 ‹ilicitur
653 1792 687 1819 de
702 1791 830 1825 Christ03
850 1791 897 1820 sed
913 1791 989 1819 Chri-

143 1843 204 1870 stus
224 1848 277 1868 000
300 1839 424 1868 ascendit
446 1840 471 1868 in
494 1839 601 1867 caelum
625 1846 714 1875 usque
745 1838 780 1866 ad
812 1837 989 1875 quadragesi-

146 1895 221 1916 mum
245 1887 317 1915 diem
341 1889 402 1924 post
424 1886 674 1915 resurrectionem:
709 1893 775 1921 ergo
806 1893 856 1913 nec
881 1885 989 1913 animae

145 1933 264 1963 aliorum
286 1934 467 1963 Sanctorum.
489 1941 559 1970 quae
581 1935 660 1960 erant
682 1932 708 1960 in
732 1931 824 1960 limbo.

223 1982 249 2009 Ξ.
272 1981 354 2015 ltem,
376 1979 545 2009 resurrectio
576 1979 673 2007 debuit
703 1978 870 2015 praecedere
898 1986 990 2006 ascen-

146 2028 269 2062 sionem;
291 2028 339 2057 sed
363 2036 415 2056 uon
449 2026 605 2056 resurrexit
637 2025 728 2054 statim
752 2029 813 2062 post
833 2025 988 2054 mortemfi:

145 2082 212 2112 ergo
235 2075 362 2108 videtur,
384 2074 459 2111 quod
481 2081 529 2102 nec
551 2073 643 2101 anima
665 2072 753 2109 ipsius
775 2080 823 2100 nee
845 2071 915 2100 aliae
936 2072 992 2100 aui-

144 2129 206 2150 mae
228 2121 414 2150 ascenderunt
436 2121 462 2148 in
485 2119 592 2149 caelum
615 2122 678 2147 ante
700 2119 773 2147 diem
797 2118 918 2147 tertium.

225 2168 250 2196 3.
273 2168 356 2201 11001,
379 2168 404 2196 111
427 2167 548 2205 quadam
581 2166 716 2194 collecta⁷
748 2166 773 2193 in
795 2165 840 2194 (lle
863 2166 992 2194 Resurre-

146 2215 243 2244 ctionis
263 2215 377 2244 dicitur:
396 2226 408 2240 «
425 2215 514 2246 Deus,
530 2213 576 2251 qui
592 2213 763 2241 aeternitatis
778 2212 856 2241 nobis
870 2212 991 2246 aditum,

146 2262 255 2291 devicta
277 2265 365 2290 morte
388 2261 517 2290 reserasti
533 2271 558 2288 »:
581 2268 648 2297 ergo
670 2260 795 2293 videtur,
826 2259 899 2296 quod
928 2262 991 2288 ante

211 2419 217 2433 ¹
237 2419 301 2442 Vers.
320 2419 355 2441 43.

210 2458 219 2472 ἵ
236 2458 280 2481 Csr.
298 2465 367 2486 supra
387 2458 408 2480 (1,
430 2459 462 2479 18.
481 2464 501 2480 a.
520 2459 540 2480 2.
559 2464 581 2486 (Ι.
599 2458 619 2479 3.

209 2497 219 2511 ³
237 2497 398 2525 llespiciuntur
420 2496 491 2518 verba
516 2496 628 2518 vliubi-osii
647 2496 683 2517 hic
705 2496 726 2517 in
746 2496 774 2516 lit.
797 2495 907 2523 Magistri,
926 2502 944 2518 c.
970 2497 991 2522 2,

149 2537 225 2563 allata,
244 2542 303 2565 quae
321 2536 403 2558 deinde
421 2536 476 2558 intra
491 2535 546 2557 dub.
567 2536 584 2557 l.
598 2535 744 2562 explicantur.
757 2546 788 2550 —
801 2535 868 2556 Paulo
886 2535 993 2563 superius

150 2581 192 2604 pro
210 2574 289 2598 beatae
306 2575 359 2597 cdd.
373 2574 490 2597 liberatae.

212 2613 221 2628 ⁴
238 2613 293 2636 Cod.
312 2614 329 2635 D
346 2613 438 2641 supplet
454 2612 478 2635 ιἰι
495 2612 595 2635 caelum.

212 2653 221 2668 ⁵
239 2653 303 2674 Vers.
320 2653 352 2674 13.
364 2653 405 2674 Pro
418 2651 527 2675 Ascendit
539 2651 634 2679 Vulgata
648 2650 770 2674 Ascendet.
783 2651 914 2678 complures
926 2651 992 2673 codd.

150 2691 289 2715 ,4310011103Ι
308 2704 336 2707 -
355 2691 386 2713 De
403 2690 491 2713 ›nium-i
507 2690 547 2712 ch:
565 2691 612 2712 Act.
629 2690 646 2717 t,
665 2690 685 2712 3.
702 2696 766 2718 seqq.

212 2730 222 2745 ὃ
240 2730 285 2752 Cir.
303 2737 372 2758 supra
391 2736 412 2758 q.
431 2730 452 2752 3.

213 2770 222 2784 ⁷
240 2770 304 2798 Quae
326 2770 371 2792 iam
392 2770 415 2791 in
438 2769 541 2796 Gregorii
560 2768 597 2790 lib.
616 2769 780 2790 Sacratncntar.
799 2768 820 2789 in
842 2767 878 2789 die
896 2768 993 2790 Paschae

151 2808 271 2831 exhibetur
293 2808 407 2836 hodieque
429 2811 449 2829 ct
473 2808 493 2829 in
517 2807 597 2829 Missali
619 2809 640 2829 et
663 2807 684 2828 in
706 2806 822 2828 Breviario
845 2806 939 2828 Roman.
962 2807 995 2828 in-

152 2848 249 2870 venitur.

216 2886 226 2901 ⁸
243 2887 291 2909 Vat.
310 2886 377 2909 habet
390 2886 487 2909 rediisse
499 2889 521 2908 et
532 2885 614 2907 deinde
632 2891 685 2907 cum
697 2884 750 2907 edd.
767 2885 787 2911 1,
801 2885 813 2906 2
826 2890 868 2911 pro
886 2883 994 2906 rediret...

153 2924 300 2949 descenderet
322 2925 437 2948 substituit
455 2924 574 2948 rediisset..
592 2923 752 2947 descendisset.
776 2923 797 2945 ln
816 2923 859 2945 tine
881 2929 929 2950 arg.
954 2929 995 2950 pro

152 2964 241 2994 fuerint
258 2971 301 2986 non
321 2965 386 2992 pauci
404 2965 470 2987 codd.
488 2970 541 2986 cum
559 2964 611 2986 cdd.
635 2965 655 2991 1,
670 2964 682 2985 2
698 2962 812 2992 fuerant,
838 2962 888 2985 cod.
906 2962 923 2984 U
941 2962 994 2984 sint.

1040 479 1114 508 diem
1137 478 1350 507 resurrectionis
1373 487 1425 506 non
1447 479 1561 508 fuerunt
1582 479 1690 507 animae
1712 480 1828 508 eductae
1850 480 1884 509 de

1042 525 1126 554 limbo
1149 526 1256 553 inferni.

1120 573 1146 600 [ι.
1170 572 1251 606 ltem,
1273 572 1401 600 Christus
1423 581 1485 601 cum
1513 573 1689 607 resurrexit,
1721 574 1823 603 dicitnr
1851 574 1885 602 ab

1042 619 1138 647 inseris
1158 619 1271 647 redire8
1292 619 1326 647 ad
1349 627 1486 656 superos3
1509 620 1555 648 sed
1573 620 1595 648 si
1611 620 1703 648 anima
1717 621 1778 649 eius
1793 621 1884 649 statim

1042 669 1104 703 post
1126 670 1242 694 mortem
1264 666 1333 694 alias
1358 666 1465 694 animas
1487 666 1616 695 duxisset
1638 667 1663 694 in
1686 668 1810 699 caelum,
1834 677 1885 696 non

1041 713 1077 741 ab
1100 713 1194 741 int'eris
1215 712 1320 741 rediret
1341 713 1374 741 ad
1397 721 1530 750 superos,
1552 714 1599 742 sed
1624 714 1715 750 potins
1737 715 1771 742 de
1793 723 1888 751 super-

1042 760 1084 788 nis
1105 759 1287 788 descenderet
1308 759 1342 788 ad
1360 759 1509 788 inferiora:
1525 768 1591 797 ergo
1607 769 1660 788 non
1677 761 1796 795 videtur,
1812 762 1886 798 quod

1042 807 1150 835 animae
1171 807 1333 835 Sanctorum
1357 807 1448 835 statim
1472 811 1533 843 post
1556 811 1671 836 mortem
1698 808 1798 836 Christi
1830 816 1888 845 per-

1042 853 1141 882 ductae
1164 853 1267 882 fuerint
1288 853 1314 881 in
1337 854 1453 882 caelum.

1356 955 1568 976 CONCLUSIO.

1043 1041 1169 1069 Animae
1184 1041 1361 1070 Sanctorum
1375 1041 1475 1069 statim
1489 1045 1555 1078 post
1569 1045 1689 1069 inertum
1708 1041 1819 1069 Chi-itm
1832 1051 1887 1070 11011

1120 1092 1190 1116 sime
1203 1088 1362 1124 perductae
1378 1088 1407 1116 in
1422 1088 1536 1116 caelum
1552 1088 1650 1125 quoad
1664 1088 1756 1116 locum
1768 1112 1775 1121 ,
1792 1093 1885 1117 lamen

1120 1135 1219 1163 statim
1239 1134 1338 1172 factae
1358 1139 1427 1163 sam
1448 1135 1553 1164 beatae.

1122 1229 1299 1258 Respoxnsso:
1323 1229 1489 1263 Dicendum,
1511 1230 1585 1266 quod
1602 1230 1709 1258 animae
1724 1231 1888 1258 Sanctorum

1044 1284 1096 1304 non
1119 1276 1210 1304 statim
1234 1280 1294 1312 post
1327 1280 1444 1304 mortem
1471 1276 1571 1304 Christi
1595 1277 1745 1313 perductae
1768 1281 1831 1305 sunt
1862 1277 1888 1305 in

1043 1323 1150 1351 caelum
1183 1327 1318 1360 quantum
1347 1324 1382 1352 ad
1405 1324 1515 1357 locum:
1536 1324 1627 1352 statim
1652 1328 1742 1353 tamen
1767 1328 1825 1361 post
1849 1331 1889 1352 re-

1044 1369 1208 1398 solutionem
1230 1370 1339 1398 animae
1360 1378 1376 1398 a
1398 1378 1514 1407 corpore
1537 1371 1562 1398 in
1585 1371 1685 1399 Christi
1701 1371 1837 1399 descensu
1853 1371 1888 1399 ad

1045 1416 1147 1444 inl'eros
1170 1416 1300 1445 viderunt
1323 1416 1415 1445 lmnen
1438 1420 1583 1446 aeternum
1616 1421 1642 1446 et
1675 1418 1769 1446 beatae
1803 1418 1888 1447 tactae

1044 1466 1123 1497 sunt.
1145 1467 1172 1492 et
1187 1464 1354 1500 patefactum
1370 1467 1412 1492 est
1427 1464 1535 1492 caelum
1551 1465 1590 1493 cis
1606 1469 1741 1502 quantum
1757 1465 1791 1493 ad
1805 1473 1890 1502 prae·

1044 1510 1144 1538 *mium
1173 1510 1249 1539 Unde
1271 1511 1296 1538 in
1320 1510 1379 1539 loco
1400 1511 1482 1539 etiam
1507 1511 1632 1539 infernali
1656 1512 1823 1540 existentes.
1846 1512 1891 1540 ha-

1045 1557 1166 1585 huerunt
1198 1557 1358 1593 paradisum
1381 1560 1408 1586 et
1428 1561 1554 1594 apertam
1576 1558 1622 1586 Dei
1647 1558 1796 1592 visionem,
1817 1566 1889 1595 quae

1045 1612 1098 1631 non
1120 1607 1161 1632 est
1181 1603 1258 1631 aliud
1281 1611 1371 1640 quam·
1387 1603 1442 1631 vita
1463 1604 1604 1632 aeterna“.

1124 1650 1196 1678 Licet
1221 1654 1314 1679 autem
1344 1650 1544 1679 beatitudinem
1567 1651 1658 1680 statim
1682 1655 1743 1688 post
1773 1655 1889 1680 mortem

1045 1697 1145 1726 Christi
1169 1697 1318 1731 haberent,
1340 1706 1393 1725 non
1417 1701 1506 1726 tamen
1531 1698 1621 1727 locum
1645 1699 1824 1727 beatitudinis
1840 1702 1892 1728 sta-

1046 1744 1092 1772 tim
1115 1744 1231 1781 adeptae
1253 1748 1335 1778 sunt;
1357 1745 1487 1782 quoniam
1511 1745 1569 1782 ipse
1591 1745 1718 1774 Christus
1743 1746 1839 1774 debuit
1862 1746 1887 1775 in

1045 1791 1176 1819 omnibus
1194 1791 1360 1827 primatum
1382 1795 1475 1819 tencre
1495 1795 1522 1820 et
1540 1792 1754 1829 primoyem'czts-
1779 1801 1838 1820 esse
1860 1793 1891 1821 111

1048 1837 1148 1866 multis
1168 1836 1319 1874 fratribus
1340 1841 1472 1874 tanquam
1495 1842 1584 1875 capae
1605 1839 1729 1867 omnium
1746 1839 1772 1867 ¹⁰.
1790 1840 1892 1867 Resur-

1049 1884 1136 1912 rectio
1157 1888 1249 1912 antem
1273 1884 1373 1913 Christi
1396 1888 1423 1913 et
1444 1885 1505 1913 eius
1521 1886 1652 1913 ascensio
1674 1886 1779 1914 differri
1795 1886 1891 1915 delinit

1047 1934 1161 1968 propter
1183 1935 1292 1960 nostrae
1315 1931 1378 1960 fidei
1401 1932 1648 1961 confirmationem.
1673 1933 1734 1962 ldeo
1759 1933 1831 1961 enim
1855 1933 1893 1961 di-

1049 1978 1102 2006 lata
1131 1978 1182 2006 suit
1210 1979 1403 2012 resurrectio,
1432 1982 1464 2007 ut
1491 1980 1694 2011 ostenderetur.
1723 1980 1797 2017 qnod
1828 1987 1892 2009 vere

1047 2026 1175 2054 Christus
1204 2028 1332 2054 mortuus
1360 2026 1452 2054 fuerit.
1483 2026 1513 2054 Et
1542 2026 1603 2054 ideo
1631 2026 1712 2054 etiam
1736 2027 1819 2055 dilata
1842 2026 1891 2055 suit

1047 2072 1198 2105 ascensio,
1227 2075 1258 2101 ut
1282 2080 1332 2109 per
1363 2073 1449 2101 multa
1481 2077 1646 2110 argumenta
1677 2074 1893 2108 ostenderetur.

1049 2119 1123 2156 quod
1155 2127 1220 2147 vere
1252 2119 1461 2151 resurrexerit,
1496 2120 1651 2148 secundum
1683 2121 1758 2157 quod
1790 2120 1892 2149 dicitur

1049 2166 1165 2194 Actuum
1196 2166 1330 2202 primo¹¹2
1361 2166 1503 2194 Praebuit
1530 2167 1713 2203 semetipsam
1744 2167 1773 2194 z'n
1794 2167 1893 2195 maltis

1050 2212 1250 2249 armamentis,
1272 2221 1421 2249 apparens
1442 2213 1483 2241 eis
1504 2217 1554 2242 ete.
1577 2213 1712 2249 Quoniam
1729 2221 1795 2249 ergo
1816 2213 1890 2241 nulla

1049 2260 1141 2288 anima
1163 2260 1188 2287 in
1219 2259 1326 2288 eaelum
1350 2259 1447 2288 debuit
1474 2260 1625 2288 ascendere
1650 2264 1713 2288 ante
1735 2260 1892 2290 Christum.

1110 2417 1120 2431 ⁰
1137 2417 1170 2440 ad
1189 2418 1254 2439 Marc.
1273 2417 1308 2443 15,
1326 2417 1361 2439 33.
1374 2417 1452 2439 Glossa
1466 2416 1589 2439 ordinaria
1602 2417 1663 2444 apud
1677 2417 1784 2439 strabum
1803 2418 1892 2441 (sumta

1048 2463 1074 2478 ex
1092 2456 1166 2483 Beda)
1185 2456 1304 2478 observat:
1322 2456 1423 2478 Rationis
1441 2462 1508 2483 crgo,
1527 2456 1597 2477 immo
1615 2455 1706 2477 (livinae
1724 2457 1813 2483 pictatis
1836 2456 1894 2478 ordo

1050 2494 1168 2523 poscebat,
1188 2498 1210 2516 ut
1228 2494 1309 2516 codem
1328 2494 1437 2521 temporis
1456 2494 1561 2522 1111101110,
1579 2500 1625 2522 quo
1650 2497 1702 2516 tunc
1720 2495 1781 2517 Adae
1799 2501 1894 2522 pracva-

1049 2535 1127 2556 ricanu
1153 2534 1292 2560 occluserat,
1320 2539 1380 2555 nunc
1408 2533 1488 2555 latroni
1516 2533 1626 2555 Dominus
1654 2534 1776 2560 poenitenti
1802 2534 1894 2555 ianuam

1051 2572 1150 2600 paradisi
1172 2575 1297 2598 reseraret,
1319 2575 1341 2594 ct
1364 2578 1408 2600 qua
1427 2572 1480 2593 hora
1506 2572 1594 2599 primus
1611 2571 1683 2593 Adam
1702 2572 1818 2599 peccando
1837 2578 1895 2594 mor-

1051 2614 1095 2633 tem
1114 2611 1167 2632 huie
1185 2610 1272 2632 mundo
1289 2611 1415 2637 invexerat,
1434 2610 1515 2632 vadem
1534 2611 1587 2632 hora
1607 2610 1723 2632 secundus
1740 2611 1811 2633 Adam
1836 2617 1895 2633 mor-

1050 2652 1095 2672 tem
1114 2649 1233 2671 moriendo
1246 2649 1378 2671 destrueret.

1114 2689 1132 2703 ¹⁰
1149 2689 1222 2711 Colos.
1245 2689 1267 2715 l,
1290 2689 1330 2710 18:
1344 2689 1368 2711 Et
1385 2689 1434 2716 ipse
1451 2692 1485 2710 est
1506 2691 1575 2716 caput
1592 2690 1694 2716 corporis
1711 2689 1836 2714 Ecclesiae,
1855 2691 1894 2718 qui

1051 2732 1085 2750 cst
1107 2729 1257 2755 principium,
1280 2728 1446 2755 primogenitus
1467 2733 1494 2749 ex
1516 2729 1624 2754 mortuis,
1647 2732 1670 2750 ut
1692 2728 1719 2750 sit
1742 2728 1763 2750 in
1786 2728 1895 2750 omnibus

1051 2768 1100 2795 ipse
1118 2768 1240 2794 primatum
1264 2770 1349 2789 tenens.
1371 2767 1435 2788 Rom.
1458 2767 1483 2794 8,
1502 2767 1543 2789 29:
1564 2766 1591 2789 Ut
1612 2767 1640 2788 sit
1661 2768 1710 2794 ipse
1728 2768 1895 2795 primogenitus

1051 2807 1072 2828 in
1091 2806 1168 2828 multis
1185 2805 1300 2827 tratribus.
1316 2817 1348 2821 —
1366 2805 1397 2827 De
1414 2811 1506 2833 propos.
1525 2812 1572 2834 seq.
1591 2805 1630 2827 ctr.
1651 2812 1720 2833 supra
1739 2812 1760 2834 q.
1779 2806 1799 2828 3.

1114 2844 1131 2858 ¹¹
1153 2844 1217 2866 Vers.
1236 2845 1262 2871 3,
1280 2844 1308 2866 ad
1327 2850 1396 2872 quem
1414 2850 1508 2867 versum
1526 2845 1603 2867 Glossa
1622 2844 1745 2867 ordinaria
1763 2845 1825 2873 apud
1842 2851 1896 2867 eun·

1052 2883 1105 2906 dem
1123 2883 1230 2906 Strabum
1250 2883 1315 2910 (vide
1333 2889 1386 2911 pag.
1405 2882 1456 2911 457,
1475 2886 1526 2905 nota
1550 2884 1585 2910 6.)
1611 2886 1716 2906 annotat:
1740 2884 1895 2912 Quadraginta

1053 2923 1114 2944 horis
1131 2924 1236 2944 mortuus
1252 2922 1336 2950 suerat,
1355 2922 1505 2951 quadraginta
1524 2921 1606 2944 diebus
1623 2929 1647 2944 se
1664 2923 1743 2945 vivere
1761 2922 1887 2945 confirmat.

1902 1239 2007 1256 Conclusio.

1904 1757 1929 1775 na
1934 1757 1965 1774 tio.
