2166 3366
25 394 136 414 Notandum.

23 675 93 701 Solutio
106 679 139 697 op-

23 700 131 722 positorum.

32 771 136 791 Distinctio.

29 959 70 978 Atia
83 958 137 977 ratio.

23 1520 137 1539 Notandum.

797 167 880 195 DtsT.
903 168 932 195 11.
955 167 1026 195 ΑΒΤ.
1049 167 1067 195 Ι.
1088 167 1224 204 ΟΗΑΕΞΤ.
1246 167 1275 195 Il.

150 246 317 283 angelicam,
339 246 405 282 quia
428 245 516 273 maior
534 240 729 282 reperiebatur
752 245 825 273 inea
847 253 999 282 congruen-

150 293 188 322 tia
208 293 243 321 ad
266 292 476 329 suscipiendum
499 296 605 320 tantum
629 292 795 320 beneficium
819 292 928 320 divinae
951 292 998 320 mi-

151 339 334 373 sericordiae,
355 343 386 367 ut
413 346 464 375 per
486 338 555 367 illud
585 338 760 367 relevaretur
786 347 801 366 a
823 339 944 367 miseria.
960 355 998 359 —-

151 386 220 415 Haec>
240 389 334 414 autem
356 386 439 419 ratio,
461 393 533 422 quae
549 389 641 414 sumta
663 389 704 414 est
719 385 753 413 ad
776 385 891 413 hnmani
914 393 998 422 gene-

151 433 190 461 ris
204 432 437 469 reparationem,
453 432 592 461 efficacior
613 435 639 461 et
654 432 835 469 principalior
856 436 898 460 est
912 441 996 469 quam

150 479 334 517 praecedens,
356 479 434 516 quia,
457 479 530 507 sicut
549 479 652 516 supra¹
675 482 818 507 ostensum
835 479 899 511 fnit,
920 487 998 516 prae-

150 527 231 563 cipua
263 526 460 555 incarnationis
491 526 563 554 ratio
592 526 643 554 suit
671 525 787 554 humani
817 526 926 563 generis
954 534 998 554 re-

151 574 265 611 paratio.

234 622 256 648 1.
277 620 315 649 Ad
346 620 416 648 illud
438 628 505 656 ergo
533 620 608 656 quod
630 620 721 657 primo
750 620 893 653 obiicitur,
922 620 995 656 quod

151 667 271 704 Angelus
287 666 391 694 ratione
407 666 611 702 spiritualitatis
627 666 690 703 plus
705 666 833 695 convenit
852 674 914 694 cum
942 666 997 694 Deo

150 721 234 751 quam
264 713 365 747 homo3
394 713 563 747 dicendum,
596 713 670 750 quod
700 713 749 741 etsi
778 713 842 749 plus
870 713 998 741 convenit

151 761 302 794 intensive,
326 768 378 789 non
403 764 493 789 tamen
516 760 580 797 plus
595 760 724 789 convenit
746 759 897 788 ertensiue.
913 760 997 787 Homo

150 808 224 837 enim
253 808 381 836 convenit
404 807 430 835 in
461 807 657 844 spiritualitate
683 807 789 835 ratione
817 807 942 840 animae,
971 810 998 834 et

151 863 253 892 corpus
274 854 489 892 superadditum
514 854 578 882 facit
602 854 637 882 ad
667 854 868 882 conformitatis
890 853 998 882 maiori-

150 905 254 934 tatem;
276 905 303 930 et
324 901 363 930 sic
385 904 516 938 utroque.
539 900 668 929 videlieet
689 900 790 937 spiritu
816 903 843 928 et
865 908 998 937 corpore.

151 948 239 977 maior
252 948 282 977 fit
296 947 513 985 repraesentatio
524 947 746 984 exemplaritatis
758 947 867 975 divinae
878 947 896 974 ².
910 947 999 975 Prae-

153 999 245 1028 terea,
271 995 420 1032 praecipua
442 994 512 1023 ratio
541 994 738 1031 congruentiae
765 997 894 1030 respectu
919 994 998 1022 unio-

152 1042 195 1071 nis
217 1050 270 1070 non
292 1041 445 1070 attenditur
461 1044 588 1078 respectu
614 1041 726 1069 maioris
741 1041 949 1069 convenientiae
971 1041 997 1068 in

152 1088 364 1126 spiritualitate,
386 1088 433 1116 sed
456 1088 549 1124 potius
571 1087 677 1116 ratione
701 1088 813 1116 maioris
841 1087 998 1116 idoneitatis

151 1136 186 1165 ad
208 1136 416 1173 suscipiendum
440 1135 605 1164 beneficium
628 1135 738 1163 divinae
760 1135 977 1163 miserirordiae.

232 1184 257 1211 ⁶2.
280 1182 317 1210 Ad
341 1182 408 1210 illud
426 1182 499 1219 quod
516 1181 646 1210 obiicitur
672 1182 706 1210 de
729 1181 898 1210 exaltatione
921 1185 999 1210 natu-

152 1238 200 1259 rae
220 1233 373 1262 assumtae,
398 1229 564 1263 dicendum,
586 1229 660 1266 quod
689 1229 739 1258 etsi
766 1229 885 1266 Angelus
917 1229 998 1257 altior

152 1277 187 1305 sit
208 1279 309 1305 natura
330 1284 414 1312 quam
438 1276 535 1309 homo,
557 1283 607 1312 per
633 1276 749 1312 gratiam
774 1279 865 1304 tamen
888 1276 999 1305 unionis

153 1323 246 1352 decuit
267 1323 355 1360 magis
378 1322 518 1351 hominem
540 1330 625 1359 quani
654 1323 786 1359 Angelum
814 1323 950 1353 exaltari.
972 1326 998 1351 et

152 1370 186 1399 ad
209 1369 423 1407 confutandam
437 1369 607 1406 superbiam
632 1370 755 1399 luciferi.
770 1370 816 1406 qui
840 1370 896 1398 Deo
912 1370 997 1398 voluit

151 1417 279 1454 aequari,
300 1420 327 1445 et
341 1417 376 1445 ad
399 1416 661 1445 commendandam
674 1417 808 1453 qratiam
825 1417 885 1446 Dei.
908 1420 938 1445 ut
954 1425 999 1453 ap-

150 1468 259 1502 pareat,
275 1464 348 1501 quod
371 1463 531 1492 sublimatio
553 1464 579 1491 in
599 1463 687 1500 gloria
702 1472 756 1491 non
778 1464 813 1492 sit
828 1471 862 1492 ex
884 1469 997 1495 natura,

153 1511 202 1540 sed
217 1511 310 1548 potius
324 1518 359 1539 ex
375 1510 464 1547 gratia
480 1510 575 1538 divina
585 1510 602 1538 ³.
615 1527 654 1530 —
667 1511 696 1539 Et
718 1511 785 1539 haec
802 1514 843 1539 est
858 1511 940 1539 etiam
958 1519 999 1539 ra-

152 1557 202 1592 tio,
218 1565 305 1594 quare
320 1557 454 1585 Dominus
470 1560 564 1585 noster
579 1557 654 1586 lesus
669 1557 796 1585 Christus
814 1557 902 1594 magis
916 1557 999 1594 elegit

151 1612 290 1641 pauperes
304 1608 331 1632 et
353 1603 487 1640 ignobiles
501 1612 585 1640 quam
602 1607 743 1641 potentes,
758 1607 789 1632 ut
808 1603 998 1640 confunderet

150 1651 212 1679 alta
227 1655 252 1679 et
265 1649 373 1688 fortia,
389 1654 416 1679 et
430 1659 488 1678 vnon
502 1650 687 1687 qloriaretur
706 1650 736 1678 in
760 1654 911 1687 conspectu
934 1650 997 1678 eia-5

150 1698 244 1726 omnis
259 1701 414 1731 ereatura,
437 1697 503 1734 quia
530 1697 600 1735 Reqz'
619 1697 806 1725 saeculorum
835 1697 998 1725 immortali

151 1748 177 1773 et
198 1744 352 1778 invisibili,
373 1744 430 1772 soli
452 1744 523 1778 Deo,
545 1744 627 1773 debet
642 1752 702 1773 esse
718 1743 809 1772 hortor
831 1748 856 1772 et
868 1744 995 1781 9loria‘.

1870 170 1902 198 ltl

1135 245 1160 274 3.
1183 246 1219 274 Ad
1244 245 1312 274 illud
1329 246 1403 282 quod
1425 246 1568 279 obiicitur,
1585 246 1659 284 quod
1680 246 1799 283 Angelus
1819 248 1906 284 magis

1055 292 1196 329 indigebat
1217 300 1302 329 quam
1325 293 1423 326 bomo,
1445 292 1609 326 dicendum,
1631 293 1706 330 quod
1725 293 1826 321 salsum
1855 298 1904 322 est.

1054 339 1139 366 Homo
1161 339 1233 367 enim
1257 339 1377 367 totaliter
1401 339 1554 376 indigebat,
1577 340 1642 376 quia
1665 340 1786 368 totaliter
1811 341 1906 378 lapsus

1055 385 1162 413 suerat:
1185 385 1305 422 Angelus
1328 393 1394 414 vero
1416 394 1480 414 non.
1497 386 1527 414 Et
1547 386 1576 414 si
1590 390 1621 414 tu
1636 386 1748 420 obiici&
1769 387 1844 424 quod
1859 396 1904 415 an-

1055 432 1135 468 gelus
1152 432 1246 469 lapsus
1268 433 1354 469 magis
1370 433 1511 469 indigebat
1535 442 1619 470 quam
1637 434 1720 462 homo
1743 434 1850 471 lapsus,
1866 434 1903 463 di-

1054 479 1190 509 cendum,
1212 480 1286 516 quod
1318 480 1369 508 etsi
1393 480 1480 516 magis
1510 480 1667 517 indigebat,
1696 481 1789 510 minus
1811 485 1902 510 tamen

1054 526 1155 562 dignus
1177 530 1249 559 erat,
1277 527 1409 563 quoniam
1432 534 1469 555 ex
1498 528 1594 556 maiori
1618 528 1750 564 superbia
1775 536 1903 565 peccave—

1054 577 1105 600 rat.
1129 573 1204 601 Unde
1227 573 1386 602 Bernartius
1408 574 1435 602 in
1456 574 1600 603 Canticum
1614 574 1636 602 ⁵:
1665 586 1677 600 α
1698 575 1765 611 Quis
1789 579 1842 604 tam
1866 576 1905 604 in-

1054 619 1129 656 diget
1146 620 1350 654 misericordia,
1371 620 1443 649 sicut
1459 621 1562 649 miser?
1577 624 1604 649 et
1618 622 1681 658 quis
1698 627 1752 650 tam
1773 623 1903 659 indignus

1053 669 1094 694 est
1117 666 1323 699 misericordia,
1345 666 1416 695 sicut
1438 667 1522 695 miser
1544 668 1684 705 superbus
1703 672 1742 697 »ἵ
1764 669 1902 698 Praeter·
1918 675 1959 693 :xlia
1974 674 2028 693 ratio-

1054 721 1107 746 ea,
1138 713 1197 749 ipsa
1222 713 1358 746 assumtio
1388 714 1528 750 angelicae
1558 718 1675 743 naturae
1704 716 1801 752 angelo
1828 716 1903 753 lapso

1055 767 1108 787 non
1130 759 1288 796 prodesset,
1304 760 1383 796 quia,
1399 768 1462 789 cum
1485 761 1614 790 obstinati
1632 762 1686 790 sint
1707 763 1903 792 universaliter

1055 806 1082 834 in
1104 806 1222 837 malitia,
1244 815 1298 834 non
1322 806 1565 836 inflammarentur
1586 808 1619 836 ad
1648 809 1833 837 humilitatem
1854 818 1903 839 nec

1054 853 1088 880 ad
1105 853 1249 881 caritatem
1266 856 1316 890 per
1331 854 1533 882 exhibitionem
1550 855 1617 883 tanti
1635 855 1759 883 beneficii
1772 860 1798 884 et
1813 864 1905 885 exem-

1055 899 1101 936 pli.
1126 900 1155 928 Et
1177 899 1247 928 illud
1270 900 1399 929 videmus
1421 901 1503 929 hodie
1527 901 1553 929 in
1576 901 1672 930 multis
1694 903 1903 939 peccatoribus.

1055 946 1158 984 quibus
1174 950 1287 984 propter
1302 955 1382 975 suam
1398 948 1611 985 perversitatem
1628 949 1708 978 valde
1724 958 1823 986 parum
1845 958 1905 987 pro·

1056 993 1117 1021 dest
1139 993 1291 1021 incarnatio
1314 993 1425 1022 Christi.

1134 1041 1160 1068 [t.
1183 1040 1220 1068 Ad
1244 1040 1313 1069 illud
1335 1041 1410 1077 quod
1432 1041 1575 1075 obiicitur,
1599 1042 1673 1079 quod
1699 1044 1901 1079 praevaricatio

1055 1087 1156 1115 sumsit
1176 1087 1326 1116 exordium
1349 1088 1384 1116 ab
1406 1088 1520 1125 Angelo,
1538 1097 1603 1125 ergo
1625 1093 1652 1118 et
1668 1091 1807 1126 reparatio
1829 1090 1902 1119 simi-

1055 1134 1118 1162 liter
1139 1134 1221 1162 debet
1241 1134 1276 1162 ab
1298 1134 1345 1163 illo
1368 1135 1512 1167 inchoare;
1535 1136 1703 1168 dicendum,
1730 1137 1804 1174 qnod
1827 1146 1904 1174 prae-

1054 1181 1187 1210 varicatio
1210 1181 1324 1210 humani
1355 1183 1464 1219 generis
1494 1183 1594 1211 sumsit
1617 1183 1767 1212 exordium
1796 1192 1812 1212 a
1841 1184 1905 1213 dae—

1055 1236 1136 1256 mone
1151 1231 1178 1256 et
1193 1228 1228 1256 ab
1251 1228 1375 1260 homine:
1397 1229 1444 1257 sed
1461 1229 1496 1257 ab
1519 1230 1630 1258 homine
1646 1233 1778 1268 tauquam
1800 1240 1815 1259 a
1832 1232 1904 1268 prin-

1055 1275 1135 1312 cipali
1165 1279 1294 1309 auctore,
1323 1283 1339 1303 a
1361 1275 1495 1304 daemone
1525 1276 1596 1305 sicut
1625 1285 1641 1304 a
1670 1281 1847 1314 suggestore:
1877 1281 1903 1306 et

1054 1321 1185 1359 qnoniam
1208 1322 1336 1351 Christus
1364 1326 1461 1351 auctor
1483 1326 1524 1351 est
1547 1327 1658 1352 nostrae
1686 1324 1901 1360 redemptionis,

1056 1369 1117 1397 ideo
1139 1369 1227 1405 magis
1248 1369 1330 1397 debet
1352 1369 1436 1397 homo
1462 1369 1566 1398 assumi
1581 1370 1591 1383 ⁶
1613 1378 1697 1407 quam
1719 1371 1851 1407 angelus,
1873 1374 1904 1399 ut

1055 1416 1092 1444 sic
1115 1417 1255 1453 reparatio
1276 1416 1381 1445 directe
1404 1417 1571 1453 respondeat
1594 1417 1693 1454 lapsui.
1718 1418 1745 1446 Et
1772 1419 1904 1455 quemad-

1056 1463 1169 1491 modum
1193 1463 1219 1491 in
1244 1463 1322 1500 lapsu
1344 1463 1473 1492 diabolus
1495 1464 1603 1501 decepit
1628 1465 1727 1499 Evam,
1753 1466 1791 1494 sic
1814 1466 1839 1494 in
1863 1474 1904 1494 re-

1054 1510 1197 1546 paratione
1219 1510 1328 1539 Gabriel
1352 1511 1485 1539 instruxit
1508 1511 1620 1540 Mariam
1636 1512 1653 1539 ⁷.
1671 1513 1701 1541 Et
1721 1514 1900 1549 quemadmo-
1916 1517 2028 1536 Nomadum-

1054 1556 1122 1584 dum
1139 1557 1164 1584 in
1182 1557 1271 1593 primo
1286 1557 1371 1585 Adam
1388 1558 1458 1586 sacta
1474 1561 1515 1586 est
1531 1562 1643 1587 nostrae
1657 1560 1902 1596 praevaricationis

1054 1604 1270 1636 consummatio,
1292 1604 1331 1633 sic
1352 1612 1402 1641 per
1423 1605 1580 1634 secundum
1602 1606 1686 1634 Adam
1710 1606 1780 1635 facta
1795 1610 1836 1635 est
1858 1615 1902 1635 no-

1053 1653 1128 1679 strae
1150 1651 1349 1688 redemptionis
1364 1652 1503 1688 perfectio.
1519 1668 1557 1672 —
1570 1652 1600 1680 Et
1615 1652 1653 1681 sic
1669 1656 1744 1690 patet
1758 1654 1902 1690 responsio

1053 1697 1088 1726 ad
1110 1705 1143 1725 ea
1164 1706 1235 1734 qnae
1257 1698 1469 1727 obiiciebantur.

889 1859 1152 1896 SGHOLION.

209 1971 224 1993 1.
242 1971 339 1999 Egregie
356 1974 379 1993 et
395 1971 490 1999 copiose
507 1971 530 1993 S.
553 1971 636 1993 Doctor
661 1971 833 1993 conclusionem
859 1971 913 1993 satis
936 1976 996 1993 com-

147 2016 241 2033 munem
259 2010 349 2038 probat.
367 2010 465 2038 Quidam
484 2014 573 2038 autem,
591 2013 616 2032 ut
632 2010 655 2032 B.
673 2010 757 2032 Albert.
775 2010 821 2038 (nic
839 2017 858 2032 a.
878 2011 921 2039 2.)‚
939 2011 995 2032 ulte-

146 2050 195 2072 rius
207 2050 331 2077 progressi.
345 2050 435 2077 penitus
448 2049 574 2078 negabant,
587 2053 691 2072 naturam
704 2050 832 2077 angelicam
846 2056 896 2072 csse
909 2055 995 2072 assum-

146 2088 240 2116 tibilem,
253 2088 386 2116 praesertim
404 2088 457 2117 quia
477 2087 506 2110 ab
523 2094 548 2109 ea
567 2087 726 2115 inseparabilis
743 2088 771 2110 sit
793 2087 899 2110 discretio
917 2094 993 2116 perso-

146 2127 209 2149 nalis.
235 2127 306 2149 Etiam
333 2127 411 2149 Petrus
428 2133 439 2149 a
459 2127 512 2149 Tar.
530 2127 576 2155 (liic
593 2133 614 2155 q.
637 2127 654 2149 1.
673 2133 692 2148 a.
715 2127 743 2155 l.)
760 2127 822 2154 vult,
848 2127 911 2156 quod
930 2133 993 2155 prae-

146 2166 272 2189 scindendo
289 2173 301 2188 a
319 2167 418 2194 potentia
436 2166 476 2188 Dei
495 2165 611 2195 absoluta,
631 2174 642 2186 α
654 2172 696 2188 nec
714 2169 818 2188 creatura
837 2173 895 2194 pure
913 2172 993 2194 corpo-

145 2205 198 2227 ralis
215 2211 257 2227 nec
274 2211 332 2233 pure
349 2205 473 2232 spiritualis
485 2204 577 2227 unibilis
588 2205 655 2227 estin
674 2205 833 2232 personalitate
846 2205 925 2232 aliena,
939 2211 992 2227 curn

145 2249 190 2266 non
208 2243 291 2266 debeat
307 2250 348 2272 per
366 2245 473 2266 unionem
491 2243 546 2266 dari
562 2244 711 2272 personalitas
729 2243 814 2266 habere
833 2250 877 2266 non
901 2244 992 2272 valenti,

146 2289 188 2306 nee
204 2282 298 2312 auferri
313 2284 362 2306 sine
379 2284 567 2306 transmutatione
584 2283 688 2305 eiusdem
705 2290 802 2305 numero
815 2287 909 2306 naturae
922 2284 994 2311 possit

146 2322 271 2345 habenti».
289 2322 334 2345 Sed
351 2323 387 2344 alii
405 2322 512 2345 doctores
528 2324 682 2345 communiter
699 2329 752 2345 cum
771 2323 793 2345 S.
813 2323 901 2344 't'lioma
915 2323 947 2349 (S.
962 2323 992 2345 111.

145 2368 167 2391 q.
186 2361 207 2384 4.
224 2368 244 2384 a.
263 2362 283 2384 ·1.
301 2362 330 2384 ad
348 2362 379 2391 3.)
397 2363 477 2385 uolunt
497 2370 507 2382 α
520 2362 642 2384 excludere
660 2362 756 2385 totaliter
773 2361 946 2391 congruitatem
958 2368 994 2383 as-

1050 1971 1171 1993 sumtionis
1189 1972 1305 1999 angelicae
1324 1974 1417 1994 naturae.
1430 1980 1451 1999 u,

1050 2009 1202 2033 necessitatis.

1113 2049 1135 2071 11.
1155 2049 1245 2071 l'racter
1270 2049 1374 2072 laudatos
1399 2052 1520 2072 auctores:
1546 2051 1607 2072 Alex.
1626 2051 1689 2078 liat,
1707 2051 1729 2073 S.
1748 2058 1770 2079 p.
1788 2052 1820 2073 111.
1838 2058 1860 2081 q.
1879 2053 1899 2074 2.

1050 2095 1080 2111 m.
1098 2089 1119 2110 6.
1132 2101 1162 2104 —-
1174 2089 1247 2115 Scot..
1266 2089 1302 2110 liic
1319 2096 1341 2117 q.
1362 2089 1379 2111 1.
1399 2095 1420 2111 n.
1439 2089 1467 2117 ὃς
1487 2090 1580 2117 lleport.
1599 2090 1635 2112 liic
1655 2097 1676 2119 q.
1695 2091 1716 2112 2.
1729 2103 1758 2106 »-
1771 2092 1793 2113 S.
1807 2091 1897 2119 Tuom.²

1049 2128 1085 2149 hic
1102 2134 1124 2156 q.
1144 2128 1163 2150 1.
1182 2134 1202 2149 a.
1225 2129 1241 2149 1.
1260 2129 1402 2156 quaestione.
1421 2129 1450 2154 2:
1469 2128 1489 2150 S.
1508 2131 1549 2150 art.
1568 2129 1603 2151 cit.
1623 2141 1652 2144 —
1671 2129 1776 2152 llicliard.
1795 2137 1806 2152 a
1825 2130 1896 2158 Med„

1050 2167 1085 2188 hic
1102 2174 1122 2189 a.
1141 2167 1161 2188 11.
1179 2173 1201 2195 q.
1220 2167 1241 2189 3.
1258 2179 1290 2183 —
1306 2167 1380 2195 stigio.
1400 2167 1438 2195 R.‚
1462 2168 1498 2189 hic
1522 2174 1543 2195 p.
1569 2167 1582 2189 l.
1601 2174 1622 2196 q.
1646 2169 1662 2190 1.
1682 2175 1700 2190 ῑι.
1720 2169 1740 2190 3.
1759 2181 1788 2184 -
1806 2169 1899 2197 Dionys.

1049 2205 1138 2234 Carth.,
1157 2206 1193 2228 llic
1211 2212 1233 2234 q.
1252 2206 1272 2228 1.

1113 2246 1145 2267 lll.
1165 2245 1195 2267 De
1212 2246 1317 2274 sequenti
1334 2246 1376 2274 (3.)
1394 2248 1543 2275 quaestione:
1562 2248 1583 2269 S.
1603 2247 1699 2275 Tuom,
1719 2248 1754 2269 liic
1770 2254 1791 2276 q.
1809 2248 1826 2270 l.
1839 2254 1859 2269 a.
1872 2248 1898 2276 ἒς

1049 2285 1070 2306 S.
1090 2285 1121 2306 111.
1139 2292 1161 2313 q.
1180 2284 1200 2306 li.
1219 2291 1239 2307 a.
1258 2285 1278 2307 5.
1298 2297 1327 2300 —
1345 2285 1401 2307 petr.
1420 2292 1430 2307 a
1451 2286 1516 2314 Tar.,
1535 2287 1576 2308 loc.
1595 2287 1631 2308 cit.
1650 2293 1669 2308 a.
1688 2287 1708 2308 2.
1726 2299 1754 2302 —
1769 2287 1873 2309 {tu-tiara.
1887 2293 1898 2308 a

1050 2323 1119 2351 Mod,
1143 2324 1184 2346 loc.
1207 2325 1242 2346 cit.
1267 2330 1288 2352 q.
1311 2325 1332 2346 ⁴2.
1352 2337 1379 2340 —
1398 2324 1471 2352 AEgid.
1491 2325 1528 2353 lt„
1553 2325 1593 2347 loc.
1617 2326 1653 2347 cit.
1677 2332 1696 2347 a.
1720 2326 1740 2347 2.
1759 2338 1788 2340 —
1806 2325 1898 2353 Dionys.

1049 2362 1138 2390 Cartlr,
1157 2363 1193 2384 liic
1210 2370 1232 2391 q.
1251 2363 1272 2385 3.

1477 1972 1528 1994 lieet
1553 1972 1612 1994 desit
1630 1974 1762 2000 congruitas
1787 1979 1813 1995 cx
1838 1977 1902 2001 parte

209 2487 214 2501 ¹
235 2487 289 2510 Dist.
311 2488 329 2510 1.
347 2494 367 2510 a.
386 2488 406 2510 2.
425 2494 447 2516 q.
466 2488 487 2510 2.

206 2525 215 2540 ‘²
233 2525 277 2548 Cir.
295 2526 319 2548 ll.
336 2526 398 2548 sent.
416 2526 438 2548 d.
455 2527 489 2548 16.
506 2533 526 2549 a.
546 2527 566 2548 2.
584 2533 606 2555 q.
628 2527 645 2548 1.
663 2538 694 2542 -
712 2527 754 2549 Pro
771 2526 851 2549 maior
867 2526 893 2556 fii
910 2526 961 2548 coti.
975 2526 992 2548 ll

146 2564 225 2587 maior
240 2564 292 2594 suit.

206 2604 215 2619 ³
233 2604 278 2627 Csr.
296 2605 408 2632 August„
427 2604 482 2626 xm.
500 2605 529 2627 de
547 2605 609 2627 'ri-in.
628 2611 647 2626 c.
669 2604 702 2626 17.
721 2611 742 2626 n.
760 2605 797 2626 ⁶22.

207 2643 216 2658 ⁴
233 2645 302 2672 Epist.
321 2645 335 2666 Ι.
354 2644 413 2666 Tim.
433 2644 457 2672 1,
479 2644 512 2666 17.
530 2644 552 2665 ln
571 2643 762 2671 praecedentibus
779 2645 900 2671 respicitur
913 2645 927 2666 l.
940 2644 991 2666 Cor.

149 2683 172 2708 1,
191 2684 226 2705 26.
244 2690 308 2712 seqq.
327 2696 355 2698 —
375 2683 443 2705 Paulo
460 2683 568 2710 superius
594 2685 645 2710 post
668 2689 785 2712 pauperes
810 2683 861 2705 rod.
879 2684 897 2704 G
916 2683 992 2705 adiit-it

145 2729 218 2752 quam
235 2722 315 2745 divites
332 2725 354 2744 et
371 2722 422 2745 dein
442 2728 483 2750 pro
501 2723 522 2744 et
537 2727 585 2745 non
602 2721 718 2744 substituit
735 2723 761 2744 ul
777 2728 833 2744 non.

207 2761 217 2776 ⁵
233 2762 306 2784 Serm.
325 2761 361 2784 54.
381 2768 400 2783 n.
419 2761 446 2790 5,
467 2761 507 2783 sed
534 2764 621 2783 mutum
647 2761 815 2783 sententialiter.
843 2761 918 2783 Verba
943 2762 990 2789 ipsa

145 2804 219 2822 sumta
237 2803 290 2822 sunt
307 2806 334 2822 ex
351 2800 463 2827 August,
481 2799 514 2821 lll.
533 2799 561 2821 de
578 2799 625 2821 Lib.
645 2799 698 2821 Arb.
716 2805 735 2821 c.
757 2800 790 2820 10.
810 2806 831 2821 n.
850 2800 890 2826 29,
909 2799 947 2821 ubi
960 2800 992 2821 sic

145 2838 241 2866 legitur:
259 2838 318 2867 Quid
334 2839 396 2861 enirn
413 2841 458 2860 tam
477 2845 537 2866 opus
549 2838 636 2860 habens
649 2838 804 2860 misericordia
818 2845 888 2867 quam
903 2839 991 2860 miser?

145 2877 171 2899 Et
187 2877 243 2906 quid
262 2881 306 2900 tam
324 2878 445 2906 indignum
464 2878 619 2900 misericordia
638 2884 708 2906 quam
725 2877 843 2905 superbus
861 2879 948 2900 miser?
963 2890 991 2893 —

145 2916 214 2938 Paulo
232 2917 326 2939 inferius
343 2923 385 2944 pro
401 2916 570 2940 universaliter
586 2917 639 2939 edd.
662 2917 683 2944 l,
702 2917 715 2938 ‘3
733 2917 885 2939 nnlnrnlilfflr.

206 2954 216 2969 ⁶
233 2955 276 2977 Pro
293 2954 369 2984 matji-³
386 2954 449 2978 debet
475 2955 545 2978 homo
567 2954 659 2978 assumi
682 2962 755 2984 qimm
781 2955 895 2985 numius,
921 2962 990 2984 quam

269 3006 294 3029 S.
312 3006 400 3029 [imme.
420 3019 448 3022 —
467 3007 533 3028 Tom.
554 3007 585 3028 lll.

1049 2489 1168 2510 lectionem
1186 2495 1212 2510 ex
1229 2488 1297 2511 codd.
1316 2489 1332 2510 R
1344 2489 1361 2510 U
1372 2488 1402 2510 bb
1420 2490 1613 2517 restauravimus,
1631 2489 1683 2512 edd.
1697 2489 1773 2519 mayis
1785 2489 1850 2513 debet
1861 2497 1898 2513 rc-

1046 2527 1142 2556 paratio
1160 2526 1269 2550 inchoari
1285 2527 1315 2550 ab
1332 2527 1426 2550 homine
1437 2534 1510 2557 quam
1522 2527 1551 2551 al)
1563 2528 1656 2557 anyclo.
1670 2529 1712 2550 l‘ro
1724 2528 1816 2552 assumi
1827 2529 1895 2551 codd.

1049 2567 1067 2588 Κ
1079 2566 1097 2588 Μ
1108 2566 1125 2588 Ο
1143 2572 1199 2594 esse,
1219 2566 1270 2589 eod.
1288 2566 1304 2588 C
1322 2566 1452 2596 1·11pa1·11ri,·
1474 2568 1495 2589 in
1514 2568 1562 2589 aliis
1580 2568 1647 2590 codd.
1666 2569 1760 2590 omnino
1778 2568 1840 2591 deest
1858 2575 1896 2591 as-

1047 2604 1125 2631 sumi,
1146 2606 1199 2634 quin
1218 2606 1310 2634 aliquod
1328 2605 1389 2627 aliud
1408 2606 1505 2628 verbnm
1524 2606 1674 2629 substitutum
1692 2608 1720 2628 sit
1738 2613 1780 2634 pro
1798 2614 1833 2629 eo.

1110 2644 1119 2658 ⁷
1137 2644 1181 2666 Cir.
1199 2645 1253 2666 tien.
1272 2644 1298 2671 3,
1321 2645 1338 2666 1.
1356 2651 1432 2673 scqq.;
1451 2645 1504 2666 Luc..
1522 2646 1538 2672 l,
1557 2646 1594 2667 28.
1607 2652 1671 2674 seqq.
1686 2646 1743 2667 Vide
1756 2647 1823 2668 etiam
1842 2650 1895 2669 toni.

1049 2683 1071 2705 11.
1085 2690 1138 2711 pag.
1151 2683 1202 2710 516,
1217 2686 1266 2705 nota
1284 2683 1317 2710 lo,
1330 2686 1352 2705 ct
1363 2684 1436 2705 Serui.
1450 2684 1470 2705 2.
1483 2683 1511 2705 de
1524 2683 1634 2711 symbolo
1648 2684 1676 2706 ad
1690 2685 1816 2706 cau-cumn.
1829 2685 1897 2711 <inter

1048 2728 1117 2750 opera
1131 2723 1237 2750 August.)
1255 2728 1274 2744 c.
1293 2722 1313 2744 li.
1326 2729 1347 2744 u.
1366 2722 1386 2744 4.
1400 2722 1480 2750 Quoad
1497 2723 1598 2745 subnexa
1612 2723 1651 2745 cfr.
1665 2723 1729 2745 llom.
1743 2723 1767 2751 5,
1782 2724 1789 2745 l
1798 2723 1818 2746 ’1.
1831 2730 1895 2752 seqq.

1048 2764 1069 2782 ct
1082 2761 1095 2783 l.
1108 2760 1158 2783 Cor.
1175 2761 1210 2787 15,
1223 2762 1259 2783 2-2.
1272 2767 1336 2790 seqq.
1350 2774 1380 2777 —
1392 2762 1434 2783 l¹ro
1450 2763 1547 2784 nostrae
1556 2762 1771 2791 praevaricationis
1788 2769 1895 2785 cousum-

1048 2800 1120 2822 mutia
1133 2800 1183 2822 cod.
1198 2801 1213 2821 11
1232 2800 1337 2823 (titinium
1354 2800 1529 2829 praevaricatio
1536 2810 1545 2829 ‚·
1559 2808 1600 2829 pro
1612 2801 1826 2830 praecavirationis
1843 2802 1894 2824 cod.

1050 2838 1065 2860 U
1083 2837 1243 2861 ‹trtmmiez'rmis
1253 2857 1259 2866 ,
1279 2839 1347 2861 codd.
1365 2839 1381 2860 Λ
1392 2840 1409 2860 (1¹
1420 2839 1435 2861 l.
1446 2839 1462 2861 N
1473 2839 1491 2861 'l'
1504 2839 1521 2861 V
1531 2846 1556 2861 aa
1576 2843 1597 2861 et
1609 2840 1661 2862 cdd.
1679 2841 1684 2861 1
1696 2858 1701 2867 ,
1714 2841 1727 2862 2
1742 2841 1796 2862 salso
1809 2840 1895 2863 redem-

1046 2877 1133 2906 [ilionis
1142 2886 1151 2906 ,·
1168 2877 1219 2900 eod.
1238 2876 1258 2899 H
1276 2877 1375 2900 subinde
1392 2884 1434 2906 pro
1451 2877 1485 2901 sic
1500 2884 1543 2907 per
1559 2878 1691 2901 set-undum
1709 2879 1798 2901 exbibet
1816 2879 1849 2901 sio
1871 2879 1895 2901 in

1047 2916 1157 2939 serundo.

1751 3008 1763 3029 (ἱ
