2166 3366
248 173 303 201 164

920 170 1172 199 SENTENTIARUM
1191 170 1251 198 Llss.
1275 170 1314 198 111.

826 295 923 323 DUBIA
946 295 1040 323 ClRCA
1061 295 1226 323 LITTERAM
1247 295 1409 323 MAGISTRI.

611 393 678 421 Duo.
700 393 717 421 1.

323 488 351 515 16
373 490 452 524 parte
474 487 526 515 ista
547 489 612 515 sunt
634 486 810 523 quaestiones
825 486 898 514 circa
914 485 1049 519 litteram,
1065 488 1092 513 et

244 535 336 571 primo
357 534 502 571 quaeritur
524 533 558 562 de
580 534 633 562 1106
647 532 721 570 quod
738 533 821 567 dicit,
837 531 1027 569 Sacrificium
1043 533 1093 560 Ec-

245 581 349 610 clesiae
371 580 483 612 duobus
505 584 657 613 constare,
678 579 789 607 visibili
809 579 1013 607 elementorum
1034 587 1093 615 spe-

245 629 287 657 eie
307 632 333 656 et
354 627 496 656 invisibili
516 627 637 655 Domini
657 627 723 655 Iesu
746 625 858 655 Christi
871 634 961 654 carne
982 629 1007 654 et
1026 634 1093 653 san-

242 675 340 711 quine.
363 675 391 702 16
413 675 466 703 1106
487 674 561 702 enim
583 673 669 702 verbo
687 673 787 709 primo
807 672 919 701 videtur
933 672 1092 701 6336111361-

244 721 380 754 ficientia,
413 721 478 758 quia
499 720 534 749 ad
557 719 781 748 constitutionem
804 719 974 747 Sacramenti
997 718 1093 746 altaris

244 776 299 797 non
321 768 411 796 solum
433 770 606 796 concurrunt
627 766 698 800 duo,
731 765 817 794 immo
847 766 916 800 tria,
945 765 1092 799 videlicet,

245 815 415 844 elementum
438 814 565 843 exterius
577 836 584 847 ,
599 821 702 849 corpus
717 812 818 841 Christi
835 820 932 840 verum
949 815 976 840 et
991 819 1093 848 corpus

245 861 346 890 Christi
369 861 525 897 mysticum.
548 876 587 880 ——
607 860 690 894 Item,
716 859 828 888 videtur
850 859 877 887 in
906 858 992 887 verbo
1017 867 1068 887 suo
1082 858 1091 873 ¹

244 915 305 936 esse
327 907 526 943 repugnantia,
547 915 610 935 61161
631 906 697 934 (11611
712 905 854 934 invisibili
874 914 964 933 earne
982 908 1007 933 et
1027 914 1093 933 san-

243 954 353 992 quinem
385 962 450 982 caro
471 954 544 982 enim
568 956 595 981 et
616 953 730 989 sanguis
762 960 827 981 vere
859 955 924 980 sunt
955 960 1091 988 corpora:

245 1009 312 1038 ergo
333 1003 360 1029 61
381 1008 447 1029 vere
470 1000 596 1028 visibilia.
619 999 644 1027 Si
667 1007 733 1036 ergo
748 1007 812 1027 caro
827 999 927 1027 Christi
944 1006 1011 1026 vera
1025 998 1092 1032 fuit,

246 1051 331 1076 restat
352 1048 453 1084 igitur,
476 1047 551 1084 quod
573 1047 625 1081 suit
640 1046 766 1075 visibilis.
789 1063 827 1066 —
848 1046 930 1080 item,
954 1045 1035 1073 tertio
1057 1046 1093 1073 vi-

245 1094 344 1129 detur,
366 1094 439 1131 quod
464 1094 510 1122 illa
532 1093 685 1122 similitudo
708 1094 742 1121 sit
763 1093 873 1129 inepta,
895 1092 1026 1129 quoniam
1042 1092 1093 1121 Sa-

244 1144 429 1169 cramentum
457 1144 484 1169 et
511 1149 558 1168 res
588 1140 776 1168 Sacramenti
796 1140 822 1168 16
845 1140 978 1168 6611616111
1002 1147 1094 1175 perso-

244 1196 296 1217 nae
317 1196 371 1216 non
394 1190 581 1221 concurrunt,
597 1187 752 1216 secundum
768 1186 843 1223 quod
860 1187 934 1215 Deus
948 1189 975 1214 et
990 1186 1091 1214 homo:

244 1243 310 1272 ergo
332 1243 386 1263 606
410 1235 520 1263 videtur
543 1234 580 1262 ibi
603 1233 663 1262 sieri
686 1237 761 1261 reeta
782 1233 953 1261 assimilatio.

1148 393 1195 420 illo
1216 396 1398 429 cognoscatur
1426 396 1453 421 et
1484 393 1518 421 ad
1547 392 1693 421 utilitatem
1727 401 1822 422 veram
1854 397 1994 422 converta-

1149 442 1215 473 tur,
1237 440 1276 467 316
1298 439 1392 467 divina
1422 443 1524 468 natura
1551 440 1649 467 unitur
1671 440 1825 474 humanae,
1847 443 1879 468 ut
1907 441 1933 468 in
1961 448 1994 469 ea

1149 489 1382 522 cognosceretur;
1404 489 1430 514 et
1453 486 1516 515 inde
1537 489 1579 514 est
1600 486 1699 521 etiam,
1715 487 1789 523 quod
1805 486 1867 515 talis
1882 487 1994 516 unitas³

1149 532 1248 560 similis
1269 536 1310 561 est
1331 532 1369 560 illi
1402 533 1513 567 unioni,
1545 541 1600 569 qua
1631 533 1779 569 copulatur
1800 533 1918 562 verbum
1941 533 1994 570 ipsi

1148 579 1224 611 voci,
1246 581 1278 607 ut
1298 579 1333 607 ab
1354 579 1415 607 aliis
1439 579 1523 616 possit
1544 580 1679 616 cognosci.

1228 625 1259 653 Et
1280 633 1330 662 per
1352 626 1404 654 hoc
1419 629 1494 662 patet
1509 627 1653 663 responsio
1667 627 1701 654 ad
1717 626 1832 655 obiecta.
1848 627 1905 655 Non
1920 627 1994 656 enim

1149 672 1223 700 valet
1244 673 1319 709 quod
1341 672 1434 701 obiicit
1455 673 1490 701 de
1512 673 1722 707 insufficientia,
1737 673 1868 710 quoniam
1884 674 1919 702 ad
1935 682 1996 710 pro-

1150 719 1270 755 positum
1304 718 1447 747 sufficiunt
1477 719 1524 747 illa
1552 720 1609 748 duo
1631 720 1765 748 membra.
1786 736 1826 740 —
1847 720 1901 748 Nec
1922 720 1996 749 valet

1149 766 1224 802 quod
1255 765 1349 794 obiicit
1380 766 1415 794 de
1447 766 1645 803 repugnantia,
1671 766 1812 803 quianon
1834 767 1900 795 dicit
1927 767 1995 796 11666

1150 812 1222 846 (160,
1244 812 1373 841 videlicet
1394 820 1505 841 carnem
1522 816 1549 841 et
1563 813 1740 849 sanguinem,
1761 813 1909 841 invisibilia
1929 814 1996 841 sim-

1146 858 1262 895 pliciter
1275 859 1302 892 ⁴,
1325 859 1373 887 sed
1395 862 1478 895 prout
1494 863 1559 887 sunt
1572 859 1626 887 sub
1642 859 1833 887 Sacra-mento
1855 863 1994 888 contenta.

1150 922 1188 925 —
1209 905 1263 934 Nee
1284 905 1353 933 illud
1376 906 1451 942 quod
1473 906 1567 934 obiicit
1588 906 1622 934 (16
1645 906 1755 934 illarum
1786 906 1921 935 unionum
1944 907 1997 935 dis-

1150 953 1357 987 convenientia,
1385 952 1451 989 quia
1472 961 1525 981 non
1549 953 1609 981 vult
1631 953 1738 988 dicere,
1760 953 1834 990 quod
1867 953 1914 982 illa
1942 954 1996 982 3161

1150 999 1262 1027 0166160
1277 999 1393 1033 similia,
1414 999 1462 1028 sed
1477 999 1551 1036 quod
1567 999 1778 1028 similitudinem
1794 1000 1897 1029 habent
1912 1009 1997 1037 quan-

1150 1048 1209 1074 tum
1232 1046 1266 1074 ad
1289 1046 1342 1073 tria
1364 1045 1505 1082 praedicta
1518 1045 1536 1073 ⁵.

1512 1139 1580 1166 DUB.
1602 1139 1631 1166 ΙΙ.

1229 1232 1294 1260 11661
1317 1232 1391 1260 circa
1412 1233 1522 1261 tertiam
1538 1232 1711 1269 opinionem,
1727 1240 1799 1268 quae
1814 1232 1851 1260 ibi
1866 1232 1994 1269 ponitur:

323 1282 503 1310 Ruspouono:
525 1280 697 1313 Dicendum,
723 1280 797 1316 quod
821 1280 847 1307 in
866 1280 1044 1308 sacramento
1058 1278 1092 1306 al>

246 1329 314 1357 taris
335 1328 442 1364 duplex
464 1330 505 1356 est
528 1335 587 1360 res,
610 1327 738 1355 videlicet
758 1326 878 1363 signata
900 1329 926 1353 ec
946 1328 1092 1358 contenta,

245 1379 272 1404 et
293 1375 413 1412 siquam
438 1378 560 1402 tantum.
578 1374 609 1401 Et
624 1373 813 1410 Augustinus²
829 1372 855 1400 in
879 1376 957 1409 parte
972 1372 1024 1399 ista
1038 1380 1092 1399 606

246 1422 372 1458 loquitur
388 1421 422 1449 de
437 1429 469 1448 re
483 1420 602 1457 siynata
619 1423 747 1453 tantum,
763 1419 919 1448 cuiusmodi
935 1422 977 1447 est
992 1426 1094 1455 corpus

1150 1278 1225 1307 Sunt
1246 1282 1271 1306 et
1292 1278 1361 1312 alii,
1385 1279 1437 1316 qui
1457 1279 1488 1306 in
1510 1279 1715 1307 incarnatione
1731 1278 1816 1307 Verbi
1826 1282 1887 1312 etc„
1902 1282 2136 1324 601116-1113έ1111ῑῑὲῑΕΡ

1150 1326 1231 1361 dum⁷
1247 1326 1321 1362 quod
1339 1326 1391 1354 tria
1412 1326 1589 1354 insinuantur
1605 1327 1632 1353 111
1646 1326 1738 1354 littera
1754 1326 1827 1354 illius
1842 1326 1994 1363 opinionis,
2007 1312 2136 1353 ssffobffiiliss'fl‘

1150 1380 1221 1408 quae
1243 1372 1324 1400 valde
1346 1376 1411 1401 sunt
1432 1372 1635 1409 improbabilia.

1229 1419 1351 1447 Primum
1376 1427 1458 1453 vero,
1480 1427 1543 1448 cum
1566 1419 1646 1448 dicit:
1670 1420 1714 1447 Ex
1736 1428 1825 1448 carne
1846 1424 1872 1448 et
1891 1420 1995 1448 anima
2007 1423 2097 1442 Primum·

115 1334 229 1353 Notandum.

126 1755 232 1773 Similitudo

116 1779 192 1802 triplex.

246 1468 346 1496 Christi
380 1468 543 1504 mysticum,
576 1467 623 1495 sed
646 1467 680 1495 de
702 1475 733 1494 re
753 1466 873 1503 sinuata
894 1469 919 1493 el
940 1469 1092 1499 contenta,

246 1514 403 1543 cuiusmodi
426 1517 467 1542 est
488 1521 590 1550 corpus
613 1513 713 1541 Christi
737 1520 844 1541 verum.
861 1512 930 1540 Haec
945 1512 1017 1541 enim
1035 1512 1093 1540 sola

246 1565 302 1596 est,
324 1569 396 1598 quae
428 1561 492 1589 facit
519 1560 554 1588 ad
578 1560 767 1596 propositum,
790 1559 918 1588 videlicet
939 1559 974 1587 ad
996 1558 1094 1586 intelli-

246 1608 367 1644 gendum
390 1606 501 1635 unionis
523 1609 549 1635 et
571 1606 768 1635 incarnationis
790 1605 970 1642 mysterium,
993 1608 1020 1633 et
1041 1605 1093 1633 hoo

245 1657 359 1691 propter
381 1653 591 1682 similitudinem
615 1653 764 1689 utrobique
785 1655 935 1688 repertam.

326 1700 473 1737 Reperitur
495 1702 587 1728 autem
608 1699 644 1727 ibi
661 1699 814 1727 similitudo
830 1698 931 1735 triplex
942 1721 949 1732 ,
964 1698 1094 1726 videlicet

246 1751 382 1785 quantum
405 1747 439 1775 ad
462 1750 660 1775 emiremorum
675 1746 833 1779 unitatem,
850 1749 986 1782 quantum
1002 1745 1037 1773 ad
1053 1744 1093 1772 (Ii-

244 1795 426 1823 stinctionem
449 1795 506 1822 sive
528 1794 734 1827 diversitatem,
756 1796 783 1821 61
804 1796 939 1829 (16661661
956 1792 991 1820 ad
1006 1791 1092 1829 finem

246 1841 304 1870 sive
326 1840 483 1869 utilitatem.
504 1840 580 1868 Sicut
602 1839 674 1868 enim
698 1839 725 1867 in
748 1839 926 1867 Sacramento
941 1838 1037 1866 altaris
1052 1841 1093 1866 est

247 1888 352 1924 spec-ies
373 1887 490 1915 visibilis
512 1890 539 1914 61
560 1894 624 1914 caro
651 1885 752 1913 Christi
768 1885 930 1919 invisibilis,
954 1887 1037 1921 prout
1052 1888 1093 1912 est

247 1934 300 1962 sub
321 1934 369 1961 illo
390 1933 586 1966 Sacramento,
609 1932 647 1961 sic
670 1933 695 1960 in
718 1932 827 1960 Christo
849 1934 890 1960 est
913 1932 1035 1959 bumana
1050 1940 1095 1959 na-

247 1984 311 2009 tura
331 1988 399 2008 vera
420 1979 573 2013 sensibilis,
595 1982 621 2007 61
643 1979 752 2012 divina,
784 1986 856 2015 quae
877 1978 967 2007 solum
993 1981 1035 2006 est
1057 1978 1094 2006 in-

247 2027 406 2064 telligibilis.
428 2043 468 2046 ——
489 2026 646 2054 Similitudo
668 2026 750 2053 etiam
773 2029 814 2053 est
839 2028 974 2062 quantum
997 2026 1031 2053 ad
1055 2024 1095 2052 di-

246 2073 446 2106 stineliouem,
469 2072 599 2109 quoniam
633 2072 757 2100 exterior
789 2072 895 2108 species
923 2071 1040 2100 visibilis
1068 2074 1094 2099 et

247 2128 292 2149 res
314 2120 428 2148 interior
450 2127 503 2147 non
526 2122 698 2147 concurrunt
712 2119 747 2147 ad
763 2118 989 2147 constituendum
1006 2126 1093 2146 unum

247 2175 297 2204 per
319 2170 464 2200 naturam,
497 2166 544 2194 sed
574 2168 746 2194 concurrunt
767 2165 802 2193 ad
824 2173 913 2193 unum
936 2165 1095 2193 Sacramen-

249 2218 324 2248 tum,
346 2213 421 2250 quod
443 2216 484 2241 est
505 2220 594 2241 unum
616 2220 666 2248 per
687 2212 814 2240 ordinem
837 2215 863 2240 et
884 2215 1041 2248 respectum
1062 2211 1095 2239 si-

248 2260 293 2297 gni
317 2260 351 2288 ad
375 2260 523 2296 signatum.
546 2259 589 2287 Sic
609 2262 636 2287 et
658 2258 684 2286 in
706 2258 816 2286 Christo
838 2258 931 2286 divina
952 2263 1053 2286 natura
1068 2261 1094 2286 et

249 2307 372 2335 bumana
394 2314 447 2334 non
470 2305 642 2334 constituunt
663 2304 767 2341 aliquid
788 2304 916 2338 tertium,
932 2304 979 2333 sed
996 2304 1095 2332 uniun-

249 2357 295 2382 tur
316 2354 343 2381 in
365 2361 449 2381 unam
483 2352 670 2389 hypostasim,
702 2359 773 2388 quae
804 2352 952 2388 utriusque
978 2355 1094 2379 naturae

249 2403 290 2428 est
311 2399 504 2436 suppositum,
525 2402 552 2427 et
574 2399 600 2427 in
623 2406 677 2435 qua
697 2401 815 2435 utraque
832 2400 931 2426 natura
945 2406 996 2426 suo
1012 2398 1094 2426 modo

249 2446 497 2475 substantificatur.
532 2446 561 2474 Et
583 2449 718 2482 quantum
741 2445 775 2472 ad
799 2445 851 2473 hoc
872 2453 925 2473 non
948 2448 989 2473 est
1010 2445 1095 2473 omni-

250 2493 332 2521 moda
362 2492 531 2526 similitudo,
554 2492 600 2521 sed
624 2492 725 2528 partim
748 2492 916 2525 similitudo,
939 2495 964 2520 et
993 2491 1093 2528 partim

250 2539 457 2568 dissimilitudo.
479 2555 517 2559 -
540 2539 631 2567 Tertio
653 2538 806 2567 similitudo
827 2541 886 2572 est,
909 2538 992 2575 quia,
1024 2538 1095 2566 sicut

251 2594 295 2614 res
317 2585 486 2614 sacramenti
515 2586 612 2613 unitur
633 2585 765 2613 exteriori
789 2585 882 2621 signo,
904 2588 935 2613 ut
956 2585 1095 2613 mediante

1121 2487 1125 2614 1

1150 1466 1283 1503 aliquam
1313 1466 1511 1494 substantiam
1544 1467 1733 1503 compositam
1766 1466 1935 1505 diffitentur.
1967 1467 1996 1495 Et

1152 1512 1219 1540 illud
1252 1513 1426 1541 convincitur
1457 1512 1537 1541 esse⁶
1569 1513 1767 1549 improbabile,
1799 1513 1930 1550 quoniam
1959 1521 1995 1541 ex

1150 1558 1240 1586 forma
1261 1563 1288 1587 et
1310 1559 1426 1587 materia
1442 1559 1559 1587 resultat
1574 1567 1662 1587 unum
1678 1559 1872 1595 compositum.
1887 1559 1914 1587 Si
1929 1567 1995 1595 ergo

1149 1606 1242 1633 anima
1263 1606 1347 1634 habet
1361 1605 1518 1634 naturalem
1534 1606 1736 1634 inclinationem
1753 1606 1787 1635 ad
1803 1613 1905 1643 corpus
1924 1606 1996 1635 sieut

1150 1652 1185 1681 ad
1206 1652 1348 1689 propriam
1372 1653 1533 1687 materiam,
1555 1661 1638 1689 quam
1660 1653 1785 1690 perficit3
1806 1653 1995 1681 necessarium

1150 1702 1224 1733 erat,
1247 1707 1283 1727 ex
1305 1699 1397 1727 anima
1418 1703 1445 1727 el
1466 1707 1549 1727 carne
1571 1699 1598 1727 in
1620 1699 1729 1728 Christo
1747 1700 1858 1736 aliquod
1882 1699 1995 1728 tertium

1151 1745 1288 1774 constitui.
1312 1745 1381 1784 illud
1405 1749 1499 1774 autem
1521 1749 1569 1774 aut
1590 1749 1631 1774 est
1649 1746 1831 1780 substantia,
1854 1749 1902 1774 aut
1922 1746 1996 1775 aeci-

1151 1792 1240 1825 flens;
1271 1792 1406 1820 ciceidens
1432 1800 1505 1825 non;
1527 1796 1649 1826 constat,
1671 1793 1737 1830 quia
1758 1793 1913 1821 substantia
1941 1802 1996 1822 non

1150 1842 1192 1866 est
1223 1847 1288 1875 pars
1319 1838 1469 1867 accidentis
1483 1839 1510 1866 ⁷:
1532 1846 1645 1867 necesse
1666 1842 1707 1867 est
1729 1839 1829 1876 igitur,
1851 1840 1925 1876 quod
1948 1840 1996 1868 fiat

1151 1885 1215 1913 inde
1236 1884 1411 1913 substantia.

1230 1931 1309 1960 Aliud
1332 1931 1515 1968 improbabile
1544 1935 1585 1960 est
1606 1932 1632 1960 in
1656 1932 1708 1961 hoc
1736 1933 1811 1969 quod
1833 1933 1916 1962 dicit:
1933 1933 1995 1961 Illis
2008 1939 2121 1958 Secundum.

1152 1977 1265 2005 cliiobus
1296 1977 1372 2006 velut
1403 1978 1570 2006 indumento
1603 1978 1726 2007 Verbum
1750 1979 1802 2007 Dei
1820 1979 1995 2013 vestiretur,

1151 2028 1183 2052 ut
1197 2024 1370 2052 mortalium
1385 2024 1477 2053 oeulis
1492 2029 1684 2062 eonyruenter
1699 2029 1864 2062 appareret.
1881 2026 1905 2054 Si
1922 2026 1997 2055 enim

1152 2071 1204 2100 1106
1226 2079 1325 2099 verum
1346 2075 1432 2106 esset,
1461 2080 1525 2100 cun]
1548 2072 1640 2100 anima
1662 2080 1714 2100 non
1737 2076 1869 2109 appareat
1890 2073 1996 2107 oculis,

1151 2126 1205 2146 non
1227 2118 1404 2146 assumsisset
1425 2118 1556 2146 animam.
1578 2119 1609 2146 Et
1631 2118 1737 2147 iterum
1749 2141 1758 2152 ,
1774 2119 1795 2147 si
1812 2119 1938 2148 Christus
1952 2127 1997 2156 ap-

1152 2164 1268 2201 parebat
1288 2172 1349 2193 esse
1370 2165 1468 2199 homo,
1491 2168 1518 2193 et
1539 2173 1593 2193 non
1615 2168 1674 2193 erat
1696 2173 1780 2194 verus
1802 2166 1903 2200 homO,
1924 2166 1996 2195 alius

1151 2211 1316 2248 apparebat,
1332 2219 1414 2248 quam
1432 2215 1521 2240 esset:
1544 2219 1611 2248 ergo
1630 2212 1724 2249 aliqua
1742 2212 1847 2241 falsitas
1861 2215 1888 2241 et
1902 2213 1996 2249 aliqua

1151 2257 1276 2294 deceptio
1296 2257 1347 2286 suit
1362 2258 1388 2285 111
1405 2257 1529 2293 Christo,
1545 2258 1619 2295 quod
1635 2258 1747 2286 omnino
1761 2258 1995 2287 absurdissimum

1151 2307 1201 2332 est.
1224 2304 1331 2332 Veritas
1352 2304 1424 2332 enim
1447 2312 1498 2333 nec
1518 2304 1574 2333 falli
1597 2308 1687 2341 potest
1708 2313 1758 2334 666
1779 2305 1875 2333 fallere
1888 2305 1906 2333 Β.

1230 2351 1312 2385 ltem,
1335 2351 1446 2379 tertium
1471 2351 1654 2388 improbabile
1675 2355 1716 2380 est
1737 2352 1764 2379 in
1785 2352 1836 2380 1106
1858 2352 1932 2389 quod
1958 2352 1995 2381 di·
2008 2358 2097 2376 Tertium-

1152 2398 1202 2431 cit,
1225 2397 1272 2426 illa
1297 2397 1355 2426 cluo
1376 2398 1407 2426 in
1427 2397 1666 2435 siiiyula7²itatein
1697 2407 1839 2435 personae
1873 2398 1995 2427 Verbum

1152 2445 1205 2472 Dei
1225 2445 1416 2478 assumsisse,
1432 2445 1503 2482 quia
1518 2445 1576 2473 illis
1591 2445 1704 2473 duobus
1726 2445 1922 2473 accidentibus
1939 2454 1995 2473 non

1151 2495 1192 2519 est
1211 2500 1408 2528 personarum
1430 2500 1571 2519 numerus
1593 2495 1706 2520 auctus.
1729 2492 1754 2520 Si
1776 2492 1849 2520 enim
1871 2492 1923 2521 hoc
1952 2500 1995 2521 ve-

1152 2546 1214 2566 rum
1237 2541 1324 2572 esset,
1357 2546 1420 2566 cum
1449 2538 1594 2572 columba,
1617 2539 1642 2566 16
1665 2547 1720 2575 (166
1741 2539 1860 2575 Spiritus
1882 2542 1994 2568 sanctus

1151 2585 1297 2621 apparuit,
1320 2593 1372 2612 non
1395 2585 1507 2613 auxerit
1528 2593 1679 2613 numerum
1700 2593 1884 2622 personarum
1907 2585 1934 2613 in
1956 2586 1994 2614 di—

315 2761 321 2775 ¹
341 2762 382 2783 Pro
399 2767 443 2784 suo
460 2761 512 2783 edd.
530 2761 639 2784 secundo.

313 2799 323 2813 ‘2
340 2800 369 2821 Ex
387 2801 452 2821 cuius
470 2799 547 2827 verbis
564 2802 637 2822 textus
663 2801 730 2822 huius
747 2800 811 2822 dubii
829 2802 919 2822 sumtus
935 2803 982 2828 est;
1000 2801 1039 2822 cfr.
1058 2801 1094 2823 hic

253 2839 282 2861 lit.
302 2839 411 2866 Magistri,
430 2845 448 2860 c.
468 2838 488 2860 3.

315 2876 324 2891 3
342 2877 413 2899 Codd.
432 2877 476 2898 KZ
495 2877 526 2899 bb
551 2878 615 2900 unio.
642 2878 710 2900 Paulo
735 2879 828 2900 interius
853 2884 895 2906 pro
917 2879 992 2906 primo
1018 2877 1095 2901 obiicit

254 2916 321 2939 codd.
339 2917 355 2937 Α
366 2916 433 2937 BFG
444 2917 451 2938 1
462 2916 476 2937 L
487 2917 507 2937 X
525 2916 635 2944 ostendit,
655 2917 723 2939 codd.
740 2917 756 2939 C
767 2918 785 2939 M
796 2917 814 2939 O
831 2917 974 2945 ostenditur,
993 2917 1044 2939 cod.
1062 2917 1094 2940 bb

253 2954 315 2977 dicit.

1213 2760 1222 2775 ⁴
1240 2761 1311 2784 Codd.
1337 2761 1533 2783 AEGILNTX
1558 2768 1584 2783 aa
1610 2762 1685 2783 minus
1710 2767 1812 2789 congrue
1837 2767 1885 2784 non
1906 2760 1992 2790 simpli-

1151 2800 1215 2823 citer.

1214 2838 1223 2853 ⁵
1239 2838 1283 2861 Csr.
1302 2839 1337 2860 lV.
1356 2839 1415 2861 Seni.
1433 2839 1455 2861 d.
1474 2839 1494 2861 8.
1513 2845 1535 2866 p.
1554 2838 1575 2860 ΙΙ.
1594 2845 1613 2860 a.
1640 2839 1661 2860 2.
1680 2844 1701 2866 q.
1722 2839 1741 2860 1.

1213 2877 1222 2892 ⁶
1239 2877 1295 2900 Edd.
1313 2878 1334 2900 et
1350 2877 1411 2900 illud
1426 2877 1583 2901 communiter
1600 2877 1639 2899 est.

1213 2916 1223 2930 ⁷
1240 2916 1284 2938 Csr.
1302 2922 1371 2944 supra
1390 2922 1442 2944 pag.
1461 2915 1512 2944 1¹54,
1531 2920 1582 2938 nota
1600 2916 1620 2937 8.

1212 2954 1222 2969 ⁸
1240 2955 1297 2976 Vide
1315 2961 1384 2983 supra
1402 2955 1424 2977 d.
1443 2955 1463 2978 2.
1481 2961 1501 2977 6.
1519 2955 1539 2976 2.
1558 2961 1580 2983 q.
1599 2955 1619 2976 ¹l.
1637 2961 1701 2983 seqq.
