2166 3366
254 172 310 200 868

253 248 327 285 quod
351 248 417 276 mihi
439 250 585 284 propterea
607 246 712 274 dictum
736 245 854 279 videtur,
876 253 930 273 non
955 245 1031 282 quod
1053 245 1095 273 ia-

253 303 324 323 rare
345 295 379 322 sit
400 297 560 330 peccatum,
582 292 630 321 sed
656 292 722 329 quia
740 292 873 328 peierare
901 295 942 320 est
974 291 1095 320 immane

254 344 413 378 peccatum.
444 348 461 367 a
491 347 546 376 quo
578 347 627 366 nos
659 338 739 375 longe
766 346 827 367 esse
858 338 947 366 voluit
977 338 1039 374 qui,
1061 346 1095 366 ne

253 387 365 415 omnino
386 386 560 419 iuraremus,
582 385 753 413 commonuit
767 395 793 412 ».

332 433 359 460 ln
381 432 435 460 alio
455 432 537 460 etiam
553 432 697 466 errabant,
719 432 785 469 quia
799 431 962 465 credebaut,
985 431 1095 459 iuratio-

154 487 317 507 armenem
345 478 551 506 universaliter
579 485 639 506 esse
667 478 845 514 prohibitam.
878 478 908 505 Et
936 478 987 506 iste
1015 485 1095 505 error

254 525 328 553 venit
349 532 383 553 ex
407 524 552 552 manifesta
566 523 737 559 ignorantia,
759 524 824 561 quia
838 524 998 552 nescierunt
1019 523 1097 551 intel-

254 572 354 607 ligere,
376 570 451 607 quod
473 570 559 598 alium
581 577 693 598 sensum
717 570 781 598 facit
798 570 907 606 negatio
926 568 1097 606 praeposita

254 618 332 654 siguo
363 617 534 651 universali,
564 616 652 645 alium
683 624 797 645 sensum
829 617 893 645 facit
924 615 1096 653 postposita.

255 663 431 700 Praeposita
460 663 533 691 enim
560 663 624 691 facit
649 663 839 700 aequipollere
866 662 1029 700 particulari
1052 669 1096 690 ne-

254 710 358 747 gativo,
380 710 428 738 sed
447 709 610 746 postposita
630 709 695 738 facit
715 709 904 746 aequipollere
920 717 971 738 suo
992 712 1098 737 contra-

255 757 303 785 rio.
326 756 402 785 Unde
423 756 516 784 differt
537 756 645 784 dicere:
667 764 723 784 non
738 756 827 784 omnis
849 756 932 784 homo
954 755 1056 790 currit,
1071 758 1099 784 et

254 803 343 831 omnis
364 803 448 831 homo
462 811 517 830 non
538 802 626 831 currit
639 802 656 830 ¹.
678 802 814 831 Dominus
828 805 921 831 autem
944 810 997 831 non
1013 801 1096 830 dixit:

254 850 366 878 omnino
386 857 441 877 non
463 848 581 883 iurabis,
603 849 652 877 sed
667 848 753 877 dixit:
775 857 830 877 non
850 849 956 877 iurabis
977 848 1097 876 omnino.

254 897 331 926 Unde
352 904 405 924 non
428 895 571 932 prohibuit
592 904 703 923 omnem
726 895 921 929 iurationem,
937 895 985 924 sed
1007 895 1099 932 prohi-

255 944 327 978 buit,
343 943 416 980 quod
432 950 486 971 non
502 945 574 971 esset
589 942 669 970 omni
688 942 773 970 inodo
787 945 814 971 et
828 942 891 970 sine
905 942 986 970 omni
1006 950 1099 970 cansa

256 990 415 1019 iurandum.

337 1037 366 1065 Et
387 1037 449 1065 ideo
470 1044 566 1065 errore
581 1036 632 1065 isto
647 1036 754 1065 abiecto
769 1039 901 1073 tanquam
918 1035 1098 1064 irrationabili

139 1096 243 1115 eonciusio.
258 1087 284 1114 et
305 1083 475 1121 pernicioso,
507 1083 714 1111 concedendum
744 1086 803 1117 est,
826 1083 900 1119 quod
925 1082 1030 1111 licitum
1059 1085 1101 1110 est

257 1132 351 1160 iurare
374 1137 422 1167 per
443 1130 546 1163 Deum;
568 1132 594 1157 et
609 1129 660 1157 hoc
676 1129 860 1157 communiter
877 1131 950 1156 tenet
964 1128 1099 1156 universi-

258 1181 299 1206 tas
320 1176 454 1205 fidelium.
466 1192 505 1195 —
517 1175 588 1211 Quia
603 1178 695 1203 tamen
711 1183 764 1203 non
781 1175 820 1203 sic
834 1177 876 1203 est
898 1175 1017 1208 licitum,
1033 1175 1099 1211 quin

116 1235 204 1262 Quaestio
218 1235 245 1253 in.
257 1224 351 1260 aliquo
371 1222 453 1251 modo
476 1222 561 1258 possit
582 1229 643 1250 esse
664 1221 804 1254 illicitum,
828 1220 944 1249 dubium
968 1224 1010 1249 est
1030 1221 1101 1249 inter

140 1258 211 1277 “mm
258 1270 401 1304 doctores>
422 1272 517 1297 utrum
540 1268 634 1296 iurare
657 1275 706 1304 per
735 1267 822 1295 Deum
845 1266 919 1295 dicat
943 1269 1036 1295 actum
1060 1267 1102 1294 bo-

257 1324 329 1344 nnm
351 1315 381 1343 in
400 1323 519 1352 petiere,
542 1313 611 1342 aut²
634 1316 727 1342 actum
757 1312 974 1350 indifferentem.
1005 1313 1035 1341 Et
1055 1313 1102 1341 ali-

147 1374 215 1398 Opinio
228 1374 245 1392 1.
260 1362 362 1400 quibus
383 1362 473 1390 visum
495 1361 562 1395 suit,
584 1360 659 1397 quod
674 1360 768 1389 iurare
786 1368 841 1397 per
857 1360 949 1388 Deam
967 1363 1009 1388 est
1023 1363 1102 1389 actus

260 1409 351 1437 hovius
372 1408 403 1436 in
421 1416 538 1445 genere,
557 1407 664 1435 ratione
686 1410 779 1435 tamen
794 1406 940 1443 pronitatis
961 1406 1049 1443 ipsius
1064 1406 1103 1435 iu-

260 1455 347 1483 rantis
361 1454 459 1482 nialus
472 1457 514 1482 est
525 1462 579 1490 per
594 1452 782 1481 occasionem.
799 1453 900 1481 Dicunt
921 1453 1007 1487 enim,
1023 1452 1102 1481 illum

260 1504 352 1529 actum
381 1508 442 1529 esse
463 1500 568 1528 bonum
592 1500 618 1527 in
647 1507 761 1536 genere,
789 1507 840 1535 pro
861 1507 894 1527 eo
922 1499 996 1536 quod
1025 1502 1103 1527 actus

261 1547 359 1575 transit
380 1555 465 1583 super
486 1546 632 1575 materIam
654 1546 792 1579 debitam,
820 1546 885 1583 quia
906 1546 1055 1575 invocare³
1076 1546 1102 1574 in

262 1594 449 1622 testimonium
472 1596 546 1622 recte
568 1593 666 1621 transit
687 1601 773 1629 super
794 1594 882 1629 ipsam
905 1593 1064 1622 Veritatem.

340 1640 404 1668 Aliis
425 1643 518 1668 autem
539 1640 666 1673 videtur,
688 1639 763 1676 quod
786 1640 879 1668 iurare
901 1648 950 1676 per
965 1640 1054 1668 Deum
1070 1639 1105 1668 de

148 1699 216 1723 Opinio
229 1699 247 1717 ε.
262 1695 291 1717 se
312 1687 347 1716 sit
367 1685 550 1723 indifferens,
578 1687 643 1723 quia
665 1686 759 1714 divina
785 1686 892 1714 Veritas
921 1689 1011 1722 potest
1032 1686 1106 1714 invo-

261 1734 316 1763 cari
340 1741 390 1770 per
412 1733 601 1761 iuramentum
623 1733 650 1760 in
673 1733 861 1761 testimonium
884 1733 1008 1761 veritatis
1036 1735 1063 1761 et
1078 1732 1104 1760 in

264 1780 451 1810 testimonium
473 1779 616 1813 falsitatis3
638 1782 665 1807 et
686 1786 774 1807 unuin
790 1783 832 1807 est
852 1779 973 1813 bonum,
995 1782 1022 1807 et
1042 1779 1107 1807 alte-

264 1835 327 1856 rum
350 1830 391 1855 est
412 1826 538 1859 malum⁷
560 1825 625 1862 quia
646 1826 674 1853 in
695 1833 751 1853 uno
772 1825 804 1853 fit
832 1825 1001 1859 reverentia,
1023 1825 1049 1852 in
1071 1824 1107 1852 al-

124 1885 253 1911 vesamum
264 1877 324 1902 tero
345 1873 455 1901 iniuria.
470 1889 508 1893 —
522 1872 599 1900 Unde
614 1875 691 1905 nota,
707 1872 782 1908 quod
798 1871 911 1908 quidam
934 1874 999 1899 sunt
1013 1874 1106 1904 actus.

147 1913 226 1931 ΨΜ*
265 1919 311 1956 qui
327 1919 465 1955 pertinent
486 1918 521 1946 ad
537 1918 663 1946 divinum
684 1917 807 1951 cultum,
822 1921 853 1945 ut
874 1917 989 1945 laudare
1004 1916 1107 1949 Deum;

265 1968 292 1993 et
312 1965 355 1993 isti
378 1968 444 1993 sunt
472 1964 539 1992 boni
563 1972 616 2000 per
637 1972 667 1991 se
688 1967 715 1991 et
743 1963 903 1991 secundani
928 1972 965 1991 se.
988 1963 1107 1999 Quidam

266 2019 333 2039 vero
354 2014 419 2039 suut
434 2014 527 2044 actus,
550 2010 596 2047 qui
613 2013 677 2038 sunt
697 2010 733 2038 ad
747 2010 919 2046 opposituni;
935 2013 962 2038 et
978 2009 1020 2038 isti
1043 2012 1109 2038 sunt

262 2066 316 2094 per
337 2066 366 2085 se
386 2057 475 2090 mali,
497 2060 528 2084 ut
544 2056 739 2093 blasphemare
759 2056 858 2084 Deum.
873 2056 992 2092 Quidam
1013 2059 1107 2084 autem

266 2107 331 2133 sunt
351 2104 444 2132 medio
466 2104 560 2137 niodo,
583 2103 655 2132 sicut
675 2107 754 2132 actus
775 2103 902 2136 iurandi,
928 2103 995 2139 qui,
1017 2102 1039 2130 si
1060 2102 1109 2130 fiat

266 2154 440 2182 reverenter,
462 2154 503 2179 est
524 2151 559 2178 ad
581 2150 686 2178 cultum
710 2150 773 2183 Dei;
796 2150 817 2178 si
840 2149 887 2177 siat
902 2150 1108 2183 irreverenter,

266 2201 307 2226 εει
328 2197 363 2225 ad
385 2197 602 2233 oppositum.—
623 2196 686 2224 ldeo
708 2196 816 2230 dicunt,
838 2196 913 2232 quod
936 2196 1030 2224 iurare
1056 2204 1108 2232 per

269 2243 358 2271 Deion
375 2242 481 2271 licitum
503 2246 544 2271 cst
559 2242 630 2271 sicut
651 2240 832 2279 indifferens,
849 2242 924 2278 quod
942 2245 1033 2278 potest
1047 2242 1106 2270 fieri

331 2466 337 2480 ¹
356 2467 443 2494 Regula
463 2467 518 2488 haec
536 2466 645 2488 fundatur
661 2467 683 2487 in
701 2472 740 2493 eo,
759 2466 821 2494 quod
840 2466 950 2493 particula
967 2471 1029 2493 non,
1049 2472 1108 2493 quae

268 2508 292 2526 ut
305 2504 393 2532 dicitur,
407 2507 440 2526 est
452 2504 596 2531 malignantis
608 2508 714 2531 naturae,
727 2504 823 2526 destruit
834 2504 883 2526 sive
895 2506 1020 2525 counnutat
1032 2504 1111 2531 (quan-

268 2546 316 2565 tum
334 2543 363 2564 nd
381 2542 520 2572 qualitatem
537 2545 559 2564 et
576 2541 732 2571 quantitatem
749 2543 922 2570 propositionis)
940 2548 1009 2564 omne
1028 2544 1050 2564 et
1067 2546 1111 2564 tan-

270 2585 317 2603 tum
335 2582 356 2603 id
375 2582 438 2609 quod
454 2583 506 2610 post
523 2587 546 2604 sc
563 2582 655 2603 invenit.
674 2581 717 2603 Ctr.
735 2582 838 2608 Aristot.,
857 2582 878 2602 ll.
901 2581 1024 2603 Perihcrm.
1048 2587 1066 2603 c.
1092 2581 1111 2602 l.

270 2619 297 2646 (c.
320 2620 378 2648 10.);
397 2620 453 2641 Deir.
477 2620 582 2647 Hispan,
606 2620 718 2641 Summul.
743 2622 768 2641 tr.
796 2620 811 2641 1.
835 2625 853 2641 c.
877 2619 904 2642 de
926 2618 1113 2648 Aeqnipollentia

269 2658 464 2687 propositionum.

332 2697 341 2711 2
359 2697 429 2719 Codd.
448 2697 493 2718 GH
504 2697 519 2718 L
536 2703 574 2719 an.

333 2735 342 2749 ²³
359 2735 430 2757 Codd.
449 2735 493 2757 AU
511 2735 621 2758 invocare
643 2735 779 2763 Veritatem,
803 2735 853 2757 cod.
871 2735 887 2756 F
904 2735 980 2758 Deum
996 2734 1114 2758 invocare.

333 2773 342 2787 ⁴
359 2774 421 2795 Δ11311.
440 2774 468 2796 ab
486 2774 574 2801 lnsulis,
594 2774 616 2795 ll.
642 2778 719 2796 contra
745 2774 886 2801 [lat-reticos,
913 2780 931 2795 c.
959 2774 999 2796 18:
1017 2774 1051 2796 Ad
1073 2775 1116 2796 hoc

273 2812 381 2839 dicionis,
400 2813 460 2841 quod
478 2814 553 2835 iurare
571 2814 592 2834 in
610 2819 634 2835 se
652 2819 726 2841 neque
751 2812 839 2835 honum
864 2819 939 2841 noque
957 2813 1042 2835 malum
1066 2816 1114 2841 est,

273 2851 312 2872 sed
330 2850 484 2880 incliffercus;
501 2852 624 2879 aliquando
642 2854 716 2873 [anien
738 2852 823 2873 malum
847 2854 891 2879 cst,
918 2851 1040 2879 aliquando
1063 2858 1115 2873 non.

274 2889 358 2916 Sponte
375 2890 435 2911 enim
448 2893 470 2911 et
482 2891 531 2912 sine
543 2891 675 2912 necessitate
687 2891 774 2918 iurare,
786 2890 824 2912 vel
836 2890 917 2912 salsum
930 2890 1015 2918 iurare,
1030 2890 1116 2918 grande

275 2929 393 2953 peccatum
411 2930 455 2954 σευ
473 2934 499 2949 cx
518 2928 649 2950 necessitate
667 2931 743 2950 autom
760 2929 848 2956 iurare,
867 2928 951 2950 scilicet
972 2927 999 2949 ad
1017 2934 1117 2950 asseren-

925 168 1176 197 SENTENTIARUM
1198 168 1257 196 Ltss.
1280 168 1318 196 111.

1152 246 1222 274 bene
1242 248 1270 273 et
1291 245 1363 274 male
1376 245 1402 279 ⁴¹;
1424 249 1451 274 et
1471 246 1537 282 quia
1558 245 1719 273 indifferens
1737 245 1855 273 diversis
1876 253 1911 273 ex
1934 253 1996 273 cau-

1152 292 1190 320 sis
1210 294 1301 328 potest
1321 299 1382 320 esse
1403 292 1509 320 occasio
1531 291 1647 320 cadendi
1670 291 1697 318 in
1720 290 1824 319 malum
1844 293 1871 319 et
1892 291 1995 319 vitandi

1153 337 1274 366 malum:
1297 338 1361 366 hinc
1381 341 1438 372 εει,
1459 338 1533 374 quod
1555 337 1691 366 Dominus
1722 337 1872 373 aliquando
1903 340 1996 365 monet

1152 387 1180 412 et
1200 384 1307 412 inducit
1338 384 1464 413 homines
1497 384 1532 412 ad
1554 383 1706 412 iurandum
1735 391 1789 420 per
1819 383 1928 418 Deam,
1950 383 1997 412 ali-

1152 430 1264 466 quando
1286 430 1411 458 retrahit.
1432 430 1460 458 In
1484 431 1569 459 veteri
1592 431 1663 467 Lege
1678 430 1827 458 inducebat
1847 430 1883 458 ad
1905 430 1997 458 iuran-

1152 476 1220 505 dum
1242 484 1292 513 per
1316 476 1423 511 Deum,
1451 480 1482 505 ut
1502 484 1553 513 per
1584 477 1636 505 hoc
1657 479 1856 505 revocarentur
1888 484 1904 504 a
1925 476 1999 504 iura—

1152 525 1246 551 mento
1267 522 1423 556 idolorum,
1445 531 1508 551 cum
1531 522 1657 551 dicebat:
1680 523 1789 551 Reddes
1810 523 1934 551 Domino
1955 523 1997 551 ia-

1153 572 1289 598 ramenta
1311 573 1372 598 tna.
1398 569 1426 597 ln
1448 577 1519 598 nova
1547 570 1617 606 Lege
1639 570 1772 604 retrahit,
1801 573 1833 598 ut
1854 570 1996 604 ostendat,

1153 616 1310 652 periurium
1325 623 1385 644 esse
1400 616 1572 652 fugiendum.
1582 617 1660 644 ——Et
1677 624 1727 653 pro
1742 618 1817 644 tanto
1830 616 1908 644 iuxta
1924 616 2099 663 hunfflu‘iciffi?
2107 626 2140 639 au-

1154 662 1269 691 modum
1292 662 1402 691 dicendi
1434 662 1500 691 satis
1530 663 1731 691 rationabiliter
1760 663 1890 697 videtur,
1923 662 1998 699 quod
2094 658 2098 662 ”

1154 708 1259 737 iterare
1285 717 1338 745 per
1360 709 1451 737 Deam
1474 709 1508 737 sit
1536 709 1642 738 licitum
1668 713 1800 746 tanquam
1820 708 1997 747 indifferens.

1155 754 1217 783 Sive
1245 758 1338 783 autem
1360 754 1395 783 sit
1416 754 1600 793 indifferens,
1623 756 1682 784 sive
1703 755 1809 784 bonnm
1831 755 1862 783 in
1880 764 1999 793 qaaere,

1155 802 1221 839 quia
1242 805 1396 839 utrumque
1424 805 1514 839 potest
1535 802 1588 831 dici
1618 802 1684 831 satis
1704 802 1887 839 probabiliter
1903 802 1922 836 ⁵,
1947 802 2000 831 hoc

1155 857 1206 886 pro
1241 852 1316 878 certo
1347 849 1498 878 tenendum
1531 852 1590 882 est,
1623 849 1696 885 quod
1733 849 1838 877 licitum
1874 851 1915 877 est
1949 856 2000 885 per

1155 895 1244 924 Deum
1276 895 1389 929 iurare3
1418 898 1445 923 et
1476 895 1669 924 concedendae
1699 898 1765 923 suut
1795 895 1916 923 rationes
1947 895 2000 924 hoc

1155 941 1341 970 ostendentes.

1238 989 1261 1016 l.
1284 988 1322 1016 Ad
1344 987 1415 1016 illud
1436 996 1503 1017 vero
1525 988 1599 1025 quod
1614 988 1744 1017 obiicitur
1765 988 1792 1016 in
1815 988 1999 1022 contrarium,
2013 998 2085 1025 samio
2098 1003 2130 1021 op.

1157 1034 1230 1070 quod
1253 1038 1332 1063 actus
1347 1034 1397 1063 iste
1418 1038 1460 1063 est
1474 1035 1648 1071 prohibitus;
1671 1034 1833 1068 dicendum,
1856 1034 1931 1071 quod
1945 1042 2001 1062 non
2013 1023 2124 1045 ¹³⁰⁵¹‘⁰‘⁰¹²''

1157 1080 1322 1116 prohibetur
1343 1084 1422 1109 actus
1443 1081 1510 1115 iste,
1531 1081 1597 1117 quia
1618 1081 1709 1109 malus
1731 1084 1788 1114 est,
1809 1080 1859 1109 sed
1880 1081 1945 1117 quia
1959 1088 2001 1109 oc-

1157 1127 1231 1154 casio
1256 1129 1297 1155 est
1324 1127 1402 1161 mali;
1423 1135 1473 1156 nec
1495 1127 1577 1155 etiam
1600 1127 1766 1164 prohibetur
1788 1127 2000 1161 universaliter,

1157 1172 1205 1201 sed
1222 1173 1396 1209 prohibetur,
1411 1176 1442 1201 ut
1457 1173 1519 1210 quis
1534 1182 1587 1202 non
1604 1175 1677 1202 iuret
1691 1173 1886 1202 irreverenter.
1904 1174 1934 1202 Et
1948 1174 2001 1202 hoc

1158 1218 1290 1255 importat
1306 1219 1394 1255 ipsius
1415 1219 1493 1248 verbi
1509 1220 1645 1248 sententia
1655 1220 1673 1254 ⁵,
1694 1220 1849 1249 secundum
1865 1220 1940 1257 quod
1955 1227 2002 1248 ex-

1158 1265 1301 1301 planatum
1323 1268 1365 1294 est
1386 1273 1480 1302 supra.

1238 1313 1263 1339 Ξ.
1286 1312 1323 1340 Ad
1353 1312 1422 1340 illud
1454 1313 1528 1349 quod
1557 1313 1702 1347 obiicitur,
1728 1313 1801 1349 quod
1831 1313 1925 1342 iurare
1952 1321 2002 1350 per

1158 1358 1248 1386 Deum
1270 1358 1314 1386 vel
1335 1361 1377 1387 est
1398 1359 1599 1395 perniciosum,
1621 1359 1665 1387 vel
1686 1359 1890 1396 periculosum;
1912 1360 2002 1388 dicen-

1159 1405 1241 1439 dum,
1263 1405 1338 1441 quod
1357 1405 1556 1441 periculosam
1576 1405 1679 1434 dicitur
1707 1406 1812 1443 aliquid
1834 1406 2001 1443 dupliciter:
2039 1415 2134 1441 Peneum-

1159 1454 1208 1479 aut
1229 1452 1295 1488 quia
1317 1452 1433 1487 periculi
1455 1460 1563 1485 cansa,
1584 1455 1633 1480 aut
1654 1452 1719 1489 quia
1739 1452 1857 1489 periculi
1879 1453 2002 1481 occasio.
2015 1438 2134 1481 ἓῗιῖπᾶὲῗὲῗῖ

1160 1497 1256 1526 Iurare
1277 1501 1371 1526 autem
1400 1505 1450 1534 per
1471 1498 1559 1526 Deum
1589 1498 1691 1527 dicitur
1712 1506 1772 1527 esse
1794 1499 2003 1536 periculosum,
2016 1487 2053 1503 “¹¹''

1161 1552 1216 1572 non
1238 1545 1304 1581 quia
1325 1552 1419 1573 caasa
1437 1544 1705 1582 periculi—-potest
1719 1545 1792 1574 enim
1814 1553 1875 1574 esse
1897 1545 2005 1574 merito-

1161 1591 1235 1619 rium
1258 1594 1285 1619 et
1306 1591 1409 1619 bouum
1427 1608 1467 1611 —
1480 1591 1528 1620 sed
1551 1591 1616 1628 quia
1637 1591 1751 1619 occasio
1772 1592 1909 1628 periculi⁷
1930 1592 1958 1620 in
1973 1599 2005 1620 eo

1161 1638 1208 1674 qul
1231 1646 1286 1666 non
1308 1638 1456 1674 diligenter
1476 1638 1622 1672 observat,
1644 1638 1764 1675 qualiter
1786 1639 1868 1666 iurat.

1241 1684 1267 1712 3.
1289 1684 1328 1712 Ad
1355 1684 1425 1713 illud
1451 1685 1525 1721 quod
1557 1684 1699 1718 obiicitur,
1727 1684 1802 1721 quod
1824 1692 1906 1713 omne
1936 1684 2006 1713 illud

1162 1731 1238 1768 quod
1260 1730 1312 1759 sibi
1341 1731 1470 1759 relictum
1499 1735 1541 1759 est
1563 1731 1667 1759 malum
1690 1731 1725 1759 de
1754 1739 1799 1765 se,
1824 1731 2006 1760 iudicandum

1163 1780 1205 1806 est
1227 1777 1332 1806 malum
1353 1782 1381 1806 et
1402 1778 1543 1812 illicitum;
1569 1778 1732 1812 dicendum,
1754 1778 1829 1815 quod
1858 1778 2006 1814 dupliciter

1163 1824 1296 1860 contingit
1316 1824 1487 1860 intelligere,
1509 1827 1601 1853 actum
1631 1824 1740 1853 iurandi
1764 1833 1814 1861 per
1842 1825 1930 1853 Deum
1950 1825 2008 1853 sibi
2019 1833 2146 1864 nupiefsen-

1163 1870 1292 1908 relinqui
1298 1880 1306 1898 .·
1322 1873 1370 1899 aut
1385 1871 1587 1899 considerando
1601 1871 1693 1907 ipsum
1716 1871 1904 1899 iuramentum
1920 1871 1950 1899 in
1964 1880 2006 1906 se,
2055 1861 2093 1874 ⁵⁰*

1164 1920 1191 1945 et
1212 1917 1251 1945 sic
1271 1926 1329 1945 non
1350 1920 1391 1945 est
1411 1917 1541 1950 malum,
1563 1917 1613 1945 sed
1635 1917 1678 1945 vel
1701 1921 1743 1946 est
1763 1917 1947 1955 indifferens,
1963 1918 2006 1946 vel

1165 1963 1271 1991 bonum
1293 1963 1324 1990 in
1342 1971 1462 2000 yenere;
1483 1966 1532 1991 aut
1553 1964 1708 1992 secundum
1731 1964 1806 2000 quod
1827 1964 1858 1992 fit
1873 1964 1900 1992 in
1921 1972 2005 2000 opere

1161 2013 1280 2045 praeter
1301 2017 1425 2037 cansam
1446 2012 1474 2037 et
1494 2009 1648 2037 utilitatem
1665 2010 1683 2044 Β,
1705 2013 1732 2038 ει
1753 2010 1792 2038 sic
1812 2010 1925 2039 malum
1946 2014 2005 2044 est,

1165 2063 1215 2092 pro
1237 2063 1269 2084 εο
1290 2055 1365 2091 quod
1393 2058 1435 2084 est
1456 2055 1492 2083 ibi
1522 2056 1640 2092 privatio
1662 2056 1725 2085 finis
1746 2056 1831 2084 debiti
1861 2059 1888 2085 et
1908 2057 2007 2093 positio

1165 2102 1363 2130 irreverentiae
1385 2110 1420 2129 ex
1442 2102 1509 2136 hoc,
1538 2102 1612 2138 quod
1634 2102 1735 2139 aliquis
1756 2105 1867 2139 praeter
1895 2110 2008 2131 causam

1165 2151 1192 2176 et
1213 2148 1360 2177 utilitatem
1382 2152 1409 2176 et
1424 2148 1613 2177 necessitatem
1644 2149 1766 2177 divinam
1798 2149 1947 2178 Veritatem
1969 2157 2010 2178 as-

1166 2194 1251 2222 sumit
1267 2195 1293 2222 in
1309 2197 1414 2222 testem.
1437 2195 1636 2223 Verumtamen
1658 2203 1693 2223 ex
1709 2195 1760 2224 hoc
1775 2203 1829 2223 non
1845 2198 1934 2232 potest
1949 2203 2010 2224 con-

1166 2241 1255 2275 010111,
1271 2241 1345 2277 quod
1367 2241 1461 2269 iurare
1475 2249 1525 2277 per
1540 2241 1628 2270 Deum
1652 2241 1823 2278 simpliciter
1845 2241 1879 2270 sit
1894 2241 2008 2270 malum.

1168 2465 1220 2488 dam
1238 2466 1412 2487 innocentiam...
1438 2464 1525 2486 malum
1543 2470 1587 2486 non
1605 2467 1649 2491 est,
1667 2466 1701 2486 est
1718 2465 1778 2486 enim
1797 2465 1951 2490 necessarium
1968 2467 2010 2486 etc.

1169 2517 1199 2519 —
1216 2505 1336 2532 Aliquanto
1354 2504 1447 2525 inferius
1463 2509 1505 2530 pro
1522 2503 1600 2525 monet
1618 2503 1695 2530 plures
1712 2502 1778 2525 codd.
1797 2505 1819 2524 et
1835 2502 1887 2525 edd.
1904 2504 1987 2525 movet.

1231 2542 1241 2557 ⁵
1257 2542 1328 2564 Codd.
1346 2543 1365 2564 Κ
1376 2542 1391 2563 Z
1409 2540 1588 2564 rationabiliter.
1606 2542 1717 2569 Superius
1734 2547 1776 2569 pro
1794 2542 1908 2570 tanquam
1924 2541 1975 2563 cod.
1993 2542 2012 2569 Q

1169 2583 1191 2605 ct
1207 2583 1329 2610 tanquam.
1515 2586 1517 2589 ’

1231 2618 1241 2633 ⁶
1259 2618 1313 2641 Cod.
1332 2619 1346 2640 F
1363 2618 1394 2640 Et
1410 2617 1453 2641 hoc
1468 2619 1533 2647 patet
1545 2624 1590 2647 per
1606 2617 1679 2647 ipsius
1696 2617 1761 2641 verbi
1776 2618 1921 2641 sententiam.

1235 2657 1245 2671 ⁷
1259 2657 1313 2679 Cod.
1326 2657 1344 2679 U
1357 2657 1449 2684 supplet
1461 2658 1502 2684 est,
1515 2657 1615 2679 subinde
1625 2663 1667 2685 pro
1676 2656 1778 2686 qualiter
1786 2657 1836 2679 cod.
1853 2658 1871 2679 A
1887 2656 2011 2686 quomodo.

1233 2695 1243 2710 8
1260 2696 1315 2718 Ecld.
1336 2696 1359 2723 vl,
1378 2697 1391 2717 2
1407 2695 1579 2724 necessitatem,
1599 2696 1648 2718 Vat.
1661 2695 1784 2718 utilitatem
1801 2697 1823 2718 et
1837 2695 2010 2724 necessitatem,

1172 2738 1194 2757 et
1211 2741 1263 2757 mox
1280 2741 1322 2762 pro
1344 2733 1428 2763 positio
1453 2734 1620 2757 irreverentiae
1644 2734 1696 2756 edd.
1717 2735 1740 2761 l,
1759 2735 1772 2756 2
1786 2733 1889 2763 privatio
1906 2740 2014 2757 reveren-

1173 2774 1231 2801 tiae,
1251 2774 1300 2795 Vat.
1315 2773 1419 2802 privatio
1444 2773 1587 2796 reverentiae
1603 2772 1641 2796 vel
1654 2772 1737 2802 positio
1754 2772 1926 2795 irreverentiae.
1944 2773 2013 2795 Paulo

1173 2812 1266 2835 inferius
1283 2818 1324 2839 pro
1341 2811 1365 2834 in
1382 2813 1473 2839 testem,
1493 2812 1556 2840 quod
1578 2812 1662 2834 nabent
1683 2812 1774 2839 plurimi
1797 2810 1862 2833 codd.
1885 2817 1938 2833 cum
1959 2810 2012 2833 edd.

1175 2851 1194 2877 ’1,
1211 2851 1232 2877 2,
1249 2850 1300 2872 Vat.
1313 2849 1338 2872 in
1354 2849 1525 2878 testimonium,
1545 2851 1567 2872 in
1584 2850 1628 2872 fine
1646 2849 1711 2872 solut.
1729 2855 1771 2876 pro
1792 2848 1867 2871 illatio
1885 2849 1952 2871 codd.
1971 2849 2013 2871 UZ

1174 2888 1218 2911 illa
1236 2888 1303 2911 ratio.
