2166 3366
13 1004 143 1023 Fundamenta.

35 2262 137 2282 Conclusio.

765 175 846 204 DlST.
869 175 932 204 ΧΧΙ.
955 176 1027 204 ΛΒΤ.
1049 175 1067 204 l.
1089 176 1223 212 QUAEST.
1247 176 1263 204 Ι.

229 252 254 280 3.
277 252 357 286 ltem,
379 252 406 280 in
421 254 510 280 morte
532 252 698 281 dividuntur
712 261 783 290 quae
804 253 828 281 in
851 253 992 282 nativitate

150 299 376 336 coniunguntur;
397 298 445 327 sed
467 298 601 327 Divinitas
628 299 719 328 iuncta
741 302 782 328 est
810 300 860 337 ipsi
883 301 991 329 animae

150 345 250 374 Christi
273 345 299 373 in
322 345 409 382 ipsius
430 345 606 382 conceptione
625 349 652 374 et
673 346 814 375 nativitate
831 346 856 375 in
878 350 958 375 utero
973 347 990 374 ¹:

149 400 216 428 ergo
237 395 364 429 separata
385 391 437 420 fuit
457 391 492 420 ab
513 399 546 420 ea
568 392 593 420 in
616 395 712 421 morte.

227 439 254 467 li..
276 439 355 473 item,
372 438 504 467 Divinitas
523 447 576 466 non
593 439 682 475 potuit
703 439 810 468 animae
825 447 885 468 esse
901 440 990 474 unita,

149 486 215 522 quin
231 486 323 514 anima
346 485 405 522 ipsa
419 485 561 514 frueretur
576 488 602 513 et
623 485 809 514 delectaretur
826 487 851 514 in
874 494 921 519 ea;
942 487 990 515 sed

150 533 176 561 in
193 535 281 561 morte
302 535 408 560 remota
430 532 481 560 suit
502 531 648 560 delectatio
662 532 697 560 ab
719 533 824 567 anima,
846 541 930 570 quam
947 533 992 561 ha-

149 579 231 607 bebat
247 579 273 607 iu
289 579 348 615 ipsa
364 578 522 607 Divinitate:
537 586 603 614 ergo
618 582 746 615 separata
761 579 812 607 suit
826 580 938 607 omnino
956 579 991 607 ab

149 625 250 654 anima.
266 625 361 653 Maior
383 625 534 662 propositio
550 633 599 661 per
621 633 650 653 se
666 626 809 654 manifesta
825 629 879 659 est;
893 626 991 654 minor

153 672 289 708 probatur
315 679 364 708 per
386 671 453 700 illud
481 671 555 708 quod
581 671 684 700 dicitur
706 672 832 701 Matthaei
859 673 991 709 vigesimo

150 718 263 747 sexto²:
293 718 397 746 Tristis
418 722 458 746 est
478 718 582 746 ariiiiza
603 726 668 746 mea
683 727 773 756 usqae
794 720 835 747 ad
855 723 991 752 mortem,-

148 764 254 793 Glossa:
283 765 429 793 «Remota
457 764 637 793 delectatione
666 767 794 793 aeternae
821 766 990 799 Divinitatis,

148 811 238 840 taedio
254 811 392 839 humanae
407 811 571 839 calamitatis
585 811 739 840 allicitiir»:
755 819 821 848 ergo
836 812 990 841 secundum

149 857 228 886 istam
244 858 368 886 Glossam
387 858 533 887 delectatio
549 858 757 886 removebatur:
773 866 839 895 ergo
861 859 926 887 unio
941 859 992 888 sol-

150 904 275 933 vehatur.

226 951 278 979 Snn
306 958 428 979 conruit:
456 952 479 979 l.
509 951 702 987 Augustinus³
730 955 757 979 et
786 952 990 981 Damascenus:

155 1008 167 1021 «
183 997 333 1026 Anathema
355 997 389 1026 sit
410 997 457 1034 qui
480 997 558 1031 dicit,
580 998 703 1026 Verbum
729 998 890 1035 deposuisse
917 999 991 1035 quod

150 1044 234 1073 semel
249 1044 382 1073 assumsit
393 1055 418 1072 »z
435 1044 456 1073 si
472 1052 538 1081 orgo
553 1045 673 1073 animam
690 1045 833 1079 assumsit,
849 1053 990 1082 nunquam

149 1090 278 1128 deposuit
299 1091 429 1119 animani.

228 1138 254 1166 52.
276 1138 356 1172 Item,
379 1138 461 1166 Filius
483 1138 530 1167 Dei
552 1138 655 1166 dicitur
677 1138 853 1167 descendisse
874 1139 908 1167 ad
930 1139 993 1167 infe—

150 1192 195 1214 ros
216 1188 278 1222 post
297 1188 414 1214 mortem
427 1185 451 1219 ⁴3
472 1185 519 1214 sed
543 1188 663 1217 constat,
686 1185 760 1223 quod
775 1186 930 1214 secundum
951 1185 993 1214 Di-

149 1232 292 1261 vinitatem
321 1240 374 1260 non
400 1235 489 1269 potest
519 1232 572 1260 dici
602 1240 651 1260 nec
680 1232 834 1261 secuudum
860 1240 990 1261 carnem:

149 1287 216 1316 ergo
230 1281 353 1316 oportet,
374 1278 448 1315 quod
465 1278 574 1307 dicatur
596 1279 750 1307 secundum
770 1279 903 1307 animam:
926 1287 992 1315 ergo

150 1325 242 1354 anima
257 1328 318 1362 post
333 1328 451 1353 mortem
467 1325 518 1354 suit
533 1325 583 1353 sihi
601 1325 689 1359 unita,
709 1333 762 1353 non
779 1333 844 1362 ergo
860 1326 886 1353 111
904 1329 991 1354 morte

149 1371 201 1400 fuit
222 1374 357 1408 separata.

228 1418 254 1447 3.
276 1418 359 1450 Item,
375 1418 396 1447 si
415 1419 508 1446 anima
529 1418 581 1446 suit
595 1422 723 1455 separata
745 1419 770 1446 in
794 1421 882 1447 morte
897 1427 913 1446 a
928 1419 991 1446 Ver-

150 1466 196 1500 bo;
213 1473 277 1494 eum
293 1473 346 1493 non
363 1465 478 1494 haberet
499 1465 615 1502 gloriam
632 1465 769 1493 fruitionis
785 1465 834 1493 nisi
853 1473 900 1501 per
916 1465 992 1493 unio-

149 1520 213 1542 nem
229 1512 271 1541 sui
287 1512 320 1540 ad
334 1512 524 1543 Divinitatem,
539 1520 605 1547 ergo
616 1512 708 1540 anima
721 1512 820 1540 Christi
837 1512 917 1540 desiit
932 1520 992 1541 esse

149 1559 248 1590 beata:
270 1562 297 1587 et
319 1559 339 1587 si
363 1558 443 1587 desiit
464 1566 524 1587 esse
547 1558 638 1592 beata,
654 1566 797 1595 nimquam
820 1558 871 1586 suit
893 1558 991 1593 beata,

150 1606 215 1643 quia
244 1605 387 1634 beatitudo
412 1608 454 1634 est
482 1605 605 1637 bonum,
632 1605 704 1642 quod
732 1613 875 1641 nunquam
903 1609 992 1642 potest

149 1652 238 1681 amitti
252 1653 275 1680 ⁵:
298 1652 319 1681 si
343 1652 427 1689 igitur
450 1652 502 1681 hoc
522 1656 563 1680 est
586 1652 796 1686 inconveniens,
817 1652 909 1680 anima
937 1660 990 1680 non

150 1699 201 1728 t'uit
222 1702 348 1736 separata
370 1708 386 1727 a
408 1699 563 1728 Divinitate.

227 1746 254 1774 4.
276 1745 358 1777 Item.
380 1745 402 1774 si
425 1749 553 1782 separata
574 1746 643 1777 fuit,
665 1748 714 1774 aut
738 1745 848 1778 uolens,
869 1749 918 1773 aut
946 1754 993 1773 710-

150 1792 217 1820 lens.
239 1792 265 1820 Si
286 1792 400 1825 nolens;
421 1800 484 1820 cuni
509 1792 560 1820 hoc
582 1800 634 1820 nou
659 1792 820 1824 meruisset,
849 1791 919 1820 sacta
940 1791 992 1819 suit

150 1889 238 1924 potest
260 1886 343 1914 1101110
371 1885 422 1914 nisi
445 1886 557 1914 iniuste:
580 1893 646 1921 ergo
667 1885 760 1913 anima
785 1884 831 1912 illa
852 1884 903 1912 fuit
924 1884 993 1913 iniu-

150 1936 206 1961 sta:
222 1940 285 1961 cum
302 1932 387 1969 igitur
402 1932 454 1960 hoc
475 1931 510 1960 sit
525 1931 624 1960 salsum
647 1935 674 1960 et
689 1931 819 1968 impium,
841 1933 926 1959 restat
940 1934 991 1959 etc.

465 2017 672 2038 CONCLUSIO.

251 2088 362 2116 Anima
385 2087 496 2116 Christi
516 2087 547 2115 in
567 2091 658 2115 morte
679 2095 698 2115 a
726 2086 812 2114 Verbo
832 2094 889 2114 non

454 2133 514 2172 fuit
534 2137 683 2171 separata.

230 2213 402 2241 Respounssoz
425 2212 595 2245 Dicendum,
617 2211 690 2248 quod
707 2211 733 2239 in
749 2210 858 2239 morte⁶
871 2218 925 2238 non
940 2210 992 2239 suit

151 2259 244 2288 anima
265 2262 393 2296 separata
413 2267 429 2287 a
451 2258 550 2287 Verbo.
573 2258 604 2286 Et
634 2257 705 2286 ratio
736 2257 821 2285 huius
849 2259 904 2285 est:
926 2257 991 2293 quia

151 2314 201 2335 nec
223 2306 315 2334 Deum
337 2305 468 2338 decebat,
490 2313 541 2334 1166
565 2304 647 2333 nobis
676 2303 858 2340 expediebat,
879 2311 930 2332 1166
952 2303 989 2331 1111

217 2447 223 2461 ¹
241 2446 286 2470 Csr.
303 2453 373 2475 supra
391 2446 412 2469 d.
431 2447 451 2469 3.
470 2453 492 2474 p.
510 2446 534 2468 11.
551 2452 571 2468 a.
589 2446 610 2468 3.
629 2452 650 2474 q.
668 2446 688 2467 2.

216 2486 225 2500 ²
243 2487 308 2508 Vers.
327 2486 363 2508 38.
381 2497 412 2502 --
428 2486 506 2508 Glossa
533 2485 629 2508 habetur
653 2484 716 2512 apud
739 2483 822 2506 [zedam
840 2490 910 2511 super
927 2484 993 2506 Marc.

155 2524 195 2552 M,
214 2525 256 2552 36,
274 2526 296 2546 et
314 2523 411 2546 delibata
438 2526 471 2545 est
490 2530 516 2545 ex
534 2523 651 2550 Ambros„
670 2523 697 2545 X⁴
714 2522 813 2550 Exposit.
831 2522 917 2550 Evang.
939 2522 993 2544 Luc.

154 2564 196 2590 22,
210 2562 248 2584 42.
260 2569 307 2590 seq.
321 2568 342 2584 11.
355 2562 400 2584 56:
418 2562 562 2590 §equestrnta
580 2561 727 2583 delectatione
745 2561 870 2583 Divinitatis
882 2565 993 2588 aeternae,

154 2601 229 2624 taedio
247 2607 311 2623 meae
328 2601 463 2623 infirmitatis
479 2601 582 2622 afficitur.
595 2613 625 2616 —
637 2601 659 2622 ln
671 2599 759 2622 minori
770 2606 812 2628 pro
824 2600 915 2622 remota
927 2600 994 2622 codd.

154 2640 211 2662 UW
228 2641 346 2669 separata.
370 2640 392 2662 ln
410 2640 509 2662 conclus.
527 2645 569 2667 pro
586 2638 695 2666 omnino,
719 2638 782 2667 quod
798 2644 811 2660 e
828 2638 878 2660 cod.
897 2639 914 2660 Α
931 2639 995 2660 resti-

154 2680 251 2707 tuimus,
269 2679 304 2701 alii
322 2678 389 2701 codd.
407 2681 428 2700 et
445 2678 497 2700 edd.
520 2679 536 2705 l,
555 2679 568 2699 2
586 2683 707 2705 perperam
723 2682 793 2705 caro,
810 2677 858 2699 Vat.
871 2676 993 2699 Divinitas.

215 2717 225 2732 ³
241 2718 406 2740 Sententialiter
423 2718 445 2739 in
464 2717 522 2739 toan.
548 2717 634 2744 Evang.
656 2720 682 2738 tr.
700 2715 736 2738 47.
754 2722 776 2738 11.
798 2716 831 2738 10.
848 2715 892 2738 Cfr.
911 2717 946 2739 hic
963 2717 993 2739 lit.

155 2756 263 2784 Magistri,
277 2762 296 2778 c.
311 2756 330 2783 1,
345 2755 384 2778 ubi
397 2755 425 2778 de
437 2755 580 2778 assumtione
591 2755 671 2777 similis
682 2754 778 2776 formula
791 2755 911 2777 invenitur.
923 2762 927 2782 ;
941 2754 994 2777 vide

154 2801 207 2823 pag.
227 2794 283 2822 434,
301 2797 352 2816 nota
371 2795 391 2816 6.
409 2794 441 2816 De
459 2794 598 2816 Damascene
616 2793 655 2815 cfr.
672 2799 741 2821 supra
761 2799 813 2821 pag.
832 2794 890 2821 138,
903 2797 953 2816 nota
972 2794 993 2815 8.

216 2832 226 2847 ⁴
243 2833 271 2855 Ut
287 2833 413 2855 ostenditur
430 2833 486 2855 infra
505 2832 527 2854 d.
545 2833 581 2854 22.
599 2839 620 2860 q.
640 2831 660 2854 4.
677 2844 709 2848 —
725 2832 746 2854 ln
764 2831 853 2855 minori
879 2835 930 2860 post
948 2831 995 2855 dici

154 2872 205 2894 cod.
222 2872 241 2894 K
259 2872 323 2894 addit
339 2871 396 2901 quia
413 2871 462 2894 eius
479 2877 526 2894 non
543 2872 577 2894 est
593 2870 729 2894 descendere
746 2870 782 2894 vel
798 2870 923 2894 ascendere
931 2879 941 2899 ,-
953 2871 993 2894 cfr.

154 2910 268 2939 Fulgent.,
287 2911 311 2933 ll.
328 2911 357 2933 ad
375 2911 471 2933 Trasim.
489 2916 509 2932 c.
528 2910 563 2932 10.

216 2949 226 2964 ⁵
243 2949 301 2972 Vide
318 2950 425 2977 August„
444 2949 498 2972 Xlll.
517 2950 545 2972 de
563 2949 624 2971 Trin.
642 2955 661 2971 c.
680 2949 701 2971 8.
719 2955 740 2970 11.
759 2949 794 2970 Ἰ11.

1831 178 1889 207 [137

1049 253 1167 282 animae
1188 253 1372 291 congruebat.
1388 270 1427 274 —-
1443 255 1534 282 Deam
1555 263 1613 283 non
1628 255 1756 289 decebat,
1772 255 1837 292 quia
1853 257 1890 284 in·
1903 262 1956 280 natio
1972 263 1987 280 ¹-

1049 300 1205 329 dissolubili
1229 300 1406 329 matrimonio
1427 300 1477 329 sibi
1507 308 1569 329 eam
1598 301 1791 330 coniunxerat.
1815 302 1889 331 Unde

1049 346 1120 374 sicut
1142 355 1195 375 non
1217 346 1296 375 decet
1318 346 1408 375 virum
1432 346 1589 383 relinquere
1612 355 1746 382 uxorem,
1776 348 1815 377 sic
1836 357 1889 377 non

1049 393 1142 422 decuit
1164 394 1286 422 Verbum
1309 393 1356 421 Dei
1379 394 1414 422 ab
1445 394 1536 422 anima
1566 394 1689 430 separari
1701 395 1717 422 ⁷.
1742 411 1780 415 -
1802 394 1890 423 Nobis
1902 402 1956 419 nmo
1976 403 1993 420 2<

1048 448 1107 468 own
1120 440 1295 477 expediebat,
1312 440 1385 477 quia,
1401 440 1423 468 si
1439 440 1509 468 sacta
1524 440 1620 469 fuisset
1636 442 1781 477 separatio,
1797 442 1890 470 anima

1050 486 1096 514 illa
1117 494 1166 515 nec
1189 486 1331 515 habuisset
1351 487 1508 523 polentiam
1537 488 1572 515 ad
1604 488 1779 525 eripiendum
1801 496 1889 525 genus

1049 533 1190 569 captivum
1220 540 1269 561 1166
1299 533 1482 562 mediatrici-s·
1503 533 1630 571 officiam
1658 535 1692 563 ad
1715 535 1891 563 reconcilian-

1049 580 1133 613 dum;
1154 583 1181 608 et
1203 582 1334 608 neutrum
1357 583 1417 608 erat
1438 580 1517 608 nobis
1537 581 1705 617 expediens,
1727 582 1775 610 sed
1798 582 1889 618 potius

1048 627 1108 655 eius
1129 626 1287 664 oppositum
1301 626 1319 654 ⁸.
1341 643 1379 646 —
1402 626 1526 655 Animae
1557 628 1639 656 etiam
1670 628 1706 655 illi
1738 637 1795 656 11011
1827 638 1956 660 con-nau„
1970 642 1986 660 a

1046 673 1187 710 gyraebat,
1210 675 1268 701 tum
1290 673 1355 710 quia
1377 673 1630 708 innocentissima,
1650 678 1709 704 tum
1725 676 1808 704 etiam
1824 677 1889 713 quia

1050 719 1225 748 beatissima.
1247 719 1317 756 Quia
1339 719 1507 748 beatissima
1528 723 1604 754 erat,
1620 729 1673 749 non
1697 725 1803 758 poterat
1822 722 1890 750 velle

1049 766 1172 802 separari
1194 774 1210 794 a
1232 766 1341 800 Verb0;
1367 767 1433 803 quia
1464 766 1702 795 innocentissima
1734 772 1808 802 erat,
1835 777 1889 797 non

1049 816 1156 850 poterat
1171 817 1274 841 contra
1289 813 1463 841 voluntatem
1479 822 1558 842 suain
1575 815 1698 851 separari
1713 815 1749 843 ab
1763 823 1803 843 611.
1814 832 1851 836 —
1861 816 1890 844 Et

1049 859 1110 888 ideo
1131 859 1338 888 concedendum
1354 862 1410 892 cst,
1426 860 1499 897 quod
1517 860 1542 888 in
1560 863 1647 889 morte
1662 861 1753 889 anima
1768 870 1784 889 a
1800 862 1890 890 Verbo

1049 909 1176 942 separata
1197 914 1250 934 non
1273 906 1331 934 fuit.
1354 906 1419 935 Nam
1443 907 1464 935 si
1491 907 1553 943 quis
1574 907 1746 935 contrarium
1769 908 2028 942 diceret,«inanum...

1049 953 1177 982 iniuriam
1201 953 1303 982 faceret
1326 953 1433 982 Deitali
1446 954 1568 982 611101111-
1589 957 1616 983 et
1631 955 1749 983 animae
1765 954 1889 989 Christi,

1048 1003 1075 1028 et
1097 999 1158 1028 ideo
1179 999 1279 1036 dignus
1310 1003 1383 1029 esset
1415 1001 1652 1029 anathematizari.
1684 1001 1711 1029 Et
1736 1002 1796 1029 ideo
1819 1002 1890 1031 hoc⁹

1049 1046 1114 1075 dicit
1135 1046 1337 1078 Damascenus,
1353 1047 1426 1084 quod
1443 1047 1613 1085 quicumque
1628 1048 1680 1076 hoc
1695 1048 1811 1084 dixerit,
1828 1057 1891 1078 ana-

1050 1092 1142 1120 thema
1163 1093 1205 1121 sit.
1220 1109 1259 1113 -
1273 1093 1470 1122 Concedendae
1491 1097 1557 1122 sunt
1573 1094 1657 1131 igitur
1673 1095 1802 1129 rationes,
1818 1103 1888 1132 quae

1049 1142 1114 1167 sunt
1134 1139 1168 1167 ad
1191 1142 1297 1176 partem
1321 1140 1409 1168 istam.

1130 1187 1153 1214 1.
1174 1185 1211 1214 Aa
1235 1186 1303 1215 illud
1326 1194 1392 1215 vero
1419 1187 1493 1224 quod
1516 1188 1607 1224 primo
1628 1189 1758 1218 obiicitur
1780 1189 1805 1218 in
1828 1198 1890 1218 6011-
1903 1202 1973 1227 Soli-ltin
1988 1207 2018 1224 ..1-

1048 1231 1181 1266 trarium‚
1204 1232 1367 1267 dicendum,
1391 1233 1480 1270 quod,
1501 1234 1572 1262 sicut
1594 1234 1660 1263 dicit
1680 1235 1851 1272 Augustinus
1863 1236 1890 1270 ¹⁰,
1904 1227 2012 1248 ”⁰⁵⁸⁰mffl'

1049 1278 1166 1306 verbum
1189 1278 1258 1307 illud
1280 1282 1321 1308 est
1342 1287 1477 1316 personae
1509 1281 1566 1309 Filii
1599 1281 1645 1310 Dei
1670 1282 1775 1311 ratione
1797 1283 1890 1312 carnis

1048 1330 1196 1354 assumtae.
1219 1326 1249 1355 Et
1269 1326 1297 1354 si
1317 1330 1348 1354 ta
1370 1326 1506 1361 obiicias,
1537 1328 1611 1365 quod
1638 1330 1712 1357 carni
1743 1337 1797 1358 non
1819 1337 1891 1359 com-

1048 1372 1116 1408 petit
1137 1380 1239 1409 ponere
1261 1373 1394 1407 animam,
1417 1381 1479 1402 cum
1503 1382 1556 1403 non
1583 1375 1683 1404 habeat
1700 1384 1785 1412 posse
1805 1384 1891 1413 super

1050 1418 1153 1455 ipsam3
1174 1419 1340 1453 dicendum,
1368 1420 1443 1456 quod
1472 1420 1524 1449 hoc
1545 1421 1707 1450 attribuitur
1739 1422 1791 1459 ipsi
1813 1424 1889 1452 carni
1904 1434 2009 1452 Notandum

1049 1465 1154 1494 ratione
1181 1476 1193 1491 «
1206 1466 1341 1494 manentis
1370 1466 1395 1494 in
1428 1474 1457 1495 se
1478 1467 1629 1496 Deitatis».
1653 1469 1728 1497 Unde
1749 1470 1890 1499 attenden-

1049 1511 1115 1540 dum
1138 1515 1195 1546 est,
1216 1512 1290 1549 quod
1313 1516 1354 1541 est
1376 1513 1411 1541 ibi
1428 1513 1586 1550 deponens,
1602 1517 1629 1543 et
1643 1515 1719 1543 unde
1732 1516 1848 1552 deponit
1858 1517 1891 1550 ¹¹,-

1049 1558 1190 1594 deponeris
1211 1562 1252 1586 est
1275 1559 1363 1587 virtus
1385 1559 1494 1594 divina;
1517 1561 1593 1589 unde
1625 1569 1691 1590 vero
1713 1562 1828 1599 deponit
1848 1567 1888 1592 est

1048 1612 1113 1633 caro
1134 1609 1266 1633 assumta.
1289 1606 1382 1634 Voluit
1402 1606 1475 1634 enim
1498 1607 1638 1642 Christus,
1665 1608 1786 1637 animam
1810 1617 1888 1638 suam

1048 1652 1171 1688 separari
1204 1660 1258 1680 non
1285 1661 1301 1680 a
1323 1660 1367 1685 se,
1389 1653 1437 1681 sed
1468 1662 1484 1682 a
1506 1662 1589 1683 carne
1619 1662 1685 1688 sua;
1712 1658 1739 1684 et
1760 1655 1831 1684 sicut
1853 1656 1891 1684 di-

1048 1701 1123 1727 ctum
1146 1702 1188 1727 est
1218 1699 1252 1727 de
1283 1699 1470 1736 depositione,
1503 1701 1539 1729 ita
1561 1701 1771 1738 intelligendum
1793 1706 1835 1731 est
1856 1703 1889 1732 de

1049 1745 1226 1774 resumtione.

1126 1793 1152 1820 2.
1174 1792 1211 1820 Ad
1234 1792 1303 1820 illud
1326 1793 1400 1830 quod
1422 1793 1552 1822 obiicitur
1573 1794 1608 1823 de
1631 1794 1792 1823 idiomatum
1819 1803 1890 1824 com-
1904 1806 2018 1825 somn-inm.

1048 1838 1248 1873 municatione,
1270 1839 1436 1874 dicendum,
1458 1840 1532 1877 quod
1562 1834 1628 1869 unio
1649 1841 1727 1875 facit,
1759 1842 1889 1871 idiomata

1048 1884 1247 1913 communicari
1271 1893 1323 1914 non
1344 1886 1480 1922 partibus
1511 1887 1551 1916 rei
1583 1888 1709 1922 unibilis,
1732 1889 1780 1917 sed
1803 1889 1890 1926 magis

1048 1931 1099 1968 ipsi
1122 1931 1167 1959 rei
1185 1935 1330 1966 naturae,
1352 1940 1423 1969 quae
1445 1934 1570 1962 nominat
1592 1937 1675 1962 totam
1698 1938 1844 1969 naturam,
1859 1939 1890 1964 ut

1048 1977 1076 2005 in
1097 1977 1256 2014 supposito;
1278 1978 1352 2007 unde
1374 1979 1505 2008 idiomata
1521 1980 1576 2008 Filii
1594 1980 1640 2009 Dei
1663 1989 1716 2009 non
1739 1982 1891 2010 communi-

1048 2026 1148 2052 cantur
1163 2024 1214 2061 ipsi
1229 2025 1358 2059 animae,
1373 2026 1422 2054 sed
1438 2027 1682 2056 communicantur
1698 2028 1749 2065 ipsi
1764 2027 1890 2062 homini,-

1047 2073 1075 2099 et
1095 2071 1226 2108 quoniam
1258 2072 1351 2100 anima
1382 2073 1478 2101 unitur
1509 2074 1561 2111 ipsi
1583 2074 1674 2103 Verbo
1695 2078 1727 2103 ut
1744 2084 1821 2112 pars
1841 2076 1891 2104 hu—

1049 2125 1146 2146 manae
1167 2121 1296 2153 naturae‚
1318 2119 1380 2148 ideo
1400 2127 1455 2148 non
1476 2123 1585 2157 oportet
1599 2121 1651 2158 ipsi
1667 2121 1798 2150 idiomata
1820 2130 1891 2151 com-

1049 2164 1184 2193 municari
1198 2165 1222 2192 ¹².

1127 2211 1152 2239 3.
1174 2211 1213 2240 Ad
1235 2212 1304 2241 illud
1326 2213 1400 2249 quod
1431 2213 1577 2247 obiicitur,
1598 2214 1673 2251 quod
1697 2214 1743 2243 illa
1764 2215 1892 2243 dividun-

1049 2260 1095 2286 tur
1117 2258 1144 2286 in
1166 2261 1266 2293 morte,
1288 2267 1360 2295 quae
1381 2259 1527 2288 coniuncta
1548 2264 1613 2289 sunt
1635 2261 1661 2289 in
1677 2261 1831 2295 nativitate3
1854 2261 1892 2290 di-

1048 2304 1183 2339 cendum,
1204 2305 1279 2341 quod
1300 2308 1342 2334 est
1363 2306 1519 2334 coniunctio
1539 2306 1708 2341 naturalis,
1730 2310 1756 2336 et
1774 2311 1816 2336 est
1831 2316 1892 2336 con-

1111 2445 1121 2460 ⁸
1139 2445 1194 2468 Cod.
1211 2446 1229 2468 U
1247 2446 1323 2469 adiicit
1348 2446 1440 2469 Christi.
1467 2447 1560 2469 inferius
1585 2454 1627 2475 pro
1653 2448 1805 2471 matrimonio
1822 2448 1890 2471 codd.

1050 2484 1068 2506 H
1078 2484 1110 2506 bb
1127 2485 1154 2509 (K
1174 2491 1186 2507 a
1203 2485 1303 2507 secunda
1321 2487 1399 2513 manu)
1417 2485 1518 2509 vincalo.

1113 2522 1122 2537 ⁷
1139 2523 1183 2545 Csr.
1200 2529 1270 2551 supra
1289 2523 1309 2545 d.
1328 2524 1350 2545 6.
1368 2530 1387 2545 a.
1406 2525 1427 2546 2.
1445 2531 1468 2552 q.
1485 2525 1506 2546 2.
1524 2531 1571 2553 seq.

1113 2560 1123 2576 Β
1139 2561 1183 2583 Cl'r.
1201 2562 1257 2583 infra
1276 2561 1297 2583 d.
1316 2562 1352 2583 22.
1370 2568 1392 2590 q.
1411 2562 1431 2584 4.
1449 2569 1497 2591 seq.
1514 2575 1545 2579 —
1567 2563 1635 2586 Paulo
1658 2565 1764 2592 superius
1784 2565 1834 2587 voci·
1855 2571 1892 2594 ye-

1050 2605 1096 2623 mis
1114 2600 1162 2622 Vat.
1181 2602 1275 2628 apponit
1291 2599 1432 2623 lzumanzcm.

1112 2639 1122 2653 ⁹
1139 2639 1194 2661 Cod.
1213 2639 1242 2661 W
1259 2639 1290 2662 Et
1304 2641 1401 2668 propter·
1417 2639 1467 2663 hoc.

1114 2677 1133 2692 ¹⁰
1150 2678 1172 2700 ln
1190 2678 1249 2700 toan.
1268 2679 1353 2706 Evang.
1380 2682 1406 2701 tr.
1433 2679 1469 2701 47.
1487 2685 1509 2701 n.
1536 2680 1571 2702 1ΙΙ.
1589 2686 1668 2708 seqq,
1686 2681 1751 2702 cuius
1767 2682 1890 2703 sententiae

1050 2722 1141 2738 sumnia
1159 2716 1255 2738 habetur
1271 2718 1339 2739 etiam
1357 2717 1393 2739 hic
1410 2717 1432 2739 in
1450 2718 1480 2740 lit.
1498 2717 1609 2745 Magistri,
1628 2724 1647 2740 c.
1667 2718 1686 2740 1.
1704 2720 1762 2741 eirca
1775 2719 1890 2741 finem.—

1051 2755 1102 2777 Post
1118 2754 1215 2777 verbum
1227 2754 1288 2777 illud
1304 2755 1354 2778 cod.
1372 2756 1390 2777 R
1408 2756 1470 2778 addit
1485 2757 1621 2785 potestatem
1633 2755 1718 2779 habere
1730 2758 1777 2780 scil.
1790 2758 1890 2785 ponendi

1050 2795 1157 2816 animam.

1112 2832 1130 2847 ¹¹
1149 2832 1203 2854 Fore
1220 2838 1300 2855 omnes
1317 2833 1383 2855 codd.
1401 2832 1523 2862 deponens.
1541 2833 1604 2856 Circa
1622 2834 1690 2856 finem
1710 2835 1776 2857 solut.
1798 2835 1890 2863 plurimi

1050 2871 1117 2893 codd.
1135 2872 1241 2894 omittunt
1256 2870 1284 2894 de
1301 2875 1351 2894 ante
1364 2871 1504 2901 depositione
1509 2880 1519 2900 ,·
1530 2874 1584 2895 tunc
1596 2872 1719 2900 legendum
1730 2873 1758 2896 de
1768 2873 1889 2902 positione.

1113 2910 1133 2924 ¹²
1151 2910 1207 2932 Vide
1232 2916 1303 2938 supra
1323 2910 1345 2933 d.
1366 2911 1387 2933 6.
1410 2917 1430 2933 a.
1450 2911 1469 2933 1.
1487 2917 1509 2940 q.
1528 2912 1548 2933 1.
1566 2911 1595 2934 ad
1612 2912 1634 2933 6.
1651 2924 1681 2927 —
1698 2912 1767 2934 Paulo
1784 2914 1890 2940 superius

1050 2951 1101 2977 post
1117 2948 1173 2971 Filii
1189 2948 1232 2972 Dei
1248 2949 1298 2972 cod.
1316 2950 1335 2971 K
1353 2949 1444 2972 subiicit
1460 2949 1563 2973 omnino.
