2166 3366
114 919 169 942 Arga.
180 924 213 942 pro
222 920 239 937 2.

137 945 197 965 mm,

258 179 312 206 610

335 256 360 284 3.
384 256 467 290 ltem,
489 263 638 292 processus
659 259 701 285 est
721 256 756 284 ab
779 256 958 285 inferioribus
976 256 1012 284 ad
1027 264 1107 293 supe-

257 303 331 332 riora
360 306 387 332 et
408 303 443 331 ab
466 303 627 340 imperfecto
652 303 687 331 ad
710 303 865 340 perfectum
888 303 1043 331 secundum
1066 311 1107 332 re-

255 353 331 379 ctum
363 350 506 384 ordinem,
540 358 593 378 non
626 358 641 378 ε
669 350 839 378 converso¹z
863 350 885 378 si
907 358 974 387 ergo
996 350 1106 379 dilectio

255 397 304 425 Dei
326 397 475 434 perfectior
496 400 523 425 et
545 396 675 433 superior
689 400 731 425 est
745 405 831 434 quam
846 397 958 426 dilectio
973 397 1104 434 proximi,

256 443 367 472 dilectio
390 443 511 480 proximi
534 446 576 472 εει
598 443 642 471 via
663 443 698 471 ad
721 443 806 472 illam.
829 443 882 472 Sed
904 444 949 472 via
967 443 1044 480 prior
1064 447 1105 473 est

255 498 340 527 quam
369 490 524 518 terminus:
547 497 614 527 ergo
637 498 686 527 per
707 490 787 527 prius
808 493 850 519 εει
872 493 964 519 motus
985 490 1106 519 dilectio-

255 537 297 565 nis
320 537 347 565 in
369 537 532 573 proximum
555 545 639 573 quam
662 537 689 565 in
711 537 809 566 Deum.

333 585 360 613 li..
382 584 464 619 item,
481 584 558 621 prior
580 587 622 613 est
644 585 715 613 actio
737 593 821 622 quam
848 585 1045 622 contemplatio
1067 592 1106 613 se-

256 631 381 661 cundum
404 634 511 660 rectum
535 631 705 666 ordinem²;
728 632 776 661 sed
799 632 910 661 dilectio
932 632 1055 669 proximi
1070 632 1106 660 l'a-

255 678 292 707 cit
313 678 455 707 hominem
488 678 595 707 versari
627 678 701 707 circa
724 678 807 707 vitam
830 679 965 713 activam,
994 678 1105 707 dilectio

256 724 303 753 Dei
326 725 400 754 circa
416 725 500 753 vitam
516 725 779 762 contemplativam:
802 733 868 762 ergo
887 725 1043 754 secundum
1066 732 1106 753 re-

255 774 330 800 ctum
353 772 480 801 ordinem
503 772 581 809 prior
596 775 637 801 est
652 775 745 801 motus
760 771 883 800 caritatis
899 771 924 799 in
940 771 1104 809 proximum

254 827 339 856 quam
361 819 389 848 in
411 819 509 848 Deum.

335 867 388 894 Snn
409 874 536 895 conruit:
562 868 586 895 i.
609 866 769 895 Secundum
785 873 849 894 eum
867 866 982 894 modum
1004 866 1106 895 caritas

255 918 347 943 movet
370 914 511 943 hominem
543 914 577 942 ad
611 913 784 950 diligendum
813 913 919 948 Deum,
949 913 1105 942 secundum

255 969 338 998 quein
368 961 444 990 Deus
474 960 628 997 praeeipit3
651 960 699 988 sed
721 960 796 989 Deus
828 961 983 997 praecipit,
1016 960 1106 997 primo

255 1008 343 1036 amari
365 1016 409 1042 se,
432 1011 458 1036 et
480 1007 580 1036 deinde
595 1007 682 1035 amari
699 1007 879 1044 proximum,
894 1007 960 1044 quia
973 1007 1105 1044 primam

257 1059 282 1083 ct
316 1063 467 1083 summam
501 1054 679 1082 mandatnm
710 1058 770 1082 cst:
805 1054 914 1092 Diliyes
945 1054 1106 1082 Dominam

260 1103 351 1130 Deam
374 1106 466 1130 ticam.
483 1101 650 1130 Secundam
666 1105 764 1130 autent
778 1101 873 1129 simile
895 1105 935 1129 cst
957 1101 1041 1130 stuic:
1060 1101 1106 1129 Di-

256 1149 325 1186 tz'yes·
344 1148 518 1186 proi-imum
541 1152 641 1182 tunm,
661 1148 818 1177 secundum
833 1149 909 1186 quod
925 1149 1027 1177 dicitur
1044 1149 1106 1177 Mat-

256 1196 327 1224 thaei
351 1196 484 1232 vigesimo
506 1196 630 1224 secundo
643 1195 670 1223 ³:
694 1203 760 1232 ergo
782 1195 862 1232 prius
890 1198 983 1224 movet
1004 1195 1106 1224 caritas

254 1243 289 1271 ad
311 1242 465 1271 amandum
487 1242 576 1271 Deum
599 1250 683 1279 quam
706 1242 742 1271 ad
763 1242 916 1271 amandum
933 1242 1105 1279 proximum.

334 1291 359 1318 z).
382 1290 464 1323 Item,
493 1297 605 1318 «causa
627 1289 705 1326 prior
726 1293 768 1318 est
799 1298 850 1318 suo
872 1289 992 1318 effectu⁴
1007 1300 1034 1323 »3
1056 1290 1105 1318 sed

254 1336 365 1365 dilectio
386 1336 434 1365 Dei
457 1344 541 1365 causa
563 1339 605 1365 est
625 1336 781 1364 dilectionis
802 1336 940 1373 proximi,
963 1336 1028 1373 quia
1043 1336 1105 1365 ideo

254 1383 344 1419 diligit
366 1384 450 1412 homo
472 1383 652 1420 proximum,
674 1383 740 1420 quia
771 1383 861 1420 diligit
893 1383 998 1418 Deum,
1024 1384 1106 1412 cuius

256 1430 405 1467 proximus
426 1433 467 1459 est
490 1430 598 1467 imago:
622 1439 689 1467 ergo
711 1434 761 1459 etc.

335 1478 359 1505 3.
384 1477 716 1515 lte1n,diligibile,quod
732 1478 810 1514 prius
832 1481 874 1506 est
896 1478 921 1505 in
945 1477 1105 1513 intentione,

256 1525 334 1561 prius
355 1528 396 1553 est
418 1524 444 1553 in
467 1524 631 1559 afi'ectione3
654 1525 702 1553 sed
730 1524 844 1553 intentio
875 1532 926 1561 per
957 1525 1036 1561 prius
1064 1528 1106 1554 est

256 1574 385 1608 respectu
407 1571 470 1600 sinis
491 1580 576 1609 quam
600 1575 729 1608 respectu
758 1572 818 1600 eius
850 1572 925 1609 quod
947 1575 989 1600 est
1014 1572 1049 1601 ad
1078 1572 1106 1600 fi-

256 1626 317 1647 nem
332 1618 359 1646 ⁵:
383 1627 450 1655 ergo
465 1622 492 1647 et
507 1619 626 1648 dilectio.
648 1619 672 1647 Si
697 1627 763 1656 ergo
785 1619 859 1647 Deus
881 1619 1008 1656 diligitur
1023 1619 1049 1647 in
1064 1627 1106 1648 ra-

256 1666 328 1695 tione
352 1666 429 1700 linis,
451 1669 478 1695 ει
499 1666 648 1703 proximus
671 1666 696 1694 in
720 1665 827 1694 ratione
846 1665 907 1694 eius
922 1666 998 1703 qnod
1013 1666 1105 1695 estad

257 1713 358 1747 tinem3
381 1713 538 1742 necessario
560 1713 687 1747 videtur,
710 1713 784 1750 quod
814 1712 925 1741 dilectio
958 1713 1005 1742 Dei
1028 1721 1106 1750 prae-

255 1760 370 1788 ambula
391 1760 426 1789 sit
447 1760 481 1789 ad
504 1760 679 1789 dilectionem
705 1760 834 1796 proximi.

333 1808 359 1835 li.
384 1807 463 1841 ltein,
480 1814 559 1835 amor
582 1807 696 1835 inclinat
717 1807 752 1835 ad
776 1806 843 1835 illud
868 1807 962 1843 prius,
978 1807 1012 1835 ad
1029 1807 1104 1844 quod

256 1854 368 1882 inclinat
396 1853 558 1888 ardentius,
579 1854 645 1890 quia
667 1854 783 1882 aflectus
805 1854 933 1890 sequitur
955 1853 1106 1882 inclinatio-

256 1909 318 1929 nein
343 1901 495 1935 maioremg
518 1901 566 1930 sed
589 1901 712 1930 caritatis
734 1909 813 1929 amor
830 1901 976 1929 ardentius
991 1900 1105 1929 inclinat

255 1948 291 1976 :td
312 1948 464 1976 amandum
486 1948 576 1977 Deum
599 1957 683 1985 quam
706 1949 869 1985 proximum
883 1949 912 1976 6;
939 1956 1005 1985 ergo
1026 1948 1105 1985 prius

255 1994 319 2024 facit
342 1994 420 2022 exire
444 1995 468 2022 in
492 1994 570 2023 illum
594 1998 702 2023 motum
724 2003 809 2032 quam
832 1995 859 2022 in
882 1994 975 2023 istum.

935 178 1188 207 SENTENTIARUM
1210 178 1270 207 Ltss.
1293 178 1332 207 itt.

1480 265 1693 286 CONCLUSIO.

1164 349 1259 378 Motus
1287 350 1425 378 caritatis
1446 350 1477 378 in
1499 350 1592 378 Deum
1619 351 1717 388 quoad
1745 351 1963 381 inclinationem
1985 356 2010 381 et

1243 396 1385 432 diqnitate
1406 400 1431 424 et
1452 396 1566 434 oriyine
1588 397 1675 434 prior
1700 401 1741 426 est
1772 406 1862 436 qaam
1888 399 1918 427 in
1944 408 2011 436 pro—

1242 443 1357 471 ucimnm
1366 466 1375 477 ,
1396 444 1447 472 sed
1460 444 1560 482 quoad
1574 444 1792 473 exercitationis
1803 444 2010 483 perfectionem

1241 490 1326 527 prior
1347 494 1388 519 est
1408 491 1522 520 ditectio
1542 491 1675 528 proximi
1694 500 1784 530 qaam
1805 492 1866 521 Dei.

1245 584 1420 613 RESPONDEO:
1437 584 1607 619 Dicendum,
1623 585 1699 622 quod
1714 585 1864 622 dupliciter
1879 586 2012 624 contingit

1164 637 1328 667 comparare
1359 631 1426 660 istos
1447 634 1540 660 motus
1562 631 1718 661 dilectionis
1739 632 1773 661 ad
1796 633 1923 661 habitum
1945 633 2151 680 cari-numquam-

1166 678 1245 706 tatis:
1267 680 1316 706 aut
1345 679 1501 707 secundum
1523 678 1656 716 primam
1677 678 1772 716 ipsius
1793 678 1911 708 liabitas
1932 679 2013 708 incti-
2037 667 2115 686 ‘mam'

1162 724 1328 758 «naamam,
1350 728 1400 754 aut
1420 725 1576 754 secundum
1599 726 1732 754 exercicii
1749 725 1965 764 perfhctionem.
1985 726 2011 754 Si

1164 772 1321 800 secundum
1350 772 1484 809 primam
1516 772 1579 801 eins
1601 773 1835 807 inclinationem,
1859 774 1899 802 sic
1919 781 2013 802 conce-

1164 818 1289 847 dendum
1311 822 1367 853 est,
1390 820 1465 856 quod
1487 822 1580 848 motus
1599 819 1754 849 dilectionis
1776 820 1803 848 in
1825 820 1914 849 Deum
1936 820 2012 857 prior

1163 868 1221 899 est,
1242 873 1328 902 quam
1350 868 1444 894 motus
1465 866 1621 895 dilectionis
1643 867 1669 895 in
1686 867 1865 903 proximum,
1881 867 2011 905 quoniam

1163 912 1266 941 caritas
1286 913 1366 950 prius
1388 913 1502 942 inclinat
1522 913 1557 941 ad
1580 913 1669 942 Deum
1685 921 1769 951 quam
1784 914 1820 942 ad
1836 914 2012 951 proximum,

1164 967 1228 988 cum
1251 959 1326 988 Deus
1347 959 1382 988 sit
1405 959 1546 988 obiectum
1562 960 1760 997 principalius,
1775 964 1803 989 et
1816 961 1958 990 inclinatio
1972 969 2014 990 re-

1164 1010 1261 1043 spectu
1283 1006 1371 1044 ipsius
1393 1006 1440 1035 Dei
1458 1007 1494 1035 sit
1508 1014 1593 1035 causa
1609 1007 1794 1036 inclinationis
1809 1011 1938 1045 respectu
1952 1016 2014 1045 pro-

1163 1053 1242 1081 ximi.
1266 1053 1372 1082 Caritas
1404 1053 1479 1082 enim
1504 1053 1594 1083 Deum
1617 1054 1680 1083 facit
1702 1054 1801 1091 diligi⁷
1824 1058 1939 1092 propter
1967 1063 2012 1090 se,

1163 1103 1190 1129 et
1211 1101 1375 1137 proximum
1398 1104 1514 1138 propter
1534 1101 1637 1136 Deum,
1659 1101 1697 1130 ita
1717 1102 1792 1139 quod
1813 1105 1932 1139 propter
1947 1102 2014 1132 dicit

1163 1147 1356 1176 habitudinem
1386 1156 1496 1176 causac
1516 1147 1617 1184 sinaiis
1639 1151 1666 1177 ει
1688 1157 1797 1177 causae
1818 1149 1958 1177 moventis
1986 1153 2013 1178 et

1165 1194 1329 1223 inducentis.
1351 1195 1512 1224 Secundum
1534 1203 1601 1232 ergo
1618 1196 1753 1233 primam
1774 1196 1912 1224 caritatis
1933 1196 2013 1225 incli-
2025 1201 2124 1220 Conclusio
2135 1201 2151 1220 1-

1162 1241 1311 1270 nationem
1333 1242 1410 1279 prior
1431 1245 1473 1271 est
1494 1250 1548 1270 non
1570 1242 1662 1271 solum
1684 1242 1842 1280 clionitate,
1865 1243 1913 1272 sed
1929 1244 2011 1272 etiam

1163 1289 1279 1326 oriqinc
1300 1292 1393 1318 motus
1415 1289 1572 1318 dilectionis
1593 1290 1620 1318 in
1645 1290 1732 1319 Deum
1756 1298 1841 1327 quam
1867 1293 1960 1319 motus
1975 1291 2013 1320 di-

1164 1336 1290 1365 lectionis
1312 1336 1338 1364 in
1361 1337 1534 1374 proximum.
1556 1354 1595 1357 -
1616 1337 1642 1365 Si
1665 1345 1731 1365 vero
1746 1337 1896 1374 loquamur
1918 1345 2013 1367 secun-

1163 1382 1232 1411 dum
1256 1383 1475 1411 exercitationis
1494 1382 1722 1420 perfectionem;
1753 1391 1817 1412 cum
1850 1384 2013 1413 exercitatio

1163 1429 1237 1458 circa
1260 1433 1366 1458 motum
1380 1430 1389 1443 ²³
1413 1430 1569 1459 dilectionis
1592 1430 1617 1458 in
1640 1430 1803 1467 proximum
1825 1431 1956 1467 respiciat
1976 1431 2013 1459 vi-

1163 1479 1218 1505 tam
1241 1477 1386 1511 activam,
1409 1477 1573 1506 exercitatio
1596 1485 1662 1506 vero
1684 1481 1777 1506 motus
1802 1477 1957 1507 dilectionis
1985 1478 2012 1506 in

1163 1524 1252 1553 Deum
1269 1524 1399 1561 respiciat
1416 1524 1500 1553 vitam
1515 1524 1770 1562 contemplativam
1778 1535 1788 1558 ,·
1803 1528 1829 1553 et
1843 1525 1890 1554 ille
1905 1526 2013 1554 εῖειιηεῃ

1163 1571 1198 1599 sit
1214 1571 1265 1599 isto
1280 1571 1394 1600 inferior
1410 1574 1436 1600 et
1452 1571 1657 1608 iinperteetior:
1674 1573 1751 1609 prior
1766 1575 1808 1601 εει
1822 1572 1933 1601 dilectio
1951 1580 2013 1609 pro·
2024 1578 2124 1597 Conclusio
2135 1578 2152 1596 2-

1162 1617 1232 1645 ximi
1249 1626 1331 1654 qnam
1349 1617 1459 1646 dilectio
1474 1618 1531 1647 Dei.
1555 1618 1607 1655 Qui
1629 1618 1702 1647 enim
1718 1619 1779 1647 vult
1793 1626 1854 1648 esse
1873 1619 2012 1655 perfectus

1162 1668 1272 1693 amator
1284 1665 1332 1693 Dei
1348 1665 1428 1702 prius
1443 1665 1526 1694 debet
1537 1673 1566 1694 se
1581 1673 1716 1694 exercere
1728 1666 1754 1694 in
1770 1674 1866 1695 amore
1880 1666 2012 1703 proximi,

1163 1712 1235 1741 siout
1257 1712 1303 1749 qui
1327 1712 1387 1740 vult
1409 1720 1470 1741 esse
1492 1712 1582 1741 honus
1601 1712 1835 1750 contemplativus
1858 1713 1937 1750 prius
1969 1713 2013 1742 de-

1162 1759 1208 1787 het
1223 1766 1283 1787 εεεε
1300 1758 1390 1787 honus
1404 1759 1528 1793 activus,
1544 1759 1615 1788 sicut
1630 1759 1711 1788 docet
1725 1759 1875 1796 Gregorius
1888 1760 1913 1787 ¹⁰.
1928 1777 1967 1780 -
1984 1760 2013 1788 Ει

1163 1807 1189 1834 in
1213 1806 1298 1834 liuius
1320 1805 1358 1834 rei
1381 1806 1492 1843 signum
1514 1806 1556 1835 his
1579 1806 1661 1835 datus
1682 1806 1734 1835 fuit
1749 1807 1869 1844 Spiritus
1890 1810 2012 1842 sanctus,
2026 1812 2152 1832 Confirmatio-

1162 1856 1189 1881 et
1204 1852 1296 1889 primo
1312 1852 1338 1880 in
1351 1856 1434 1887 terra,
1447 1853 1556 1881 loannis
1571 1853 1723 1889 vigesimo;
1739 1853 1862 1882 secundo
1875 1854 1909 1882 de
1924 1854 2011 1888 eae10,

1163 1899 1280 1928 Actuum
1303 1899 1445 1933 secundm
1465 1900 1530 1937 quia
1546 1900 1626 1937 prius
1641 1903 1750 1937 oportet
1771 1908 1897 1929 amorem
1918 1901 2015 1929 carita-

1162 1946 1196 1975 tis
1219 1946 1346 1975 exerceri
1370 1946 1396 1974 in
1418 1946 1462 1975 his
1484 1955 1556 1984 quae
1578 1947 1722 1981 videmus,
1752 1950 1783 1975 ut
1811 1955 1861 1984 per
1888 1955 2013 1977 amorem

1165 1992 1318 2021 visibilium
1347 2003 1360 2019 «
1376 1993 1402 2021 in
1419 2001 1544 2022 amorem
1561 1993 1743 2022 invisibilium
1758 1994 1904 2031 rapiamur
1915 1994 1931 2009 ¹¹
1947 2005 1973 2022 >›.

321 2231 327 2245 ¹
347 2231 480 2253 Secundum
498 2232 600 2259 Aristot.;
615 2231 668 2253 vide
682 2234 735 2253 toin.
749 2231 771 2253 ll.
784 2237 837 2259 pag.
851 2231 908 2259 330,
922 2234 973 2253 nota
987 2231 1007 2252 5.
1021 2232 1043 2252 in
1056 2231 1107 2253 sine.

319 2270 329 2284 2
347 2270 463 2298 Bernard„
482 2271 554 2292 serm.
574 2271 594 2292 3.
613 2271 634 2292 in
652 2271 752 2293 Assuint.
775 2271 798 2292 B.
817 2271 843 2292 M.
865 2271 890 2292 V.
909 2277 930 2292 n.
952 2271 973 2292 12
991 2270 1107 2298 Optimam

257 2310 318 2331 enini
337 2313 425 2337 pai-toni
439 2309 507 2337 elegit
520 2309 600 2336 Maria,
619 2312 674 2331 testo
687 2309 737 2337 ipso
755 2315 824 2337 quem
839 2309 924 2331 Martha
942 2310 1049 2336 suscepit.
1063 2309 1108 2331 Sed

258 2349 321 2376 prior
339 2352 392 2370 natu
411 2348 495 2370 Martha
518 2348 621 2375 videtur,
639 2351 659 2370 et
682 2348 761 2371 salutis
785 2349 873 2370 initium
891 2348 934 2371 sibi
956 2349 1030 2376 magis
1049 2349 1107 2370 actio

257 2394 327 2416 quani
354 2388 517 2415 contemplatio
543 2388 645 2410 noscitur
669 2387 795 2409 vindicare.
821 2387 909 2410 Laudat
934 2387 1038 2410 Christus
1063 2388 1107 2409 Ma-

257 2428 325 2454 riam,
344 2427 385 2449 sed
402 2433 414 2449 a
432 2427 518 2449 Martha
536 2427 666 2455 suscipitur.
685 2428 751 2449 Amat
769 2427 905 2449 ltucliaelem
924 2426 1002 2454 iacob,
1016 2427 1056 2449 sed
1069 2427 1107 2448 Lia

257 2467 396 2494 supponitur
419 2467 532 2494 ignoranti
550 2469 591 2489 ete.
615 2467 688 2488 Sei-m.
708 2466 743 2488 46.
762 2467 783 2488 in
806 2466 890 2489 Cantic.
909 2472 931 2488 n.
954 2466 978 2488 5:
998 2466 1028 2488 En
1051 2466 1108 2488 sorte

257 2506 346 2534 appetis
364 2509 386 2527 et
403 2506 452 2533 ipse
470 2506 670 2533 contemplationis
691 2506 803 2534 quictem,
821 2509 843 2527 et
859 2505 919 2528 hene
936 2505 1001 2533 sacis,
1019 2508 1107 2537 tantum

258 2552 285 2567 no
303 2545 446 2567 obliviscaris
463 2546 541 2573 liores,
560 2545 645 2573 qulbus
663 2545 771 2567 lectulum
788 2551 887 2572 sponsae
905 2545 962 2572 legis
979 2550 1106 2572 aspersum.

260 2584 319 2611 Ergo
337 2590 391 2605 cura
415 2587 437 2606 et
455 2586 478 2605 tu
501 2586 565 2606 tuum
588 2584 692 2606 similiter
709 2583 853 2605 circumdare
877 2583 993 2605 honorum
1011 2582 1107 2605 floribus

258 2629 371 2651 opernm,
395 2624 506 2645 virtutum
531 2623 661 2645 exercitio...
680 2623 724 2645 Scd
747 2626 769 2645 ct
791 2625 955 2651 praeposterus
977 2622 1035 2644 ordo
1057 2624 1106 2650 est,

259 2664 309 2684 unte
327 2663 435 2684 meritum
457 2663 547 2690 exigere
566 2663 707 2690 praemium,
726 2665 748 2684 ot
768 2664 818 2684 unte
840 2661 943 2684 lahorem
965 2667 1056 2684 sumere
1079 2662 1107 2683 ci⁴

260 2700 326 2728 bum,
345 2706 398 2722 cuni
416 2700 477 2722 dicat
498 2701 633 2728 Apostolus:
660 2700 706 2728 Qui
730 2706 776 2723 non
804 2699 897 2723 laborat
917 2706 965 2722 non
982 2699 1109 2722 manducet

262 2740 298 2761 (ll.
318 2741 398 2762 Thess.
418 2741 443 2767 3,
466 2740 509 2768 10.)
529 2743 571 2762 etc.

322 2778 332 2792 3
350 2779 414 2801 ΥεΓε.
433 2779 469 2801 37.
484 2785 561 2807 scarp:
581 2779 665 2807 Diliges
683 2779 806 2801 Dominum
820 2779 893 2801 Deum
912 2781 1000 2801 tuum...
1019 2780 1062 2800 hoc
1074 2780 1108 2800 cst

260 2819 386 2840 niaximum
404 2820 425 2840 ct
442 2818 544 2846 primum
562 2818 722 2840 mandatnm...
740 2818 873 2840 Secundum
892 2820 969 2840 autem
986 2821 1028 2840 etc.
1040 2817 1107 2839 —ln

261 2856 346 2879 nim'ori
364 2863 406 2884 pro
424 2856 561 2880 Secundum
579 2863 633 2879 eum
651 2857 719 2879 codd.
738 2858 754 2878 A
764 2856 783 2878 Y
801 2856 939 2879 Secundum
956 2855 1062 2879 eundem.
1084 2856 1107 2877 ln

260 2895 346 2918 minori
364 2902 407 2924 pro
424 2896 504 2918 anistri
527 2895 684 2925 proximum,
705 2896 767 2925 quod
793 2895 877 2919 habent
903 2896 966 2918 multi
993 2895 1060 2918 codd.
1087 2897 1108 2917 et

259 2934 311 2956 edd.
331 2936 348 2962 t,
368 2936 395 2963 2,
413 2936 435 2957 in
448 2936 496 2957 aliis
517 2935 584 2957 codd.
605 2938 627 2957 ct
648 2935 697 2957 Vnt.
715 2941 799 2957 autore
813 2935 971 2964 proximsz
994 2934 1044 2957 cod.
1058 2935 1075 2956 A
1087 2937 1109 2956 et

259 2973 418 3002 Supplement.
431 2975 494 2996 Sum.
508 2975 568 2996 Alex.
586 2975 634 2997 Hal.
647 2974 720 2997 collat.
737 2975 774 2996 60.
790 2981 810 2996 a.
830 2974 850 2996 li.
868 2975 974 2996 omittunt
991 2972 1076 2996 ammi.

1228 2230 1236 2244 ⁴
1254 2232 1353 2259 Aristot,
1373 2231 1395 2253 ll.
1414 2231 1497 2253 Foster.
1516 2237 1535 2254 c.
1558 2231 1591 2253 17.
1609 2231 1638 2260 (e.
1659 2232 1716 2260 Ἰ14,);
1735 2232 1807 2254 (lausa
1820 2233 1880 2254 enim
1899 2233 1963 2260 prius
1980 2236 2015 2255 est

1166 2276 1193 2292 eo
1212 2271 1278 2292 cuius
1294 2272 1328 2292 est
1344 2277 1420 2293 causa.

1228 2309 1237 2323 ⁵
1254 2309 1298 2331 Csr.
1317 2316 1386 2337 snpra
1406 2316 1459 2337 pag.
1479 2309 1534 2338 486,
1553 2313 1605 2332 nota
1624 2311 1645 2333 2.

1228 2348 1237 2362 ⁶
1255 2349 1313 2371 Vide
1331 2350 1367 2371 nic
1385 2350 1414 2371 lit.
1433 2350 1548 2377 Magistri,
1567 2356 1585 2371 c.
1605 2349 1625 2371 li.

1228 2387 1238 2401 ⁷
1256 2388 1311 2409 Edd.
1334 2387 1437 2417 clamere.
1462 2389 1511 2411 Mox
1533 2391 1584 2416 post
1601 2390 1623 2411 et
1641 2389 1780 2418 prozimum
1800 2390 1868 2412 codd.
1886 2390 1930 2412 BD
1947 2397 2013 2418 repe-

1165 2429 1214 2449 tunt
1230 2426 1287 2456 facit
1304 2426 1376 2456 diiiqz'.
1397 2427 1465 2450 Paulo
1478 2428 1573 2450 inferius
1584 2434 1628 2455 pro
1639 2428 1744 2457 primam
1762 2428 1829 2451 codd.
1847 2429 1893 2451 ΑΚ
1904 2429 1947 2451 PR
1957 2429 2012 2452 sbb

1163 2464 1316 2494 prlnmriam.

1226 2504 1236 2518 8
1253 2505 1309 2527 Edd.
1328 2506 1435 2527 omittunt
1446 2505 1511 2529 circa
1528 2507 1627 2534 motam,
1641 2508 1662 2528 et
1679 2506 1715 2528 bis
1726 2512 1769 2534 pro
1781 2506 1918 2529 ewercz‘tatio
1930 2506 2011 2529 substi-

1164 2546 1231 2565 tuunt
1247 2543 1395 2567 cxccrcz'tt'itm.

1227 2582 1236 2596 ῃ
1254 2582 1325 2605 Codd.
1344 2586 1365 2605 et
1377 2583 1429 2605 odd.
1446 2584 1463 2612 t,
1483 2585 1496 2606 2
1508 2590 1552 2606 non
1570 2590 1672 2612 congrue
1684 2583 1721 2607 liic
1732 2585 1808 2607 status
1825 2583 1855 2607 sit
1870 2584 1927 2613 itto‚-
1938 2587 2012 2607 tamen

1165 2622 1233 2644 etiam
1247 2621 1299 2643 alibi
1312 2624 1392 2645 auctor
1408 2623 1475 2645 simili
1493 2623 1563 2645 modo
1581 2623 1629 2645 istis
1646 2623 1823 2650 pronominibus
1841 2624 1917 2645 utitur.

1229 2660 1247 2674 μ’
1264 2661 1325 2683 Libr.
1345 2662 1379 2683 Vl.
1398 2662 1474 2684 Moral.
1493 2668 1511 2684 c.
1526 2662 1562 2684 37.
1576 2668 1596 2684 n.
1615 2662 1652 2684 58.
1671 2668 1746 2691 seqq,
1764 2663 1779 2684 i.
1792 2662 1874 2685 ilomii.
1892 2663 1914 2684 in
1932 2663 2012 2685 Ezech.

1166 2700 1228 2721 hom.
1247 2700 1267 2721 3.
1286 2706 1306 2721 n.
1325 2700 1346 2721 9.
1360 2713 1389 2715 —
1405 2700 1458 2723 Loci
1476 2701 1557 2728 Script.
1582 2701 1640 2722 allati
1658 2703 1710 2722 sunt
1728 2701 1787 2723 ioan.
1806 2701 1847 2729 20,
1867 2701 1909 2729 22,
1926 2704 1948 2723 et
1965 2701 2012 2723 Aet.

1165 2739 1190 2766 2,
1209 2739 1229 2760 2.
1248 2745 1312 2767 seqq.
1330 2738 1375 2761 Cir.
1395 2740 1430 2761 hie
1442 2740 1473 2761 lit.
1491 2740 1603 2767 Magistri,
1621 2746 1640 2761 e.
1655 2740 1678 2767 4,
1691 2739 1738 2762 etl.
1757 2740 1818 2761 Seni.
1831 2739 1853 2761 d.
1876 2738 1909 2761 14.
1921 2739 1976 2761 dub.
1992 2739 2012 2761 i..

1230 2777 1246 2791 ¹¹
1266 2778 1362 2806 Gregor.
1384 2779 1405 2800 in
1424 2779 1518 2801 Praesut.
1539 2779 1619 2801 Missae
1637 2780 1658 2801 in
1676 2779 1748 2801 Nativ.
1766 2779 1863 2801 Domini.
1881 2778 1925 2801 Cir.
1942 2785 2012 2806 supra

1166 2823 1218 2845 pag.
1238 2818 1278 2845 26,
1298 2820 1348 2839 nota
1367 2819 1387 2840 6.
1406 2819 1510 2846 August„
1528 2819 1550 2840 in
1569 2818 1628 2841 loan.
1646 2818 1733 2845 Evang.
1752 2822 1777 2840 tr.
1798 2818 1833 2839 17.
1846 2824 1867 2839 n.
1886 2818 1911 2839 8:
1929 2818 1968 2840 Dei
1982 2818 2012 2840 di-

1166 2856 1231 2878 lectio
1244 2857 1306 2884 prior
1323 2859 1356 2879 est
1368 2857 1449 2879 ordine
1466 2857 1633 2885 praecipiendi,
1647 2857 1745 2885 proximi
1758 2859 1835 2878 autem
1847 2856 1937 2879 dilectio
1949 2858 2013 2884 prior

1166 2898 1200 2917 est
1211 2895 1291 2917 ordino
1304 2896 1408 2918 faciendi.
1421 2895 1464 2918 Csr.
1483 2896 1592 2918 Ber-nardi
1607 2896 1734 2918 Sententiae
1752 2902 1773 2917 n.
1792 2896 1828 2917 21.
1838 2908 1868 2911 —
1880 2896 1948 2917 Paulo
1960 2896 2012 2918 infe-

1166 2934 1214 2955 rius
1230 2933 1283 2956 odd.
1297 2935 1401 2957 omittunt
1418 2936 1482 2964 patet
1494 2934 1616 2964 responsio
1634 2934 1665 2957 ud
1681 2933 1842 2963 qaaestionem
1857 2933 2011 2963 propositam.
