2166 3366
759 184 841 211 DlS'l'.
865 184 953 213 XXVl.
975 185 1047 213 ΛΒΤ.
1070 184 1097 212 ll.
1120 184 1255 221 QUAEST.
1279 185 1296 213 l.

154 262 254 300 topicis
279 261 455 295 virtutibus;
483 261 613 298 quoniam
637 260 719 295 fides,
747 269 819 297 quae
845 265 886 289 est
908 262 996 290 virtus

153 309 319 346 theologica,
334 317 389 337 una
404 311 431 337 et
452 309 548 337 eadem
564 310 618 341 est,
640 308 697 336 sive
714 315 762 344 per
782 308 869 344 ipsam
885 309 997 337 credan-

153 358 199 384 tur
221 355 305 389 bona,
327 355 385 384 sive
407 363 456 391 per
479 354 565 391 ipsam
588 354 740 382 credantur
764 355 849 382 mala:
879 362 945 391 ergo
973 355 995 383 si

152 409 216 439 spes
235 405 262 430 et
285 402 366 430 timor
388 404 557 438 generantur
582 400 617 429 ab
648 401 704 437 ipsa
727 400 793 435 lide,
823 405 850 429 et
872 402 995 437 genitum

152 448 234 477 debet
255 448 402 476 assimilari
428 447 568 484 generanti
588 447 609 481 1;
632 447 742 475 videtui·
767 455 846 483 ergo,
868 448 941 484 quod
965 448 997 476 si-

152 497 199 523 cut
220 494 289 522 fides
309 497 351 522 est
376 489 460 522 unus'
479 494 590 522 habitus
612 493 781 530 theologicae
810 494 936 527 virtutus,
958 495 996 523 sic

151 544 178 570 et
199 549 262 578 spes
283 544 310 569 et
332 541 413 569 timor
435 541 490 569 sint
518 548 591 568 unus
614 540 726 569 liabitas
754 540 906 569 directivus
935 541 997 569 11116-

151 587 258 616 ationis.

230 635 255 663 5.
278 634 357 668 116111,
381 634 431 662 1106
454 633 544 670 ipsum
569 633 679 662 videtur
702 641 750 670 per
772 633 862 662 simile
889 634 914 662 in
935 643 996 670 pec-

150 681 225 710 cacis
245 680 421 710 actualibus.
443 681 518 708 Sicut
539 680 612 709 enim
643 688 692 717 per
722 681 852 709 virtutem
876 681 996 710 declinat

152 728 234 756 1101110
255 736 271 756 a
287 728 359 756 malo
380 730 407 755 et
422 727 509 756 tendit
528 727 553 755 in
577 727 697 761 honuni,
719 727 758 755 sio
780 736 829 764 per
851 731 995 765 peccatum

149 774 258 803 actuale
280 774 429 802 divertitur
450 782 466 801 a
496 774 567 801 bono
589 774 808 802 incommutabili
837 777 863 802 et
884 782 997 803 conver-

150 820 218 849 titur
239 821 273 849 ad
295 820 508 854 commutabile3
530 820 578 849 sed
603 821 628 848 in
649 824 761 857 peccato
783 829 857 849 unus
879 824 906 850 et
921 821 994 850 idem

149 870 228 896 actus
249 870 291 895 est
304 869 331 896 et
352 875 409 895 una
423 870 450 896 et
470 867 567 895 eadem
584 866 681 904 culpa,
703 875 758 904 qua
773 868 837 904 quis
858 868 995 896 avertitur

149 921 165 942 a
186 914 243 943 Deo
264 916 290 942 et
312 914 484 942 convertitur
499 914 534 942 ad
556 914 754 942 commutabile
771 914 906 942 l10num2:
929 923 996 951 ergo

149 960 276 989 similiter
298 961 351 989 erit
377 968 413 989 ex
444 964 521 997 parte
550 961 670 989 virtutis.
699 961 724 988 Si
752 968 818 997 ergo
848 970 896 998 per
918 970 994 999 spem

149 1007 236 1036 tendit
264 1007 327 1044 quis
356 1007 381 1035 in
408 1007 511 1036 honum
541 1010 568 1035 et
597 1015 646 1044 per
676 1008 801 1036 timorem
832 1008 952 1036 declinat
980 1017 996 1037 a

149 1054 235 1089 malo;
251 1054 375 1089 videtur,
397 1054 471 1091 quod
487 1062 551 1091 spes
572 1057 599 1083 et
614 1054 696 1083 timor
711 1055 766 1083 sint
781 1063 855 1083 unns
875 1055 994 1083 habitus.

229 1101 281 1129 Sim
302 1108 423 1129 com-na:
453 1101 476 1128 1.
498 1101 657 1129 Secundum
683 1101 796 1129 sanctos
824 1104 851 1129 et
879 1101 996 1138 pliiloso-

25 1147 242 1185 undamenia.phos⁸
272 1150 392 1184 quatuor
417 1150 624 1176 consueverunt
655 1147 813 1176 affectiones
834 1148 918 1176 animi
949 1156 998 1176 nu-

150 1194 269 1229 merari,
291 1187 419 1222 videlicet
440 1194 574 1230 gaudium
596 1198 623 1222 et
645 1194 736 1228 dolor,
759 1202 822 1231 spes
850 1197 877 1223 et
899 1195 995 1223 timor:

148 1240 170 1269 si
192 1247 259 1277 ergo
281 1247 346 1269 vere
367 1243 488 1277 quatuor
510 1243 590 1275 sunt,
612 1248 724 1269 necesse
745 1243 803 1273 est,
826 1249 902 1278 spem
918 1245 945 1269 et
968 1242 996 1270 ti-

149 1294 255 1316 morem
284 1286 319 1314 ah
348 1286 465 1315 invicem
488 1286 613 1319 differre,
642 1287 796 1315 secundum
827 1288 900 1324 quod
931 1291 998 1316 snnt

148 1333 315 1365 affectiones.
330 1333 383 1362 Sed
400 1333 512 1361 habitus
533 1334 591 1370 spei
606 1333 701 1370 dirigit
718 1333 791 1362 illam
807 1333 997 1363 affectionem-

148 1388 220 1418 quae
241 1379 344 1409 dicitur
359 1387 434 1416 spes,
449 1382 476 1408 et
495 1379 607 1408 habitus
630 1380 737 1408 timoris
751 1380 849 1408 aliam:
872 1389 939 1416 ergo
961 1381 997 1409 vi-

148 1427 246 1461 detur,
268 1426 343 1464 quod
365 1427 419 1455 sint
441 1426 553 1455 habitus
574 1426 686 1455 diversi.

227 1475 253 1502 ⁹2.
275 1473 357 1507 Item,
372 1473 444 1501 sicut
458 1480 488 1502 se
510 1473 612 1501 liabent
627 1473 785 1501 affectiones
800 1474 834 1501 de
858 1475 993 1510 praesenti

147 1520 221 1548 malo
242 1523 269 1548 et
290 1520 362 1548 bono
383 1519 418 1548 ad
440 1519 571 1549 invicem.
595 1520 632 1547 sii·
655 1527 684 1548 se
707 1520 808 1547 liabent
837 1520 996 1549 affectiones

147 1567 182 1596 de
204 1567 299 1596 futuro
321 1566 393 1595 hono
414 1569 441 1595 et
463 1566 572 1600 nialo⁴3
599 1566 647 1595 sed
670 1566 828 1595 affectiones
857 1567 891 1595 de
920 1575 995 1604 prae-

147 1614 217 1643 senti
239 1613 312 1642 bouo
337 1617 364 1642 et
385 1613 419 1642 de
441 1613 579 1650 praesenti
604 1613 676 1641 malo
704 1621 757 1641 non
780 1614 870 1641 solum
900 1614 994 1642 distin-

147 1663 286 1698 guuntur,
308 1660 356 1689 sed
378 1661 461 1689 etiam
487 1660 641 1688 formaliter
662 1663 855 1697 opponuntur,
878 1664 908 1689 ut
930 1669 995 1698 gau-

146 1707 224 1736 dium
247 1710 274 1736 et
295 1706 388 1736 dolor:
411 1714 478 1743 ergo
499 1714 562 1735 cum
585 1714 648 1743 spes
670 1707 705 1735 sit
726 1707 761 1735 de
789 1707 884 1735 futuro
907 1707 993 1741 bono,

146 1753 230 1783 timor
251 1753 285 1782 de
307 1753 402 1782 futuro
424 1753 512 1784 malo:
535 1753 658 1786 videtur,
681 1753 754 1790 quod
777 1761 840 1790 spes
861 1757 888 1782 et
911 1754 994 1782 timor

146 1808 201 1829 non
223 1799 313 1828 solum
336 1799 556 1836 distinguantur,
585 1799 632 1828 sed
655 1799 736 1827 etiam
760 1804 936 1837 opponantur
959 1801 992 1828 ad

148 1847 275 1876 invicem.

225 1893 250 1921 3.
273 1893 356 1927 Item,
379 1893 441 1929 plus
462 1893 555 1921 differt
578 1893 689 1921 habitus
712 1893 822 1922 virtutis
837 1894 872 1922 ab
895 1894 992 1922 habiti-

146 1940 200 1969 bus
221 1940 376 1972 donorum,
397 1948 480 1976 quam
503 1940 616 1968 habitus
638 1941 773 1969 virtutum
799 1941 833 1969 ad
858 1941 995 1970 invicem3

146 1987 195 2016 sed
217 1986 330 2015 habitus
352 1987 458 2015 timoris
480 1991 659 2024 computatur
682 1988 752 2016 inter
771 1988 856 2023 dona,
881 1989 992 2018 habitus

146 2034 205 2071 spei
227 2033 299 2061 inter
321 2033 451 2067 virtutes⁷
473 2033 628 2062 secundum
651 2034 725 2071 quod
754 2034 820 2063 dicit
842 2035 992 2071 Gregorius

146 2080 173 2108 in
195 2079 381 2108 Moralibus⁵:
404 2088 470 2115 ergo
492 2080 512 2108 si
541 2088 604 2117 spes
626 2080 718 2109 differt
746 2081 781 2109 ab
802 2082 863 2110 aliis
886 2082 992 2111 virtuti-

146 2126 214 2159 bus,
237 2125 347 2154 videtur
370 2125 458 2154 multo
479 2126 591 2160 fortius,
613 2127 686 2163 quod
708 2127 818 2156 differat
833 2136 849 2156 a
864 2128 971 2156 timore.

223 2173 249 2201 [1.
272 2173 351 2207 116111,
373 2173 607 2210 quandocumque
629 2173 686 2202 duo
708 2174 820 2203 habitus
843 2174 881 2203 sic
896 2182 924 2203 se
947 2175 992 2203 lia-

146 2219 224 2253 bent,
245 2219 318 2256 quod
342 2228 416 2248 unus
437 2223 590 2248 evacuatur
604 2224 631 2249 et
652 2220 722 2249 alter
742 2229 811 2255 non,
833 2221 871 2249 illi
894 2221 993 2250 sorma-

146 2265 209 2294 liter
230 2266 460 2303 distinguuntur;
482 2267 529 2295 sed
554 2266 641 2295 timor
658 2267 776 2296 Domini
794 2272 917 2297 sanctus
930 2277 992 2305 per-

146 2316 243 2340 manet
258 2313 289 2341 2³12
306 2313 456 2341 saeculum
470 2313 584 2341 saecuti
595 2313 615 2347 ⁸,
638 2321 701 2350 spes
716 2318 808 2343 autem
829 2318 991 2345 evacuatur,

210 2452 217 2467 1
236 2452 294 2475 Vide
311 2459 379 2481 supra
399 2460 451 2482 pag.
471 2454 525 2483 l86,
544 2458 595 2477 nota
618 2455 650 2477 10.
667 2458 688 2477 et
706 2461 759 2483 pag.
781 2456 833 2483 188,
852 2458 903 2477 nota
926 2456 943 2477 1.
960 2468 992 2472 -

147 2492 179 2514 De
196 2491 283 2515 miore·
299 2492 338 2514 cfr.
357 2493 392 2514 nie
410 2493 439 2514 lit.
457 2494 567 2521 Magistri,
585 2500 604 2516 c.
623 2494 647 2520 3,
665 2498 687 2516 61
703 2500 773 2521 supra
795 2494 817 2516 d.
836 2495 872 2516 23.
890 2501 910 2516 a.
933 2495 950 2516 1.
968 2501 990 2523 q.

148 2531 169 2553 3.
182 2543 211 2546 -
224 2531 266 2552 l‘ro
283 2530 347 2553 debet
364 2531 414 2553 cod.
432 2531 448 2552 Z
465 2530 539 2554 habet.

209 2570 218 2584 ‘2
236 2570 280 2592 cfr.
298 2570 320 2591 ll.
339 2570 398 2592 Sent.
417 2570 439 2592 d.
458 2569 494 2592 42.
512 2576 532 2592 a.
551 2571 571 2592 3.
595 2577 616 2599 q.
635 2572 655 2593 2.
667 2583 698 2587 —
715 2571 757 2593 Ρ10
779 2571 896 2594 avertitur
912 2578 926 2594 a
945 2571 991 2594 Deo

148 2608 200 2631 edd.
218 2607 364 2631 convertitur
379 2614 395 2631 α
412 2608 466 2631 Deo.

209 2647 219 2662 ³
238 2647 295 2669 Vide
315 2653 385 2675 supra
408 2654 460 2675 pag.
484 2647 540 2673 556.
563 2649 615 2670 nota
627 2647 757 2670 5.—Circa
781 2648 849 2670 tinem
870 2654 918 2676 arg.
940 2651 993 2676 post

148 2685 221 2708 aliam
239 2686 288 2708 Vat.
307 2685 370 2708 addit
386 2691 446 2715 quae
462 2685 549 2709 dicitur
566 2685 644 2708 timor.

212 2723 220 2738 ⁴
237 2725 347 2752 Damaso„
366 2725 389 2746 ll.
408 2724 436 2747 de
453 2724 507 2747 Fide
524 2725 613 2747 orthod.
632 2731 650 2747 c.
673 2726 705 2747 l2.
723 2725 787 2753 (ipse
799 2727 902 2754 sequitur
914 2726 992 2749 Neme-

148 2763 208 2785 sium
225 2763 294 2790 episc.
312 2763 422 2790 Emesen.‚
435 2762 465 2785 de
481 2762 563 2784 Natura
576 2763 687 2791 hominis,
705 2769 724 2785 c.
740 2763 799 2791 117,);
817 2763 911 2791 Oportet
922 2765 991 2792 scire,

149 2801 211 2830 quod
229 2807 306 2824 rerum
319 2802 361 2824 hae
378 2801 471 2830 quiden]
483 2804 536 2823 511111
553 2801 637 2830 bonae,
651 2802 693 2823 hae
710 2808 766 2824 vero
778 2802 857 2824 malae.
877 2803 993 2830 Exspecta-

149 2842 198 2862 turn
220 2839 308 2862 bonum
329 2841 538 2868 concupiscentiam
559 2837 708 2869 [ἐπιθυμίαν]
735 2841 862 2868 constituit,
885 2847 993 2868 praesens

150 2885 205 2901 vero
217 2879 330 2901 laetitiam.
343 2877 448 2902 Similiter
459 2882 614 2907 exspectatum
632 2879 729 2907 malum,
746 2880 866 2907 timorem;
885 2886 993 2907 praesens

149 2923 206 2939 vero
228 2918 347 2940 tristitiam.
369 2917 414 2940 Cfr.
437 2918 496 2940 loan,
520 2918 549 2939 de
575 2918 682 2946 Rupella,
706 2918 768 2940 Sum.
795 2918 824 2940 de
849 2919 944 2946 Anima,
970 2925 992 2946 p.

150 2956 173 2978 ll.
191 2962 210 2978 c.
233 2957 265 2978 10.

279 3006 304 3029 S.
322 3007 410 3029 Βοηαυ.
428 3019 459 3022 -
476 3007 542 3029 Tom.
560 3007 592 3029 111.

1842 189 1896 217 561)

1054 262 1208 291 secundum
1238 263 1311 300 quod
1341 262 1407 291 dicit
1436 264 1563 301 Magister
1592 265 1618 292 in
1642 265 1744 299 littera,
1773 269 1799 294 et
1829 266 1898 295 infra

1055 309 1187 337 liabetur:
1210 317 1276 346 ergo
1297 317 1360 346 spes
1381 314 1408 338 et
1431 311 1511 339 timor
1533 312 1716 341 essentialiter
1737 312 1877 341 differunt.

1133 356 1158 383 5.
1182 355 1264 389 item,
1285 364 1406 393 quorum
1428 357 1543 386 effeetus
1564 362 1629 387 sunt
1649 359 1682 387 ad
1707 359 1822 388 invicem
1845 360 1899 389 dis-

1054 401 1157 437 parati,
1179 405 1206 430 et
1228 402 1286 438 ipsa
1307 407 1372 432 sunt
1401 404 1541 441 disparata
1558 405 1583 439 ⁷3
1605 406 1653 434 sed
1675 415 1733 434 esse
1760 415 1898 434 securum

1053 451 1080 476 et
1104 456 1163 475 esse
1190 449 1332 485 pavidum
1360 454 1540 487 opponuntur
1560 460 1675 489 ——spes
1703 454 1795 482 reddit
1823 463 1899 483 secu-

1054 502 1134 529 rum,
1157 496 1238 523 timor
1261 496 1352 524 reddit
1382 497 1513 533 pavidum
1530 515 1568 518 —
1589 506 1655 535 ergo
1676 509 1739 537 spos
1767 506 1793 530 et
1815 502 1898 530 timor

1054 541 1207 570 formaliter
1228 542 1447 579 distinguuntur.

1368 644 1579 667 CONcLustO.

1053 728 1122 764 Spes
1150 732 1175 756 et
1203 728 1307 762 timor,
1336 729 1396 757 sive
1423 731 1570 759 'nominent
1599 732 1734 767 habitus,
1765 736 1825 764 stoa
1853 746 1897 765 no-

1131 775 1239 803 minent
1266 775 1430 813 affectiones
1458 777 1593 812 (mimae,
1624 780 1821 810 diversitatem
1850 783 1898 812 liu-

1132 821 1194 849 be'nt
1215 822 1256 850 ud
1276 822 1406 851 invicem.

1132 915 1303 943 RusroNoao:
1320 915 1487 950 Dicendum,
1509 919 1583 955 quod
1607 920 1689 948 timor
1704 926 1730 949 et
1748 930 1824 959 spes,
1840 923 1898 953 sive

1054 961 1195 990 nominent
1216 960 1343 996 liabitas,
1359 963 1417 991 sive
1439 965 1580 994 nominent
1595 966 1759 1003 affectiones
1780 970 1898 1005 animae,

1053 1007 1241 1037 diversitatem
1265 1009 1367 1038 liabent
1388 1011 1421 1039 ad
1446 1011 1572 1040 invicem.
1589 1013 1741 1043 Diversitas
1762 1016 1899 1046 61ιί1111111-

1053 1054 1167 1083 bltuum
1187 1055 1340 1084 attenditur
1362 1064 1446 1093 penes
1470 1058 1659 1088 diversitatem
1683 1065 1804 1090 actuum
1826 1064 1898 1100 prin—

1053 1101 1185 1138 cipalium
1200 1102 1222 1134 ⁸;
1244 1102 1374 1139 quoniam
1397 1104 1482 1141 igitur
1502 1114 1567 1142 Spes
1588 1108 1712 1136 consistit
1734 1109 1759 1137 in
1776 1111 1897 1146 quadarn

1054 1148 1220 1177 confidentia
1241 1152 1268 1177 et
1282 1150 1433 1183 erec-tione,
1456 1151 1543 1180 timor
1560 1160 1625 1181 vero
1648 1154 1673 1182 in
1690 1155 1811 1192 quadam
1834 1157 1899 1194 fuga

1054 1197 1081 1222 et
1102 1195 1264 1224 resilitione:
1289 1195 1351 1223 111116
1373 1200 1430 1227 est.
1451 1198 1525 1234 quod
1557 1199 1638 1228 timor
1659 1204 1686 1229 et
1708 1210 1771 1238 spes
1797 1203 1899 1232 liabent

1054 1241 1088 1269 ad
1112 1242 1228 1270 invicem
1251 1242 1439 1272 diversitatem
1459 1245 1564 1274 ratione
1579 1254 1695 1275 suorum
1718 1252 1841 1277 actuum.
1859 1250 1899 1278 Di-

1055 1289 1171 1317 versitas
1192 1292 1285 1317 autem
1303 1289 1426 1326 ipsorum
1446 1295 1568 1320 actuum
1590 1293 1664 1322 venit
1678 1302 1714 1323 ex
1736 1299 1814 1332 parte
1829 1297 1899 1325 obte-

1054 1335 1106 1368 cti,
1130 1335 1155 1363 in
1178 1339 1313 1372 quantum
1336 1336 1419 1365 habet
1440 1338 1574 1367 rationem
1596 1340 1704 1368 mott'm'.
1727 1341 1795 1370 Cum
1824 1343 1897 1371 enim

1053 1381 1146 1409 anima
1173 1382 1359 1419 apprehendit
1387 1384 1491 1421 aliquid
1522 1386 1644 1414 nondum
1674 1396 1821 1424 praesens,
1849 1390 1897 1418 sed

1054 1428 1181 1456 futurum
1204 1428 1230 1456 in
1254 1429 1358 1457 ratione
1380 1431 1588 1465 convenientis,
1609 1433 1730 1462 allicitur
1754 1435 1898 1465 affectione

1052 1474 1126 1510 spot,
1149 1475 1170 1502 si
1187 1475 1259 1503 adsit
1281 1479 1401 1512 potestas
1428 1479 1611 1514 assequendi3
1639 1488 1703 1508 cum
1731 1484 1824 1510 autem
1854 1491 1899 1519 ap—

1053 1521 1202 1557 prehendit
1232 1522 1256 1549 in
1291 1523 1395 1551 ratione
1416 1524 1671 1560 disconvenientes,
1693 1527 1814 1556 aflicitur
1835 1529 1897 1557 atse-

1052 1567 1141 1596 ctione
1163 1568 1292 1601 timoris,
1312 1569 1334 1597 si
1357 1570 1442 1605 possit
1463 1571 1498 1599 ab
1520 1571 1566 1600 illo
1591 1574 1765 1609 superveniri
1778 1575 1796 1602 ⁰.
1813 1592 1851 1595 —
1867 1576 1897 1604 Et

1053 1614 1091 1642 sic
1114 1617 1200 1651 patet,
1228 1616 1302 1652 quod
1332 1624 1395 1652 spes
1416 1617 1508 1646 dissert
1532 1626 1548 1646 a
1570 1619 1668 1648 timore
1698 1622 1802 1650 ratione
1823 1622 1898 1651 diffe-

1053 1661 1158 1689 rentiae
1174 1665 1300 1698 repertae
1323 1663 1348 1690 in
1371 1667 1434 1692 actu
1451 1665 1565 1702 proprio
1586 1669 1612 1694 et
1633 1667 1715 1695 etiam
1739 1668 1765 1696 in
1781 1668 1896 1697 obiecto.

1054 1707 1083 1735 lit
1105 1708 1297 1737 concedendae
1326 1713 1390 1738 sunt
1413 1711 1547 1745 rationes,
1569 1721 1640 1749 quae
1664 1714 1714 1743 lioc
1736 1716 1895 1744 ostendunt.

1134 1755 1157 1782 1.
1179 1755 1216 1782 Ad
1241 1755 1308 1783 illud
1340 1764 1404 1784 vero
1426 1758 1499 1793 quod
1527 1759 1616 1794 primo
1644 1760 1773 1789 obiicitur
1795 1770 1844 1798 per
1865 1763 1897 1791 si-

1054 1801 1116 1829 mile
1140 1801 1164 1829 in
1187 1802 1395 1836 *tutem-utc'tms,
1417 1805 1491 1840 quod
1516 1805 1587 1833 idem
1614 1810 1655 1835 est
1677 1809 1800 1844 pondus,
1822 1810 1895 1846 quod

1053 1847 1116 1875 l'arit
1138 1848 1267 1876 1666116111
1289 1849 1324 1877 ab
1354 1858 1408 1877 11110
1429 1851 1620 1887 oppositorum
1647 1857 1673 1881 et
1702 1855 1834 1884 accedere
1862 1857 1897 1885 ad

1052 1894 1186 1924 alterumn
1208 1895 1373 1929 dicendum,
1396 1897 1468 1934 quod
1491 1906 1543 1926 non
1565 1903 1607 1927 est
1622 1900 1738 1929 ommino
1759 1902 1856 1931 simile
1871 1904 1896 1931 in

1054 1941 1209 1969 voluntario
1230 1950 1324 1971 amore
1346 1947 1372 1971 61
1402 1943 1427 1971 in
1452 1945 1569 1973 naturali
1596 1946 1735 1982 pondere:
1765 1950 1895 1985 quoniam

1053 1992 1144 2016 motus
1172 1989 1337 2022 nuturultx,
1361 1991 1482 2019 maxime
1513 1991 1618 2026 localis,
1642 1996 1797 2023 necessario
1827 1997 1897 2025 duos

1053 2035 1135 2063 habet
1156 2036 1302 2069 terminos,
1325 2036 1452 2065 videlicet
1474 2038 1623 2067 terminum
1646 2040 1687 2068 ull
1707 2050 1789 2078 quenz
1805 2046 1831 2071 et
1848 2047 1897 2071 ter-

1052 2082 1157 2110 minum
1181 2090 1200 2110 (t
1221 2091 1294 2119 quo.-
1317 2091 1366 2111 ner,
1389 2087 1477 2120 potest
1498 2084 1610 2122 aliquod
1640 2094 1743 2124 corpus
1766 2089 1896 2118 recedere

1050 2136 1066 2156 a
1089 2129 1207 2156 termino
1234 2138 1253 2157 u
1275 2138 1345 2167 quo,
1375 2131 1425 2158 nisi
1457 2132 1595 2160 tendendo
1623 2133 1657 2161 ad
1681 2135 1831 2163 terminum
1857 2136 1898 2164 act

1050 2183 1152 2212 quem,-
1173 2176 1247 2204 unde
1269 2177 1303 2204 ad
1327 2184 1414 2205 unum
1437 2181 1463 2206 et
1492 2179 1612 2207 eundem
1634 2184 1726 2208 actum
1750 2182 1898 2218 requirun—

1052 2225 1097 2249 tur
1119 2221 1165 2250 illa
1187 2222 1243 2250 dno
1264 2226 1405 2253 extrema.
1429 2224 1464 2252 ita
1479 2225 1553 2261 qnod
1577 2234 1663 2254 unum
1683 2230 1724 2254 est
1748 2227 1772 2254 in
1789 2228 1895 2257 ratione

1047 2268 1205 2304 principii,
1234 2272 1261 2296 et
1289 2269 1409 2297 alterum
1436 2270 1461 2297 in
1489 2271 1594 2299 ratione
1620 2272 1745 2300 termini.
1778 2273 1807 2301 Et
1838 2282 1897 2309 pro-

1050 2317 1145 2351 pterea
1168 2315 1193 2342 in
1215 2315 1406 2343 manualibus
1427 2324 1514 2344 unum
1536 2321 1577 2345 est
1599 2318 1723 2354 pondus,
1748 2327 1799 2355 per
1820 2321 1893 2356 quod

1112 2455 1122 2470 ⁵
1138 2455 1198 2477 Libr.
1217 2456 1230 2478 l.
1248 2462 1267 2477 c.
1286 2456 1323 2478 27.
1342 2462 1362 2478 n.
1381 2457 1422 2484 38,
1441 2456 1480 2479 ubi
1499 2457 1552 2479 illud
1571 2457 1609 2480 lob
1631 2459 1655 2485 1,
1675 2460 1703 2480 2:
1721 2459 1823 2489 Natique
1839 2462 1896 2483 sunt

1048 2494 1069 2517 ei
1084 2495 1170 2523 septem
1186 2493 1231 2524 filit*
1245 2496 1267 2516 et
1289 2495 1335 2517 fres
1351 2494 1426 2524 filine,
1450 2496 1601 2523 interpretans
1624 2497 1702 2525 docet,
1725 2501 1813 2525 septem
1837 2499 1895 2522 filios

1050 2532 1088 2555 lob
1106 2533 1199 2554 totidem
1217 2533 1346 2560 significare
1358 2533 1417 2555 dona
1436 2534 1533 2561 Spiritus
1544 2536 1614 2557 sancti
1628 2536 1662 2561 (in
1675 2536 1760 2564 quibus
1777 2541 1811 2559 est
1827 2539 1894 2560 etiam

1049 2571 1139 2599 timor),
1159 2575 1204 2594 tres
1214 2578 1270 2593 vero
1289 2572 1345 2594 filias
1363 2575 1407 2594 [res
1419 2573 1527 2595 virtutes:
1545 2580 1622 2601 spem,
1635 2574 1716 2602 fidem,
1729 2576 1852 2598 caritatem.
1866 2589 1896 2592 —

1049 2608 1113 2631 Circa
1126 2609 1213 2631 initium
1226 2616 1274 2637 arg.
1292 2616 1335 2638 pro
1347 2609 1440 2633 habitus
1457 2611 1551 2634 vertutis
1562 2612 1612 2634 cod.
1626 2612 1642 2634 Z
1660 2612 1752 2635 habitus
1764 2613 1892 2643 virtutum,

1049 2650 1070 2669 et
1087 2647 1185 2670 subinde
1203 2654 1245 2676 pro
1263 2647 1356 2671 habitus
1372 2648 1488 2672 virtutum
1500 2650 1552 2672 edd.
1570 2656 1623 2672 cum
1637 2651 1750 2673 nonnullis
1768 2652 1834 2674 codd.
1853 2652 1895 2675 Ιια-

1050 2684 1111 2708 bt'tus
1130 2685 1230 2709 virtutis.

1112 2724 1122 2739 ⁶
1139 2725 1220 2747 Psalm.
1243 2726 1279 2753 18,
1296 2726 1328 2748 lo.
1340 2738 1371 2742 —
1383 2726 1414 2748 De
1432 2733 1525 2754 propos.
1538 2734 1586 2756 seq.
1599 2728 1638 2750 cfr.
1657 2729 1693 2751 liic
1705 2729 1734 2751 lit.
1748 2729 1860 2757 Magistri,
1875 2736 1894 2752 c.

1054 2764 1070 2786 t.
1089 2767 1111 2786 et
1128 2764 1184 2786 infra
1202 2764 1223 2786 d.
1242 2764 1325 2787 xxm.
1343 2765 1372 2787 lit.
1391 2766 1502 2793 Magistri,
1520 2772 1539 2788 c.
1559 2766 1578 2792 t„
1596 2773 1638 2789 nec
1660 2773 1704 2789 non
1727 2767 1855 2790 Comment.
1873 2775 1894 2791 a.

1051 2803 1072 2824 2.
1093 2809 1115 2831 q.
1134 2803 1155 2824 2.

1113 2840 1122 2855 ⁷
1139 2840 1183 2863 Cfr.
1209 2847 1277 2869 supra
1303 2848 1356 2870 pag.
1382 2843 1438 2871 226,
1464 2847 1516 2866 nota
1546 2845 1562 2871 1,
1587 2847 1609 2867 61
1633 2847 1687 2867 tom.
1711 2845 1734 2867 ll.
1756 2851 1809 2873 pag.
1833 2846 1891 2874 826,

1052 2883 1102 2902 nota
1121 2881 1142 2902 9.

1113 2918 1123 2933 ⁸
1139 2919 1197 2942 Vide
1215 2926 1284 2947 supra
1302 2920 1324 2942 d.
1343 2921 1379 2943 23.
1397 2927 1416 2943 a.
1439 2922 1456 2943 1.
1473 2928 1495 2950 q.
1514 2922 1534 2944 3.

1113 2958 1123 2972 ⁰
1140 2959 1183 2980 Pro
1199 2958 1348 2988 superveniri
1363 2959 1416 2982 edd.
1432 2960 1549 2989 superari.

1911 925 2016 944 Conclusio.

1911 1018 1989 1036 Axioma
2004 1018 2020 1036 t.

1912 1297 1990 1316 Axiuma
2003 1298 2020 1315 2.

1910 1762 1981 1781 Solutio
1994 1767 2026 1786 op-

1910 1786 2019 1809 positorum.

1912 1901 2025 1920 Notandum.
