2166 3366
21 388 126 408 ndamenta.

26 1971 55 1992 'sti
58 1973 113 1992 notio.

19 2065 90 2085 mbram
100 2067 116 2085 l.

765 165 849 193 DlST.
872 166 901 193 V.
924 165 996 193 ART.
1018 165 1035 193 1.
1058 166 1194 202 QUAEST.
1216 167 1257 194 lV.

133 242 249 271 sterium
271 244 312 270 est
333 242 369 270 ad
381 242 389 257 ¹
413 245 562 278 tyrannum
578 242 688 271 vincere
703 245 729 271 et
744 250 893 279 superare:
909 250 975 280 ergo

132 289 296 325 intelligitur
316 292 348 317 ut
369 292 466 326 potens
486 296 598 317 carnem
620 297 771 318 assumere.

210 336 262 364 San
283 343 406 364 CONTRA:
432 337 456 364 1.
478 336 625 364 Assumere
656 339 697 364 est
728 336 779 364 sibi
809 336 904 371 unire,
927 339 975 364 aut

132 391 199 420 ergo
220 382 246 411 in
268 382 435 419 supposito,
450 386 499 411 aut
513 383 540 410 in
562 382 680 419 forma;
695 383 742 411 sed
758 382 853 411 divina
874 386 974 411 natura

131 437 185 458 non
217 432 307 466 potest
339 429 389 457 sibi
417 429 568 457 humanam
597 429 678 458 unire
707 429 733 457 in
761 428 876 466 forma:
908 437 974 466 ergo

131 476 153 505 si
182 476 242 504 unit
263 475 357 512 aliquo
378 475 476 509 modo,
505 483 617 504 necesse
645 479 686 504 est
707 476 787 504 unire
817 476 843 504 in
871 484 974 513 suppo-

132 523 188 551 sito
209 526 236 551 et
259 522 412 559 persona²:
435 529 502 557 ergo
523 521 669 549 abstractis
691 522 841 558 suppositis
862 525 889 550 et
913 530 974 559 per-

131 570 219 604 sonis,
251 569 422 606 impossibile
450 571 492 596 est
519 568 640 605 amplius
668 569 868 597 assumtionem
897 569 974 598 intel-

132 615 226 653 ligere.

209 663 234 690 Ξ.
256 661 339 695 ltem,
360 660 495 689 assumtio
517 660 583 689 dicit
604 660 727 697 aliquam
749 661 901 695 actionem;
923 661 969 690 sed

129 708 206 737 nulla
227 707 298 736 actio
319 715 379 736 esse
401 707 565 743 intelligitur
586 707 704 735 alicuius
725 707 777 735 nisi
800 711 831 735 ut
852 707 922 736 entis
944 708 971 736 in

130 755 158 784 in
179 757 244 784 actu
263 771 301 775 —
322 753 390 782 nibil
413 755 485 782 enim
499 753 508 766 ³
531 756 572 782 est
594 753 620 781 in
644 757 707 782 actu
729 761 792 788 ens,
814 754 866 783 nisi
890 757 972 791 prout

129 804 171 831 est
191 801 218 830 in
241 801 384 838 supposito
398 817 437 821 —
451 808 518 837 ergo
533 800 676 837 supposito
691 800 845 834 abstracto,
862 809 915 829 non
930 804 972 829 est

129 848 283 885 intelligere
304 847 502 876 assumtionem
525 847 657 883 aliquam.

207 895 234 924 3.
255 895 339 929 Item,
360 893 530 931 impossibile
551 896 593 922 est
614 893 780 930 intelligere,
802 896 833 922 ut
848 893 972 922 humana

127 945 229 971 natura
250 944 427 975 assumatur,
449 940 501 969 nisi
523 943 684 969 assumatur
715 940 743 968 in
765 943 857 968 atomo
879 940 922 969 vel
944 940 971 968 in

128 988 279 1025 singulari,
300 988 378 1024 quia,
401 987 472 1015 sicut
504 987 563 1015 vult
595 986 815 1021 Damascenus⁴‚
847 990 971 1015 «natura

127 1039 239 1073 praeter
254 1034 405 1071 singularia
421 1034 510 1062 solum
527 1036 568 1062 est
584 1034 609 1061 in
625 1033 701 1061 nuda
716 1033 970 1062 considerationem

127 1089 194 1118 ergo
214 1081 273 1118 pari
298 1081 403 1109 ratione
434 1080 605 1117 impossibile
636 1083 677 1108 est
705 1080 874 1116 intelligere.
896 1081 970 1117 quod

127 1128 262 1157 assumtio
284 1127 331 1156 fiat
353 1127 380 1155 in
402 1131 503 1155 natura
530 1127 670 1155 abstracta
691 1127 726 1155 ab
747 1127 820 1155 omni
844 1135 971 1164 persona.

205 1175 233 1203 [ι.
254 1174 337 1208 Item,
359 1173 530 1210 impossibile
551 1177 608 1205 est,
630 1173 829 1202 assumtionem
852 1174 971 1202 alicuius

127 1225 284 1258 competere
304 1220 386 1248 alicui
409 1220 459 1248 nisi
483 1223 543 1256 post
564 1219 732 1256 completum
756 1228 837 1248 suum
861 1229 919 1248 esse
933 1237 971 1241 —-

127 1276 208 1297 nemo
229 1268 303 1296 enim
324 1267 442 1295 assumit
464 1267 514 1295 sibi
543 1266 664 1304 aliquid,
687 1267 738 1295 nisi
762 1271 907 1304 postquam
929 1272 971 1296 est

127 1314 295 1352 completum
310 1314 319 1327 ⁵
340 1330 378 1334 -
400 1313 446 1342 ses]
471 1314 591 1350 perfecta
613 1313 760 1350 completio
792 1317 908 1342 naturae
930 1322 971 1342 ra-

126 1361 235 1389 tionalis
258 1369 311 1389 non
332 1363 374 1389 est
394 1360 444 1389 nisi
468 1368 598 1397 persona:
620 1368 686 1396 ergo
715 1360 789 1388 omui
822 1360 971 1397 personali-

126 1411 181 1436 tate
212 1407 438 1444 circumscripta,
470 1406 641 1444 impossibile
672 1410 726 1441 est,
759 1407 832 1444 quod
869 1411 970 1435 natura

125 1455 249 1483 humana
269 1458 468 1489 assumatur,a
489 1454 591 1482 divina.

439 1555 651 1576 CONCLUSIO.

127 1640 360 1678 Circumserz'pta
375 1640 448 1668 omni
464 1640 681 1677 personalitate,
703 1649 760 1668 vion
780 1644 871 1677 potest
893 1641 970 1669 intel-

204 1687 272 1725 Itys,
294 1696 313 1715 a
335 1687 437 1715 [licina
457 1691 571 1715 viatura
592 1687 708 1715 assumi
721 1686 900 1721 humanam,-
915 1687 969 1715 eir-

203 1734 383 1770 eztmserz'pta
405 1742 472 1761 vero
491 1733 701 1770 personalitate
722 1742 738 1761 a
760 1733 814 1762 fide
835 1733 968 1762 determi-

203 1784 282 1815 nata,
304 1780 447 1808 assumtio
469 1779 538 1808 llaec
566 1783 660 1816 potest
681 1779 819 1817 intellz‘gyz',
840 1780 890 1808 sed
910 1788 968 1808 ozon

203 1826 245 1855 ita
266 1835 401 1863 congrue.

205 1920 380 1950 Respoxnsso:
404 1919 571 1954 Dicendum,
593 1920 665 1957 quod
688 1919 838 1956 dupliciter
866 1921 969 1949 contin-

127 1967 165 2004 git
186 1967 211 1995 in
235 1966 336 1995 divinis
358 1966 588 1995 circumscribere
609 1966 834 2003 personalitatem
857 1975 907 2004 per
932 1967 969 1995 in-

127 2014 282 2043 tellectum:
305 2017 353 2042 aut
373 2013 561 2051 simpliciter,
583 2017 631 2041 aut
649 2017 740 2050 prout
753 2013 824 2050 fides
840 2014 969 2042 determi-

125 2059 423 2096 nat—Simpliciter
445 2059 685 2088 circumscribitur
707 2060 863 2089 intellectus
878 2068 969 2097 perso-

126 2107 262 2141 nalitatis,
276 2107 388 2144 quando
403 2106 596 2135 consideratur
611 2107 704 2135 divina
719 2110 818 2135 natura
835 2111 866 2135 ut
881 2107 911 2135 z'n
925 2116 968 2141 se,

126 2154 200 2183 nonf‘
222 2155 248 2183 in
270 2154 364 2191 aliquo
392 2154 535 2190 supposito
567 2154 766 2188 determinate,
787 2157 814 2183 et
835 2155 861 2183 in
884 2163 969 2191 quan-

126 2203 185 2229 tum
208 2200 447 2229 communicabilis
468 2203 510 2229 est
531 2209 547 2228 a
567 2200 678 2235 multis,
706 2208 759 2228 non
783 2201 808 2229 in
831 2204 966 2238 quantum

126 2249 167 2276 est
188 2247 215 2275 in
238 2247 290 2275 hoc
311 2247 355 2275 vel
376 2246 402 2275 in
436 2246 490 2275 illo.
523 2247 553 2275 Et
574 2246 627 2275 hoc
648 2247 730 2275 modo
752 2247 846 2275 divina
867 2251 968 2275 natura

126 2293 319 2322 consideratur
350 2301 400 2330 per
432 2293 545 2321 modum
578 2293 725 2321 cuiusdam
747 2293 911 2322 ordinabilis
932 2293 966 2321 ad

125 2340 219 2369 alium.
244 2340 274 2368 Et
295 2340 346 2368 hoc
369 2339 451 2368 niodo
473 2347 525 2368 uon
549 2339 712 2376 intelligitur
741 2340 895 2368 secundum
927 2348 968 2368 ra-

189 2516 195 2530 ¹
216 2516 265 2538 Vm.
277 2523 329 2538 cum
345 2516 423 2543 paucis
435 2515 502 2537 codd.
515 2516 595 2538 omittit
607 2515 644 2538 ml.
658 2516 728 2537 Paulo
740 2516 847 2543 superius
859 2522 900 2543 pro
912 2521 968 2544 erqo

125 2554 201 2578 sciens
219 2554 270 2577 cod.
289 2554 306 2576 Υ
324 2555 346 2576 et
361 2553 444 2577 sciens.

185 2593 195 2608 ⁴²
214 2593 257 2615 (Ἰν.
277 2594 332 2615 iufra
352 2593 373 2615 d.
392 2594 412 2614 (ἰ.
431 2600 450 2614 .’·.
469 2594 489 2614 -2,
508 2600 530 2621 q.
552 2594 568 2614 1.
587 2593 608 2614 in
626 2599 689 2620 corp.

187 2632 197 2647 ³
214 2633 255 2654 l’ro
278 2632 338 2654 enim
366 2632 484 2654 mallemus
509 2631 645 2654 substituere
671 2632 756 2653 aulem.
784 2644 813 2647 —
838 2631 903 2659 Quod
932 2632 968 2653 liic

126 2672 251 2700 protertur,
271 2671 306 2693 illo
324 2672 435 2693 axioinat¹=
453 2671 548 2697 exprimi
567 2670 634 2692 soli-t:
652 2671 756 2692 Actiones
773 2674 825 2692 sunt
842 2671 968 2697 supposito-

126 2717 184 2733 rum.
213 2710 257 2732 Csr.
274 2716 343 2738 supra
369 2716 420 2737 pag.
447 2710 502 2736 1-26,
526 2713 575 2731 nota
604 2709 620 2730 l.
638 2721 669 2725 —
686 2709 789 2735 Aristot..
813 2709 848 2730 tx.
871 2709 967 2736 liletapli.

125 2753 176 2772 text.
199 2750 231 2771 l3.
250 2749 315 2773 (viu.
334 2756 352 2771 c.
367 2749 398 2775 9,)
416 2749 457 2770 ait:
476 2750 572 2775 Scinpvi·
594 2749 676 2770 etenim
695 2754 720 2769 cx
739 2754 766 2769 co
787 2748 850 2776 qitod
869 2749 966 2776 potentia

125 2790 170 2816 cst,
188 2788 211 2810 tlt
228 2791 278 2809 actu
296 2793 337 2809 ens
354 2786 383 2809 ab
395 2788 450 2809 actu.
467 2786 591 2814 eminente,
613 2790 635 2807 ut
654 2787 760 2808 numum
780 2787 882 2814 bomine,
901 2788 968 2809 musi-

125 2832 166 2848 cus
182 2832 208 2848 cx
228 2827 325 2853 musico,
344 2831 436 2853 semper
453 2826 529 2853 aliquo
548 2826 622 2852 primo
641 2827 759 2852 mox-ente,
778 2831 826 2846 moi
834 2831 874 2847 cns
891 2829 966 2847 autem

125 2869 175 2888 actu
195 2866 238 2887 iam
257 2869 297 2887 cst.

187 2904 196 2918 ⁴
214 2904 273 2926 Libia
297 2905 329 2926 ΙΙΙ.
352 2904 380 2926 (lc
403 2904 455 2926 Fide
476 2904 565 2926 orllmd.
589 2910 607 2925 c.
635 2903 667 2925 11.
691 2903 735 2925 Cir.
758 2909 826 2930 supra
851 2909 903 2931 pag.
926 2903 966 2931 153,

199 2942 205 2954 Ι

127 2946 176 2964 notu
200 2951 216 2964 ι.

1822 169 1874 196 127

1033 243 1134 272 tionem
1163 244 1271 281 ayenclz'
1294 252 1344 273 nec
1371 244 1518 281 patiendi,
1547 245 1612 282 quia
1633 245 1704 274 actio
1725 254 1778 274 non
1800 247 1875 274 attri-

1032 290 1128 318 buitur
1150 290 1255 319 formae
1270 291 1321 319 nisi
1337 291 1363 319 in
1380 292 1531 328 supposito.
1549 292 1579 320 Et
1604 292 1641 320 sic
1663 293 1798 321 assumtio
1820 300 1873 321 nou
1887 299 1985 318 Conclusio
1997 300 2014 318 ι.

1032 340 1122 373 potest
1142 337 1166 366 ei
1189 338 1350 368 convenire.
1372 341 1431 366 tum
1461 338 1528 375 quia
1555 343 1655 367 natura
1678 339 1739 367 talis
1760 348 1814 368 non
1838 339 1874 368 in-

1032 383 1166 419 telligitur
1187 387 1218 412 ut
1238 393 1345 421 ayens,
1367 385 1432 421 quia
1447 385 1518 413 actio
1539 389 1580 414 est
1601 385 1705 414 formae
1729 386 1754 414 in
1777 394 1876 423 suppo-

1032 429 1099 463 sit0;
1121 433 1179 457 tum
1202 430 1301 464 etiam,
1323 430 1388 467 quia
1409 434 1510 459 natura
1532 432 1609 466 talis,
1631 431 1669 460 sic
1702 432 1875 461 considerata

1031 484 1085 504 non
1108 476 1192 504 habet
1223 476 1253 504 in
1281 485 1337 514 (μισ
1368 477 1454 514 possit
1485 478 1558 506 uniri
1587 487 1650 506 cum
1680 479 1802 507 bumana
1830 488 1875 508 na-

1031 525 1113 556 tura;
1136 531 1190 550 nou
1212 523 1285 551 enim
1308 526 1398 560 potest
1419 524 1491 552 uniri
1515 524 1540 552 in
1563 524 1671 562 forma.
1695 525 1724 553 Et
1747 526 1797 554 ista
1818 526 1874 555 duo

1030 569 1134 598 cadunt
1155 570 1181 598 in
1203 570 1343 598 intellectu
1366 571 1450 599 huius
1472 571 1612 606 vocabuli,
1635 573 1708 609 quod
1731 576 1772 601 est
1794 581 1875 601 assu-

1030 623 1122 648 mere,-
1142 618 1169 643 et
1191 615 1252 644 ideo
1274 617 1379 645 ratione
1401 617 1548 654 utriusque
1568 618 1797 655 impedimentum
1820 623 1873 654 est.

1030 664 1061 689 ut
1082 669 1259 699 nequaquam
1284 666 1399 691 naturae
1428 664 1619 693 consideratae
1642 665 1667 693 in
1690 665 1874 695 abstractione

1029 707 1065 735 ab
1086 707 1160 735 omni
1185 708 1380 744 personalitate
1402 709 1489 745 possit
1520 710 1655 738 assumtio
1676 711 1789 748 intelligi
1813 720 1874 741 con-

1030 754 1133 782 venire.

1108 800 1166 829 Alio
1188 801 1270 829 modo
1291 804 1381 837 potest
1406 802 1597 831 circumscribi
1624 811 1640 831 a
1668 803 1790 832 divinis⁷
1813 811 2012 841 per-Memhx·un22.

1030 846 1160 875 sonalitas
1182 855 1235 875 uon
1257 847 1444 884 simpliciter,
1461 849 1509 877 sed
1524 857 1574 886 per
1596 857 1660 877 eum
1678 850 1800 883 modum,
1819 860 1873 888 pet·

1030 901 1112 930 quem
1133 892 1204 929 fides
1225 893 1415 927 determinat,
1447 895 1550 923 scilicet
1581 895 1668 924 Patris
1699 898 1725 923 et
1756 896 1813 924 Filii
1846 901 1873 926 et

1030 941 1150 977 Spiritus
1170 941 1266 970 sancti.
1288 941 1322 969 ita
1347 944 1438 969 tamen
1461 942 1535 978 quod
1559 942 1729 979 intelligatur
1752 944 1786 972 ibi
1809 953 1872 982 sup-

1030 987 1150 1024 positum
1183 987 1325 1015 rationalis
1356 991 1492 1023 naturae,
1532 989 1604 1017 sIcut
1640 990 1797 1027 intelligunt
1832 992 1872 1019 Iu-

1030 1034 1089 1063 daei
1113 1038 1139 1063 et
1161 1035 1268 1071 pagani.
1292 1035 1321 1063 Et
1343 1035 1395 1063 hoc
1418 1036 1500 1063 modo
1521 1039 1610 1072 potest
1630 1036 1744 1073 intelligi
1766 1046 1872 1067 assum·
1886 1044 1984 1062 Conclusio
1995 1045 2012 1062 2-

1031 1081 1067 1109 tio
1088 1081 1236 1109 convenire
1265 1081 1336 1113 Deo;
1370 1082 1432 1110 licet
1464 1090 1517 1110 non
1549 1083 1591 1111 ita
1624 1092 1767 1120 canorae,
1801 1085 1872 1114 sicut

1030 1128 1211 1165 intelligitur,
1237 1129 1449 1165 praesupposita
1476 1130 1612 1166 personali
1639 1130 1999 1161 distinctione.—exmia-mur-

1028 1174 1168 1203 lntellecto
1183 1175 1269 1209 enim,
1285 1175 1357 1212 quod
1381 1175 1440 1203 sola
1462 1176 1508 1204 iila
1530 1184 1663 1213 persona,
1686 1186 1756 1215 quae
1778 1182 1819 1207 est
1835 1179 1872 1207 in-

1028 1220 1181 1254 nascibilis,
1203 1224 1275 1249 esset
1296 1221 1322 1248 in
1345 1221 1461 1256 divinis,
1484 1226 1576 1259 posset
1598 1223 1693 1260 utique
1715 1224 1872 1252 humanita-

1029 1270 1084 1295 tem
1106 1275 1264 1301 assumere,
1287 1271 1313 1296 et
1329 1268 1443 1305 intelligi
1466 1272 1555 1305 potest
1566 1269 1584 1304 ⁸,
1606 1270 1681 1307 quod
1697 1270 1771 1299 Deus
1793 1270 1872 1299 fieret

1028 1313 1128 1348 homo3
1150 1314 1198 1342 sed
1220 1317 1311 1342 tamen
1334 1323 1387 1342 nou
1417 1315 1453 1343 ita
1479 1319 1660 1352 congrueret,
1682 1317 1753 1345 sicut
1778 1325 1871 1351 nunc,

1028 1360 1093 1397 quia
1114 1363 1179 1388 tunc
1201 1368 1254 1387 nou
1276 1364 1348 1389 esset
1370 1360 1405 1389 ibi
1429 1362 1499 1389 ratio
1515 1362 1699 1390 mediationis
1715 1371 1766 1391 nec
1786 1363 1871 1391 satis-

1027 1406 1167 1444 ficetz'onis
1188 1415 1237 1436 nec
1260 1407 1426 1442 missionis,
1449 1409 1520 1437 sicut
1542 1417 1615 1438 nunc
1631 1413 1684 1444 est,
1700 1418 1763 1438 cum
1788 1411 1872 1440 Filius

1027 1463 1043 1482 a
1066 1455 1143 1482 Patre
1172 1454 1291 1483 mittitur
1320 1458 1346 1483 et
1378 1455 1447 1483 Patri
1480 1463 1528 1492 pro
1560 1456 1671 1485 homine
1693 1457 1824 1486 satisfacit
1845 1461 1872 1486 et

1028 1501 1163 1529 mediator
1185 1505 1226 1530 est
1247 1501 1318 1529 inter
1351 1501 1437 1529 Deum
1462 1501 1589 1530 Patrcm⁰
1610 1506 1637 1530 et
1665 1511 1752 1539 genus
1774 1504 1872 1532 liuma-

1027 1556 1103 1576 num.
1127 1548 1202 1577 Unde
1224 1548 1320 1576 nullus
1343 1548 1480 1577 intellexit
1502 1557 1625 1586 unquam
1643 1550 1869 1585 incarnationem,

1026 1595 1076 1623 nisi
1100 1594 1337 1631 praeintellexerit
1359 1602 1541 1631 personarum
1565 1596 1776 1625 distinctionem.

1105 1641 1318 1669 Concedendum
1350 1645 1392 1670 est
1423 1642 1519 1678 igitur,
1551 1642 1625 1679 quod
1658 1643 1869 1681 circiliiiscripta
1881 1651 1975 1675 Epuogus.

1026 1687 1222 1724 personalitate
1244 1696 1259 1715 a
1281 1687 1335 1716 fide
1357 1688 1553 1723 determinata,
1574 1689 1623 1718 etsi
1646 1690 1733 1726 possit
1755 1690 1870 1728 intelligi

1026 1733 1176 1767 assumtio,
1197 1741 1251 1762 non
1274 1737 1364 1762 tamen
1388 1734 1425 1762 ita
1446 1742 1576 1771 congrue.
1599 1734 1679 1763 Omni
1713 1744 1778 1765 vero
1810 1744 1871 1773 per7

1026 1780 1170 1808 sonalitate
1192 1780 1419 1817 circumscripta,
1435 1789 1488 1809 non
1504 1782 1649 1818 contingit,
1670 1790 1686 1810 a
1708 1783 1801 1811 divina
1826 1792 1870 1811 na-

1025 1829 1089 1855 tura
1110 1826 1215 1855 assumi
1238 1827 1397 1855 humanam.
1431 1828 1506 1856 Unde
1528 1829 1720 1858 concedendae
1742 1833 1805 1858 sunt
1828 1838 1869 1858 ra-

1026 1874 1114 1902 tiones
1135 1874 1168 1902 ad
1191 1874 1272 1903 istam
1295 1878 1420 1912 partem,
1441 1875 1507 1912 qnia
1535 1876 1691 1912 procedunt
1713 1877 1867 1905 secundum

1026 1920 1105 1949 istam
1129 1921 1210 1949 viam.

1108 1967 1130 1994 l.
1153 1967 1178 1994 ⁶2.
1202 1967 1227 1995 3.
1249 1967 1275 1995 [ι.
1308 1967 1346 1995 Ad
1378 1967 1447 1995 illud
1480 1975 1546 1996 vero
1577 1968 1651 2005 quod
1684 1969 1813 1998 obiicitur
1841 1969 1868 1998 in
1882 1977 1954 2009 §nimio
1967 1983 1999 2001 ⁰11-

1025 2013 1211 2048 contrarium,
1228 2013 1301 2050 quod
1318 2013 1412 2042 divina
1427 2017 1539 2048 natura,
1562 2015 1708 2044 abstractis
1731 2016 1868 2052 personis,
1883 2003 1991 2024 p⁰⁵¹‘⁰‘⁰¹¹’'

1025 2059 1190 2095 intelligitur
1205 2063 1235 2088 ut
1251 2068 1359 2089 summe
1382 2065 1494 2097 potens,
1515 2064 1546 2089 ut
1568 2069 1677 2090 summe
1700 2062 1821 2100 sapiens,
1843 2066 1869 2091 et

1024 2109 1056 2134 ut
1077 2114 1186 2135 summe
1208 2107 1292 2141 bona,
1314 2111 1340 2136 et
1361 2110 1392 2136 ut.
1408 2111 1602 2136 creaturarum
1622 2117 1706 2137 causa
1727 2109 1869 2145 effectiva3

1025 2153 1060 2181 ad
1091 2161 1187 2182 omnes
1217 2153 1279 2183 illas
1311 2154 1431 2183 rationes
1463 2155 1626 2191 responderi
1658 2159 1747 2192 potest
1769 2156 1867 2185 interi—

1024 2200 1126 2228 mendo
1139 2200 1166 2234 ¹⁰,
1189 2201 1211 2229 si
1228 2201 1407 2238 intelligatur,
1423 2201 1498 2238 quod
1514 2201 1561 2229 fiat
1575 2202 1724 2231 abstractio
1739 2203 1774 2231 ab
1789 2203 1871 2231 omni

1025 2248 1177 2284 supposito.
1199 2248 1359 2277 Necessario
1380 2248 1452 2276 enim
1469 2248 1516 2285 qui
1542 2249 1642 2285 cogitat
1657 2249 1745 2277 Deum
1768 2250 1868 2286 cogitat

1024 2297 1055 2322 ut
1076 2294 1196 2331 aliquem
1220 2294 1367 2322 habentem
1391 2294 1520 2322 deitatem
1541 2295 1599 2323 sive
1614 2299 1741 2323 naturam
1766 2295 1869 2325 intelle-

1025 2341 1164 2375 ctualem3
1186 2340 1309 2377 alioquin
1331 2348 1384 2368 non
1407 2341 1508 2377 cogitat
1529 2349 1593 2370 eum
1616 2344 1646 2369 ut
1661 2342 1781 2378 perfecte
1796 2342 1823 2370 iu
1839 2350 1867 2371 se

1087 2515 1096 2530 ⁵
1113 2516 1164 2537 >st-il.
1182 2522 1249 2538 suum
1267 2521 1315 2538 esse
1333 2516 1413 2544 (cus);
1432 2516 1467 2538 vcl
1491 2517 1541 2544 tege
1559 2516 1687 2546 completus
1710 2524 1752 2545 pro
1770 2517 1867 2547 comple·

1024 2556 1082 2577 lum.
1100 2567 1129 2570 —
1147 2555 1177 2577 be
1195 2561 1287 2583 propos.
1305 2561 1352 2583 scu.
1371 2555 1410 2577 cfr.
1428 2556 1484 2577 infra
1503 2562 1522 2577 n.
1541 2556 1561 2577 2.
1579 2562 1601 2584 q.
1619 2557 1639 2577 3.

1087 2593 1096 2607 ὓ
1115 2594 1162 2615 Post
1183 2600 1227 2615 non
1245 2594 1296 2615 cod.
1310 2594 1326 2615 t<
1347 2595 1427 2621 repetit
1441 2595 1470 2616 ul.
1490 2594 1536 2615 Mox
1551 2600 1592 2622 pro
1609 2595 1630 2617 el
1643 2594 1665 2617 in
1683 2596 1798 2624 quantum
1812 2595 1864 2617 cdd.

1024 2631 1064 2653 sed
1080 2631 1102 2654 in
1121 2632 1243 2661 quantum.
1260 2632 1361 2654 subinde
1375 2632 1422 2654 Vat.
1445 2634 1524 2654 omittit
1542 2639 1555 2655 a
1574 2636 1624 2655 :uite
1646 2633 1740 2661 multis,
1758 2638 1778 2656 ct
1797 2634 1866 2662 paulo

1024 2671 1118 2692 inferius
1135 2677 1176 2698 pro
1193 2671 1225 2693 ml
1241 2670 1315 2693 ulium
1334 2677 1386 2693 cum
1404 2671 1456 2693 cdd.
1479 2672 1496 2699 1,
1515 2673 1527 2693 ‘2
1545 2672 1636 2694 cxliibct
1652 2672 1683 2695 ml
1699 2672 1779 2695 aliam.

1086 2709 1095 2722 ⁷
1112 2708 1167 2731 Cod.
1190 2716 1214 2730 w:
1237 2713 1257 2730 ct
1274 2709 1327 2731 edd.
1349 2708 1373 2731 in.
1391 2709 1492 2738 d10i1n‘s,-
1509 2711 1529 2732 in
1554 2714 1627 2732 nostra
1651 2711 1744 2733 lectione
1767 2711 1865 2734 verbum

1024 2746 1188 2771 circumscribi
1204 2748 1342 2770 suun-nuum
1361 2751 1394 2770 vst
1411 2755 1453 2776 pro
1470 2748 1583 2771 aoso-ulei.

1086 2786 1096 2800 ¹³
1118 2786 1173 2808 lidd.
1195 2787 1285 2815 possm,
1309 2790 1330 2808 ct
1353 2793 1405 2809 mox
1428 2793 1480 2809 eum
1504 2787 1554 2809 cod.
1578 2788 1596 2809 T
1620 2794 1724 2817 conyrae
1747 2794 1788 2816 pro
1811 2795 1865 2811 cou-

1023 2825 1125 2854 ornaret.

1086 2863 1096 2877 ὓ
1112 2863 1183 2885 Cadit.
1202 2865 1217 2885 ,t
1229 2865 1245 2884 (i
1257 2864 1272 2885 ll
1284 2864 1299 2885 L
1310 2864 1327 2885 T
1340 2864 1355 2885 U
1367 2864 1384 2886 V
1395 2870 1420 2885 aa
1440 2864 1511 2887 mum
1530 2866 1551 2887 cl
1569 2865 1671 2887 Patrem.

1088 2902 1106 2916 ¹⁰
1123 2903 1176 2923 siw-
1195 2902 1306 2930 iwgundo.
1325 2903 1368 2925 tll'r.
1388 2907 1440 2925 tom.
1459 2904 1472 2925 l.
1491 2910 1544 2932 pag.
1562 2904 1599 2931 87,
1618 2908 1668 2926 uota
1687 2904 1707 2926 lu.
1721 2917 1749 2920 —-
1762 2905 1864 2933 lum-xime

1025 2945 1075 2969 post
1094 2948 1135 2969 pro
1153 2940 1300 2971 intestinumu-
1316 2942 1352 2964 ‹·d.
1371 2943 1384 2964 ἱ).
1402 2942 1572 2972 ῖφιίνΙΙῘῃαηίιυκ
