2166 3366
899 182 981 210 DIST.
1004 183 1033 211 V.
1056 183 1128 211 ART.
1151 183 1179 211 ll.

3 262 236 309 fnupiguxfen-enim
262 261 326 289 facit
357 261 543 294 intellectum,
565 268 686 297 qnorum
708 268 782 288 uuus
804 263 845 288 est
871 268 956 289 verus
984 264 1011 289 et

163 308 332 342 catholicus,
354 307 418 336 licet
438 307 510 336 alius
532 307 567 336 sit
587 307 754 343 ambiguus:
778 315 868 341 unus,
892 315 956 335 cum
972 307 1011 335 di-

138 355 252 384 mitur:
285 354 379 383 divina
410 357 511 382 natura
542 357 584 382 est
617 354 773 387 incarnata,
804 353 830 382 id
860 357 901 382 est
923 354 1011 382 carni

164 402 268 435 11111”ία;
289 404 316 430 et
337 401 390 430 hoc
411 401 516 438 absque
538 401 624 429 dublo
646 408 746 429 verum
768 403 817 430 est.
840 401 909 429 Cum
935 401 1008 429 enim

162 449 228 477 unio
249 448 323 477 dicat
339 448 516 481 relationem,
537 447 621 476 simul
643 456 706 476 cum
729 448 781 476 hoc
802 450 879 475 notat
900 451 1010 476 natura-

162 503 226 524 rum
247 495 451 524 distinctionem
473 497 500 522 et
521 494 649 522 excindit
670 494 877 529 confusionem;
899 498 926 523 et
947 495 1009 523 ideo

163 542 269 570 ratione
295 541 376 570 istius
405 540 561 569 intellectus
584 543 673 577 potest
694 540 825 569 concedi:
848 540 942 569 divina
964 549 1009 570 na-

165 593 228 618 tura
249 592 290 617 est
312 588 463 617 incarnata.

243 636 332 664 Potest
363 635 444 663 etiam
477 634 549 663 alius
570 642 631 663 esse
653 642 769 662 sensus:
793 634 887 663 divina
908 637 1009 663 natura

22 694 121 714 conclusio
131 694 149 712 ε.
163 685 205 711 est
227 682 383 715 incarnata,
406 681 433 709 id
455 684 496 709 est
518 689 588 709 caro
610 679 702 717 sitem.
733 681 763 708 Et
795 680 900 709 ratione
929 681 1009 709 istius

163 738 217 759 non
238 728 396 757 admittitur
417 728 603 757 communiter
624 736 640 756 a
661 727 831 756 doctoribus.
850 728 920 756 Haec
934 728 1008 756 enim

163 783 218 803 non
244 774 395 811 recipitur:
428 773 522 802 divina
545 776 644 802 natura
665 777 707 802 est
728 782 792 802 caro
814 774 903 808 facta3
925 774 1009 802 habet

163 822 237 851 enim
259 820 398 858 duplicem
421 820 608 854 intellectum,
630 823 657 849 et
678 820 704 848 in
727 828 783 849 uno
804 820 944 849 intellectu
968 823 1009 849 est

162 867 245 906 falsa
265 871 293 896 et
314 867 341 896 in
362 867 417 895 alio
439 867 580 896 intellectu
594 870 636 896 est
650 867 720 895 adeo
734 867 917 903 expressiva,
933 867 1008 904 quod

163 917 253 952 potest
274 914 414 943 deducere
429 914 456 942 in
472 922 597 943 errorem
610 925 617 947 ;
632 917 659 942 et
675 914 736 942 ideo
752 914 829 942 nullo
845 914 928 942 modo
943 914 1010 943 reci-

23 973 78 993 natio
88 973 150 1000 ,huius
163 962 248 999 pitur.
260 978 299 981 —
311 961 456 998 Duplicem
471 964 565 989 autem
582 960 665 989 hahet
679 960 850 989 intellectum
867 961 1009 997 praedicta

23 997 153 1040 fflfncffim'
165 1008 266 1038 locutio
287 1016 323 1036 ex
345 1016 392 1042 eo,
415 1007 490 1044 quod
512 1007 563 1035 hoc
585 1007 661 1044 quod
682 1010 723 1035 est
744 1006 841 1044 siwia,
863 1011 953 1044 potest
968 1016 1009 1037 ca-

164 1055 231 1084 dere
256 1055 328 1083 inter
357 1054 518 1082 sztbi'ectzmz
539 1057 565 1082 et
582 1053 807 1090 praedicatam,
829 1054 876 1082 et¹
900 1054 1011 1091 referri

163 1102 204 1131 ad
225 1105 324 1130 totum.
345 1101 372 1129 Si
394 1101 468 1130 cadit
483 1100 557 1129 inter
571 1100 732 1129 subiectam
747 1104 772 1129 ct
783 1101 1008 1138 praedicatum,

164 1153 229 1178 tunc
260 1151 336 1177 notat
359 1147 505 1176 factionem
527 1147 600 1176 circa
621 1147 744 1176 divinam
767 1151 896 1176 naturam
919 1156 1010 1185 respe-

163 1199 210 1225 ctu
237 1196 343 1224 formae
374 1194 484 1228 carnis;
508 1197 536 1223 et
557 1194 618 1223 ideo
640 1202 739 1223 sensus
760 1197 819 1223 est:
843 1194 937 1223 divina
965 1203 1010 1223 na-

164 1246 227 1271 tura
248 1245 289 1271 est
310 1250 375 1270 caro
403 1241 489 1275 sacta,
511 1241 539 1269 id
561 1243 602 1269 est
623 1249 757 1270 conversa
779 1241 807 1269 in
829 1249 961 1276 carnem3
982 1245 1009 1271 et

164 1291 231 1319 haec
252 1289 366 1326 quidem
389 1288 572 1326 simpliciter2
593 1291 634 1317 est
654 1287 745 1325 falsa.
761 1305 799 1309 —
813 1289 839 1317 Si
855 1292 948 1317 autem
969 1298 1010 1318 re-

163 1336 271 1374 spiciat
291 1339 398 1369 totam,
421 1336 459 1365 sic
475 1343 574 1364 sensus
589 1338 647 1364 est:
664 1335 758 1364 divina
773 1339 874 1364 natura
889 1340 930 1365 est
944 1344 1009 1365 caro

163 1383 249 1418 sacta,
272 1383 299 1411 id
321 1386 362 1411 est
383 1382 486 1411 sactum
508 1385 564 1416 est,
585 1386 616 1410 ut
638 1382 732 1410 divina
754 1386 854 1411 natura
875 1383 910 1411 sit
931 1391 1009 1417 caro;

23 1440 121 1460 conclusio
132 1441 150 1460 3.
163 1434 191 1459 et
211 1430 280 1458 haec
301 1429 432 1466 quidem,
451 1429 572 1466 proprie
594 1429 748 1466 loquendo,
770 1432 811 1458 est
832 1429 919 1464 falsa,
944 1430 1010 1467 quia

164 1485 229 1506 caro
250 1484 303 1505 non
325 1476 503 1513 praedicatur
532 1476 566 1504 de
598 1475 692 1504 divina
723 1480 832 1505 natura.
860 1477 886 1505 Si
914 1481 1009 1506 autem

164 1523 336 1559 intelligatur
356 1521 559 1560 synecdochice
572 1522 581 1535 ³
591 1545 599 1556 ,
621 1526 652 1551 ut
667 1523 702 1551 sit
717 1530 815 1552 sensus
828 1533 833 1551 :
857 1523 951 1552 divina
965 1532 1010 1552 na-

165 1573 228 1597 tura
250 1572 292 1597 est
312 1577 392 1602 caro,
414 1568 442 1597 id
464 1572 505 1597 est
526 1567 631 1601 mmo,-
652 1569 702 1597 etsi
726 1569 793 1598 illud
811 1569 905 1606 aliquo
928 1570 1010 1598 modo

23 1618 150 1647 conclusioz.
164 1619 258 1653 posset
279 1615 390 1644 concedi
423 1619 536 1652 propter
559 1616 778 1644 convenientiam
800 1616 826 1644 in
850 1617 1009 1654 hypostasi,

165 1670 237 1700 quae
257 1662 322 1691 facit
342 1662 506 1691 idiomatum
532 1662 813 1691 communicationem
835 1679 874 1683 —-
895 1667 1010 1700 propter

167 1710 218 1738 hoc
239 1709 314 1746 quod
336 1709 404 1738 haec
431 1712 473 1738 est
494 1717 577 1738 vera:
601 1709 684 1737 homo
706 1713 747 1738 est
769 1710 863 1738 divina
891 1714 1009 1745 natura,

166 1756 193 1785 id
215 1759 275 1791 est,
297 1755 343 1784 ille
365 1756 411 1793 qui
434 1759 475 1785 est
498 1756 757 1793 homo—propter
779 1757 891 1785 nimiam
918 1761 1009 1786 tamen

165 1803 377 1841 expressionem
399 1803 515 1832 tacenda
535 1806 592 1838 est,
614 1811 648 1832 ne
671 1803 799 1832 videatur
818 1807 918 1832 natura
934 1812 1011 1841 prae-

166 1851 252 1881 dicari
274 1851 308 1880 de
330 1854 446 1885 natura,
474 1850 519 1879 vel
548 1853 711 1879 naturarum
746 1850 806 1879 sieri
839 1851 1009 1880 identitatem

164 1900 213 1926 aut
233 1897 439 1931 confusionem3
461 1904 533 1934 quae
554 1897 647 1925 omnia
669 1897 820 1934 releganda
834 1897 948 1926 suntab
963 1897 1010 1926 illa

164 1943 398 1973 excellentissima
413 1943 515 1972 unione
529 1947 556 1972 et
570 1943 749 1972 assumtione.
764 1961 800 1964 —
812 1944 1010 1973 Concedeudae

1856 188 1909 216 129

1068 264 1133 289 sunt
1154 261 1238 298 igitur
1260 262 1381 290 rationes
1403 262 1588 297 ostendentes,
1614 263 1781 292 locutionem
1808 265 1915 301 praedi-

1067 311 1139 337 ctam
1155 316 1209 336 non
1224 316 1284 337 esse
1299 308 1510 342 admittendam,
1526 309 1589 338 licet
1604 318 1658 338 non
1671 310 1791 339 multum
1805 315 1911 348 cogant.

1150 356 1171 382 1.
1194 355 1231 383 :td
1254 355 1324 383 illud
1356 363 1423 383 vero
1451 356 1525 393 quod
1548 356 1693 391 obiicitur,
1716 358 1790 394 quod
1819 357 1913 386 divina
1927 365 1998 391 Solatia
2012 371 2043 389 012-

1067 404 1167 429 natura
1182 404 1223 430 est
1238 401 1380 430 incarnata
1396 404 1422 430 et
1437 402 1599 431 conceditur
1609 402 1636 437 ⁴3
1652 403 1819 438 dicendum,
1837 405 1913 441 quod
1927 390 2035 412 ‘mmmm'

1067 455 1120 475 11011
1144 451 1185 476 est
1206 448 1312 481 simile,
1335 448 1406 477 sicut
1428 449 1481 477 iam
1505 449 1595 478 visum
1618 453 1667 478 est.

1146 496 1171 523 Q,
1194 495 1232 523 Ad
1256 495 1325 523 illud
1358 496 1433 532 quod
1458 496 1603 531 obiicitur,
1625 498 1698 534 quod
1722 502 1836 535 propter
1865 499 1915 527 hu-

1067 549 1165 569 manae
1180 544 1296 570 naturae
1311 542 1511 570 assumtionem
1528 543 1579 571 ista
1593 544 1772 572 conceditur:
1790 545 1912 574 Verbum

1067 590 1109 616 est
1129 587 1233 615 sactum
1255 595 1319 616 caro
1331 599 1338 621 ;
1360 588 1526 623 dicendum,
1559 590 1634 626 quod
1665 598 1719 618 non
1741 594 1782 619 est
1803 591 1912 627 simile,
1926 603 2040 621 Notandum.

1066 634 1132 671 quia
1160 633 1282 662 Verbum
1304 634 1370 663 dicit
1386 634 1473 671 ipsam
1490 635 1676 672 hypostasim,
1692 637 1735 665 cui
1752 637 1890 666 iiiizili'cw·
1903 637 1913 651 ⁵

1067 680 1126 717 ipsa
1147 680 1271 709 humana
1302 684 1403 709 natura
1432 684 1459 710 et
1483 690 1567 719 quam
1601 683 1684 712 habet
1715 685 1912 714 denominare.

1068 727 1098 755 Et
1120 727 1181 755 ideo
1202 736 1256 756 non
1278 728 1450 765 significatur
1472 736 1508 757 ex
1542 729 1593 758 hoc
1624 730 1718 767 aliqua
1746 735 1911 761 naturarum

1066 773 1190 802 νηιιῐαιίο
1212 774 1256 802 vel
1277 774 1417 809 confusio,
1440 775 1487 803 sed
1504 776 1594 804 solum
1611 777 1692 805 Verbi
1709 777 1742 806 ad
1761 778 1912 808 humanam

1067 824 1196 849 naturam
1209 820 1423 854 denominatio,
1435 825 1466 849 ut
1481 821 1590 850 dicatur
1606 823 1728 852 Verbum
1745 832 1804 852 esse
1820 825 1913 853 honio.

1066 866 1124 894 Non
1146 866 1184 895 sic
1206 870 1298 895 autem
1321 870 1377 901 est,
1399 875 1463 896 cum
1486 868 1607 897 dicitur:
1635 869 1725 898 divina
1750 874 1850 899 natura
1872 875 1914 900 est

1066 913 1138 941 sacta
1159 921 1239 948 caro,
1261 914 1341 950 quia,
1363 922 1426 943 cum
1451 915 1517 943 istae
1539 919 1655 944 naturae
1676 916 1730 944 sint
1752 917 1912 951 distinctae,

1067 968 1117 989 nec
1139 968 1195 989 una
1217 960 1316 989 habeat
1338 961 1373 989 ab
1394 961 1482 990 altera
1503 962 1694 998 denominari,
1716 965 1844 1001 quamvis
1867 965 1914 993 ha-

1067 1006 1131 1035 beat
1161 1007 1240 1036 alteri
1272 1008 1361 1042 uniri,
1394 1008 1482 1045 magis
1504 1017 1520 1037 a
1541 1010 1711 1046 proprietate
1742 1014 1769 1039 et
1797 1011 1913 1040 veritate

1067 1054 1209 1090 praedicta
1232 1054 1334 1083 locutio
1356 1055 1469 1083 recedit.

1146 1100 1172 1129 3.
1193 1101 1231 1129 Ad
1254 1101 1325 1130 illud
1344 1101 1419 1138 quod
1441 1102 1586 1137 obiicitur,
1608 1104 1681 1140 quod
1706 1104 1829 1133 Verbum
1852 1105 1911 1134 fieri

1067 1155 1179 1176 carnem
1202 1155 1256 1176 non
1278 1151 1320 1176 est
1334 1148 1423 1182 aliud,
1439 1157 1523 1185 quam
1540 1149 1661 1178 Verbum
1679 1150 1738 1178 tleri
1755 1151 1912 1183 hominem;

1067 1194 1234 1229 dicendum,
1263 1195 1338 1232 qnod
1371 1196 1491 1224 verum⁶
1512 1199 1561 1224 est.
1586 1197 1615 1224 Et
1638 1197 1769 1234 quoniam
1792 1198 1843 1226 ista
1871 1201 1912 1227 est

1067 1249 1134 1270 vera
1154 1245 1181 1270 et
1203 1242 1333 1278 propria:
1357 1243 1478 1271 Verbum
1501 1246 1542 1272 est
1564 1243 1665 1272 sactum
1688 1244 1789 1278 homo3
1812 1245 1912 1282 figura-

1067 1288 1123 1316 tiva
1145 1288 1262 1320 locutio,
1284 1297 1355 1325 quae
1377 1289 1404 1317 in
1427 1298 1487 1318 eam
1504 1290 1663 1319 immediate
1679 1291 1841 1326 resolvitur,
1856 1300 1910 1320 non

1066 1338 1108 1363 est
1129 1335 1173 1363 via
1195 1335 1314 1364 ducendi
1337 1336 1364 1364 in
1390 1344 1531 1371 errorem,
1564 1337 1648 1366 immo
1680 1338 1793 1367 concedi
1822 1342 1912 1375 potest

1067 1382 1133 1410 satis
1155 1382 1296 1411 catholice.
1320 1383 1388 1411 Haec
1410 1387 1518 1412 autem:
1541 1384 1635 1413 divina
1650 1385 1769 1414 essentia
1785 1386 1855 1414 sacta
1870 1389 1911 1415 est

1067 1429 1165 1463 homo,
1187 1430 1315 1466 quamvis
1337 1439 1389 1458 nou
1412 1431 1447 1459 sit
1468 1431 1585 1460 omnino
1614 1430 1711 1469 falsa,
1741 1433 1806 1470 quia
1827 1433 1910 1470 hypo-

1067 1476 1148 1505 stasis
1169 1476 1347 1513 praedicatur
1369 1477 1403 1506 de
1424 1478 1518 1506 divina
1533 1482 1633 1507 natura
1647 1487 1698 1516 per
1712 1479 1911 1514 hleidumein,-

1068 1531 1121 1551 non
1144 1526 1235 1552 tamen
1258 1527 1299 1552 est
1320 1524 1392 1552 rodco
1410 1525 1554 1562 propria,
1571 1525 1643 1554 sicut
1665 1527 1733 1554 ista:
1757 1527 1839 1555 Filius
1861 1527 1910 1556 Dei

1068 1570 1156 1598 sactus
1187 1573 1229 1598 est
1251 1571 1349 1605 1101110,
1371 1571 1456 1600 11111110
1478 1572 1595 1601 nimium
1617 1576 1658 1601 est
1679 1573 1851 1610 expressiva.
1882 1574 1912 1602 Et

1068 1620 1215 1653 propterea
1238 1617 1340 1645 locutio
1362 1617 1525 1653 figurativa,
1547 1618 1573 1646 in
1596 1627 1652 1655 qna
1673 1619 1844 1656 significatur
1859 1628 1909 1657 per

1068 1664 1259 1700 synecdochen
1281 1672 1352 1692 caro
1375 1665 1446 1692 sumi
1469 1673 1520 1702 pro
1537 1668 1591 1693 toto
1607 1666 1734 1700 homine,
1750 1666 1912 1703 simpliciter

1068 1711 1226 1747 respuitur,
1248 1719 1299 1748 pro
1321 1719 1353 1740 eo
1373 1712 1447 1748 quod
1481 1712 1569 1749 magis
1601 1713 1705 1741 recedit
1732 1721 1748 1741 a
1777 1715 1912 1743 sermonis

1068 1757 1237 1794 proprietate
1258 1761 1285 1786 et
1305 1758 1341 1786 ab
1362 1758 1541 1795 expressione
1573 1760 1712 1794 veritatis,
1735 1763 1762 1788 et
1783 1761 1912 1798 approxi-

1069 1808 1125 1832 mat
1141 1804 1290 1833 intellectui
1306 1805 1419 1834 erroris.
1429 1806 1535 1842 —Qua
1550 1806 1584 1834 de
1599 1814 1683 1834 causa
1696 1806 1799 1835 multae
1816 1815 1880 1844 nega
1887 1816 1913 1836 n-
1926 1824 2039 1843 muudum,

1069 1854 1114 1879 tur
1136 1851 1289 1881 locutiones
1309 1860 1325 1880 a
1347 1852 1508 1881 doctoribus
1535 1853 1701 1890 theologiae,
1724 1862 1757 1882 ne
1779 1855 1914 1891 paralogi-

1068 1900 1165 1926 zentur
1186 1901 1213 1926 et
1234 1898 1409 1935 decipiantur
1441 1899 1596 1936 simplices,
1618 1900 1665 1937 qui
1688 1901 1815 1929 nesciunt
1836 1910 1914 1930 voca-

1068 1944 1200 1973 bulorum
1224 1945 1341 1974 virtutes
1352 1946 1370 1973 7.

887 2079 1122 2113 ARTICULUS
1150 2080 1187 2112 11.

759 2209 799 2237 De
820 2209 999 2237 (assumtione
1020 2218 1055 2237 0oe
1074 2213 1159 2247 parte
1182 2210 1317 2238 assumti.

245 2342 451 2380 Consequenter
481 2343 626 2380 quaeritur
647 2343 681 2372 de
703 2343 826 2372 secundo
848 2343 1009 2381 principali,

167 2389 296 2418 videlicet
316 2389 351 2418 de
372 2390 542 2418 assumtione
574 2397 610 2418 ex
631 2392 710 2427 parte
731 2390 856 2419 assumti.
880 2391 910 2418 Et
938 2390 1011 2419 circa

168 2436 220 2464 hoc
242 2439 417 2473 quaeruntur
438 2437 569 2473 quinque.

247 2482 338 2511 Primo
366 2483 526 2520 quaeritur,
547 2487 644 2511 utrum
666 2491 784 2520 persona
805 2483 852 2512 Dei
875 2491 1012 2512 assumse-

169 2529 205 2558 rit
227 2529 378 2557 humanam
401 2532 540 2557 naturam.

247 2575 389 2610 Secundo,
401 2579 497 2604 utrum
513 2576 676 2604 assumserit
692 2576 842 2604 humanam
856 2583 1011 2613 personam.

1147 2344 1253 2378 Tertio,
1275 2348 1371 2373 utrum
1387 2345 1422 2373 sit
1436 2352 1539 2382 ponere
1562 2345 1710 2381 perfectam
1732 2345 1910 2374 intentionem

1068 2391 1271 2428 personalitatis
1293 2391 1366 2420 circa
1387 2391 1507 2420 animam
1530 2395 1696 2429 separatam.

1147 2438 1267 2473 Quarto,
1299 2441 1393 2466 utrum
1426 2438 1634 2467 concedendum
1661 2439 1710 2472 sit,
1732 2439 1807 2476 quod
1836 2439 1910 2468 Deus

1069 2484 1234 2513 assumserit
1255 2484 1406 2512 hominem.

1148 2530 1249 2566 Quinto
1263 2533 1290 2559 ct
1305 2531 1417 2564 ultimo,
1433 2534 1528 2559 utrum
1545 2532 1751 2560 concedendum
1769 2532 1819 2567 sit,
1835 2533 1909 2570 quod

1069 2576 1233 2611 assumserit
1255 2577 1463 2605 humanitatem.

234 2814 240 2829 ¹
258 2813 330 2837 Codri.
349 2815 365 2836 11
383 2814 415 2843 (K
435 2815 553 2843 primitus)
572 2814 602 2837 hb
620 2815 703 2837 rectius
722 2813 756 2837 1·νί
774 2820 815 2842 pro
833 2815 869 2842 cc:
893 2815 941 2837 Vnt.
961 2818 1012 2842 post

170 2854 191 2876 ρι
208 2853 298 2876 subiicit
313 2854 387 2883 polest
401 2853 478 2876 etiam.

233 2893 242 2907 ²
259 2892 314 2915 Cod.
333 2893 350 2915 ll
368 2894 389 2916 et
405 2892 448 2916 noc
464 2899 535 2916 sensit
551 2892 694 2922 simpliciter,

233 2931 242 2947 ³
259 2932 304 2954 Cl'r.
322 2935 375 2954 10111.
395 2932 418 2954 it.
436 2939 489 2960 pag.
507 2932 564 2959 5310,
583 2936 632 2954 nota
651 2932 672 2954 5.

234 2969 242 2984 ⁴
260 2971 282 2992 ln
299 2970 352 2993 01111.
370 2971 433 2993 deest
450 2972 471 2993 el
487 2970 630 2994 conceditur.

297 3020 322 3044 S.
340 3021 428 3044 Bonrw.
447 3034 478 3037 —
495 3021 560 3044 rom.
579 3021 610 3043 ΙΙΙ.

1130 2815 1140 2829 ⁵
1158 2816 1199 2837 l‘ro
1216 2815 1325 2838 innititur
1342 2816 1408 2838 codd.
1428 2816 1444 2838 l<
1457 2817 1475 2838 Μ
1486 2816 1570 2839 OZhb
1589 2817 1678 2840 unitur.
1697 2818 1745 2840 Mox
1764 2825 1804 2846 pro
1822 2817 1909 2849 siqnifi-

1068 2855 1138 2877 culici·
1154 2854 1204 2877 cod.
1222 2855 1237 2876 Z
1254 2854 1367 2884 sequitur.
1387 2856 1408 2877 111
1427 2856 1470 2877 line
1492 2856 1557 2878 solut.
1577 2862 1618 2884 pro
1636 2857 1721 2880 recedit
1738 2857 1788 2879 0011.
1812 2858 1828 2879 li
1849 2864 1909 2881 rece·

1068 2892 1117 2921 (let,
1137 2893 1187 2916 cod.
1207 2893 1223 2915 Υ
1241 2893 1337 2917 ιἰνενιῖὲί.

1130 2932 1140 2947 ⁰
1157 2932 1228 2955 Corld.
1246 2933 1335 2955 111111(
1347 2933 1362 2955 l,
1373 2933 1390 2955 Y
1400 2934 1415 2955 Z
1425 2940 1450 2956 an
1462 2933 1493 2956 hb
1511 2940 1575 2957 vera.

1130 2970 1140 2985 ⁷
1159 2971 1215 2993 Vidn
1232 2972 1332 2993 scholion
1351 2972 1379 2994 ad
1399 2972 1572 3000 111’111·1,·1·11111110111
1590 2977 1678 3002 qrmest.

1759 3026 1783 3048 17
