2166 3366
109 325 205 344 Sententia
219 326 236 343 3.

110 351 128 367 et
142 349 211 367 media.

110 419 207 437 Conclusio
218 419 235 437 2.

113 1076 241 1095 Corollarium.

113 1735 244 1754 Contiruiatur.

127 2301 198 2327 Salutio
212 2307 244 2325 op-

127 2327 237 2348 positorum.

255 195 307 223 lli>

330 272 360 300 Et
380 272 512 309 quoniam
538 271 630 309 prima
658 270 750 307 opinio
777 278 878 306 parum
907 269 988 303 dicit,
1011 272 1038 297 et
1060 277 1099 298 se—

251 319 342 348 cunda
363 319 484 347 multum
506 318 636 352 excedit,
659 317 717 346 suis
738 316 951 353 obliquitatibus
973 317 1099 353 dirigunt

250 374 300 395 nos
323 366 348 394 in
372 366 496 394 veritatis
528 365 609 393 viam.
639 365 670 392 Et
702 367 850 401 propterea
873 363 973 392 melius
996 364 1099 392 sentire

250 413 381 442 videntur
403 412 449 449 qui
472 412 569 440 dicunt
590 411 737 444 medium,
771 410 899 439 videlicet
919 410 995 447 quod
1019 411 1099 439 beata

250 460 334 497 Virgo
350 460 447 488 hahuit
463 460 592 487 virtutem
609 458 661 487 sibi
678 458 812 487 divinitus
826 458 933 492 datam,
949 465 999 494 per
1014 465 1098 494 qnam

250 507 459 536 administraret
492 506 635 535 materiam
670 505 707 534 illi
741 505 903 542 conceptui,
936 505 1098 537 materiam,

252 555 379 591 inquam,
401 561 472 591 quae
494 562 547 582 non
570 553 661 582 solum
685 553 782 581 habuit
797 553 933 581 rationem
955 552 1099 580 materiae

251 601 309 630 sive
331 600 469 637 potentiae
491 600 634 637 passivae,
656 600 702 629 sed
735 600 818 628 etiam
844 598 1052 637 sufficicntiam
1074 602 1100 626 et

249 648 387 676 virtutem
409 648 444 676 ad
467 647 552 684 prolis
575 647 798 684 productionem.
822 647 870 675 [lla
893 650 983 675 tan‘ien
1009 646 1100 674 virtus

251 703 302 733 per
322 703 352 724 se
375 703 428 723 non
450 697 559 732 poterat
580 694 694 731 prodire
709 694 742 722 ad
760 694 914 731 perfectum
931 697 1024 722 actum
1046 692 1099 721 nisi

251 751 301 780 per
323 742 526 772 successionem
550 742 576 770 in
600 746 739 779 tempore;
762 742 808 770 sed
832 742 964 779 quoniam
986 749 1041 769 non
1057 741 1101 769 de-

252 790 346 824 cebat,
369 798 481 818 carnem
509 790 609 818 Christi
643 789 758 817 formari
781 789 955 823 successive,
978 789 1050 817 sicut
1073 789 1100 816 in

252 837 502 874 praecedentibus¹
526 840 668 865 ostensum
691 840 747 871 est;
770 837 831 865 ideo
846 836 966 873 Spiritus
988 839 1100 865 sanctus

253 893 304 913 sua
336 884 443 913 infinita
471 884 574 913 virtute
606 884 742 920 produxit
773 884 848 911 illam
885 883 1030 912 materiam
1065 883 1098 911 ad

253 935 346 961 actum
369 931 548 968 completum.
573 931 602 959 Et
630 939 680 967 per
702 931 753 960 hoc
776 931 801 959 in
828 930 905 959 nullo
927 930 1032 967 Virgini
1056 930 1101 959 de-

254 981 385 1016 rogatur,
407 978 428 1007 si
451 979 525 1007 Deus
557 986 607 1007 sua
636 978 740 1006 virtute
770 978 949 1010 acceleravit,
975 978 1050 1014 quod
1074 977 1100 1005 in

252 1025 314 1054 aliis
336 1026 503 1054 mulieribus
525 1025 681 1054 successive
703 1025 833 1062 producit
854 1025 888 1054 ad
911 1034 978 1054 esse.
992 1025 1101 1053 —Non

253 1073 327 1102 enim
350 1073 401 1101 fuit
431 1073 522 1101 minor
554 1073 676 1110 potentia
708 1073 733 1101 in
756 1073 869 1110 Virgine
891 1081 976 1110 quam
999 1073 1024 1100 in
1048 1072 1102 1101 alia
1124 1099 1127 1100 .

254 1121 388 1155 muliere,
411 1121 496 1149 immo
518 1121 606 1149 multo
629 1120 732 1154 maior,
754 1121 820 1157 quia
849 1120 1000 1157 potentiam
1025 1123 1103 1148 natu-

253 1168 340 1196 ralem
364 1171 390 1196 et
411 1167 655 1204 supranaturalem
681 1167 795 1201 habuit,
818 1175 868 1204 per
890 1175 973 1204 quam
997 1167 1103 1195 submi-

254 1215 374 1244 nistrare
396 1218 504 1252 poterat
525 1215 671 1243 materiam
695 1215 753 1252 ipsa
769 1214 827 1243 sola
848 1215 932 1251 adeo,
956 1215 1028 1243 sicut
1044 1223 1103 1242 mu-

254 1262 306 1291 lier
327 1262 388 1291 viro
409 1262 578 1296 commixta;
600 1262 675 1290 unde
691 1265 746 1290 tota
761 1254 917 1290 substantia
932 1262 1032 1290 Christi
1050 1262 1102 1290 fuit

254 1310 288 1338 de
310 1313 400 1338 matre
421 1317 479 1338 sua.
505 1310 534 1337 Et
554 1309 632 1343 ideo,
655 1309 675 1337 si
699 1313 774 1338 recte
802 1309 922 1337 velimus
944 1309 1049 1337 sentire
1076 1312 1103 1337 et

254 1357 345 1394 loqui,
370 1356 469 1385 veriori
492 1357 575 1385 modo
597 1356 649 1384 suit
670 1356 753 1393 Virgo
769 1359 858 1385 mater
879 1356 994 1389 Christi,
1016 1364 1102 1393 qnam

254 1404 289 1433 sit
310 1404 403 1441 aliqua
426 1407 514 1432 mater
537 1404 583 1431 tilii
606 1403 648 1432 sui
661 1404 679 1431 ἵ.
702 1404 777 1432 Unde
799 1407 826 1431 et
848 1411 897 1440 per
917 1403 992 1431 illam
1017 1403 1103 1431 virtu-

255 1454 308 1480 tem
333 1452 423 1488 ipsum
448 1451 473 1479 in
497 1454 593 1479 ventre
616 1458 664 1487 per
687 1458 785 1479 novem
809 1458 918 1478 menses
941 1450 1068 1479 confovit.

335 1499 365 1527 Et
386 1499 425 1527 sic
453 1501 543 1535 patet,
572 1498 647 1534 quod
678 1498 761 1534 Virgo
790 1497 875 1525 Maria
902 1497 996 1534 aliquo
1020 1497 1102 1526 modo

254 1546 306 1575 fuit
328 1546 354 1574 in
376 1545 555 1582 conceptione
578 1544 633 1573 Filii
665 1548 826 1581 cooperata,
849 1544 978 1573 videlicet
1000 1544 1104 1573 submi-

255 1594 399 1622 nistrando
415 1592 599 1622 sufficientem
617 1592 760 1620 materiam
777 1592 881 1620 virtute
896 1591 986 1620 activa
997 1591 1014 1625 ³,
1030 1599 1102 1628 quae

256 1644 347 1669 tamen
369 1648 456 1677 supra
476 1648 559 1677 posse
580 1647 663 1668 suum
686 1639 840 1668 accelerata
861 1638 912 1667 fuit
934 1642 961 1667 et
982 1639 1015 1667 ad
1033 1647 1104 1667 com-

254 1687 428 1725 plementum
449 1686 586 1724 perducta
608 1694 658 1723 per
687 1686 819 1714 virtutem
843 1685 988 1714 infinitam.
1012 1702 1050 1705 —
1074 1686 1104 1714 Et

255 1735 322 1763 huic
343 1738 476 1763 consonat
503 1742 583 1763 sacra
614 1733 790 1771 Scriptura⁴,
817 1741 889 1770 qnae
923 1733 1004 1761 modo
1037 1733 1103 1762 dicit

255 1782 397 1810 Christum
427 1785 530 1809 nctlztm
559 1781 592 1809 de
629 1781 763 1819 Viryz'ne,
785 1781 868 1809 inodo
890 1780 957 1809 dicit
977 1779 1102 1817 ficetum.

255 1829 392 1858 Consonat
413 1829 496 1858 etiam
518 1828 637 1857 verbum
659 1829 839 1863 Damasceni,
861 1829 907 1866 qui
929 1828 1004 1861 dicit,
1027 1828 1103 1865 quod

254 1877 388 1905 virtutem
410 1876 509 1905 habuit
531 1876 609 1904 verbi
624 1876 819 1912 susceptivam
842 1879 869 1904 et
881 1875 1102 1913 yenci'att'uctm:

253 1923 472 1962 qenerctcz'vam,
501 1923 568 1960 quia
596 1923 686 1960 potuit
717 1923 899 1952 seminarium
921 1923 1031 1960 corpori
1054 1923 1102 1951 mi-

256 1970 375 1999 nistrare
396 1978 446 2007 per
467 1970 599 1998 virtutem
623 1969 673 1998 sihi
703 1969 831 1998 collatam
855 1970 949 1998 divino
972 1978 1102 2004 munere;

254 2017 450 2054 susceptivam
474 2025 555 2051 vero,
577 2017 643 2054 quia
675 2017 766 2045 solum
796 2017 842 2045 Dei
866 2016 991 2046 Verbum
1014 2017 1104 2054 potuit

255 2073 367 2094 carnem
389 2068 543 2093 assumtam
561 2064 586 2092 in
603 2064 715 2093 instanti
731 2065 869 2098 formare,
891 2065 966 2101 quod
989 2063 1103 2101 quidem

256 2112 380 2141 Verbum
403 2114 563 2148 susceptum
587 2115 628 2140 est
649 2120 665 2140 a
680 2112 801 2148 Virgine.
816 2128 856 2132 —
871 2112 997 2140 Rationes
1020 2111 1105 2148 igitur

256 2159 449 2193 ostendentes,
465 2159 491 2187 in
514 2158 570 2186 Filii
587 2159 634 2187 Dei
651 2159 830 2196 conceptione
846 2159 986 2196 Virginem
1011 2158 1104 2196 aliquo

256 2206 339 2234 modo
361 2206 556 2242 cooperatam⁵
576 2205 678 2240 fnisse,
701 2209 766 2234 sunt
787 2206 989 2234 concedendae.

339 2254 362 2281 ¹l.
384 2253 422 2281 „itt
446 2252 515 2281 illud
530 2260 597 2281 vero
613 2253 688 2289 quod
703 2253 834 2281 obiicitur
849 2253 883 2281 de
898 2252 994 2281 Glossa
1018 2260 1104 2289 super

257 2300 327 2329 illud
348 2298 478 2337 factum,
503 2300 556 2328 iam
580 2303 655 2337 patet
683 2300 835 2337 responsio.
867 2301 921 2329 Hoc
943 2300 1017 2329 enim
1050 2309 1105 2329 non

257 2347 383 2376 excludit
412 2355 507 2376 veram
539 2347 691 2384 potentiam
723 2347 911 2384 generativam
935 2356 951 2375 a
972 2347 1104 2384 Virgine,

926 191 1179 220 SENTENTIARUM
1202 191 1262 219 Ltt3.
1284 191 1324 220 ΙΙΙ.

1157 269 1205 298 sed
1227 269 1319 306 ponit,
1336 269 1372 298 ihi
1395 269 1517 306 aliquam
1534 270 1591 298 vim
1607 278 1667 299 esse
1683 278 1769 308 supra
1784 270 1839 299 vim
1856 271 2002 306 naturaessg

1156 317 1231 345 unde
1253 320 1379 346 removet
1401 317 1453 345 viri
1486 317 1601 346 seminis
1630 318 1872 353 commixtionem,
1894 322 1921 347 et
1942 319 2003 348 ideo

1157 364 1196 392 sic
1218 364 1320 392 dicitur
1341 363 1456 401 factus,
1479 365 1554 402 quod
1576 365 1758 394 nihilominus
1780 366 1883 394 dicitur
1904 369 2002 395 natus.

1159 410 1188 438 Et
1209 415 1251 439 est
1272 411 1378 445 simile,
1400 411 1421 440 si
1446 412 1519 440 Deus
1541 412 1588 440 uni
1612 412 1706 448 virgae
1728 412 1824 441 aridae
1845 413 1925 441 daret
1946 412 2001 441 vim

1157 458 1348 495 germinandi,
1371 467 1455 495 quam
1478 459 1562 487 hahet
1576 467 1631 487 una
1647 459 1761 494 viridis,
1777 462 1804 488 et
1826 462 1937 496 praeter
1952 460 2004 488 hoc

1156 504 1260 532 faceret
1282 505 1370 541 ipsam
1400 505 1426 533 in
1456 505 1567 534 instanti
1590 505 1774 540 fructificare3
1799 506 1878 543 virga
1899 506 1946 535 illa
1967 506 2005 535 di-

1157 555 1268 580 ceretur
1290 552 1413 581 fructum
1435 552 1532 581 fecisse
1554 556 1581 581 et
1595 553 1722 581 attulisse
1736 553 1759 588 ⁷,
1781 556 1807 582 et
1823 553 2005 582 nihilominus

1157 599 1266 627 fructus
1288 599 1334 627 ille
1355 599 1497 628 diceretur
1519 607 1579 628 esse
1607 600 1696 629 factus
1725 608 1761 628 ex
1784 600 1830 628 illa
1853 601 1945 637 virga,
1968 600 2005 629 ita

1158 646 1233 683 quod
1262 646 1346 674 simul
1378 646 1519 675 diceretur
1546 645 1646 683 factus
1674 651 1701 675 et
1733 651 1824 675 ortus.
1851 647 1894 676 Sic
1923 650 1949 676 et
1977 647 2004 676 in

1158 694 1300 731 proposito
1322 696 1363 722 est
1395 694 1623 730 intelllgendum,
1652 694 1715 723 talis
1746 694 1821 723 enim
1854 696 2006 732 praecessit

1158 741 1249 778 figura
1271 741 1356 769 huius
1377 741 1564 778 conceptionis
1586 741 1613 769 in
1634 742 1722 778 virga.

1238 790 1263 816 2.
1285 788 1324 816 Ad
1346 788 1416 816 illud
1438 788 1513 825 quod
1535 788 1664 817 obiicitur
1686 789 1720 817 de
1736 789 1915 824 Damascene,
1931 790 2004 827 quod

1159 843 1270 864 carnem
1293 835 1369 863 illam
1392 835 1454 864 fecit
1469 843 1583 869 creans,
1599 844 1652 863 non
1669 836 1824 867 seminans:
1846 837 2005 871 dicendum,

1158 883 1233 920 quod
1256 883 1328 912 sicut
1342 890 1393 920 per
1407 886 1500 911 actum
1517 883 1675 911 creationis
1691 892 1745 911 non
1763 883 1880 912 intendit
1895 884 2002 918 dicere,

1159 931 1232 968 quod
1256 939 1320 959 caro
1343 930 1390 958 illa
1412 930 1483 959 sacta
1504 930 1588 958 fuerit
1609 939 1643 958 cac
1664 929 1770 963 niltz'lo,
1795 931 1841 959 sed
1865 931 1957 967 quodS
1972 931 2006 959 ad

1158 977 1356 1015 perfectionem
1380 977 1500 1006 deducta
1522 981 1563 1006 est
1578 985 1628 1014 per
1645 977 1776 1006 virtutem
1800 977 1950 1011 inlinitam3
1967 978 2004 1007 sic

1159 1027 1242 1055 etiam
1265 1033 1314 1063 per
1336 1025 1404 1059 hoc,
1427 1025 1501 1062 quod
1525 1024 1590 1053 dicit
1611 1033 1669 1052 ‘non
1690 1024 1857 1059 seminans,
1879 1033 1933 1053 non
1956 1025 2009 1062 pri-

1160 1076 1206 1101 vat
1228 1073 1377 1110 potentiam
1400 1072 1519 1100 activam
1542 1080 1557 1100 a
1579 1072 1707 1108 Virgine,
1730 1072 1777 1101 sed
1800 1076 1927 1101 removet
1947 1080 2008 1101 con-

1160 1124 1271 1149 suetum
1294 1120 1408 1149 modum
1439 1119 1573 1156 operandi
1603 1122 1735 1153 naturae,
1764 1119 1812 1156 qui
1834 1122 1875 1148 est
1896 1127 1946 1156 per
1968 1127 2007 1148 se-

1161 1167 1242 1196 minis
1264 1166 1492 1196 commixtionem
1523 1166 1608 1194 maris
1636 1171 1663 1194 et
1690 1166 1817 1195 feminae.
1848 1183 1885 1187 —
1908 1167 2003 1195 Utrum

1159 1218 1254 1243 autem
1276 1214 1360 1251 Virgo
1381 1214 1503 1242 excitata
1530 1222 1546 1242 a
1568 1214 1674 1250 Spiritu
1695 1217 1790 1242 sancto
1811 1214 2006 1249 seminaverit,

1161 1262 1212 1290 hoc
1233 1264 1274 1290 est
1286 1261 1305 1297 ⁹,
1329 1261 1364 1290 ad
1387 1261 1479 1289 locum
1503 1261 1626 1289 matricis
1641 1269 1735 1289 semen
1758 1261 1898 1295 emiseritg
1914 1269 2009 1298 quam—

1159 1309 1201 1338 vis
1222 1309 1308 1346 aliqui
1331 1308 1471 1342 dixerint,
1500 1317 1554 1336 non
1577 1311 1617 1337 est
1647 1308 1766 1337 verbum
1789 1308 1860 1336 illud
1884 1308 2010 1345 frequen-

1161 1360 1202 1385 ter
1225 1356 1251 1384 in
1273 1364 1321 1384 ore
1343 1356 1531 1390 versandum,
1548 1359 1606 1384 tum
1623 1356 1688 1393 quia
1704 1355 1908 1393 turpitudinem
1925 1355 2009 1384 habet

1160 1411 1316 1437 annexam,
1338 1406 1365 1431 et
1397 1403 1481 1431 homo
1513 1402 1617 1431 habere
1648 1403 1731 1431 debet
1752 1403 1858 1431 munda
1888 1403 1961 1431 lahia
1981 1403 2007 1431 in

1162 1450 1207 1478 tali
1231 1450 1363 1483 materia;
1385 1454 1445 1478 tum
1467 1450 1566 1484 etiam,
1588 1450 1654 1487 quia
1669 1450 1866 1478 certitudinem
1888 1458 1941 1478 non
1965 1450 2010 1478 ha-

1161 1498 1207 1526 het
1227 1506 1263 1526 ex
1285 1506 1329 1529 se,
1352 1505 1402 1526 nec
1434 1497 1528 1526 verbis
1560 1497 1726 1526 Sanctorum
1748 1497 1861 1526 videtur
1886 1497 2006 1526 multum

1161 1552 1321 1573 consonare.
1345 1544 1421 1573 Unde
1442 1544 1560 1573 stultum
1582 1547 1624 1573 est
1646 1544 1672 1572 in
1695 1544 1885 1573 talibusvelle
1908 1544 1945 1572 ita
1966 1552 2011 1573 cu-

1160 1592 1232 1621 riose
1248 1592 1358 1629 singula
1374 1595 1555 1629 pertractare.
1570 1592 1624 1621 Hoc
1640 1595 1732 1621 tamen
1749 1591 1869 1621 sufficiat
1890 1591 2009 1625 dixisse,

1160 1640 1290 1668 videlicet
1321 1640 1397 1676 quod
1430 1640 1514 1676 Virgo
1546 1639 1715 1668 ministravit
1748 1639 1893 1668 materiam
1916 1642 2007 1676 aptam

1160 1686 1330 1724 generationi
1354 1686 1410 1714 Filii
1433 1686 1481 1714 Dei
1505 1687 1662 1715 secundum
1684 1695 1806 1715 carnem.

1240 1734 1266 1762 3.
1288 1734 1327 1762 Ad
1349 1734 1418 1762 illud
1449 1734 1523 1771 quod
1553 1733 1699 1766 obiicitur,
1728 1734 1803 1771 quod
1833 1742 1886 1762 non
1908 1734 1961 1762 fuit
1982 1734 2007 1762 in

1161 1790 1193 1811 ea
1214 1782 1368 1811 secundnm
1393 1782 1527 1809 rationem
1544 1782 1723 1817 seminalemg
1746 1782 1911 1817 dicendum,
1933 1782 2008 1819 quod

1160 1837 1260 1858 verum
1283 1832 1336 1862 est,
1358 1829 1379 1857 si
1401 1828 1553 1857 seminalis
1580 1829 1659 1857 ratio
1688 1829 1798 1858 dicatur
1831 1831 1891 1864 illa,
1914 1839 2010 1860 secun-

1161 1877 1229 1906 dum
1251 1884 1335 1913 quam
1358 1879 1459 1904 natura
1490 1876 1635 1904 consuevit
1664 1877 1791 1913 operari:
1813 1877 1852 1906 sic
1873 1878 1947 1906 enim
1969 1886 2010 1908 ac-

1161 1925 1227 1962 cipit
1248 1924 1418 1961 Augustinus
1439 1924 1477 1952 ihi
1489 1924 1515 1952 ¹⁰.
1533 1924 1571 1952 Ex
1588 1924 1639 1952 hoc
1655 1927 1746 1953 tamen
1761 1932 1816 1952 non
1838 1925 2010 1962 excluditur,

1161 1971 1227 2009 quin
1249 1971 1344 2007 aliqua
1364 1971 1487 2007 potentia
1508 1974 1620 2008 praeter
1648 1979 1754 2000 morem
1779 1972 1891 2000 solitum
1914 1973 2010 2002 divini-

1162 2022 1207 2048 tus
1238 2018 1343 2055 Virgini
1376 2018 1411 2047 sit
1442 2018 1550 2046 collata.
1586 2018 1761 2053 Praeterea,
1784 2020 1891 2048 ratione
1917 2020 2011 2049 adhuc

1161 2066 1299 2104 potentiae
1322 2066 1397 2094 illius
1418 2066 1525 2094 activae
1546 2074 1600 2094 non
1623 2066 1706 2094 debet
1728 2066 1780 2095 dici
1804 2066 1890 2095 fuisse
1912 2067 1948 2096 ihi
1972 2075 2010 2096 se-

1162 2113 1286 2142 cundnm
1318 2113 1464 2141 rationem
1495 2112 1687 2147 seminalem,
1720 2122 1771 2150 pro
1802 2121 1834 2142 eo
1867 2114 1941 2151 quod
1974 2109 2007 2143 ad

1162 2164 1255 2190 actum
1279 2160 1432 2197 perfectum
1455 2160 1591 2197 perducta
1613 2160 1665 2188 snit
1696 2168 1746 2197 per
1768 2161 1901 2190 virtutem
1924 2170 2010 2198 supra

1162 2211 1306 2241 naturam3
1328 2210 1354 2235 et
1383 2210 1511 2244 respectu
1544 2207 1606 2235 talis
1638 2206 1712 2236 modi
1735 2208 1868 2244 operandi
1899 2208 1951 2237 fuit
1972 2208 2009 2237 ihi

1162 2255 1252 2284 solum
1272 2254 1402 2291 potentia
1424 2254 1608 2282 obedientiae.
1639 2255 1669 2283 Et
1690 2258 1731 2283 est
1760 2256 1864 2284 simile:
1888 2255 1910 2284 si
1933 2256 2008 2285 Deus

1162 2302 1252 2339 post¹¹
1275 2302 1503 2331 commixtionem
1534 2302 1619 2331 maris
1648 2305 1675 2330 et
1701 2302 1819 2332 feminae
1848 2304 1874 2332 in
1897 2304 2007 2333 instanti

1162 2348 1292 2385 perducit
1324 2348 1426 2376 foetum
1456 2348 1491 2376 ad
1523 2348 1759 2385 complementum
1796 2350 2010 2387 organizationis

258 2495 346 2522 specics
372 2495 567 2517 transmutationis
590 2498 710 2522 notantur,
734 2501 818 2522 nempe
840 2496 919 2518 motus
944 2498 967 2518 et
988 2495 1104 2521 mutatio.

258 2540 316 2562 quac.
338 2533 467 2556 secundum
485 2539 632 2556 communem
656 2536 863 2556 commentatorum
881 2535 1054 2562 explicationem
1078 2536 1106 2558 ita

257 2573 315 2595 inter
334 2579 358 2595 se
376 2573 558 2601 distinguuntur,
579 2573 642 2601 quod
660 2574 738 2596 motus
763 2573 875 2601 significet
892 2575 1105 2596 transmutationem

258 2612 412 2634 successivam
423 2630 428 2639 ,
445 2611 544 2635 mutatio
562 2619 619 2634 vero
642 2613 813 2635 instantaneam.
832 2613 865 2635 Ad
883 2614 976 2636 motum
992 2615 1106 2641 pertinent

257 2650 368 2678 alteratio,
387 2652 554 2679 augmentatio,
573 2651 693 2673 diminutio
716 2654 738 2673 et
755 2652 797 2673 loci
815 2653 918 2674 mutatio.
937 2652 981 2675 Csr.
1004 2653 1065 2675 Scot.
1083 2653 1104 2674 in

258 2689 286 2711 V.
304 2689 369 2717 Phys.
389 2696 409 2718 q.
432 2690 449 2712 1.
466 2702 498 2706 --
514 2691 563 2713 Vat.
581 2690 695 2713 vocabulo
717 2691 816 2714 mutatio
835 2692 940 2720 praefigit
965 2698 1027 2718 nort,
1055 2699 1106 2714 sen-

258 2728 349 2749 tentiam
368 2728 457 2750 Aristot.
475 2729 508 2751 sic
525 2735 685 2757 corrumpens.

323 2765 329 2780 ¹
349 2767 402 2789 Dist.
421 2767 441 2789 3,
460 2774 482 2795 p.
501 2768 522 2790 ll.
536 2775 555 2790 a.
574 2768 594 2790 3.
607 2775 629 2797 q.
648 2770 668 2791 ⁴2.
681 2769 746 2791 ——ln
764 2775 828 2798 seqq.
848 2770 896 2792 Vat.
914 2776 968 2792 cum
985 2770 1038 2792 edd.
1061 2771 1104 2798 1,2

256 2805 370 2835 pcrdttoeit
391 2809 412 2828 et
430 2806 538 2835 perducit
560 2814 602 2835 pro
618 2808 737 2837 prozlttaeit
752 2811 773 2830 ct
786 2808 915 2838 producit,
934 2809 1105 2837 refragantibus

259 2845 365 2873 plurimis
382 2845 449 2867 codd.
468 2846 536 2868 Paulo
548 2850 600 2869 autc.
617 2847 667 2870 cod.
686 2848 702 2869 N
720 2847 753 2870 sic
770 2847 865 2871 decebat
881 2855 922 2876 pro
940 2848 1041 2872 decebat.

321 2884 331 2898 ²
347 2884 419 2907 Codd.
438 2885 455 2906 ll
466 2885 484 2907 li
495 2886 510 2906 Z
524 2892 597 2915 quam
614 2886 701 2909 mulier
715 2886 759 2916 filii
775 2887 820 2910 sui.

321 2924 330 2938 3
349 2924 404 2946 Edd.
423 2931 545 2952 perperam
564 2924 646 2947 rirttttt'
668 2925 764 2949 (tellone.
784 2927 852 2949 Panlo
875 2931 927 2949 ante
944 2927 994 2950 cod.
1013 2927 1031 2949 U
1053 2928 1104 2950 voci

259 2962 315 2985 Fila·
330 2963 406 2985 adiicit
422 2963 468 2986 sni.

323 3002 332 3017 ⁴¹
349 3003 423 3025 Matth.
446 3004 463 3031 l,
486 3003 521 3032 163
539 3003 587 3026 Gal.
611 3003 633 3032 st,
653 3002 673 3026 4.
685 3017 717 3021 -
733 3005 854 3034 Aliquanto
877 3007 970 3029 inferius
988 3010 1040 3035 post
1056 3013 1105 3031 cor-

1163 2495 1217 2524 pori
1234 2495 1284 2517 Vat.
1302 2496 1394 2524 supplet
1412 2494 1504 2518 Christi.
1528 2495 1630 2518 Subinde
1654 2502 1695 2524 pro
1721 2502 1734 2519 (t
1762 2495 1856 2526 Vir-qino
1878 2496 1928 2519 cod.
1947 2497 1962 2518 Z
1985 2496 2012 2519 cle

1169 2533 1270 2564 Vimine.

1227 2574 1237 2589 ⁵
1254 2574 1325 2597 Codd.
1343 2574 1414 2596 AGL
1425 2574 1443 2596 T
1454 2575 1508 2596 Vaa
1527 2577 1549 2596 et
1565 2574 1618 2596 edd.
1642 2575 1657 2601 l,
1677 2575 1689 2596 2
1707 2576 1879 2603 cooperantem.

1226 2614 1236 2629 ⁶
1254 2615 1312 2642 Vat.‚
1325 2615 1346 2636 in
1365 2615 1426 2636 initio
1440 2620 1533 2642 propos.
1551 2620 1593 2641 pro
1606 2614 1654 2637 Hoc
1671 2614 1793 2636 substituto
1805 2614 1880 2642 Hace,
1901 2617 1953 2637 ante
1964 2614 2012 2637 vim

1164 2653 1266 2675 naturae
1278 2653 1361 2681 ingerit
1377 2654 1492 2675 naturam
1510 2659 1551 2675 seu
1567 2658 1650 2682 supra.
1668 2653 1737 2675 l'aulo
1755 2653 1849 2675 interius
1867 2660 1909 2681 pro
1926 2653 2013 2676 nihilo-

1164 2691 1245 2714 minus
1261 2692 1314 2714 edd.
1336 2692 1353 2719 t,
1373 2692 1385 2713 2
1404 2698 1526 2719 perperam
1544 2691 1611 2715 nullo
1628 2692 1704 2715 modo.

1227 2730 1237 2745 ⁷
1253 2730 1325 2753 Codd.
1350 2730 1397 2753 ΜΟ
1420 2730 1570 2754 accelerasse.
1594 2732 1616 2753 ln
1641 2731 1684 2753 tine
1707 2731 1773 2753 solut.
1798 2732 1845 2753 Vat.
1870 2733 1922 2754 voci
1944 2732 2012 2762 vtrya

1165 2771 1263 2793 annectit
1279 2772 1369 2793 Aaron.

1227 2808 1236 2823 8
1253 2810 1274 2831 ln
1293 2809 1359 2832 codd.
1379 2811 1395 2831 Α
1406 2810 1422 2831 F
1432 2810 1449 2831 G
1460 2810 1477 2831 ΙΙ
1487 2809 1529 2831 LN
1540 2810 1557 2831 T
1568 2810 1585 2832 U
1597 2809 1616 2831 V
1626 2816 1651 2831 aa
1670 2809 1734 2831 deest
1751 2809 1821 2839 quod.

1227 2848 1236 2863 ⁹
1255 2849 1296 2871 l‘ro
1314 2849 1357 2872 hee
1374 2850 1409 2872 est
1425 2849 1493 2871 codd.
1506 2850 1522 2871 Α
1533 2849 1548 2870 Ζ
1566 2850 1598 2877 et,
1618 2849 1653 2871 alii
1665 2848 1732 2871 codd.
1751 2852 1773 2871 et
1784 2849 1837 2871 edd.
1857 2851 1873 2877 l,
1888 2851 1900 2871 ‘2
1913 2849 1968 2878 hoc,
1983 2851 2011 2872 el.

1229 2888 1247 2902 ¹⁰
1264 2888 1324 2911 Libr.
1343 2889 1371 2911 X.
1384 2889 1413 2911 de
1425 2889 1479 2910 Gen.
1493 2888 1521 2910 ad
1540 2889 1569 2911 lit.
1587 2895 1606 2910 c.
1625 2889 1660 2910 20.
1674 2894 1695 2910 n.
1714 2887 1750 2910 35.
1769 2887 1813 2911 Ct‘r.
1827 2895 1896 2916 snpra
1915 2889 1937 2912 d.
1956 2889 1976 2911 3.
1989 2895 2012 2917 p.

1166 2929 1188 2950 ll.
1206 2935 1226 2950 a.
1245 2929 1265 2950 2.
1284 2935 1305 2957 q.
1324 2929 1348 2956 2,
1367 2929 1500 2956 pracsertim
1519 2928 1547 2950 ad
1566 2928 1594 2955 2,
1612 2930 1634 2949 ot
1652 2927 1673 2949 ll.
1687 2928 1747 2950 Sent.
1765 2928 1786 2950 d.
1806 2928 1837 2950 lS.
1856 2935 1875 2950 a.
1899 2929 1915 2951 l.
1934 2935 1956 2958 q.
1975 2929 1996 2951 2.

1226 2968 1243 2982 ¹¹
1263 2969 1311 2990 Vat.
1326 2974 1379 2997 per,
1399 2970 1421 2990 et
1437 2974 1490 2990 mox
1507 2967 1644 2995 perdat-eret
1661 2974 1703 2995 pro
1717 2967 1832 2997 perducit.

2032 1177 2061 1195 Ad
2081 1182 2139 1200 quae-

2022 1201 2139 1219 stionemin-

2021 1224 2058 1242 eid.
2087 1226 2138 1243 nota-

2022 1247 2065 1266 bilis
2078 1253 2127 1272 resp.
2152 1263 2153 1266 ,

2022 2270 2094 2288 Simile.

2153 1785 2166 1891 ἑ*

2025 1939 2138 1958 Notandum.
2153 1865 2166 1990 ¹⁴

2157 1981 2159 1989 ‹

2153 1991 2166 2016 Ji!
