2166 3366
221 200 279 228 902>

512 274 671 298 DISTINCTIO
694 274 771 296 XXIII.

219 371 303 393 Textus
320 371 418 398 Magistri
438 384 916 391 .............
947 374 1003 397 par-[J.
1022 367 1065 389 466

218 418 303 440 Divisio
325 420 398 439 textus
437 431 956 438 ..............
990 423 1000 435 ιι
1022 414 1066 437 469

296 464 417 486 Ariminus
436 463 448 485 I.
469 463 500 485 D&
516 462 561 492 fide
578 462 716 491 simpliciter
732 462 795 485 αἰσία
811 462 859 485 sive
874 461 987 491 formata.

218 510 312 538 Quarsr.
346 510 360 532 I.
379 510 458 531 Utrum
478 509 535 531 fides
551 510 579 531 sit
597 510 669 531 virtus
675 526 955 531 ........
990 517 1000 529 ιι
1022 508 1067 531 470

351 556 373 578 lI.
391 556 472 578 Utrum
489 555 547 578 fides
558 557 587 578 sit
603 556 624 577 in
643 559 707 583 parte
719 557 809 577 animae
826 556 956 584 cognitiva,

405 609 433 624 an
451 603 553 625 affectiva
557 619 955 624 ...........
990 611 1000 623 ιι
1022 602 1067 625 474

327 650 359 672 III.
377 650 457 672 Utrum
476 650 533 672 fides
550 650 578 672 sit
594 650 667 672 virtus
685 656 729 684 unu
753 666 955 672 ......
990 658 999 669 ιι
1022 649 1065 671 478

327 697 363 719 lV.
381 697 461 719 Utrum
480 696 537 719 fides
553 697 581 719 sit
599 697 682 719 certior
700 703 769 725 quam
788 698 881 719 scientia
910 714 915 718 .
950 714 954 718 .
989 705 999 716 ιι
1021 696 1066 718 480

327 743 354 765 V.
372 743 405 765 De
423 743 555 765 definitione
573 743 625 765 fidei
644 742 672 765 ab
690 743 799 771 Apostolo
816 744 931 771 assignat-u
951 761 955 764 .
989 751 998 762 ιι
1022 742 1066 764 483

442 791 564 812 ARTICULUS
582 790 604 812 11,
623 790 656 812 De
672 789 717 820 fide
735 789 839 819 informi.

216 837 311 865 QUAEST.
346 837 358 859 Ι.
377 837 457 859 Utrum
476 837 533 859 fides
551 837 654 859 informis
671 837 732 859 sitin
751 843 835 865 genere
852 838 955 864 virtutis,

404 890 432 906 an
452 890 495 906 non
515 901 955 906 ............
990 893 999 903 ιι
1022 883 1067 906 487

333 931 356 954 ll.
374 932 407 953 An
426 931 483 953 fides
501 932 604 953 int'ormis
621 932 648 953 sit
665 932 751 959 infusa,
769 937 797 953 an
816 932 925 959 aequisita
951 948 956 953 ,
991 940 1000 950 υ
1023 931 1067 953 490

325 979 356 1001 111.
374 979 456 1001 Utrum
473 979 530 1001 fides
548 979 652 1001 informis
669 980 697 1001 stt
713 979 735 1001 in
753 979 914 1001 daemonibus.
950 997 954 1000 .
990 988 999 998 ιι
1022 979 1066 1001 492

326 1025 361 1048 IV.
380 1025 461 1047 Utrum
480 1025 537 1048 fides
551 1026 655 1048 informis
672 1026 799 1054 expellatur
812 1032 853 1054 per
870 1026 957 1048 adven-

404 1075 453 1095 tum
476 1073 562 1100 gratiae
596 1089 956 1095 ..........
991 1082 1000 1093 ιι
1023 1073 1067 1095 494-

333 1119 360 1141 V.
379 1119 460 1141 Utrum
487 1120 544 1142 fides
571 1120 676 1142 informis
698 1120 737 1142 [iat
756 1120 865 1148 formata,
889 1120 957 1142 adve-

405 1167 480 1189 niente
498 1158 569 1195 gratia
595 1183 956 1189 ..........
991 1175 1001 1187 ιι
1023 1166 1067 1189 497

216 1212 287 1235 Dubia
305 1213 358 1235 l-VI.
377 1213 435 1235 circa
454 1213 551 1235 IItteram
570 1213 668 1241 Magistri
672 1230 954 1235 ........
990 1222 1000 1233 ιι
1022 1213 1062 1235 501

510 1299 670 1322 DISTINCTIO
687 1299 770 1321 XXIV.

216 1377 301 1400 Textus
318 1378 418 1406 Magistri
436 1395 956 1400 ..............
991 1387 1001 1398 ιι
1022 1378 1067 1400 506

215 1424 301 1447 Divisio
320 1427 393 1447 textus
400 1442 956 1448 ...............
992 1434 1001 1446 ιι
1023 1425 1068 1448 507

340 1472 464 1494 AnTmutus
481 1472 495 1494 t.
513 1471 546 1494 De
564 1471 650 1495 obiecto
667 1471 722 1502 fidat
734 1471 866 1495 secundum
883 1478 941 1494 rem.

216 1516 311 1544 QUAEST.
345 1517 359 1539 l.
376 1517 456 1539 Utrum
471 1517 523 1539 fidei
541 1517 656 1540 obiectum
669 1518 697 1540 sit
708 1518 736 1539 ita
751 1523 844 1546 verum,
857 1517 921 1546 quod
937 1518 958 1540 ei

404 1571 448 1587 non
468 1566 540 1592 possit
557 1565 654 1587 subesse
676 1565 757 1587 salsum
793 1582 956 1587 .....
991 1573 1001 1585 ιι
1022 1565 1067 1587 508

334 1612 356 1634 11.
377 1612 456 1634 Utrum
474 1612 531 1635 fides
548 1613 576 1634 sit
593 1613 654 1635 circa
666 1619 748 1635 verum
766 1616 869 1635 creatum
887 1616 909 1635 et
926 1613 958 1634 in-

405 1663 519 1687 creatum,
538 1666 565 1681 an
584 1660 642 1682 cirea
661 1660 787 1682 increatum
807 1662 894 1682 tantum
912 1662 958 1682 tan-

405 1713 475 1735 quam
493 1707 617 1729 obiectum'
629 1708 751 1735 proprium
754 1723 957 1729 ......
992 1715 1002 1727 ιι
1023 1706 1068 1729 512

330 1753 361 1775 Ill.
379 1753 460 1776 Utrum
478 1754 536 1776 fides
548 1755 576 1776 sit
592 1754 651 1776 cirea
670 1754 828 1782 complexum,
844 1748 878 1776 ‘an
897 1754 956 1776 circa

407 1801 577 1829 incomplexum
597 1817 957 1823 ..........
992 1809 1002 1821 ιι
1023 1800 1068 1823 514

305 1847 429 1870 Anricuws
446 1847 469 1869 11.
487 1847 520 1870 De
538 1846 624 1871 obiecto
640 1847 696 1877 fidei
711 1847 736 1870 1η
753 1847 931 1876 comparatione
948 1847 980 1870 ad

497 1896 606 1917 nostram
623 1893 787 1924 coemtionem.

217 1941 312 1969 Qusuzsr.
347 1942 361 1963 1.
379 1941 459 1963 Utrum
478 1941 535 1965 fides
556 1942 584 1963 sit
602 1941 630 1963 de
647 1942 694 1969 his,
712 1941 741 1963 de
759 1940 844 1969 quibus
861 1940 959 1963 habetur

408 1988 467 2010 visio
488 1987 603 2010 sensibilis
637 2004 958 2009 .........
993 1996 1003 2007 ιι
1023 1987 1069 2009 517

336 2035 358 2057 ll.
376 2035 457 2057 Utrum
475 2034 533 2057 fides
549 2035 577 2057 sit
594 2034 623 2057 de
641 2035 687 2063 liis,
712 2034 740 2056 de
757 2034 842 2063 quibus
860 2034 958 2057 habetur

407 2082 484 2109 opinio
502 2081 629 2109 probabilis
636 2097 958 2103 .........
993 2090 1002 2101 ιι
1024 2082 1069 2104 520

328 2127 360 2149 III.
378 2127 457 2149 Utrum
476 2127 533 2149 fides
550 2128 578 2149 sit
596 2127 624 2149 (le
642 2128 687 2155 his,
711 2127 739 2149 de
756 2127 842 2155 quibus
861 2127 959 2149 liabetur

407 2175 506 2202 cognitio
524 2174 646 2196 scientialis
675 2190 957 2196 ........
992 2182 1001 2194 ιι
1023 2173 1063 2195 521

265 2221 387 2243 AnTicuws
405 2221 436 2255 III.
456 2221 487 2243 De
504 2219 590 2243 obiecto
607 2219 662 2250 fidei
678 2219 758 2250 quoad
774 2219 877 2242 nominis
896 2219 1021 2243 rationem.

219 2268 313 2296 Quarsr.
332 2268 346 2290 l.
364 2268 395 2290 De
408 2268 539 2290 definitione
551 2268 648 2295 articuli,
662 2274 732 2296 quam
746 2268 809 2295 ponit
822 2267 957 2289 menardus.
992 2276 1001 2287 ιι
1023 2268 1068 2289 525

336 2315 359 2337 II.
377 2315 408 2337 De
426 2315 557 2337 definitione
575 2314 673 2342 articuli,
692 2320 762 2343 quam
774 2315 838 2342 ponit
850 2314 957 2336 Isidorus.
991 2323 1001 2334 ιι
1023 2314 1068 2336 527

218 2361 291 2384 Dubia
310 2362 363 2385 I-IV.
382 2363 441 2384 circa
459 2363 555 2384 litteram
580 2362 680 2389 Magistri
714 2378 956 2383 .......
993 2370 1002 2381 ιι
1024 2361 1068 2383 529

517 2447 676 2470 DISTINCTIO
694 2447 768 2469 XXV.

219 2528 305 2550 Textus
322 2528 421 2555 Magistri
441 2542 958 2549 ..............
993 2534 1002 2545 ιι
1024 2526 1064 2548 531

220 2575 305 2597 Divisio
324 2578 397 2597 textus
404 2589 958 2596 ...............
993 2581 1003 2592 ιι
1024 2573 1069 2595 533

423 2623 546 2643 Auricutus
564 2622 578 2643 I.
596 2621 629 2643 De
645 2620 700 2650 fidei
716 2619 864 2649 sufficientia.

220 2669 314 2697 Qusrsr.
348 2669 362 2691 I.
380 2669 460 2691 Utrum
470 2669 491 2690 in
504 2667 615 2696 Symbolo
625 2667 750 2695 apostolico
760 2667 899 2689 sufficienter
909 2672 960 2688 con-

410 2716 522 2738 tineantur
535 2715 611 2736 omnia
624 2714 670 2742 illa,
684 2720 744 2742 quae
756 2717 913 2741 opportunum
927 2715 961 2735 est

409 2761 503 2784 credere
521 2761 550 2783 ad
567 2761 664 2783 salutem
678 2776 959 2782 ........
994 2768 1003 2779 ιι
1025 2759 1069 2781 534

340 2809 362 2831 lI.
380 2809 460 2831 Utrum
474 2809 506 2830 eis
520 2809 558 2837 qui
572 2812 745 2835 praecesserunt
758 2807 884 2829 adventum
899 2806 959 2829 Chri-

412 2856 453 2883 sti,
471 2856 586 2877 suffecerit
603 2855 632 2877 ad
644 2855 740 2877 salutem
759 2854 853 2876 credere
870 2860 896 2876 ea
914 2856 960 2875 tan>

412 2904 471 2930 tum,
490 2908 549 2930 quae
567 2904 671 2929 spectant
687 2901 716 2923 ad
735 2901 880 2922 Divinitatem
915 2917 919 2922 .
954 2916 958 2921 .
994 2908 1003 2919 ιι
1025 2899 1069 2921 539

334 2948 365 2969 III.
383 2948 463 2970 Utrum
480 2954 560 2970 omnes
578 2951 696 2971 teneantur
714 2948 808 2970 credere
829 2953 909 2969 omnes
927 2953 959 2968 ar-

1042 2993 1052 3015 ,ᾖ

1056 2994 1068 3015 [Q

413 2995 491 3016 ticulos
509 2996 612 3023 explicite
629 2999 680 3023 post
697 2995 822 3017 adventum
838 2994 919 3017 Christi
954 3011 958 3015 .
993 3002 1002 3013 ιι
1024 2993 1044 3015 5

913 195 1015 223 INDEX
1037 194 1280 232 QUAESTIONUM.

1177 276 1299 295 Alimentus
1317 273 1338 295 Il.
1356 273 1390 296 De
1403 272 1513 302 prosectu
1529 272 1584 303 fidei
1604 272 1734 296 secundum
1752 272 1909 296 diversitatem

1476 313 1617 341 temporum.

1125 357 1219 385 Quasssr.
1254 357 1268 379 I.
1286 358 1366 380 Utrum
1390 358 1446 380 fides
1464 359 1562 380 creverit
1587 357 1664 386 quoad
1690 357 1861 380 credendorum

1314 405 1483 427 multitudinem
1502 422 1821 427 .........
1854 411 1908 434 paq,
1927 404 1971 427 545

1243 451 1265 473 II.
1284 451 1316 473 An
1335 451 1392 474 fides
1404 452 1526 479 profecerit
1537 452 1615 480 quoad
1631 452 1800 474 illuminationis
1818 452 1862 480 ple-

1314 498 1441 520 nitudinem
1464 515 1862 521 ...........
1897 507 1906 519 ιι
1927 498 1972 521 547

1235 545 1266 567 III.
1285 545 1365 567 Utrum
1385 545 1441 567 fides
1462 547 1560 567 creverit
1582 545 1660 574 quoad
1678 551 1784 568 assensus
1802 546 1864 567 certi-

1314 592 1417 614 tudinem
1425 601 1905 614 ..............
1928 591 1972 613 549

1126 638 1198 661 Dubia
1217 639 1269 661 1-1V.
1288 640 1347 661 circa
1364 639 1460 661 litteram
1479 639 1577 667 Magistri
1581 656 1862 661 ........
1897 648 1906 659 ιι
1928 638 1968 661 551

1419 725 1578 748 DISTINCTIO
1597 724 1684 748 XXVI.v

1125 805 1211 827 Textus
1229 805 1328 833 Magistri
1345 822 1863 828 ..............
1898 814 1908 825 ιι
1929 805 1973 828 553

1125 851 1211 873 Divisio
1229 854 1302 874 textus
1344 868 1863 874 ..............
1898 860 1907 871 ιι
1929 851 1974 873 554

1149 899 1270 920 AnTmtmus
1288 899 1302 920 I.
1321 899 1353 921 De
1370 904 1409 927 spe
1426 898 1557 921 secundum
1578 898 1791 921 considerationem
1808 897 1950 920 absolutam.

1125 947 1220 974 Quiiesr.
1253 946 1267 968 l.
1286 946 1366 968 Utrum
1384 952 1438 974 spes
1455 947 1483 968 sit
1500 947 1572 968 virtus
1590 947 1687 974 gratuita
1701 962 1864 967 .....
1898 954 1908 965 ιι
1929 944 1974 967 555

1243 993 1266 1015 11.
1285 993 1365 1015 Utrum
1384 999 1437 1021 spes
1459 994 1486 1015 sit
1504 999 1577 1021 genus
1599 993 1701 1020 virtutis⁷
1725 999 1752 1015 an
1776 993 1864 1020 speeies

1314 1041 1478 1068 specialissima
1503 1057 1864 1062 ..........
1898 1048 1908 1060 ιι
1929 1039 1974 1062 558

1235 1087 1266 1109 Ill.
1284 1088 1365 1110 Utrum
1382 1094 1435 1115 spes
1452 1088 1480 1109 sit
1496 1088 1569 1110 virtus
1587 1087 1719 1115 cardinalis,
1738 1093 1766 1109 an
1780 1087 1862 1109 theolo-

1314 1134 1366 1162 gica
1384 1150 1863 1156 .............
1899 1140 1910 1154 »
1929 1132 1973 1154 560

1220 1181 1255 1203 IV.
1274 1181 1355 1203 Utrum
1369 1181 1442 1203 virtus
1459 1182 1507 1208 spei
1520 1181 1645 1209 aliquando
1662 1181 1690 1203 sit
1702 1180 1817 1208 informis,
1836 1186 1864 1201 an

1314 1233 1407 1255 semper
1423 1228 1451 1250 sit
1469 1228 1564 1249 formata
1582 1243 1862 1249 ........
1898 1235 1907 1246 ιι
1929 1226 1974 1248 563

1243 1273 1270 1295 V.
1288 1273 1368 1295 Utrum
1386 1280 1439 1301 spes
1450 1275 1472 1296 in
1490 1280 1533 1296 suo
1545 1277 1596 1296 actu
1609 1275 1637 1296 sit
1649 1274 1822 1302 certitudinalis⁷
1836 1280 1864 1296 an

1321 1321 1391 1343 dubia
1426 1337 1865 1344 ............
1899 1329 1909 1341 ιι
1930 1320 1975 1343 565

1168 1370 1290 1391 Anrrcunus
1309 1369 1330 1390 Il.
1349 1368 1383 1391 De
1393 1375 1433 1398 spe
1445 1368 1577 1392 sectandum
1594 1368 1806 1392 considerationem
1824 1367 1933 1391 relatam.

1126 1416 1220 1444 QuAist.
1255 1416 1269 1438 I.
1288 1416 1369 1439 Utrum
1386 1417 1454 1438 timor
1471 1420 1493 1439 et
1504 1423 1557 1444 spes
1574 1417 1618 1439 sint
1635 1422 1695 1438 unus
1711 1418 1733 1438 et
1750 1415 1811 1438 idem
1829 1416 1866 1437 ha-

1899 1471 1909 1483 »
1930 1462 1974 1484 568

1240 1489 1242 1491 ,
1316 1463 1388 1493 bitus,
1410 1470 1439 1486 an
1458 1463 1542 1486 diversi
1545 1480 1866 1486 .........

1246 1510 1269 1533 II.
1286 1511 1368 1533 Utrum
1386 1517 1439 1538 spes
1456 1517 1482 1533 ex
1496 1510 1562 1533 bonis
1579 1511 1665 1533 meritis
1678 1510 1761 1532 habeat
1777 1512 1865 1532 ortum.
1899 1518 1909 1530 ιι
1927 1509 1970 1531 vv571

1238 1558 1269 1580 III.
1288 1558 1369 1580 Utrum
1381 1564 1435 1586 spes
1448 1557 1570 1585 praecedat
1582 1557 1699 1579 caritatem
1712 1556 1792 1581 ordine
1805 1559 1866 1579 natu-

1316 1612 1366 1633 rae,
1384 1611 1413 1628 an
1430 1612 1443 1627 e
1460 1611 1574 1627 converso
1583 1621 1865 1627 ........
1899 1612 1909 1623 ιι
1931 1603 1976 1625 573

1235 1653 1273 1675 IV.
1291 1653 1372 1675 Utrum
1390 1659 1443 1680 spes
1459 1653 1487 1675 sit
1504 1653 1526 1674 in
1538 1651 1627 1674 bonum
1644 1651 1787 1674 sublatione
1805 1651 1865 1673 boni.
1900 1659 1910 1671 ιι
1931 1650 1976 1672 575

1246 1700 1272 1722 V.
1292 1700 1371 1722 Utrum
1389 1706 1443 1727 spes
1460 1700 1488 1721 sit
1504 1700 1526 1720 in
1544 1700 1608 1726 parte
1631 1699 1721 1720 animae
1738 1698 1865 1726 cognitiva,

1317 1752 1344 1768 an
1367 1746 1472 1768 affectiva
1505 1761 1865 1771 ...........
1900 1752 1910 1763 ιι
1931 1743 1975 1765 578

1126 1792 1201 1816 Dubia
1219 1793 1271 1815 I-Vt.
1289 1793 1349 1815 eirca
1366 1793 1463 1815 litteram
1482 1792 1581 1820 Magistri
1584 1808 1865 1813 ........
1899 1799 1909 1811 ιι
1931 1790 1976 1812 582

1417 1878 1576 1901 DISTINCTIO
1594 1878 1686 1901 XXVII.

1127 1958 1213 1980 Textus
1230 1959 1330 1986 Magistri
1343 1975 1547 1980 ......
1577 1951 1579 1955 ’
1582 1974 1864 1979 ........
1900 1966 1910 1978 ιι
1931 1957 1975 1979 586

1127 2006 1213 2028 Divisio
1232 2008 1305 2028 textus
1344 2022 1866 2028 ..............
1900 2013 1910 2025 ι
1931 2005 1975 2027 588

1200 2056 1323 2076 Auricuws
1340 2054 1353 2075 I.
1372 2053 1405 2075 De
1422 2059 1473 2082 zpsa
1490 2052 1589 2076 caritate
1607 2053 1724 2082 quantum
1740 2051 1772 2075 [td
1788 2051 1903 2075 habitum.

1128 2101 1222 2129 Quiisssr.
1256 2100 1270 2121 I.
1291 2100 1370 2122 Utrum
1388 2100 1469 2122 caritas
1486 2100 1513 2121 sit
1525 2099 1616 2122 habitus
1637 2098 1666 2121 ab
1679 2099 1728 2121 aliis
1744 2098 1867 2121 virtutibus

1316 2146 1436 2168 distinctus
1464 2163 1865 2168 ...........
1900 2154 1910 2165 ιι
1932 2145 1976 2167 589

1245 2193 1268 2215 Il.
1289 2193 1367 2215 Utrum
1390 2192 1482 2215 habitus
1499 2194 1597 2215 caritatis
1615 2194 1643 2215 sit
1659 2199 1719 2215 unus
1741 2192 1867 2220 indivisus,

1316 2246 1343 2262 an
1362 2246 1403 2267 per
1420 2240 1509 2267 species
1527 2239 1690 2267 multiplicatus
1702 2256 1866 2261 .....
1900 2247 1910 2258 ιι
1932 2238 1976 2260 593

1237 2287 1270 2309 Ill.
1288 2287 1369 2309 Utrum
1386 2286 1478 2309 habitus
1495 2287 1594 2308 caritatis
1611 2287 1637 2308 sit
1657 2292 1719 2307 mere
1737 2286 1850 2313 gratuitus
1861 2303 1866 2313 ,
1924 2272 1934 2275 χ

1316 2340 1344 2356 an
1362 2333 1448 2362 aliquid
1465 2333 1534 2355 addat
1551 2333 1607 2355 ultra
1626 2332 1735 2360 gratiam,
1753 2333 1812 2354 sicut
1829 2333 1866 2354 lia-

1316 2381 1378 2403 bitus
1395 2381 1491 2403 aliarum
1509 2381 1620 2402 virtutum
1623 2395 1866 2401 .......
1901 2387 1910 2399 ιι
1932 2379 1977 2401 596

1238 2429 1274 2451 IV.
1291 2428 1372 2450 Utrum
1385 2427 1477 2450 habitus
1489 2427 1587 2449 caritatis
1604 2427 1676 2454 possit
1688 2432 1739 2448 esse
1751 2426 1865 2453 informis,

1902 2480 1911 2492 ιι
1932 2472 1977 2494 599

1176 2525 1299 2546 ARTieuLus
1315 2523 1339 2544 II.
1357 2522 1389 2545 De
1407 2521 1505 2545 caritate
1523 2522 1640 2550 quantam
1651 2521 1683 2543 ad
1695 2522 1774 2544 actum
1787 2522 1809 2543 et
1825 2520 1929 2543 modum.

1318 2481 1345 2497 an
1364 2480 1456 2502 semper
1473 2475 1501 2496 sit
1518 2474 1630 2496 formatus

1129 2571 1223 2599 Quiffls'r.
1257 2570 1271 2591 1.
1290 2569 1371 2591 Utrum
1389 2570 1465 2590 motus
1482 2568 1581 2590 carnatis
1593 2573 1634 2595 per
1651 2568 1716 2595 prius
1734 2568 1761 2589 sit
1779 2567 1868 2588 merito-

1317 2617 1366 2638 rius
1383 2621 1453 2644 quam
1471 2618 1536 2637 actus
1552 2615 1648 2636 aliarum
1666 2614 1786 2636 virtutum.
1822 2631 1826 2635 .
1861 2630 1866 2635 .
1901 2622 1910 2633 ιι
1932 2613 1977 2635 602

1248 2664 1271 2685 11.
1289 2663 1369 2686 Utrum
1392 2661 1501 2690 possiIJile
1522 2663 1563 2689 sit,
1587 2663 1676 2683 motum
1698 2661 1796 2683 caritatis
1818 2667 1868 2682 esse

1318 2710 1487 2732 mercenarium
1505 2724 1867 2730 ..........
1902 2716 1911 2727 ιι
1933 2707 1978 2729 605

1241 2758 1273 2780 III.
1292 2757 1371 2779 Utrum
1388 2756 1451 2778 idem
1468 2759 1545 2778 motus
1557 2755 1683 2777 dilectionis
1694 2755 1767 2782 possit
1778 2760 1829 2776 esse
1846 2754 1867 2775 in

1318 2804 1392 2826 Deum
1409 2805 1430 2825 et
1447 2804 1468 2824 in
1487 2803 1618 2831 proximum
1622 2818 1867 2824 .......
1902 2809 1911 2820 ιι
1933 2800 1977 2821 607

1238 2852 1276 2873 IV.
1294 2851 1350 2879 Quis
1372 2850 1470 2872 duorum
1494 2852 1600 2871 motuum
1626 2849 1724 2870 caritatis
1746 2847 1868 2875 praecedat

1318 2897 1415 2919 alterum
1434 2911 1756 2918 .........
1901 2901 1910 2912 ιι
1932 2893 1976 2915 609

1247 2945 1274 2967 V.
1294 2944 1374 2966 Utrum
1387 2947 1451 2966 aetus
1463 2943 1589 2965 dilectionis
1606 2943 1627 2964 in
1641 2942 1712 2963 Deum
1727 2940 1809 2963 habeat
1821 2946 1867 2961 mo-

1318 2991 1374 3013 dum
1403 3004 1866 3012 .............
1901 2995 1911 3007 ιι
1932 2987 1972 3008 611
