2166 3366
76 1045 133 1069 Resp.

11 1349 134 1368 lentii-matur.

13 1435 133 1459 Augustinus.

15 1564 95 1583 Dubium
112 1565 128 1583 t.

9 2294 125 2313 Ambrosius.

906 186 1092 215 DlSTlNCTlO
1114 187 1154 215 xi.

156 264 202 289 tur
235 261 306 290 Fz'lt'z'
336 262 500 299 paternitate
528 262 661 291 aeternali
687 266 714 291 et
736 263 893 299 personaH,
923 267 1000 300 pater

156 316 222 337 vero
245 312 340 336 noster
361 316 397 337 ex
419 312 545 346 tempore
566 313 593 338 et
614 309 806 338 essentialiter.
830 310 860 337 Et
875 310 946 338 sicut
961 318 1001 338 es-

155 355 243 384 sentia
263 363 317 383 non
339 355 415 392 ponit
436 356 462 384 in
485 364 635 384 numerum
658 363 722 384 curn
744 363 878 392 persona,
894 360 925 384 ut
945 356 1000 384 sint

153 410 199 430 res
220 402 311 436 duae;
333 403 372 431 sie
393 410 443 431 nec
464 411 521 431 una
540 403 692 439 paternitas
713 410 777 431 cum
799 403 869 437 alia,
888 406 920 431 ut
944 403 999 432 sint

153 448 226 477 duae
247 449 436 486 paternitates.

1846 193 1898 221 241

1138 265 1167 293 Et
1188 265 1226 294 sic
1248 269 1342 303 patent
1365 267 1485 296 rationes
1507 270 1533 296 et
1555 268 1722 297 abiectiones
1743 269 1777 297 ad
1800 272 1903 298 utram-

1056 320 1110 348 que
1132 316 1248 349 partem.
1270 313 1327 341 Non
1350 314 1423 342 enim
1447 315 1521 344 valet
1535 315 1582 343 illa
1596 316 1713 344 obiectio
1734 316 1769 345 de
1790 317 1901 345 homine

1056 358 1128 394 picto
1150 362 1176 387 et
1199 367 1283 393 vero;
1305 368 1368 388 nam
1391 361 1474 389 homo
1495 362 1586 398 pictus
1607 362 1675 390 nihil
1699 363 1782 391 hahet
1803 363 1837 392 de
1860 371 1903 392 ve-

1056 405 1136 433 ritate
1159 405 1293 441 hominis,
1316 407 1390 435 filius
1411 411 1505 436 autem
1527 409 1675 445 adoptivus
1696 409 1801 446 aliquid
1818 410 1901 439 hahet

1055 450 1089 478 de
1111 452 1226 481 veritate
1248 453 1310 487 filii,
1332 455 1460 490 quamvis
1483 463 1534 483 non
1558 456 1593 484 sit
1614 456 1688 484 filius
1710 457 1846 485 naturalis
1858 457 1874 484 ¹.

832 612 1123 649 DISTINCTIO
1149 613 1218 649 XI.

524 779 585 807 Car.
604 780 621 806 1.

257 867 353 894 Utrum
374 866 497 893 Christus
520 866 555 893 sic
574 869 715 897 creatura,
734 866 778 892 vel
794 866 888 900 factus.

219 953 289 980 Solet
308 953 388 979 etiam
409 953 517 987 quaeri,
539 955 627 979 utrum
647 952 745 978 debeat
763 952 922 986 simpliciter
941 951 995 978 dici

148 999 228 1031 atque
247 996 372 1027 concedi,
392 996 527 1022 Christum
544 1003 602 1022 esse
614 996 731 1030 factum,
747 995 788 1022 vel
802 999 938 1025 creatum,
953 995 995 1021 vel

147 1043 299 1066 creaturam
312 1039 329 1065 ¹.
348 1053 384 1058 —
403 1039 441 1065 Ad
463 1039 535 1073 quod
555 1039 607 1064 dici
628 1042 728 1072 potest,
756 1039 808 1065 hoc
836 1038 995 1072 simpliciter

146 1086 171 1109 et
191 1082 294 1116 absque
319 1082 540 1108 determinatione
567 1082 654 1108 minus
673 1085 853 1114 congruenter
872 1082 943 1112 dici:
969 1085 995 1108 et

144 1126 166 1152 si
186 1125 348 1160 quandoque
370 1125 508 1151 brevitatis
528 1132 608 1151 causa
632 1125 790 1159 simpliciter
809 1125 994 1157 denuntietur,

145 1175 281 1203 nunquam
310 1172 397 1195 tamen
423 1168 582 1202 simpliciter
611 1167 691 1194 debet
711 1167 838 1201 intelligi;
859 1168 940 1202 quia,
966 1171 995 1194 ut

147 1212 309 1245 Augustinus
329 1212 354 1238 in
374 1211 461 1246 primo
481 1211 550 1237 lihro
569 1211 602 1237 de
622 1211 771 1237 Trinitate²
791 1211 841 1243 ait,
859 1222 870 1234 «ι
885 1218 945 1237 cum
960 1210 993 1237 de

144 1254 249 1281 Christo
272 1255 421 1289 loquimur,
449 1253 533 1289 quid,
560 1253 708 1280 secundum
737 1253 806 1289 quid
834 1257 860 1280 ct
882 1257 994 1288 propter

144 1297 212 1333 qaid
229 1298 350 1329 dicatur,
364 1297 483 1331 prudens
502 1300 527 1323 et
546 1297 658 1330 diligens
677 1304 709 1323 ac
728 1298 789 1331 pius
803 1297 888 1323 lector
901 1296 994 1323 intelli-

144 1347 207 1373 gere
226 1340 305 1367 dehet
318 1352 388 1366 n.—-
401 1340 449 1371 Qui
469 1339 603 1367 Christum
625 1340 665 1366 vel
686 1340 733 1366 Dei
753 1340 848 1366 Filium
869 1347 920 1366 non
935 1348 993 1367 esse

143 1384 261 1418 factum,
282 1383 323 1410 vel
342 1387 512 1414 creaturam,
533 1384 558 1409 in
587 1383 655 1410 libro
685 1384 772 1418 primo
802 1383 835 1410 de
864 1384 992 1410 Trinitate

144 1426 260 1453 ostendit
280 1427 315 1453 ita
336 1427 475 1461 inquiens:
502 1438 511 1449 «ι
525 1427 558 1453 In
573 1426 714 1461 principio
734 1430 791 1453 erat
815 1425 929 1453 Verbum
939 1437 951 1458 ,·
970 1431 993 1452 ec

148 1468 263 1496 Verbum
284 1478 346 1497 caro
364 1470 464 1504 factum
484 1473 540 1501 est,·
568 1473 592 1495 et
616 1468 709 1496 omnia
734 1477 785 1504 per
813 1469 903 1504 ipsam
921 1469 992 1505 sacca.

143 1516 213 1539 sunl.
234 1512 327 1546 Neque
347 1512 412 1538 dicit
431 1511 540 1542 omniu,
561 1511 611 1538 nisi
631 1519 701 1546 quae
722 1512 789 1538 sacta
809 1516 885 1543 sunt,
906 1513 931 1538 id
952 1516 991 1538 est

143 1562 249 1582 omnem
268 1558 428 1581 creaturam.
443 1555 517 1581 Unde
532 1554 634 1589 liquido
649 1558 775 1589 apparet,
791 1556 877 1589 ipsum
889 1556 990 1591 factum

143 1605 195 1624 non
215 1605 287 1629 esse,
307 1605 356 1632 per
374 1605 455 1632 quem
474 1598 543 1625 facta
563 1601 624 1624 sunt
644 1599 749 1630 omnia3
765 1602 790 1625 et
803 1599 824 1624 si
837 1598 923 1633 foelus
938 1606 988 1625 non

143 1644 196 1673 est,
216 1645 340 1667 ereatura
361 1648 411 1667 non
431 1645 477 1667 est.
499 1641 524 1667 Si
545 1644 632 1667 antem
647 1645 771 1668 ereatura
786 1649 836 1668 non
851 1645 906 1673 est,
923 1642 991 1668 eius-

142 1684 203 1711 dem
223 1692 285 1711 cum
305 1684 381 1711 Patre
400 1684 565 1711 substantiae
579 1687 625 1710 est.
640 1683 730 1711 Omnis
744 1685 813 1711 enim
828 1685 989 1717 substantia,

141 1734 211 1761 quae
231 1727 301 1754 Deus
321 1735 372 1754 non
393 1731 446 1759 est,
467 1730 591 1754 creatura
610 1730 663 1759 est;
678 1731 703 1754 et
716 1735 785 1762 quae
799 1731 921 1754 creatura
937 1736 987 1754 non

141 1773 195 1803 est,
215 1771 286 1797 Deus
305 1773 352 1797 cst.
372 1769 422 1796 Sed
443 1770 465 1796 si
485 1770 567 1796 Filius
596 1778 647 1796 non
677 1770 797 1797 ciusdem
822 1770 988 1797 substantiae

140 1816 194 1846 est,
213 1813 292 1840 euius
311 1812 422 1845 Pater⁸‚
442 1820 505 1846 ergo
523 1813 595 1847 facta
614 1813 763 1840 substantia
783 1817 839 1843 est:
860 1817 886 1840 et
910 1814 930 1840 si
950 1814 989 1848 fa-

139 1860 180 1883 cea
199 1856 348 1883 substantia
368 1860 421 1888 est,
441 1864 492 1882 non
513 1856 602 1883 onmia
623 1864 671 1891 per
698 1857 785 1891 ipsum
814 1857 882 1883 sacta
908 1860 985 1890 sunt;

140 1902 167 1926 at
185 1899 274 1927 onmia
293 1907 341 1934 per
360 1899 448 1934 ipsum
468 1899 537 1926 facta
557 1903 635 1926 sunt:
656 1900 724 1926 saeta
744 1900 824 1933 igitur
837 1900 986 1928 substantia

139 1950 191 1969 non
209 1946 262 1973 cst,
281 1943 328 1969 sed
357 1950 408 1969 una
440 1950 501 1969 cum
526 1942 603 1969 Patre
625 1943 718 1969 insecta
739 1943 887 1969 substantia
908 1946 985 1969 estu.

138 1985 204 2012 Item
218 1985 244 2012 in
258 1985 352 2012 eodem
363 1985 390 2011 ⁴:
410 1996 420 2008 α
434 1985 460 2012 Si
476 1985 516 2012 vel
531 1985 626 2011 Filium
641 1985 703 2012 tecit
722 1986 812 2017 Pater,
833 1993 912 2020 quem
933 1994 984 2013 non

139 2028 201 2055 fecit
220 2028 277 2063 ipse
296 2028 393 2060 Filius,
413 2036 464 2054 non
485 2029 573 2055 omnia
593 2036 642 2063 per
663 2028 758 2055 Filium
779 2029 847 2056 tacta
866 2032 941 2061 sunt;
959 2033 986 2057 at

139 2071 227 2098 omnia
247 2078 296 2106 per
315 2071 411 2098 Filium
426 2071 494 2098 facta
508 2074 586 2098 sunt:
601 2072 657 2106 ipse
674 2072 754 2105 igitur
768 2072 852 2099 sactus
867 2080 917 2099 non
932 2076 985 2105 est,

139 2117 168 2141 ut
186 2122 248 2141 cuin
269 2114 345 2141 Patre
365 2115 465 2141 faceret
483 2115 571 2141 omnia
591 2122 660 2149 quae
678 2115 747 2142 facta
760 2118 820 2142 sunt
835 2126 858 2141 υ.
873 2115 944 2142 Idem
960 2116 984 2142 in

138 2157 207 2184 libro
231 2158 370 2191 Octoginta
399 2158 478 2184 trium
506 2157 734 2189 Quaestionum⁶:
758 2169 769 2181 α
786 2158 888 2185 Dicitur
913 2166 985 2186 crea-

138 2203 198 2227 tura
217 2200 348 2234 quidquid
379 2200 439 2227 fecit
468 2201 546 2227 Pater
572 2201 642 2227 Deus
658 2208 710 2235 rper
730 2201 840 2232 Filium,
860 2201 906 2236 qui
933 2209 983 2228 non

138 2246 226 2277 potest
244 2243 374 2277 appellari
404 2247 544 2274 creatura,
573 2244 700 2278 quoniam
730 2251 778 2278 per
802 2245 889 2278 ipsum
915 2245 984 2272 sacta

139 2289 201 2313 sunt
219 2286 307 2312 omnia
322 2297 346 2314 ι.
365 2286 523 2312 Ambrosius
543 2287 567 2312 in
588 2286 675 2320 primo
689 2286 757 2313 libro
771 2287 804 2313 de
818 2287 946 2315 Trinitate
957 2288 983 2314 ⁸:

143 2328 327 2360 «Pi-obemns‚
351 2329 449 2363 inquit,
477 2333 629 2355 creaturam
658 2337 710 2356 uon
734 2337 792 2356 esse
812 2330 858 2356 Dei
878 2330 983 2357 Filium.

137 2372 296 2398 Audivimus
316 2372 385 2398 enim
407 2372 431 2398 in
452 2372 611 2405 Evangelio,
631 2372 772 2399 Dominum
793 2373 934 2400 mandasse
947 2374 984 2400 di-

136 2414 264 2449 scipulis:
292 2414 448 2441 Praedicare
472 2415 654 2450 Evanyelz'um
673 2414 816 2442 universae
835 2420 981 2443 creaturae.

198 2627 205 2641 ¹
223 2626 269 2649 Ct'r.
286 2627 314 2649 de
332 2629 375 2649 hoc
387 2627 460 2649 dubio
472 2628 532 2650 Alex.
546 2628 601 2656 nat,
613 2628 635 2650 S.
653 2635 675 2656 p.
693 2628 725 2650 lll.
743 2635 765 2657 q.
782 2629 816 2650 10.
835 2635 865 2651 m.
883 2630 905 2651 6.
923 2636 942 2651 a.
960 2630 981 2656 l;

135 2666 159 2688 B.
177 2666 269 2693 Albert.y
287 2667 330 2688 hic.
348 2673 368 2688 a.
390 2667 424 2688 16,

307 2726 402 2750 NOTAE
418 2726 455 2750 AD
472 2726 548 2750 mna.
567 2706 805 2750 suurnu'rlaltmu.

198 2781 204 2796 ¹
224 2781 280 2803 Edd.
302 2782 322 2809 1,
341 2782 353 2803 8
366 2782 472 2804 omittunt
483 2783 627 2804 creaturum.
646 2782 714 2804 Paulo
725 2783 833 2810 superius
845 2785 897 2810 post
914 2782 979 2805 Chri-

134 2821 197 2843 stum
215 2820 281 2842 codd.
301 2822 316 2842 A
327 2820 368 2842 BC
379 2820 396 2842 D
413 2821 519 2843 omittunt
530 2826 585 2843 esse.
599 2821 654 2842 {ntra
674 2823 724 2848 post
741 2820 787 2843 dici
796 2822 870 2850 potest
886 2821 939 2844 edd.
957 2822 978 2850 1,

135 2860 148 2881 8
166 2859 254 2882 addunt
270 2859 333 2889 quod
348 2862 370 2881 ct
387 2859 470 2882 deinde
487 2863 575 2887 ponunt
591 2859 678 2883 dicitur
695 2866 736 2887 pro
753 2859 805 2883 dici.

197 2898 206 2912 ἵ
223 2897 278 2926 Cap.
299 2898 333 2920 ¹3.
352 2904 372 2920 n.
391 2899 431 2925 28;
444 2905 492 2927 seq.
510 2899 573 2920 loeus
590 2902 623 2921 cst
640 2905 659 2920 (¹.
678 2899 699 2921 6,
717 2905 738 2921 n.
757 2900 782 2927 9,
801 2899 840 2921 ubl
858 2900 978 2927 respicitur

135 2936 194 2958 toan.
215 2937 233 2964 1,
254 2937 272 2959 t.
292 2936 327 2959 tt.

196 2975 205 2990 ³
223 2976 279 2998 Edd.
300 2977 306 2998 1
321 2994 326 3004 ,
344 2977 357 2996 8
375 2982 430 3000 cum
447 2976 518 2999 Patre
535 2983 577 3004 pro
594 2976 662 2999 cuins
680 2977 757 2999 Pater.

259 3026 283 3050 S.
301 3027 390 3050 Bomw.
408 3040 438 3043 —
456 3027 522 3049 Toni.
541 3028 574 3050 ΙΙΙ.

1053 778 1101 810 Qui
1122 779 1278 807 universam
1298 786 1449 810 creaturam
1470 784 1536 810 dicit
1553 785 1662 811 nullam
1686 786 1793 820 excipit.
1810 787 1841 813 Et
1855 787 1899 813 ubi

1053 826 1115 849 sunt
1134 824 1179 858 qui
1200 829 1353 851 ereaturam
1372 826 1507 853 Christum
1527 828 1684 862 appellant?
1703 829 1769 856 Nam
1790 830 1811 856 si
1832 838 1901 856 crea-

1055 870 1116 892 tura
1136 871 1219 899 esset,
1239 868 1289 894 sibi
1311 869 1449 896 mandaret
1469 870 1642 903 Evangelium
1664 872 1855 905 praedicari»,
1876 876 1901 899 et

1052 908 1184 937 subiectus
1204 915 1269 937 esset
1286 911 1417 943 vanitati,
1437 914 1499 947 qnia
1521 917 1632 940 testante
1647 915 1790 949 Apostolo:
1807 915 1900 942 Omnis

1052 957 1175 979 ονεαιιινα
1194 953 1312 980 vanitati
1329 954 1446 981 subiecta
1465 960 1508 982 esl.
1523 956 1580 982 Non
1596 957 1675 991 igitur
1688 958 1809 984 Christus
1828 966 1899 985 crea-

1053 998 1111 1022 tura
1131 999 1184 1029 est,
1204 997 1250 1023 sed
1270 996 1392 1031 Creator,
1407 999 1452 1033 qni
1467 999 1605 1026 docendae
1624 1004 1764 1027 creaturae
1784 1001 1900 1035 discipu·

1052 1038 1084 1065 lis
1104 1039 1212 1066 mandat
1231 1040 1357 1068 officium.

1419 1128 1480 1154 Car.
1500 1129 1529 1154 ll.

1268 1214 1305 1239 De
1322 1213 1439 1249 perfidia
1458 1219 1481 1241 ec
1499 1223 1586 1249 poena
1605 1215 1678 1242 Arii.

1124 1299 1176 1325 Arii
1197 1298 1264 1325 haec
1283 1299 1365 1326 tuisse
1384 1300 1496 1334 pertidia
1511 1300 1621 1334 legitur,
1637 1304 1665 1328 ut
1677 1301 1811 1328 Christum
1827 1310 1897 1329 crea-

1052 1343 1137 1367 turam
1158 1342 1285 1368 fateretur
1297 1342 1313 1368 ⁷.
1340 1343 1401 1369 Ideo
1421 1343 1503 1370 effusa
1523 1347 1584 1370 sunt
1603 1344 1657 1370 Arii
1679 1345 1796 1377 viscera,
1816 1349 1896 1380 atquc

1050 1384 1153 1417 crepuit
1175 1385 1292 1416 medius,
1314 1389 1462 1419 prostratus
1484 1386 1508 1412 in
1529 1387 1638 1419 faciem,
1659 1395 1690 1414 ea
1714 1388 1812 1422 quihus
1826 1388 1896 1415 Chri-

1050 1429 1118 1452 stum
1140 1430 1282 1460 negaverat
1303 1428 1379 1455 foeda
1399 1436 1445 1455 ora
1466 1429 1592 1463 pollutus.
1618 1430 1664 1456 His
1683 1430 1796 1464 aliisque
1816 1431 1897 1465 pluri-

1051 1468 1100 1495 bus
1125 1470 1282 1496 testimoniis
1305 1471 1474 1503 instruimur,
1494 1479 1545 1498 non
1565 1472 1664 1499 dehere
1693 1473 1768 1499 t'ateri
1794 1473 1897 1507 simpli-

1049 1512 1128 1545 citer,
1141 1512 1275 1540 Christum
1290 1521 1348 1540 esse
1366 1514 1484 1549 lacteam,
1500 1515 1539 1540 vel
1554 1519 1731 1547 01·ealm·um;
1744 1516 1789 1542 sed
1805 1516 1894 1542 addita

1049 1554 1285 1589 determinatione,
1305 1560 1377 1583 recte
1396 1557 1449 1583 ttici
1470 1561 1571 1592 potest.
1592 1561 1620 1584 ut
1640 1559 1660 1584 si
1687 1559 1792 1585 dicatur
1810 1560 1895 1593 sicclus

1047 1597 1194 1624 secundum
1214 1607 1323 1625 carnem
1334 1621 1341 1630 ,
1360 1600 1400 1625 vel
1416 1600 1564 1627 secundum
1578 1600 1732 1632 hominem,
1747 1605 1775 1628 ut
1788 1602 1894 1637 [ασιιινα

1049 1640 1221 1673 humanitati,
1250 1650 1301 1668 non
1322 1643 1375 1669 Deo
1396 1643 1564 1670 attribuatur.
1585 1644 1618 1670 Ut
1638 1645 1707 1670 enim
1728 1645 1765 1670 ait
1784 1645 1893 1671 Ambro-

1047 1684 1103 1711 sius
1123 1685 1148 1711 in
1171 1685 1240 1711 libro
1268 1686 1356 1719 primo
1376 1686 1409 1713 de
1428 1687 1592 1713 Trinitate⁸:
1619 1698 1629 1710 α
1643 1688 1701 1714 Non
1722 1688 1791 1714 Dens
1809 1688 1894 1723 factus

1047 1731 1099 1759 est,
1119 1728 1165 1754 sed
1187 1728 1257 1755 Deus
1276 1729 1322 1755 Dei
1344 1729 1426 1756 Filius
1446 1733 1525 1756 natus
1545 1733 1601 1761 est;
1622 1734 1714 1765 postea
1730 1738 1791 1757 vero
1803 1738 1895 1757 secun-

1046 1770 1110 1796 dun]
1139 1777 1246 1797 carnem
1277 1771 1357 1797 homo
1385 1772 1470 1806 [hctus
1490 1780 1522 1798 ex
1541 1773 1624 1799 Maria
1653 1776 1700 1799 est.
1726 1772 1801 1800 Misit
1820 1773 1893 1799 enim

1045 1814 1115 1840 Deus
1130 1813 1234 1841 Filium
1246 1822 1327 1841 suum
1339 1815 1440 1850 factu-m
1452 1824 1484 1841 ex
1494 1815 1620 1846 mzdierc,
1632 1816 1733 1850 factum
1745 1815 1794 1843 sab
1807 1817 1890 1851 Leye;

1046 1856 1157 1888 Filium,
1178 1857 1277 1891 inquit,
1301 1865 1399 1888 suum,
1427 1858 1530 1885 scilicet
1559 1866 1610 1885 non
1637 1866 1718 1885 unum
1740 1859 1773 1886 de
1792 1860 1891 1886 multis.

1046 1899 1109 1926 Cum
1129 1900 1195 1926 dicit
1213 1908 1310 1931 suum,
1339 1902 1518 1935 generationis
1546 1905 1671 1929 aeternae
1700 1903 1890 1937 proprietatem

1044 1943 1212 1977 significavit.
1239 1944 1333 1971 Postea
1352 1944 1453 1979 sizonem
1472 1953 1505 1971 ex
1524 1944 1639 1972 muliere
1659 1946 1790 1978 asseruit,
1811 1950 1839 1973 ut
1859 1946 1892 1973 fa—

1044 1989 1120 2013 ctura
1140 1994 1192 2013 non
1213 1987 1362 2018 Divinitati‚
1383 1987 1430 2014 sed
1453 1988 1611 2014 assumtioni
1635 1989 1756 2022 corporis
1776 1989 1892 2016 ascribe-

1044 2033 1124 2056 retur.
1145 2030 1258 2056 Factwn
1277 2029 1362 2065 iyz'cur
1381 2038 1414 2056 ea:
1436 2030 1552 2057 omclc‘ere
1579 2030 1645 2057 dicit
1673 2034 1783 2065 propter
1801 2032 1891 2058 carnis

1042 2072 1256 2106 susceptionem,
1275 2071 1324 2099 sub
1344 2073 1410 2107 Leqe
1428 2076 1540 2107 propter
1559 2073 1757 2100 observantiam
1772 2074 1849 2107 Legis
1865 2085 1888 2100 ».

1047 2126 1059 2138 α
1072 2115 1214 2142 Gener-atio
1237 2116 1401 2149 generationi
1421 2123 1472 2142 non
1493 2116 1676 2150 praeiudicat,
1697 2124 1745 2143 nec
1765 2124 1828 2144 caro
1854 2118 1890 2144 di-

1043 2159 1183 2186 vinitatiu.
1208 2160 1304 2186 «Deus
1332 2159 1402 2186 enim
1432 2162 1556 2186 aeternus
1584 2160 1775 2186 incarnationis
1803 2168 1890 2187 sacra-

1042 2205 1160 2228 mentum
1179 2203 1312 2236 suscepit,
1330 2210 1381 2228 non
1396 2202 1537 2234 dividuus,
1551 2202 1598 2229 sed
1613 2210 1681 2229 tinus
1695 2206 1720 2228 et
1734 2203 1759 2229 in
1775 2206 1888 2237 utroque

1042 2252 1124 2278 unus,
1143 2245 1247 2271 scilicet
1268 2245 1409 2271 Divinitate
1429 2249 1455 2271 et
1474 2252 1596 2279 corpore.
1616 2244 1674 2271 Non
1689 2245 1759 2271 enim
1773 2245 1842 2272 alter
1855 2253 1888 2273 ex

1041 2288 1132 2320 Patre,
1151 2287 1219 2314 aller
1239 2295 1271 2314 ex
1292 2288 1415 2322 Virgine,
1434 2287 1481 2314 sed
1502 2287 1572 2314 idem
1592 2287 1672 2314 aliter
1691 2295 1724 2314 ex
1740 2288 1826 2321 Patre,
1840 2287 1888 2314 αίί-

1040 2334 1079 2356 ter
1106 2338 1139 2357 ex
1163 2330 1309 2364 Virgine»,
1335 2331 1405 2364 «qui
1426 2331 1511 2357 factus
1539 2334 1578 2357 est
1603 2331 1752 2357 secundum
1780 2334 1887 2358 nostrae

1040 2374 1237 2408 susceptionem
1252 2376 1374 2405 naturae,
1388 2381 1438 2399 non
1459 2373 1607 2400 secundum
1622 2377 1747 2400 aeternae
1767 2374 1887 2400 substan-

1041 2417 1102 2443 tiam
1123 2417 1193 2443 vitae
1207 2427 1217 2438 ιι
1229 2438 1235 2448 ,
1260 2427 1271 2438 α
1285 2423 1364 2450 quem
1386 2416 1498 2448 legimus
1516 2415 1728 2450 primoqeniczmz
1748 2419 1774 2443 et
1794 2416 1886 2452 zmiqe-

1101 2628 1111 2644 ⁴
1127 2628 1182 2656 Cap.
1200 2630 1221 2651 6.
1241 2635 1261 2650 n.
1285 2629 1318 2651 12.

1100 2667 1110 2682 ⁵
1127 2668 1218 2696 Quaest.
1237 2667 1273 2689 67.
1293 2674 1314 2690 n.
1335 2668 1352 2697 t,
1371 2667 1500 2690 secundum
1518 2674 1618 2690 sensum.

1099 2706 1109 2721 ⁶
1126 2707 1179 2728 Sive
1197 2706 1226 2728 dc
1243 2706 1308 2734 Fide,
1321 2712 1340 2728 c.
1358 2705 1390 2728 14.
1409 2713 1430 2728 n.
1448 2706 1489 2733 863
1507 2706 1546 2729 uhi
1564 2708 1645 2729 citatur
1662 2707 1728 2730 ritum.
1752 2708 1784 2736 16,
1806 2708 1844 2736 15,
1862 2712 1884 2731 ct.

1037 2745 1094 2767 intra
1112 2745 1178 2767 Rom.
1196 2746 1221 2773 8,
1240 2746 1276 2767 20.

1099 2783 1109 2799 ⁷
1125 2784 1154 2806 tta
1173 2783 1240 2806 codd.
1258 2786 1280 2806 et
1296 2784 1348 2806 cdd.
1371 2785 1392 2811 1,
1410 2784 1435 2811 5,
1453 2785 1478 2812 83
1496 2785 1518 2806 in
1536 2785 1616 2807 ceteris
1632 2784 1727 2814 faceret.
1738 2797 1770 2802 —-
1789 2786 1820 2808 Dc
1837 2787 1882 2808 Arii

1037 2829 1109 2850 poena
1128 2823 1168 2845 ct‘r.
1186 2823 1299 2851 Anibi-os,
1319 2823 1332 2845 Ι.
1349 2823 1378 2845 de
1397 2823 1449 2845 Fide
1467 2830 1485 2846 r.
1508 2824 1541 2846 19.
1558 2830 1579 2846 n.
1601 2824 1650 2846 123.
1667 2830 1716 2853 seq.

1099 2861 1108 2876 ὅ
1125 2861 1180 2884 thid.
1198 2868 1217 2885 c.
1238 2861 1272 2884 i-t.
1291 2869 1311 2884 n.
1330 2862 1366 2884 93.
1384 2869 1440 2891 seq„
1458 2865 1480 2884 et
1496 2863 1577 2885 citatur
1594 2864 1641 2885 Gal.
1660 2863 1686 2891 15,
1704 2863 1724 2886 4.
1748 2864 1800 2893 ch.
1819 2865 1882 2887 locus

1036 2904 1070 2923 est
1086 2900 1190 2922 eiusdem
1203 2901 1231 2923 de
1248 2901 1357 2923 incarnat.
1370 2901 1498 2923 dominicae
1511 2906 1662 2930 sacramento„
1676 2909 1694 2925 c.
1713 2902 1733 2925 5.
1748 2910 1768 2925 n.
1782 2903 1824 2931 3fi;
1841 2906 1882 2925 ter—

1037 2939 1080 2961 tius
1097 2939 1160 2961 locus
1178 2939 1232 2961 ibid.
1251 2946 1271 2962 n.
1290 2939 1330 2967 35;
1350 2943 1446 2968 quartus
1463 2947 1484 2963 n.
1503 2940 1545 2969 37;
1563 2941 1655 2964 tandem
1668 2942 1760 2970 quintus
1777 2942 1880 2965 eiusdem

1036 2978 1049 3000 l.
1068 2978 1096 3000 dc
1114 2978 1183 3006 Fide,
1202 2985 1221 3001 c.
1241 2978 1276 3001 Μ.
1295 2985 1316 3001 n.
1335 2980 1371 3002 89.

1725 3032 1749 3054 31

1907 1656 2026 1674 Ambrosius.
