2166 3366
0 1435 3 1494 'l

0 1539 3 1581 l

0 1624 2 1641 i

0 1761 2 1790 1

12 814 142 834 Fundamenta.

22 1796 50 1815 Ad
63 1797 136 1821 opposi-

56 1822 101 1839 tum.

766 173 848 202 DlST.
871 174 936 202 ΧΙΧ.
957 174 1030 203 ΛΒΤ.
1051 175 1068 203 1.
1091 174 1226 211 QUAEST.
1250 175 1290 203 lv.

152 249 318 287 ignorantia,
341 249 474 286 regnabat
495 250 578 278 etiam
594 251 829 288 concupiscentia,
850 251 996 281 deficiebat

151 296 234 326 etiam
257 296 375 331 veritas,
397 296 543 325 deficiebat
570 300 597 325 et
618 297 722 334 gratia:
744 298 816 326 sicut
836 299 909 327 enim
933 299 997 328 dici-

152 346 198 372 tur
219 343 326 372 loannis
341 342 431 380 primo
445 343 466 371 ¹:
488 343 546 371 Let-
558 351 612 380 pei·
627 343 742 381 Moysen
764 344 835 373 data
854 349 908 379 est,
927 354 997 383 yra-

1844 179 1900 207 407

1054 252 1096 281 tia
1110 256 1136 281 et
1149 253 1258 281 verita-s
1270 262 1324 290 per
1338 254 1434 282 lesam
1451 253 1600 283 Christum
1615 254 1698 293 facta
1713 259 1809 284 est.——
1819 256 1849 284 Et
1861 256 1898 285 sic

1055 302 1142 336 patet,
1157 299 1277 337 qualiter
1299 308 1349 337 per
1364 301 1521 338 passionem
1542 302 1643 331 Christi
1660 302 1814 331 liberamur
1828 312 1843 331 a
1855 311 1901 340 po—

1055 349 1154 375 testate
1176 347 1278 376 diaboli
1292 346 1310 375 2.

913 456 1075 492 Quaesrto
1096 457 1138 485 iv.

524 551 627 580 Utrum
646 554 700 589 pei·
720 553 885 589 passionem
910 553 1021 583 Cltrt'ste'
1040 555 1230 584 absolvamur
1252 565 1270 585 tt
1289 565 1384 593 poena
1402 558 1523 594 peccati.

235 663 340 699 Quarto
371 662 536 699 quaeritur.
564 670 598 690 an
629 670 678 699 per
710 663 865 700 passionem
894 664 995 693 Christi

149 709 330 738 absolvamur
351 717 367 738 a
382 716 470 746 poena
492 709 606 746 peccati.
630 709 660 738 Et
685 710 759 747 quod
782 711 833 744 sic,
856 711 976 740 videtur.

231 757 254 785 1.
277 756 384 785 Primae
406 756 476 785 Petri
499 756 652 785 secund0⁹2
672 757 797 786 Peccata
818 762 920 787 nosti-tt
933 768 997 796 per-

150 803 215 832 tulit
236 803 403 840 incorpore
423 812 477 832 suo
495 812 584 840 super
606 803 734 841 liquam,-
755 805 830 841 quod
853 814 996 842 exponens

150 851 278 888 Magister
299 850 326 879 in
349 850 440 879 littera
461 850 543 885 dicit,
565 850 639 888 quod
662 854 802 888 «portare
818 856 929 889 peccata
951 861 995 881 no·

150 901 220 932 stra,
250 898 301 927 hoc
328 901 370 926 est
398 901 510 935 portare
538 905 656 934 poenam
685 902 863 935 pei-catorum
892 903 996 928 nostro-

150 952 256 974 rum».
279 945 309 973 Et
328 944 379 973 hoe
401 944 584 973 confirmatur
599 953 649 982 per
671 945 739 973 illud
763 945 846 974 lsaiae
862 946 996 983 qninqua-

150 991 255 1029 gesimo
276 991 392 1020 terti0⁴:
422 991 488 1019 Vere
516 991 674 1028 lanyztores
697 996 810 1020 nostros
833 992 891 1028 ipse
913 993 994 1026 tulit,

150 1042 175 1067 et
196 1038 384 1076 infirmitates
404 1042 524 1066 ¹nostras
545 1038 606 1075 ipse
626 1038 764 1075 port‹.tt·it.

229 1086 255 1114 2.
277 1085 356 1120 item,
379 1085 528 1114 Zachariae
550 1085 658 1113 nono⁰:
689 1086 728 1113 'l'n
752 1090 849 1114 autem
879 1086 909 1114 1ηΓ
930 1096 995 1115 san-

147 1132 237 1170 quine
259 1131 421 1160 testamenti
448 1131 492 1160 tui
512 1132 641 1160 ettttarz'stt'
671 1132 780 1160 iunctos
801 1133 834 1160 (lc
860 1133 941 1166 lete-tt,
965 1132 993 1160 ῖη

150 1187 205 1217 quo
226 1187 284 1207 non
312 1184 377 1207 erat
404 1187 503 1217 aqua:
527 1179 549 1207 si
578 1187 645 1215 ergo
673 1179 752 1207 educi
783 1179 817 1208 ‹le
847 1179 908 1208 lacu
936 1179 994 1208 sine

149 1233 223 1262 aqua
243 1228 285 1254 est
307 1225 419 1254 liberari
442 1234 463 1262 va
485 1233 590 1262 poena,
613 1225 739 1259 videtur,
761 1226 835 1263 qnod
865 1234 914 1263 per
936 1234 995 1254 san-

149 1272 262 1309 guinem
284 1272 386 1300 Christi
408 1272 561 1300 liberemur
583 1280 598 1300 a
614 1280 702 1309 poena
724 1272 835 1309 peccati.

228 1319 254 1347 3.
276 1319 358 1353 Item,
380 1319 473 1356 passio
494 1319 594 1348 Christi
613 1320 734 1347 maxime
756 1320 808 1348 t'uit
829 1320 953 1357 poenalis
967 1324 994 1349 et

150 1366 206 1395 Deo
222 1366 332 1403 placita,
348 1370 375 1395 et
395 1374 446 1403 pro
461 1366 541 1395 nobis
555 1366 639 1395 etiam
664 1367 714 1395 t'uit
729 1367 832 1401 soluta,
855 1367 902 1395 sed
919 1367 993 1404 quod

150 1412 212 1442 talis
226 1413 392 1442 conditionis
413 1416 454 1442 est
470 1413 592 1441 maxime
609 1413 692 1441 habet
708 1413 846 1442 liberare⁰
861 1421 877 1441 a
893 1421 992 1450 poena:

149 1468 216 1497 ergo
237 1463 287 1489 etc.

227 1507 253 1535 li..
277 1506 359 1541 item,
389 1506 534 1535 tolerantia
562 1514 667 1543 poenae
693 1506 756 1543 plus
784 1506 930 1534 ordinatur
958 1506 992 1535 ad

150 1552 349 1582 relaxationem
372 1561 477 1590 poenae
492 1561 576 1590 quam
598 1553 632 1581 ad
649 1553 813 1581 deletionem
837 1553 947 1589 culpae:
971 1553 993 1580 si

148 1607 215 1636 ergo
236 1608 285 1636 per
308 1599 463 1636 passionem
486 1600 586 1628 Christi
610 1600 640 1628 fit
663 1600 832 1633 insufflatio,
858 1601 930 1628 siout
951 1608 994 1628 su-

149 1655 201 1684 pra
216 1647 224 1660 ⁷
247 1650 388 1675 ostensum
412 1651 468 1679 est,
491 1647 580 1675 multo
602 1647 700 1675 fortius
723 1647 751 1674 sit
775 1654 926 1684 poenarum
954 1655 994 1675 ri·-

149 1693 260 1722 laxatio.

226 1741 279 1769 San
300 1749 421 1769 conrna:
448 1742 470 1769 1.
497 1752 510 1767 (ι
530 1741 704 1770 Resurrectio
725 1741 825 1769 Christi
848 1745 888 1769 est
910 1749 993 1769 causa

149 1791 260 1816 nostrae
282 1788 535 1819 resurrectionis»,
557 1788 628 1817 sicut
644 1788 746 1816 dicitnr
763 1788 788 1816 in
811 1788 921 1821 Clossa,
941 1788 994 1825 pri-

149 1842 210 1863 mae
231 1834 266 1863 ad
288 1835 445 1863 Corinthios
466 1835 574 1863 decimo
596 1835 730 1872 qninto³;
753 1835 800 1863 sed
824 1843 874 1871 per
903 1842 993 1863 resur-

149 1882 299 1911 rectionem
326 1885 448 1910 nostram
476 1882 613 1911 habemus
636 1882 748 1910 liberari
769 1890 784 1909 a
814 1890 901 1918 poena
923 1885 949 1910 et
977 1890 993 1910 a

149 1928 275 1957 miseria:
298 1936 364 1966 ergo
379 1928 503 1961 videtur,
525 1929 600 1966 quod
616 1928 716 1957 Christi
741 1929 922 1958 resurrectio,
938 1937 992 1957 non

149 1975 251 2012 passio,
275 1975 372 2004 liberet
393 1983 443 2004 nos
465 1983 481 2003 a
502 1983 598 2013 poena.

227 2023 253 2050 2.
276 2022 360 2055 ltem,
382 2022 510 2050 Christus
539 2022 668 2059 patiendo
689 2022 766 2050 dedit
795 2021 873 2050 nobis
901 2029 993 2050 exem-

148 2068 225 2106 plum
247 2072 274 2097 et
297 2069 441 2098 materiam
464 2069 668 2106 compatiendi:
690 2069 711 2097 si
734 2076 800 2105 ergo
822 2076 910 2105 poena
931 2076 993 2096 con-

147 2115 218 2145 sistit
241 2116 266 2144 in
282 2115 409 2153 passione
424 2119 451 2145 et
473 2116 678 2153 compassione,
696 2116 821 2150 videtur,
843 2115 916 2152 quod
933 2123 993 2152 pas-

147 2162 187 2191 sio
208 2162 308 2191 Christi
331 2163 424 2200 potius
445 2163 481 2191 sit
502 2163 644 2192 causativa
666 2170 770 2200 poenae
788 2170 871 2199 quam
896 2162 992 2191 libera-

147 2209 202 2238 tiva
223 2218 239 2238 a
260 2217 357 2246 poena.

226 2256 252 2285 3.
274 2257 353 2291 Item,
376 2256 543 2294 poenitentia
565 2257 654 2285 omnis
675 2256 799 2293 poenalis
820 2260 861 2285 est
875 2273 913 2276 —
927 2264 991 2284 nam

147 2304 288 2340 poenitere
309 2307 351 2333 est
372 2312 488 2341 poenam
513 2304 627 2333 tenere⁰
642 2320 680 2324 -—
694 2303 716 2332 si
738 2312 804 2340 ergo
820 2311 870 2340 per
892 2303 992 2340 passio-

147 2358 210 2379 nem
233 2350 332 2379 Christi
357 2350 464 2379 liberati
488 2359 587 2379 sumus
609 2359 623 2379 a
645 2358 746 2387 poena,
768 2350 894 2381 videtur,
916 2350 991 2387 quod

148 2397 201 2425 iam
224 2405 277 2425 non
300 2398 333 2426 sit
363 2406 434 2435 opus
456 2398 639 2435 poenitentia;
661 2397 708 2425 sed
731 2397 782 2425 hoc
811 2401 852 2425 est
875 2396 990 2425 salsum:

147 2451 214 2480 ergo
235 2447 261 2473 et
282 2445 414 2481 primum.

225 2491 252 2519 li.
274 2491 357 2525 ltem,
380 2491 401 2520 si
424 2491 516 2528 passio
538 2491 638 2519 Christi
662 2490 760 2519 liberat
781 2498 796 2518 a
818 2498 922 2527 poena,
943 2494 991 2519 aut

1054 673 1121 702 ergo
1142 674 1158 694 a
1187 667 1356 703 temporali,
1384 671 1432 696 aut
1453 672 1581 696 aeterna.
1604 669 1623 697 Α
1653 670 1807 706 temporali
1827 679 1898 701 non.

1054 713 1119 750 quia
1140 714 1244 743 eisdem
1275 715 1370 751 poenis
1392 716 1593 752 temporalibus
1608 717 1787 746 subiacemus
1809 727 1897 748 nunc.

1054 760 1157 797 quibus
1179 760 1359 790 subiacebant
1380 761 1418 789 illi
1434 762 1481 799 qni
1503 766 1582 791 erant
1597 767 1660 792 ante
1680 765 1844 800 passionem.
1860 766 1898 794 Al)

1054 811 1174 836 aeterna
1190 816 1258 843 non,
1273 808 1338 845 quia
1353 809 1462 843 nullus,
1480 810 1527 846 qui
1543 814 1615 839 esset
1628 810 1645 825 ¹⁰
1661 811 1686 839 in
1703 811 1809 840 inferno
1824 812 1899 840 ‹lam-

1053 856 1150 888 natus,
1173 854 1224 883 fuit
1245 863 1295 892 per
1317 855 1472 892 passionem
1494 856 1594 885 Christi
1611 857 1763 886 liberatus:
1788 859 1898 888 videtur

1053 908 1132 937 ergo,
1154 901 1229 938 quod
1252 902 1389 931 mediante
1405 902 1506 931 Christi
1528 904 1656 940 passione
1674 912 1728 932 non
1743 912 1842 934 sumus
1863 906 1898 934 ali

1053 947 1146 984 aliqua
1168 956 1255 985 poena
1279 948 1394 978 liberati.

1372 1050 1584 1072 CONCLUStO.

1072 1134 1178 1162 Passio
1208 1134 1319 1163 Clo-ista·
1348 1144 1400 1164 710.)-
1432 1136 1565 1165 liberavit
1596 1146 1615 1166 tt
1643 1147 1737 1175 poena
1766 1141 1880 1176 pet-cati

1103 1182 1270 1218 temporali,
1291 1186 1411 1212 aeterna
1426 1188 1450 1212 et
1472 1184 1546 1213 inter
1560 1188 1717 1223 utramque
1738 1187 1842 1216 media.

1130 1276 1305 1305 Resroxneo:
1328 1277 1498 1309 Dicendum.
1519 1279 1592 1315 quod
1616 1280 1708 1316 passio
1722 1280 1823 1309 Christi
1846 1289 1896 1310 nos

1052 1321 1179 1351 liberavit
1200 1330 1215 1350 a
1238 1331 1325 1360 poena
1348 1324 1502 1361 temporali
1522 1328 1549 1353 et
1569 1325 1605 1353 ab
1619 1330 1739 1355 aeterna
1760 1331 1788 1356 et
1808 1328 1843 1356 ab
1866 1336 1897 1356 ea

1051 1377 1123 1406 quae
1154 1373 1195 1398 est
1228 1369 1299 1399 inter
1324 1373 1473 1408 utramque
1494 1372 1599 1401 media.
1622 1390 1660 1393 —
1682 1374 1700 1401 Α
1723 1382 1829 1410 poena,
1862 1375 1898 1403 in-

1051 1424 1154 1452 quam,
1183 1416 1338 1453 temporali
1364 1425 1413 1445 nos
1446 1418 1562 1452 liberat,
1592 1419 1660 1448 dum
1690 1420 1792 1449 virtute
1822 1421 1897 1450 illius

1051 1462 1244 1491 condonantur
1265 1463 1345 1492 nobis
1367 1467 1494 1500 peccata,
1517 1473 1569 1493 non
1592 1466 1682 1494 solum
1705 1471 1841 1504 quantum
1861 1469 1897 1497 ad

1051 1509 1162 1546 culpam
1184 1513 1210 1538 et
1232 1513 1341 1539 reatum
1357 1519 1461 1548 poenae
1483 1515 1628 1547 aeternae,
1644 1514 1692 1542 sed
1714 1514 1797 1543 etiam
1813 1523 1899 1552 quan-

1052 1559 1110 1584 tum
1132 1556 1167 1584 ad
1190 1556 1379 1585 dimissionem
1402 1566 1507 1595 poenae
1529 1559 1740 1595 satisfactoriae,
1763 1561 1834 1590 sicut
1854 1562 1899 1590 ha-

1052 1603 1097 1630 bet
1118 1602 1177 1631 fieri
1195 1604 1220 1631 in
1243 1604 1422 1632 Sat-ramento
1439 1605 1577 1642 baptismi.
1589 1607 1657 1634 —A
1673 1615 1761 1643 poena
1776 1613 1895 1637 aeterna

1051 1657 1101 1678 nos
1127 1649 1225 1678 liberat
1254 1650 1398 1679 liberando
1419 1660 1435 1679 a
1457 1652 1547 1688 eulpa.
1570 1653 1642 1681 Dum
1672 1654 1744 1682 enim
1768 1663 1817 1691 per
1839 1664 1898 1692 pas-

1051 1695 1156 1724 sionem
1179 1696 1278 1725 Christi
1302 1697 1381 1725 nobis
1409 1699 1497 1735 gratia
1527 1699 1708 1736 impetratur,
1737 1709 1787 1738 per
1811 1710 1895 1738 quam

1051 1742 1133 1779 culpa
1161 1743 1330 1778 dimittitur,
1363 1744 1441 1773 nobis
1470 1745 1595 1774 debitum
1632 1755 1736 1783 poenae
1767 1751 1896 1777 aeternae

1051 1789 1148 1817 mortis
1177 1789 1328 1818 relaxatur.
1352 1807 1390 1811 -—
1413 1791 1521 1820 Liberat
1543 1793 1625 1821 etiam
1654 1802 1670 1822 a
1693 1802 1795 1831 poena,
1825 1804 1896 1832 quae

1050 1836 1170 1872 quodam
1188 1837 1270 1865 modo
1292 1841 1333 1866 est
1348 1837 1419 1866 inter
1440 1842 1590 1876 utramque
1606 1840 1721 1869 istarum
1742 1850 1894 1878 poenarum

1050 1883 1164 1916 media,
1185 1891 1256 1920 qnae
1278 1884 1392 1921 quidem
1415 1885 1495 1913 fuit¹¹
1511 1887 1633 1915 carentia
1650 1887 1762 1916 visionis
1784 1889 1895 1917 divinae

1050 1938 1085 1958 ex
1107 1930 1206 1959 merito
1227 1931 1331 1968 peccati
1353 1931 1441 1966 Adae3
1463 1935 1490 1961 et
1511 1932 1558 1961 illa
1579 1933 1709 1971 quidem,
1732 1936 1782 1964 etsi
1811 1936 1895 1965 suerit

1050 1977 1090 2005 (td
1111 1980 1222 2014 tempus
1243 1982 1356 2015 propter
1378 1979 1495 2016 gratiam
1518 1984 1658 2017 repertam
1681 1982 1707 2009 in
1726 1982 1766 2011 eis
1787 1983 1834 2019 qui
1851 1983 1896 2011 de-

1050 2023 1210 2052 tinebantur
1232 2024 1258 2052 in
1281 2024 1378 2059 limbo,
1400 2025 1516 2054 deberet
1538 2030 1628 2056 tamen
1650 2028 1753 2057 habere
1774 2030 1896 2057 aeterni-

1051 2074 1153 2104 tatem,
1176 2071 1270 2100 habito
1291 2075 1420 2109 respectu
1452 2073 1487 2101 ad
1519 2073 1630 2111 eulpam
1663 2076 1735 2104 Adae
1757 2093 1796 2096 —
1820 2077 1894 2105 unde

1049 2121 1308 2155 quantumcumque
1329 2119 1421 2156 passio
1443 2119 1528 2148 dilata
1549 2124 1636 2155 esset,
1659 2121 1752 2150 divina
1767 2131 1895 2159 praesen-

1050 2164 1086 2192 tia
1107 2164 1204 2193 suisset
1225 2165 1249 2194 ei
1265 2165 1283 2180 ¹²
1311 2165 1452 2195 subtracta
1477 2183 1516 2187 —
1537 2167 1588 2196 nisi
1610 2167 1685 2197 Deus
1707 2169 1894 2199 adinvenisset

1049 2211 1131 2239 aliam
1154 2211 1237 2240 viam.
1260 2212 1290 2240 Et
1304 2212 1339 2240 ab
1355 2212 1406 2241 hac
1421 2221 1509 2250 poena
1524 2213 1633 2242 liberati
1656 2223 1754 2244 sumus
1769 2224 1819 2252 per
1835 2225 1894 2253 pas-

1049 2257 1153 2286 sionem
1169 2258 1283 2292 Christi;
1298 2262 1326 2287 et
1340 2259 1379 2287 sic
1394 2263 1480 2296 patet,
1496 2260 1570 2297 quod
1586 2268 1637 2297 per
1651 2269 1761 2290 omnem
1779 2262 1893 2291 modum

1050 2312 1148 2333 verum
1170 2308 1224 2337 est,
1239 2305 1395 2341 passionem
1418 2306 1518 2335 Christi
1534 2306 1674 2336 efficacem
1697 2316 1757 2337 esse
1772 2309 1807 2337 ad
1830 2309 1894 2337 libe-

1049 2351 1168 2379 randum
1191 2359 1240 2380 nos
1261 2360 1275 2379 a
1298 2359 1387 2388 poena
1402 2353 1506 2389 peccati
1519 2353 1545 2380 ¹³.
1560 2370 1599 2373 —
1615 2354 1644 2382 Et
1666 2354 1799 2389 rationes,
1822 2364 1893 2393 quae

1049 2397 1101 2426 hoc
1122 2398 1288 2431 ostendunt,
1310 2399 1503 2428 concedendae
1525 2403 1599 2428 sunt.

1130 2445 1152 2471 1.
1172 2444 1210 2472 Ad
1233 2444 1301 2473 illud
1328 2453 1394 2473 vero
1419 2445 1494 2482 quod
1520 2446 1611 2483 primo
1632 2447 1762 2476 obiicitur
1784 2449 1810 2477 in
1832 2457 1894 2477 con-

1048 2491 1180 2524 trarium,
1195 2491 1269 2528 quod
1285 2493 1453 2521 resurrectio
1469 2493 1569 2522 Christi
1592 2502 1642 2523 nos
1658 2494 1757 2523 liberat
1773 2503 1790 2524 a
1804 2504 1892 2532 poena

209 2658 216 2673 ¹
235 2659 299 2681 Vers.
323 2659 355 2681 l7.
368 2672 398 2675 —
411 2660 433 2682 ln
452 2660 514 2682 initio
531 2659 596 2681 solut.
614 2665 656 2687 pro
673 2660 728 2682 ante
744 2659 804 2682 sicut
821 2661 843 2683 et!
858 2666 922 2683 nnnc
940 2661 988 2682 vat.

145 2696 206 2721 sicut
222 2698 278 2721 tunc
295 2697 327 2720 ita
344 2699 366 2721 et
381 2704 452 2721 nunc.

209 2736 218 2751 ἕ
236 2736 295 2759 Vide
312 2737 414 2759 scholion
432 2737 461 2759 ad
478 2736 653 2765 praecedentem
672 2739 759 2765 quaest.

208 2774 218 2789 ³
236 2776 300 2798 Vei-s.
318 2775 354 2797 26.
368 2787 398 2791 —
409 2775 522 2803 Expositio
540 2775 638 2802 Magistri
657 2774 753 2797 habetur
770 2775 806 2797 hic
827 2781 846 2797 c.
865 2775 885 2797 4.

207 2812 216 2827 ⁴
235 2814 298 2836 Vers.
318 2813 339 2836 4.

208 2851 218 2866 ⁵
235 2851 298 2874 Vers.
319 2852 354 2874 11.

207 2890 217 2904 ⁶
235 2890 291 2912 Edd.
309 2890 365 2912 salso
383 2889 486 2913 liberari.

208 2928 217 2943 ⁷
235 2929 326 2957 Quaest.
346 2929 365 2951 1.
378 2941 409 2945 -
421 2929 467 2951 Non
486 2929 552 2956 pauci
570 2928 637 2951 codd.
654 2929 690 2951 bis
706 2928 736 2952 stt
751 2935 794 2957 pro
810 2929 842 2960 fit.

208 2967 218 2982 ⁸
235 2967 301 2990 Vers.
323 2968 355 2989 12.
373 2968 432 2990 Vide
449 2973 517 2995 supra
536 2974 590 2996 pag.
608 2967 664 2995 247,
683 2972 734 2991 nota
753 2968 773 2990 3.

1107 2660 1117 2675 ⁹
1134 2661 1219 2688 isidor.¹
1239 2661 1261 2683 ll.
1275 2661 1303 2683 de
1321 2660 1384 2683 Offic.
1396 2662 1476 2684 eccles.
1494 2668 1512 2684 c.
1528 2662 1563 2684 t7.
1582 2663 1650 2690 (alias
1662 2669 1681 2685 c.
1700 2663 1746 2692 16.)
1759 2670 1780 2686 n.
1798 2665 1826 2686 2:
1839 2665 1891 2687 Poe-

1046 2699 1135 2721 nitentia
1154 2705 1237 2721 nomen
1255 2700 1337 2722 sumsit
1353 2706 1364 2721 a
1388 2706 1472 2728 poena,
1496 2707 1541 2729 qua
1563 2702 1638 2723 anima
1659 2703 1773 2724 cruciatur
1794 2707 1816 2725 et
1839 2709 1891 2726 caro

1045 2737 1200 2759 mortificatur.
1218 2737 1262 2760 Csr.
1282 2737 1316 2760 Vl.
1334 2738 1460 2766 Etymolog.
1478 2744 1497 2761 c.
1517 2739 1553 2761 19.
1572 2746 1592 2762 n.
1611 2740 1648 2762 71.

1108 2776 1127 2790 ¹⁰
1144 2776 1200 2798 Edd.
1217 2777 1257 2799 est.

1108 2814 1126 2829 ¹¹
1145 2815 1201 2837 Edd.
1218 2816 1258 2838 est.

1107 2853 1126 2868 ¹²
1145 2854 1194 2877 Vat.
1211 2854 1293 2883 (simul
1310 2861 1363 2878 eum
1386 2856 1427 2878 alia
1445 2857 1640 2886 interpunctione)
1660 2857 1705 2886 eis,
1721 2859 1890 2887 refragantibus

1044 2892 1112 2915 codd.
1129 2896 1151 2915 et
1167 2893 1220 2916 edd.
1239 2894 1259 2921 1,
1272 2894 1296 2922 ⁴2,
1315 2897 1336 2916 et
1354 2897 1404 2922 post
1416 2901 1488 2923 pauca
1507 2902 1549 2924 pro
1565 2895 1638 2919 aliam
1651 2896 1714 2920 viam
1731 2904 1784 2920 cum
1802 2898 1854 2921 edd.
1872 2899 1889 2926 l,

1045 2932 1058 2954 2
1075 2931 1181 2961 aliquam
1198 2932 1268 2956 viam.

1107 2970 1126 2985 ¹³
1143 2970 1186 2994 cfr,
1205 2972 1241 2994 hic
1257 2972 1287 2994 lit.
1305 2972 1416 3000 Magistri,
1434 2979 1452 2995 c.
1471 2974 1491 2996 3.
1509 2977 1531 2996 et
1542 2980 1611 3003 supra
1630 2975 1652 2997 d.
1670 2975 1747 2998 XVlll.
1766 2982 1784 2998 c.
1804 2976 1825 2999 5.

1910 1289 2015 1308 Conclusio.

1909 1383 2017 1409 Explicatur

1923 1412 1959 1425 sec.
1981 1409 2017 1425 tria

1922 1430 2013 1448 membra,

1906 2457 1977 2483 Solutio
1990 2464 2025 2482 op—

1906 2483 2016 2504 posnurum.
