2166 3366
113 820 211 838 Conclusio
222 820 239 837 11.

146 1242 175 1260 Ad
188 1247 239 1265 31·ος.

133 1710 205 1729 Solutio
218 1710 242 1728 ad

126 1739 177 1757 argg.

127 1760 180 1781 parte
192 1758 242 1775 altir-

126 1781 201 1799 motiva.

255 173 312 201 482
929 172 1181 201 SENTENTIARUM
1203 172 1263 200 LlB.
1286 172 1324 200 111.

254 259 432 288 quacumque
444 253 520 279 certa
531 250 708 279 conclusione
723 250 891 286 geometriae
906 250 1024 278 auderet
1039 249 1102 278 sub-

254 299 295 327 ire
317 301 444 326 mortem.
467 297 543 326 Unde
558 305 643 325 verus
658 296 764 331 fidelis,
780 297 863 325 etiam
879 297 901 326 si
918 297 1001 325 sciret
1016 298 1101 324 totam

254 345 398 374 scientiam
423 343 658 381 philosophicam,
682 343 777 371 mallet
805 346 890 372 totam
916 343 993 371 illam
1018 342 1103 371 scien-

254 393 320 420 tiam
336 391 462 428 perdere,
478 398 561 428 quam
577 398 665 418 unum
682 390 773 419 solum
788 389 938 418 articulum
957 390 1101 426 ignorare;

254 439 323 467 adeo
344 438 479 466 adhaeret
501 437 610 465 veritati
633 437 763 465 creditae.
778 437 818 465 De
833 437 1001 465 certitudine
1016 436 1101 473 igitur

254 483 442 513 adhaesionis
458 492 557 513 verum
572 487 626 517 est,
641 483 725 512 fidem
741 491 802 512 esse
817 483 965 512 certiorem
988 483 1102 511 scientia

254 531 464 569 philosophica,
486 535 513 560 et
534 531 603 560 11000
625 530 764 560 certitudo
779 530 892 567 respicit
914 530 1060 559 veritatem
1075 532 1102 558 et

254 579 409 608 doctrinam
430 578 591 606 secuudum
614 577 793 614 pietatenz¹;
815 581 841 606 et
873 577 908 606 de
940 577 992 605 hac
1024 577 1102 605 certi-

256 626 351 654 tudine
372 625 545 654 concludunt
576 625 697 653 rationes
729 625 762 653 ad
786 625 907 661 primam
930 626 1037 660 partem
1064 624 1102 651 in-

255 673 363 702 ductae.

333 720 358 748 Si
375 722 469 748 autem
486 719 635 756 loquamur
651 719 686 747 de
701 718 868 747 certitudine
882 717 1101 754 speculationis,

254 775 326 805 quae
347 767 461 804 quidem
484 766 597 803 respicit
628 766 720 803 ipsum
753 765 925 794 intellectum
947 768 974 793 et
996 764 1100 793 nudam

254 815 421 849 veritatem,
442 814 481 843 sic
503 814 615 842 concedi
639 816 742 850 potest,
765 813 838 849 quod
863 812 951 840 maior
983 814 1025 840 est
1046 819 1103 840 cer-

255 862 345 891 titudo
367 862 394 889 10
416 861 510 898 aliqua
532 861 647 889 scientia
663 868 747 897 quam
764 860 789 888 in
813 859 884 894 fide,
906 867 957 896 pro
979 867 1011 887 eo
1026 858 1101 896 quod

255 909 356 946 aliquis
377 912 468 946 potest
489 908 596 945 aliquid
617 916 668 945 per
690 907 832 936 scientiam
866 907 903 935 ita
924 906 1103 935 certitudina-

253 957 316 985 liter
337 964 434 990 nosse,
456 955 531 993 quod
554 955 631 983 nullo
646 955 729 983 modo
750 957 841 991 potest
860 954 894 982 de
915 961 947 982 eo
973 953 1103 982 dubitare

253 1011 304 1032 nec
325 1002 419 1040 aliquo
441 1002 524 1030 modo
546 1001 707 1030 discredere
732 1008 783 1029 nec
804 1001 833 1028 10
854 1000 938 1029 corde
961 1008 1011 1028 suo
1044 999 1102 1027 ullo

254 1050 337 1079 modo
358 1049 566 1083 contradicere,
589 1049 661 1077 sicut
681 1050 756 1085 patet
778 1047 805 1076 in
839 1047 995 1084 cognitione
1017 1046 1104 1083 digni-

255 1097 365 1125 tatum²
396 1100 423 1125 et
455 1096 614 1133 primorum
648 1095 860 1132 principiorum.
894 1095 924 1123 Et
946 1094 998 1122 hoc
1021 1093 1103 1122 modo

253 1144 410 1181 procedunt
431 1143 552 1172 rationes
573 1143 609 1171 ad
631 1145 738 1179 partem
755 1145 934 1179 sequentem,
951 1142 1022 1170 sicut
1043 1148 1104 1177 per-

256 1191 384 1221 tractanti
407 1194 490 1228 patet.
513 1207 552 1211 -
575 1191 604 1218 Et
637 1198 685 1226 per
718 1189 769 1217 hoc
802 1191 876 1225 patet
902 1188 1046 1225 responsio
1068 1188 1102 1216 ad

255 1238 446 1276 quaestionem
468 1236 657 1274 propositam;
690 1239 765 1272 patet
795 1235 879 1263 etiam
902 1234 1047 1271 responsio
1068 1233 1103 1262 ad

254 1286 369 1315 obiecta.
401 1284 558 1313 Procedunt
580 1283 655 1311 enim
687 1282 843 1311 secundum
877 1282 1003 1310 diversas
1036 1281 1102 1309 vias.

255 1333 322 1361 Nam
344 1332 466 1360 rationes
487 1330 522 1359 ad
552 1330 672 1367 primam
705 1332 813 1366 partem
835 1328 974 1357 adductae
996 1328 1105 1356 conclu-

254 1380 325 1408 dunt
346 1379 380 1407 de
402 1377 569 1407 certitudine
600 1375 808 1408 (icllzaesioiiis;
836 1375 957 1404 rationes
979 1382 1046 1403 vero
1068 1374 1104 1403 ad

254 1426 414 1464 oppositum
429 1425 464 1454 de
479 1424 646 1453 certitudine
667 1423 884 1460 speculationis.
903 1423 1104 1451 Verumtamen

255 1474 377 1503 rationes
398 1473 433 1501 ad
456 1472 577 1509 primam
600 1474 708 1508 partem
730 1470 868 1499 adductae
891 1470 1022 1499 videntur
1043 1478 1105 1499 con-

255 1521 370 1550 cludere
392 1520 426 1549 de
448 1519 615 1548 certitudine
636 1518 859 1555 speculationis,
876 1517 950 1555 quod
962 1517 971 1532 3
986 1517 1034 1546 illa
1048 1525 1105 1546 cer-

254 1568 374 1597 titudine
396 1567 430 1596 sit
451 1567 521 1595 fides
551 1566 652 1595 certior
681 1565 808 1600 scientia,
830 1565 905 1602 quod
928 1565 1029 1593 falsum
1053 1568 1103 1594 est.

254 1616 319 1645 Ideo
340 1614 505 1643 tentandum
527 1617 570 1643 est
591 1621 638 1642 eas
660 1613 822 1641 dissolvere.

337 1664 360 1690 1.
384 1662 421 1691 Ad
444 1661 515 1690 illud
548 1660 667 1689 verbum
701 1660 861 1696 Augustini,
894 1667 950 1696 quo
982 1659 1104 1693 dicitur,

255 1709 331 1747 quod
352 1709 421 1737 nihil
444 1712 485 1738 est
506 1707 611 1736 homini
633 1707 738 1736 certius
760 1715 811 1735 sua
832 1706 903 1741 fide;
926 1707 980 1735 dici
1005 1709 1103 1743 potest,

254 1756 330 1794 quod
352 1756 421 1784 nihil
444 1755 510 1784 facit
530 1755 564 1783 ad
598 1754 786 1791 propositum,
814 1754 881 1791 quia
903 1762 956 1782 non
979 1753 1104 1791 loquitur

256 1804 291 1833 de
312 1802 492 1837 certitudine,
524 1810 607 1839 quam
641 1801 704 1838 quis
734 1801 817 1829 habet
844 1809 898 1837 per
929 1800 1032 1837 sidem,
1055 1800 1104 1829 sed

256 1858 341 1888 quam
363 1849 425 1887 quis
447 1849 531 1877 habet
553 1848 586 1876 cle
610 1847 683 1884 fide,
712 1855 796 1884 quam
825 1847 909 1875 habet
941 1847 968 1875 in
997 1850 1103 1880 mente3

255 1901 282 1926 et
304 1897 351 1925 illa
365 1899 406 1925 est
421 1895 559 1925 certitudo
581 1894 724 1928 scientiae,
740 1894 791 1922 scit
805 1894 879 1922 enim
895 1893 979 1921 homo
1000 1893 1103 1928 fidelis,

257 1952 286 1973 se
308 1943 412 1972 habere
434 1942 546 1971 fidem⁴¹

336 1984 423 2019 21111
447 1989 516 2018 illud
540 1988 713 2025 Philosophi,
736 1988 811 2025 quod
833 1988 924 2016 virtus
939 1991 981 2016 est
1002 1988 1104 2016 certior

256 2037 331 2066 omni
354 2040 429 2070 arte:
445 2036 612 2069 dicendum,
635 2035 710 2072 quod
727 2035 785 2072 ipse
801 2035 925 2072 loquitur
947 2035 982 2063 de
997 2035 1105 2063 virtute

1159 253 1186 277 et
1216 254 1300 284 arte,
1333 250 1488 279 secundum
1520 251 1595 287 quod
1628 253 1827 286 comparantur
1858 250 1892 278 ad
1920 250 2004 279 idem.

1159 296 1244 324 Multo
1265 297 1337 325 enim
1362 296 1463 325 melius
1484 297 1535 325 scit
1556 296 1657 333 aliquis
1679 296 1804 325 invenire
1833 297 1957 326 medium
1979 300 2006 326 et

1159 342 1297 371 obiectum
1321 351 1370 379 per
1399 343 1526 371 habitum
1558 342 1678 371 virtutis
1700 351 1783 379 quam
1806 351 1856 380 per
1878 343 2005 372 habitum

1155 397 1253 425 purae
1274 389 1456 426 coynitionis.
1479 390 1537 418 Non
1559 392 1600 418 est
1621 393 1716 418 autem
1742 390 1909 426 generaliter
1930 390 2007 419 10101-

1160 436 1316 472 ligendum,
1338 436 1414 473 110011
1434 437 1531 465 virtus
1563 437 1598 465 sit
1629 436 1731 465 certior
1763 436 1837 465 circa
1859 437 2006 474 proprium

1159 482 1312 517 obiectum,
1334 491 1418 520 quam
1440 483 1534 520 aliqua
1554 483 1678 512 scicntia
1700 483 1773 512 circa
1795 491 1878 511 00001
1890 484 1908 511 ⁵.

1202 562 1204 564 ,
1238 529 1264 557 3.
1286 530 1323 558 Ad
1347 530 1417 559 111011
1439 531 1514 567 quod
1543 531 1689 565 obiicitur,
1711 530 1786 567 quod
1809 531 1913 559 certius
1935 531 2008 560 vide-

1159 580 1205 605 tur
1228 577 1301 613 quod
1319 577 1430 605 videtur
1445 577 1471 605 in
1488 577 1594 606 lumine
1610 578 1738 607 Veritatis
1760 578 1907 612 increatae,
1922 586 2006 615 quam

1159 623 1233 660 1111011
1257 623 1369 652 videtur
1392 624 1540 653 1010111100
1561 625 1685 653 veritatis
1707 628 1832 659 creatae;
1847 625 2007 659 dicendum,
2021 631 2136 651 Notandum.

1160 670 1235 707 quod
1258 670 1324 699 illud
1350 678 1448 699 verum
1471 674 1524 705 est,
1556 672 1670 708 quando
1702 672 1798 701 lumen
1820 672 1949 701 Veritatis
1970 672 2009 700 10-

1160 720 1269 745 creatae
1291 717 1408 745 irradiat
1426 717 1524 754 plene,
1547 718 1618 747 sicut
1639 719 1693 747 erit
1714 719 1741 747 in
1763 719 1861 756 patria.
1892 719 2009 755 Quando

1159 767 1254 792 autem
1286 764 1438 801 semiplene
1470 765 1599 800 irradiat,
1631 773 1685 794 non
1717 769 1759 795 est
1783 774 1911 801 necesse,
1934 766 2010 803 quod

1160 811 1262 839 habeat
1284 811 1430 840 veritatem
1439 822 1446 846 3
1478 812 1550 840 sicut
1581 815 1673 849 patet,
1695 813 1761 849 quia
1792 813 1897 842 certius
1919 816 2010 850 potest

1160 858 1244 886 homo
1266 858 1362 887 videre
1383 859 1418 887 ad
1451 859 1545 888 lumen
1568 860 1700 888 candelae
1735 868 1819 897 quam
1846 860 1880 889 ad
1914 860 2010 889 lumen

1161 904 1243 939 solis,
1264 905 1313 933 ubi
1335 905 1376 933 sol
1393 914 1447 934 non
1463 905 1544 943 plene
1567 906 1683 935 irradiat
1691 918 1698 941 3
1714 906 1753 935 sic
1769 909 1796 935 et
1818 907 1844 935 iu
1867 907 2010 944 proposito

1161 952 1373 989 intelligendum
1396 957 1445 981 est.
1469 953 1542 981 Licet
1558 953 1632 982 enim
1648 953 1697 981 fiat
1711 953 1855 982 irradiatio
1871 954 2010 983 mediante

1160 998 1216 1027 fide
1237 999 1272 1027 ab
1294 999 1354 1036 ipsa
1375 1000 1497 1028 Veritate
1518 1002 1647 1034 aeterna,
1676 1008 1730 1029 non
1760 1004 1852 1029 tamen
1877 1004 1919 1029 001
1944 1001 2012 1029 irra-

1161 1046 1236 1074 diato
1248 1046 1350 1083 plena,
1367 1046 1498 1083 quoniam
1511 1047 1521 1061 ὃ
1541 1050 1635 1076 manet
1656 1047 1806 1084 speculum
1821 1051 1849 1077 et
1863 1048 2009 1086 aenigma.

1240 1094 1266 1121 [ι.
1289 1093 1327 1122 Ad
1350 1093 1420 1122 illud
1443 1094 1518 1130 quod
1539 1094 1683 1129 obiicitur,
1699 1095 1774 1131 quod
1790 1095 1891 1123 certior
1913 1098 1954 1123 est
1969 1103 2012 1124 co-

1161 1140 1262 1176 gnitio,
1284 1140 1329 1168 cui
1352 1148 1404 1168 1100
1428 1140 1614 1177 permiscetur
1635 1149 1733 1175 error3
1755 1141 1919 1176 dicendum,
1935 1142 2011 1179 quod

1164 1195 1261 1215 verum
1283 1190 1340 1221 est;
1363 1188 1411 1216 sed
1435 1188 1506 1216 sicut
1534 1187 1604 1224 fidei
1631 1196 1685 1216 non
1707 1189 1894 1225 permiscetur
1915 1197 2010 1224 error,

1162 1234 1199 1262 ita
1220 1234 1303 1263 etiam
1329 1243 1379 1263 1100
1410 1235 1584 1269 scientiae„
1601 1235 1628 1264 in
1651 1239 1787 1273 quantum
1810 1236 1939 1269 scientia,
1962 1236 2012 1265 sed

1161 1281 1214 1310 boc
1235 1285 1277 1310 est
1299 1282 1389 1310 solum
1412 1290 1447 1311 ex
1471 1282 1581 1311 defectu
1602 1290 1617 1311 a
1639 1286 1718 1319 parte
1746 1284 1945 1320 cognoscentis.
1968 1283 2011 1312 Sic

1162 1329 1245 1357 etiam
1268 1329 1400 1365 contingit
1421 1329 1449 1357 in
1471 1329 1531 1366 ipsa
1551 1329 1607 1358 fide
1628 1338 1644 1358 a
1665 1334 1744 1367 parte
1766 1331 1920 1365 credentis,
1936 1331 2010 1359 sicut

1161 1378 1236 1412 patet
1258 1376 1285 1403 in
1306 1375 1381 1404 fideli
1396 1375 1421 1410 ⁷,
1442 1376 1489 1412 qui
1512 1380 1628 1413 propter
1643 1377 1837 1406 distorsionem
1852 1377 2010 1406 intellectus

1162 1431 1178 1451 a
1199 1423 1354 1460 cognitione
1375 1423 1439 1451 fidei
1463 1423 1566 1452 labitur
1589 1424 1616 1452 in
1649 1424 1800 1458 haeresim,
1823 1424 1890 1453 dum
1913 1424 2011 1453 credu-

1162 1469 1231 1497 litati
1254 1477 1336 1497 verae
1358 1469 1529 1499 intermiscet
1550 1478 1579 1499 se
1601 1470 1753 1499 credulitas
1774 1470 1851 1499 falsa.
1876 1471 1951 1499 Unde
1973 1479 2010 1500 ex

1162 1517 1214 1545 hoc
1235 1524 1289 1545 non
1312 1519 1402 1553 potest
1423 1516 1564 1551 concludi,
1581 1516 1656 1553 quod
1672 1516 1742 1545 fides
1756 1517 1791 1545 sit
1806 1517 1909 1546 certior
1924 1526 2009 1555 quam

1162 1564 1283 1592 scientia.
1306 1563 1382 1592 lstud
1404 1566 1497 1592 tamen
1512 1572 1612 1592 verum
1633 1568 1687 1599 est,
1703 1564 1777 1601 quod
1798 1564 1923 1593 doctrina
1945 1565 2010 1594 fidei
2025 1567 2138 1586 Νοῑὸῡᾶυω-

1162 1612 1250 1648 magis
1266 1611 1402 1640 veraciter
1417 1614 1459 1640 est
1474 1611 1584 1645 tradita,
1600 1619 1685 1649 quam
1706 1611 1800 1649 aliqua
1816 1612 1929 1641 scientia
1950 1612 2009 1649 phi-

1162 1659 1319 1695 losophica,
1341 1658 1407 1695 quia
1422 1658 1542 1695 Spiritus
1557 1663 1670 1688 sanctus
1685 1662 1712 1687 et
1734 1659 1792 1696 ipse
1806 1659 1947 1693 Christus,
1962 1660 2010 1697 qui

1161 1706 1320 1734 docuerunt
1342 1705 1487 1734 veritatem
1520 1705 1583 1734 fidei
1611 1709 1638 1734 et
1666 1714 1762 1735 sacrae
1783 1706 1960 1743 Scripturae,
1982 1707 2010 1735 in

1161 1753 1239 1781 nullo
1261 1753 1363 1781 falsum
1385 1753 1521 1781 dixerunt
1541 1760 1592 1781 nec
1614 1753 1640 1781 in
1663 1753 1758 1790 aliquo
1779 1757 1897 1790 possunt
1918 1762 2011 1791 repre-

1161 1800 1261 1834 hendi3
1283 1800 1359 1837 quod
1381 1800 1415 1828 de
1430 1801 1507 1829 nullo
1523 1800 1689 1837 philosopho
1710 1800 1832 1829 arbitror
1849 1808 1913 1829 vere
1929 1809 2010 1838 posse

1162 1847 1215 1876 dici
1238 1847 1264 1875 in
1287 1847 1434 1875 traditione
1456 1847 1577 1875 alicuius
1598 1847 1749 1881 doctrinae,
1765 1847 1850 1875 immo
1867 1847 2010 1876 inveniun-

1161 1898 1208 1923 tur
1231 1895 1304 1923 veris
1326 1894 1415 1922 multa
1436 1894 1505 1923 falsa
1527 1894 1732 1931 permiscuisse.

1242 1942 1267 1968 ὃ.
1290 1941 1327 1969 Ad
1351 1941 1420 1969 illud
1442 1940 1517 1977 quod
1540 1941 1686 1975 obiicitur,
1709 1941 1784 1978 quod
1806 1944 1911 1978 quanto
1926 1941 2011 1970 scien-

1162 1988 1199 2016 tia
1221 1987 1339 2016 nobilior
1360 1991 1417 2021 est,
1440 1991 1515 2016 tanto
1537 1988 1651 2022 certior,
1667 1988 1833 2022 dicendum,
1849 1989 1923 2025 quod
1940 1988 2010 2017 illud

1161 2043 1214 2063 non
1239 2035 1322 2063 habet
1344 2035 1498 2063 veritatem.
1521 2035 1598 2069 Nam,
1621 2035 1693 2063 sicut
1714 2035 1781 2064 dicit
1796 2035 1981 2072 Philosophus
1992 2035 2010 2070 ³,

320 2159 327 2173 ¹
345 2159 414 2187 Epist.
433 2158 461 2180 ad
476 2158 519 2180 Tit.
542 2159 558 2186 1,
581 2158 601 2179 i:
621 2158 646 2179 Et
662 2158 801 2185 agnitionem
819 2157 931 2185 veritatis,
951 2164 1010 2186 quae
1027 2163 1105 2180 secun-

258 2199 312 2221 dum
332 2199 438 2226 pietatem
457 2200 497 2220 est.
584 2220 587 2221 ⁷

321 2238 330 2252 2
346 2238 432 2260 Graece
451 2232 547 2266 ἀξίωμα.
567 2236 610 2259 Ct'r.
626 2237 724 2264 Aristot,
741 2236 755 2258 Ι.
775 2236 859 2258 Poste-r.
872 2241 890 2257 0.
909 2236 934 2264 2,
947 2242 1017 2264 quem
1029 2236 1106 2258 locum

256 2278 281 2300 B.
299 2277 391 2305 Albert.,
411 2280 436 2299 tr.
456 2277 476 2299 Ι1.
495 2283 513 2299 c.
533 2276 558 2303 li,
577 2282 694 2304 exponens
711 2275 825 2297 0111111001
847 2276 907 2297 enini
925 2276 1105 2303 propositionem

257 2316 382 2338 immediati
401 2316 520 2344 principii,
539 2321 608 2344 11110111
628 2320 721 2337 necesse
739 2317 772 2337 est
790 2314 875 2336 habere
894 2314 956 2342 apud
973 2320 998 2336 se
1011 2321 1052 2342 per
1070 2321 1106 2336 00-

258 2357 354 2379 turalem
372 2355 476 2378 habitum
493 2361 546 2377 eum
570 2355 608 2383 qui
631 2356 665 2376 cst
688 2354 820 2382 docendus,
842 2357 864 2376 et
885 2360 930 2376 non
952 2355 1033 2382 accipit
1054 2360 1106 2376 eam

258 2401 299 2422 per
311 2394 446 2422 doctrinam,
460 2394 557 2416 dicimus
571 2392 706 2422 dz'ynitutem
722 2393 756 2415 vel
770 2392 904 2415 niaximum
917 2393 1105 2421 propositionem,

259 2439 330 2462 quae,
348 2435 372 2455 01
389 2432 443 2455 dicit
457 2433 564 2454 Boethius
576 2431 610 2461 [in
629 2431 679 2453 libr.
698 2431 726 2453 de
739 2430 877 2460 llcbdom.]‚
890 2432 1020 2454 communis
1037 2432 1106 2453 animi

259 2472 379 2499 conceptio
397 2474 444 2499 est,
462 2477 532 2499 quani
555 2471 640 2493 scilicet
661 2471 758 2498 cognitis
781 2471 882 2492 terminis
908 2470 1003 2499 quilibet
1025 2470 1108 2498 probat

259 2511 368 2533 auditam.
381 2511 442 2533 Haec
459 2512 535 2532 autem
552 2509 655 2539 dioniius
678 2513 785 2537 vocatur,
809 2510 862 2538 quia
884 2509 993 2532 omnibus
1015 2509 1107 2537 dignior

258 2554 304 2578 est,
321 2557 348 2573 eo
370 2550 433 2579 quod
456 2550 564 2572 omnibus
589 2550 661 2571 influit
682 2550 836 2577 cognitionem
859 2552 880 2571 et
901 2550 1032 2577 veritatem3
1055 2555 1107 2571 ina-

258 2589 325 2612 oeiiizu
344 2590 433 2617 dicitur,
450 2595 477 2611 eo
495 2589 558 2617 quod
570 2589 654 2611 virtute
672 2589 802 2610 influentiae
815 2589 871 2610 lucis
883 2591 904 2610 et
916 2589 1017 2610 veritatis
1030 2589 1106 2610 omnia

259 2628 347 2651 excedit
359 2628 489 2651 immediata
503 2629 613 2656 principia
627 2630 669 2650 etc.
682 2627 726 2650 Csr.
742 2628 772 2649 111.
785 2628 882 2655 1110101111.
896 2630 947 2649 text.
961 2627 981 2649 4.
992 2627 1026 2654 (11.
1037 2633 1056 2649 c.
1067 2628 1105 2655 2.).

323 2666 332 2681 ³
349 2668 408 2689 Multi
427 2667 495 2689 codd.
507 2670 529 2689 et
546 2666 598 2689 edd.
621 2667 638 2694 1,
658 2667 670 2688 ‘2
688 2666 756 2696 quia,
777 2666 828 2688 cod.
847 2667 865 2688 K
884 2667 911 2689 et.

321 2706 330 2720 ‘¹
348 2705 392 2728 Cir.
411 2706 447 2728 hic
464 2706 495 2728 lit.
513 2706 623 2734 Magistri,
643 2712 661 2727 c.
681 2706 701 2727 3.
720 2709 742 2727 et
758 2705 815 2727 intra
834 2705 889 2728 dub.
909 2705 929 2728 4.

322 2745 331 2759 ⁵
349 2745 370 2766 S.
389 2745 480 2772 Thom.,
498 2745 520 2766 in
540 2744 561 2765 11.
580 2745 650 2766 Ε11110.
668 2750 687 2766 c.
706 2745 727 2765 6.
745 2744 805 2771 (lect.
823 2744 854 2772 6.)
873 2745 918 2766 ait:
937 2744 1001 2766 Unde
1019 2746 1040 2766 et
1052 2743 1106 2766 boni

260 2783 380 2806 artifices...
406 2786 531 2811 operantur
553 2784 701 2811 respicientes
722 2783 750 2804 ad
774 2783 884 2805 medium.
909 2783 954 2805 Sed
978 2784 1050 2805 virtus
1073 2786 1107 2805 est

260 2822 346 2846 certior
363 2823 425 2845 omni
443 2826 490 2845 arte
512 2826 534 2844 et
551 2823 619 2845 etiam
631 2821 727 2850 melior,
747 2823 805 2844 sicut
816 2825 837 2844 et
855 2826 942 2844 natura.
957 2822 1033 2844 Virtus
1045 2823 1105 2844 enim

260 2862 353 2884 moralis
369 2863 416 2890 agit
433 2862 562 2884 inclinando
581 2862 729 2884 determinate
747 2861 775 2883 ad
792 2868 877 2889 unum,
896 2862 954 2884 sicut
975 2864 997 2883 et
1018 2864 1105 2883 nutura.

261 2900 317 2921 Nam
335 2901 477 2923 consuetudo
495 2902 516 2922 10
535 2903 639 2923 00101-001
658 2902 760 2923 vertitur.
779 2900 886 2929 Operatio
904 2904 980 2923 autem
998 2902 1052 2923 artis
1073 2903 1107 2923 est

261 2938 389 2960 secundum
407 2940 534 2967 rationem,
552 2946 611 2968 quae
629 2946 653 2962 se
676 2939 744 2962 habet
765 2940 794 2961 ad
817 2940 917 2962 diversa.
938 2940 1003 2962 Unde
1020 2939 1107 2963 certior·

262 2979 295 2998 est
313 2977 384 2998 vii‘tus
402 2983 471 3004 1100111
489 2984 536 3005 ars,
554 2979 612 3000 sicut
629 2981 651 3000 et
668 2981 755 3000 natura.
773 2979 880 3000 Similiter
897 2979 965 3000 etiam
982 2979 1056 3000 virtus
1072 2982 1106 3001 est

1163 2157 1247 2180 melior
1265 2164 1334 2186 quam
1353 2164 1401 2185 ars,
1420 2158 1472 2186 quia
1492 2164 1533 2185 per
1550 2161 1621 2179 artem
1639 2159 1674 2179 est
1691 2157 1760 2179 homo
1779 2160 1859 2185 potens
1876 2157 1950 2179 facere
1973 2157 2011 2179 bo-

1164 2204 1219 2220 num
1238 2203 1308 2225 opus,
1328 2204 1371 2219 non
1390 2200 1464 2219 tamen
1478 2203 1505 2219 ex
1522 2200 1569 2219 arte
1581 2200 1613 2219 est
1631 2197 1663 2225 ei,
1682 2197 1744 2226 quod
1757 2197 1921 2219 sat-iatbonum
1940 2203 2010 2226 opus;

1165 2239 1239 2264 potest
1255 2237 1315 2258 enim
1334 2242 1433 2263 pravum
1452 2242 1511 2268 opus
1528 2242 1609 2263 agere,
1628 2236 1681 2264 quia
1699 2242 1736 2258 ars
1753 2242 1798 2257 11011
1816 2235 1907 2257 inclinat
1924 2235 1953 2257 ad
1969 2235 2011 2258 bo-

1164 2281 1219 2297 110111
1238 2281 1305 2297 usum
1324 2275 1389 2302 artis,
1407 2275 1466 2296 sicut
1482 2275 1647 2302 grammaticus
1660 2277 1734 2302 potest
1745 2275 1872 2302 incongrue
1884 2274 1952 2303 loqui.
1965 2274 2010 2296 Sed

1164 2321 1206 2342 per
1224 2315 1331 2337 virtutem
1350 2314 1431 2342 aliquis
1449 2320 1493 2335 non
1511 2315 1587 2336 solum
1603 2315 1677 2343 polest
1695 2313 1753 2336 bene
1770 2314 1873 2342 operari,
1886 2314 1926 2336 sed
1940 2314 2009 2336 ctiam

1164 2355 1197 2376 esi
1214 2353 1273 2376 bene
1291 2358 1405 2382 011011171ος
1424 2353 1477 2381 quia
1494 2353 1568 2375 virtus
1585 2353 1678 2375 inclinat
1694 2353 1723 2375 ad
1741 2352 1825 2375 bonam
1838 2353 1994 2380 operationem
2005 2371 2010 2381 ,

1164 2394 1222 2415 sicut
1239 2395 1259 2414 ct
1277 2395 1373 2419 natura;
1391 2398 1428 2414 ars
1445 2394 1521 2413 autem
1539 2392 1586 2413 sola
1605 2392 1656 2413 tacit
1673 2392 1827 2419 cognitionem
1846 2392 1918 2413 solam
1937 2391 2010 2414 bonae

1164 2432 1310 2460 operationis.
1329 2431 1393 2453 Unde
1410 2431 1545 2459 relinquitur
1563 2436 1577 2453 a
1594 2430 1698 2458 minori,
1718 2430 1781 2459 quod
1793 2431 1876 2458 virtus,
1895 2437 1954 2459 quae
1976 2432 2009 2453 est

1164 2471 1246 2493 melior
1263 2473 1323 2499 arte,
1341 2471 1369 2492 sit
1386 2470 1532 2492 coniectatrix
1550 2469 1627 2491 medii.

1226 2509 1236 2524 ⁶
1254 2509 1326 2532 Codd.
1345 2508 1391 2531 110
1409 2507 1531 2538 quamdiu.

1226 2549 1236 2563 ⁷
1254 2548 1309 2579 Edd.
1328 2552 1350 2570 et
1366 2548 1429 2569 multi
1449 2547 1516 2569 codd.
1534 2553 1657 2575 perperam
1675 2546 1699 2569 in
1717 2546 1812 2577 infideli.

1227 2587 1236 2601 s
1254 2588 1300 2609 Non
1319 2592 1437 2614 expresse,
1450 2585 1490 2608 sed
1503 2586 1664 2608 sententialiter
1676 2587 1697 2607 in
1711 2586 1807 2613 Metaph.
1827 2586 1849 2607 11.
1862 2589 1913 2608 text.
1930 2586 1963 2608 16.
1979 2585 2009 2614 (1.

1163 2627 1269 2654 brevior,
1287 2632 1305 2649 c.
1324 2626 1363 2654 3.),
1382 2625 1420 2647 ubi
1439 2625 1506 2647 dicit:
1523 2633 1533 2645 ιι
1546 2625 1709 2648 Cei-titudinem
1727 2632 1783 2647 vero
1796 2626 1908 2647 sermonis
1926 2626 2010 2647 mathe-

1164 2667 1270 2688 maticam
1289 2672 1332 2687 non
1351 2667 1441 2692 oportet
1458 2666 1479 2686 in
1498 2666 1585 2687 cunctis
1603 2671 1726 2693 quaerere,
1745 2664 1785 2687 sed
1803 2665 1824 2686 in
1837 2665 1877 2693 ‘his
1888 2670 1947 2693 quae
1965 2670 2009 2686 non

1164 2705 1249 2727 habent
1275 2705 1423 2726 materiam».
1451 2703 1541 2731 Quibus
1565 2703 1643 2726 verbis
1666 2703 1794 2725 secundum
1817 2706 2010 2725 commentatores

1164 2744 1312 2771 (Averroem,
1331 2743 1353 2764 B.
1372 2742 1464 2769 Aibert.⁷
1482 2742 1503 2764 S.
1522 2742 1613 2770 Thom.,
1631 2742 1734 2770 Scotum)
1750 2741 1853 2768 docetur,
1866 2741 1894 2763 de
1911 2742 1938 2763 iis
1950 2746 2009 2768 quae

1164 2783 1282 2804 materiam
1301 2781 1385 2803 liabent
1402 2781 1623 2810 consideranturque
1640 2788 1652 2803 a
1676 2782 1782 2809 physica,
1806 2787 1833 2803 eo
1857 2780 1919 2809 quod
1938 2780 2009 2802 motui

1164 2826 1186 2844 01
1212 2822 1392 2844 transmutationi
1419 2820 1520 2843 subiecta
1544 2822 1598 2849 sint,
1626 2821 1784 2843 certitudinem
1808 2819 1941 2841 omnimode
1964 2825 2009 2841 non

1164 2867 1232 2889 posse
1251 2860 1340 2887 haberi3
1359 2866 1434 2888 neque
1451 2860 1480 2882 de
1496 2859 1696 2887 immaterialibus,
1715 2859 1765 2881 licet
1782 2859 1826 2880 sint
1843 2858 1969 2880 certissima
1986 2859 2008 2880 in

1164 2906 1200 2927 se⁷
1218 2899 1335 2921 scientiam
1354 2898 1420 2926 plane
1438 2902 1523 2920 00110111
1541 2898 1619 2920 haberi
1637 2903 1704 2925 posse
1727 2899 1820 2924 propter
1841 2896 1956 2918 desectum
1978 2896 2009 2918 in-

1164 2939 1265 2961 tellectus
1283 2939 1364 2965 nostri;
1383 2937 1411 2959 de
1429 2938 1594 2959 mathematicis
1611 2938 1686 2958 autem
1699 2935 1781 2962 rebus,
1795 2938 1873 2962 utpote
1891 2942 1902 2957 a
1915 2936 2008 2957 materia

1164 2978 1283 3000 abstractis
1309 2980 1330 2999 et
1355 2978 1492 2999 intellectum
1518 2979 1620 2998 nostrum
1647 2981 1691 2996 non
1717 2974 1897 3002 excedentibus,
1929 2974 2008 2996 haberi
