2166 3366
773 189 856 217 DIST.
878 189 920 217 Vl.
942 189 1014 217 ΛΒΤ.
1037 189 1054 216 Ι.
1076 189 1210 225 QUAEST.
1234 189 1262 217 lt.
1833 192 1887 220 ⁴153

458 274 668 295 CONCLUSIO.

196 360 329 388 Persona
352 359 463 388 Christi
481 368 538 387 rnon
559 363 600 387 est
620 360 796 396 composita,
815 360 937 397 proprie

223 406 378 444 loquendo,
404 406 454 434 secl
474 409 588 434 tcwttttm
610 406 639 434 in
661 415 748 434 sensit
770 406 908 443 lctryiore.

223 499 399 528 Rssrormno:
421 499 592 534 Dicendum,
613 499 688 536 quod
710 500 877 536 compositio
899 500 988 537 dupli-

28 555 134 574 nanneno.
144 545 213 574 citer
233 548 322 582 potest
343 545 405 573 dici.
429 545 486 573 Uno
507 545 590 573 modo
615 546 736 582 proprie
756 546 858 574 dicitur
880 554 988 583 compo-

145 591 206 620 sitio
234 591 300 619 unio
328 591 486 628 aliquorum
515 591 636 620 duorum
665 592 826 621 habentium
859 596 985 621 mutuam

144 638 347 666 inclinationem
370 638 405 666 ad
424 638 647 667 constitutionem
670 639 750 667 tertii.
774 639 804 667 Et
825 639 877 667 hoc
893 639 987 673 modo,

6 695 130 714 concinsioi.
144 684 215 712 sicut
236 684 356 712 rationes
377 684 539 719 ostendunt,
560 692 679 722 persona
700 685 801 713 Christi
824 693 876 713 non
899 688 988 722 potest

144 730 197 758 dici
226 730 378 766 composita
394 730 412 758 ¹.
434 731 519 759 Multa
547 731 620 759 enim
649 734 834 768 sequerentur
863 732 988 760 inconve-

143 776 258 809 mentia,
280 776 408 805 videlicet
423 777 497 814 quod
520 785 638 814 persona
653 778 700 806 illa
721 781 794 806 esset
815 781 944 811 mutata,
960 781 987 806 et

143 823 217 860 quod
239 827 312 852 esset
333 822 517 861 imperfecta,
539 828 566 853 et
592 825 667 861 quod
696 828 768 853 esset
790 824 987 861 temporaliter

143 871 173 899 in
195 879 254 899 esse
273 871 436 908 producta,
458 874 484 899 et
506 871 580 908 quod
602 872 684 900 etiam
713 880 772 899 noti
793 871 988 899 communica-

142 921 246 946 rentur
268 918 419 947 idiomata.
447 918 477 946 Et
498 918 560 947 ideo
582 919 634 947 hoc
663 918 744 947 modo
766 918 874 952 dicere,
897 926 988 954 perso-

143 972 207 993 nam
228 965 330 994 Christi
352 972 413 994 esse
428 965 622 1002 compositam,
643 973 697 993 non
717 968 826 993 tantum
847 968 920 993 esset
941 965 988 993 fal-

144 1019 223 1045 sum,
244 1020 344 1041 verum
366 1012 447 1040 etiam
470 1015 542 1040 esset
563 1012 744 1040 haereticum.

222 1059 279 1087 Atio
300 1059 382 1087 modo
404 1058 506 1087 dicitur
527 1058 689 1095 compositio
711 1058 792 1096 tarye
818 1059 988 1087 simul-cum-

143 1105 326 1142 alio-positi03
353 1108 381 1133 et
401 1106 440 1134 sic
461 1105 615 1142 personalis
635 1106 702 1134 unio
731 1108 819 1142 potest
840 1105 892 1134 dici
916 1114 988 1134 com-

14 1160 99 1187 sepupda
111 1166 131 1179 0-
143 1151 243 1189 positio
255 1151 274 1179 ².
297 1151 327 1179 Et
348 1159 398 1188 per
420 1151 494 1180 hunc
515 1151 629 1180 modum
652 1152 761 1180 dicebat
781 1152 910 1180 secunda
932 1153 987 1189 opi-

26 1189 84 1208 p'¹³¹⁰'
143 1199 204 1233 nio,
232 1206 378 1235 personam
401 1198 503 1227 Christi
531 1206 591 1227 esse
618 1199 815 1235 compositam,
841 1207 895 1227 non
921 1199 987 1236 quia

142 1245 203 1281 ipsa
231 1245 266 1273 sit
296 1253 332 1273 ex
354 1244 484 1281 pluribus
515 1244 623 1273 naturis
648 1245 812 1279 constituta,
844 1245 892 1274 sed
921 1245 987 1283 quia

143 1299 262 1328 persona
283 1291 330 1320 illa
350 1294 417 1320 ante
438 1291 654 1320 incarnationem
676 1292 851 1328 suppositum
874 1295 934 1320 erat
959 1293 985 1320 in

143 1346 199 1367 una
226 1341 326 1366 natura
358 1338 492 1375 simplici;
523 1341 588 1375 post
618 1338 835 1367 incarnationem
867 1347 986 1376 persona

142 1386 318 1424 suppositum
339 1385 391 1414 fuit
412 1385 522 1414 divinae
537 1389 653 1414 naturae
674 1388 701 1413 et
716 1386 869 1420 humanae,
892 1389 919 1415 et
934 1387 986 1416 hoc

142 1434 248 1471 absque
269 1433 327 1461 ulla
347 1432 500 1461 mutatione
521 1432 589 1461 facta
614 1433 639 1460 iu
663 1432 737 1469 ipsa,
759 1433 808 1461 sed
837 1433 927 1462 solum
950 1442 984 1463 ex

142 1484 221 1518 parte
236 1480 375 1508 humanae
390 1483 520 1513 naturae,
534 1479 606 1508 sicut
626 1482 768 1508 ostensum
784 1480 835 1508 suit
853 1481 880 1508 in
895 1481 986 1517 prima

143 1527 318 1556 distinctione
339 1526 424 1555 huius
446 1526 509 1554 libri
526 1525 545 1553 ³.
571 1526 602 1554 Et
624 1525 685 1554 ideo
706 1526 798 1562 opinio
820 1526 886 1561 ista,
914 1535 986 1564 quae

3 1586 128 1606 emmam,
143 1573 266 1607 dicebat,
293 1581 441 1610 personam
462 1572 563 1601 Christi
593 1572 677 1601 fuisse
699 1574 894 1610 compositam,
920 1582 986 1603 vera

143 1620 236 1649 fuitei
257 1628 354 1649 sanum
369 1619 468 1648 habuit
489 1619 800 1656 intellectum—Quia
821 1624 913 1649 tamen
928 1629 987 1649 ver-

144 1668 212 1696 bum
233 1666 429 1695 calumniabile
456 1668 512 1700 est,
538 1674 589 1702 pro
614 1674 646 1694 eo
667 1667 741 1703 quod
771 1667 986 1704 eon'zpositionis

143 1714 311 1743 vocabulum
334 1713 477 1742 consuevit
504 1713 590 1750 accipi
619 1713 710 1750 primo
731 1713 829 1748 modo;
852 1714 914 1742 ideo
942 1715 987 1743 do-

3 1764 234 1793 eoactus103.CtOI'OS
258 1759 412 1797 praesentis
439 1759 572 1795 temporis
599 1768 716 1787 sensum
738 1759 823 1788 huius
849 1760 986 1797 opinionis

144 1807 277 1841 retinent,
309 1806 479 1835 declinantes
508 1806 715 1843 compositionis
746 1806 928 1834 vocabulum.
957 1807 985 1835 ln

142 1861 262 1890 persona
282 1853 356 1881 enim
378 1852 477 1881 Christi
500 1861 554 1881 non
570 1856 611 1881 est
632 1853 794 1889 compositio
814 1853 934 1890 proprie
949 1854 987 1882 di-

143 1904 194 1929 cta.
209 1916 248 1921 --
263 1900 339 1929 Unde
360 1899 552 1928 concedendae
573 1903 638 1928 sunt
659 1900 792 1934 rationes,
814 1908 886 1936 quae
908 1900 987 1929 indu-

143 1950 203 1975 ctae
223 1949 289 1975 sunt
308 1946 343 1974 ad
365 1945 446 1975 istam
467 1949 586 1983 partem.

225 1994 249 2021 1.
270 1992 309 2021 Ad
332 1992 398 2021 illud
422 2000 489 2021 vero
514 1993 588 2030 quod
609 1993 739 2022 obiicitur
764 1992 791 2020 in
813 1993 985 2021 contrarium

15 2048 86 2075 sineno
98 2053 131 2071 op·
143 2039 179 2068 de
205 2039 369 2068 auctoritate
396 2039 533 2076 Symboli,
562 2039 730 2073 dicendum,
759 2039 834 2076 quod
862 2048 916 2068 non
945 2043 987 2068 est

15 2074 128 2121 ζῗίζζὲᾚ
144 2086 304 2115 omnimoda
324 2085 478 2114 similitudo
491 2085 563 2114 inter
583 2085 704 2114 animam
725 2089 752 2114 et
767 2093 892 2121 carnem,
907 2089 934 2114 et
948 2086 986 2114 di-

142 2133 285 2161 vinitatem
306 2135 333 2161 et
354 2132 564 2161 humanitatem.
590 2132 647 2160 Non
669 2133 741 2160 enim
771 2136 812 2161 est
833 2133 987 2161 similitudo

143 2183 279 2217 quantum
300 2179 335 2208 ad
357 2182 549 2208 extremorum
571 2179 813 2216 compositionem,
835 2180 883 2208 sed
903 2188 987 2217 quan-

144 2230 202 2254 tum
225 2226 259 2254 ad
286 2226 351 2260 hoc,
372 2226 447 2263 quod
461 2225 470 2238 ⁴
492 2226 584 2254 anima
612 2229 639 2254 et
666 2234 731 2254 caro
758 2230 930 2255 concurrunt
950 2227 985 2255 ad

1045 267 1180 295 unitatem
1203 275 1349 304 personae:
1372 267 1410 295 sic
1432 268 1514 296 etiam
1537 268 1667 297 divinitas
1682 272 1709 297 et
1731 269 1889 298 humanitas

1045 314 1071 341 in
1094 314 1203 342 Christo
1225 314 1250 342 in
1274 314 1406 342 unitatem
1430 322 1565 351 personae
1587 319 1770 349 concurrunt,
1796 324 1890 352 quam-

1044 361 1086 389 vis
1108 361 1159 389 hoc
1182 360 1229 389 siat
1250 360 1303 389 alio
1324 364 1351 389 et
1372 361 1425 388 alio
1448 361 1537 389 modo.

1123 409 1149 435 2.
1170 407 1209 436 Ad
1225 407 1294 436 illud
1315 408 1388 444 quod
1405 407 1535 436 obiicitur
1556 408 1590 436 de
1609 409 1772 437 auctoritate
1794 409 1890 437 Dama-

1045 454 1132 488 sceni,
1153 454 1319 488 dicendum,
1341 454 1415 490 quod
1439 454 1627 483 Damascenus
1655 463 1709 483 non
1731 455 1830 492 accipit
1852 456 1888 484 ihi

1041 501 1163 538 proprie
1183 501 1422 537 compositionem,
1444 501 1491 529 sed
1515 501 1604 538 lctrgye.
1628 502 1703 530 Unde
1721 505 1748 530 et
1768 502 1887 531 verbum

1045 556 1128 576 suum
1157 550 1266 584 oportet
1292 555 1448 584 exponere,
1470 549 1536 585 quia
1565 548 1681 577 sortasse
1702 557 1756 577 non
1783 549 1819 577 ita
1841 549 2015 578 ini-Notandum.

1045 594 1157 631 proprie
1172 597 1250 622 sonat
1265 594 1291 622 in
1314 594 1409 631 lingua
1424 595 1541 627 Graeca,
1564 595 1635 623 sicut
1651 595 1677 623 in
1694 596 1795 624 Latina.
1812 596 1889 625 Unde

1044 641 1147 669 dicitur
1167 641 1323 677 hypostasis
1339 641 1490 677 composita
1511 649 1546 669 ex
1562 642 1673 670 duabus
1692 644 1812 677 naturis,
1834 651 1888 671 non

1045 687 1110 724 quia
1124 695 1158 715 ex
1173 687 1231 715 illis
1246 687 1362 715 dnobus
1376 687 1416 715 sit
1430 688 1600 721 constituta,
1614 689 1661 717 sed
1679 689 1744 725 quia
1759 690 1785 717 in
1802 698 1890 718 sacra-

1046 736 1138 761 mento
1159 733 1357 761 incarnationis
1378 733 1480 762 sactum
1504 737 1558 768 est,
1581 738 1612 763 ut
1634 735 1802 771 hypostasis,
1818 745 1889 773 quae

1045 783 1105 808 erat
1136 780 1188 809 sub
1217 788 1272 808 una
1301 783 1409 808 tantum
1430 784 1545 815 natura,
1575 781 1606 809 in
1628 782 1766 809 ditabit-§⁸⁵
1788 786 1815 811 et
1836 783 1890 811 sub

1044 827 1161 855 ditabit-s·
1181 826 1286 863 fieret,-
1306 827 1381 855 unde
1404 828 1491 864 magis
1513 828 1625 865 proprie
1647 828 1749 857 dicitur
1765 829 1891 866 hyposta-

1045 874 1082 902 sis
1104 881 1164 902 esse
1179 873 1209 901 in
1224 873 1335 901 duahus
1357 874 1464 902 naturis
1484 882 1569 911 quam
1591 883 1625 902 ex
1647 874 1758 904 duabus
1773 877 1888 905 naturis.

1124 920 1149 948 3.
1171 920 1210 948 Ad
1225 920 1295 948 illud
1311 920 1385 957 quod
1407 920 1550 955 obiicitur,
1565 922 1639 958 qnod
1661 922 1816 951 intellectus
1831 931 1891 959 per-

1044 974 1128 995 sonae
1149 967 1350 1003 praesupponit
1362 967 1371 980 ⁶
1389 967 1558 995 intellectum
1576 971 1691 997 naturae
1698 980 1705 1002 ;
1727 969 1889 1005 dicendum,

1045 1013 1119 1050 quod
1142 1021 1241 1042 verum
1263 1016 1304 1041 est
1325 1013 1360 1042 de
1381 1017 1496 1047 natura,
1518 1022 1590 1051 quae
1612 1015 1659 1043 dat
1677 1015 1809 1052 primum
1832 1025 1890 1045 esse

1044 1068 1192 1097 personae,
1214 1064 1241 1088 et
1262 1060 1324 1088 talis
1346 1064 1386 1089 est
1408 1061 1502 1089 divina
1522 1065 1622 1089 natura
1649 1066 1777 1098 respectu
1800 1072 1890 1100 perso-

1044 1115 1095 1135 nae
1117 1106 1226 1135 Christi.
1251 1107 1280 1135 Et
1302 1111 1465 1144 propterea,
1491 1108 1620 1144 quamvis
1644 1112 1745 1137 natura
1767 1110 1890 1138 humana

1044 1154 1078 1183 sit
1100 1154 1263 1190 composita.
1284 1162 1337 1182 non
1361 1155 1503 1191 sequitur,
1523 1156 1596 1192 quod
1621 1159 1734 1192 propter
1757 1157 1807 1185 hoc
1829 1165 1887 1193 per-

1045 1208 1112 1228 sona
1132 1200 1233 1228 Christi
1256 1200 1482 1236 compositionem
1506 1201 1614 1230 haheat.

1123 1247 1149 1275 li.
1171 1247 1209 1275 Ad
1238 1247 1308 1275 illud
1330 1247 1404 1284 quod
1434 1248 1580 1283 obiicitur,
1608 1249 1682 1285 quod
1712 1249 1734 1278 si
1763 1250 1890 1280 Christus

1044 1296 1116 1324 esset
1137 1293 1228 1322 solum
1250 1301 1285 1322 ex
1308 1294 1400 1322 anima
1415 1297 1442 1322 et
1463 1302 1559 1329 carne,
1582 1295 1696 1324 haberet
1719 1297 1888 1333 hypostasim

1044 1340 1240 1377 compositam3
1263 1340 1425 1370 dicendum.
1447 1341 1522 1378 quod
1544 1350 1641 1370 verum
1658 1346 1714 1377 est,
1736 1344 1801 1380 quia
1825 1347 1889 1373 tunc

1044 1387 1160 1415 haberet
1184 1387 1317 1424 primam
1343 1396 1402 1415 esse
1429 1388 1585 1424 hypostasis
1613 1389 1673 1417 eius
1700 1398 1736 1418 ex
1766 1390 1889 1420 humana

1043 1437 1156 1467 natura,
1171 1441 1242 1470 quae
1263 1433 1377 1470 quidem
1393 1435 1544 1471 composita
1565 1439 1614 1464 est.
1629 1436 1707 1465 Nunc
1722 1440 1814 1465 autem
1834 1446 1888 1466 non

1043 1484 1085 1509 est
1106 1480 1208 1514 simile,
1230 1480 1295 1517 quia
1316 1488 1434 1517 persona
1455 1481 1556 1509 Christi
1579 1490 1661 1510 suum
1677 1492 1736 1511 esse
1754 1484 1888 1520 primum

1043 1527 1127 1555 hahet
1148 1535 1185 1556 ex
1213 1527 1307 1555 divina
1334 1531 1450 1561 natura,
1479 1536 1551 1565 quae
1572 1529 1685 1566 quidem
1715 1534 1756 1559 est
1777 1531 1889 1560 omnino

1043 1574 1255 1611 simplicissima.
1289 1574 1319 1602 Et
1347 1574 1408 1603 ideo
1438 1575 1560 1604 humana
1594 1579 1694 1605 natura
1722 1579 1889 1614 superadve-

1043 1621 1134 1655 niens,
1156 1620 1228 1649 sicut
1255 1628 1310 1648 non
1338 1620 1386 1649 dat
1408 1629 1541 1657 personae
1569 1630 1628 1650 esse
1652 1624 1822 1659 personale,
1850 1626 1888 1654 sic

1043 1676 1098 1696 non
1120 1667 1198 1701 facit,
1220 1675 1281 1695 eam
1303 1675 1363 1696 esse
1385 1668 1582 1704 compositam.

1123 1715 1148 1742 5.
1170 1714 1208 1742 Ad
1230 1714 1301 1742 illud
1329 1714 1404 1750 quod
1426 1715 1569 1749 obiicitur,
1602 1717 1677 1753 quod
1699 1717 1826 1747 Christus
1848 1722 1889 1748 est

1043 1761 1127 1789 homo
1148 1761 1334 1798 compositus;
1356 1761 1519 1796 dicendum,
1541 1763 1615 1799 quod
1638 1771 1737 1792 verum
1763 1768 1817 1800 est;
1839 1766 1887 1795 sed

1043 1808 1117 1845 quod
1139 1807 1296 1844 subiungit,
1317 1808 1391 1844 qnod
1415 1806 1498 1836 ltonio
1521 1810 1698 1845 praedicatur
1721 1812 1827 1840 ratione
1842 1813 1889 1849 hy-

1043 1855 1176 1892 postasis;
1204 1854 1367 1889 dicendum,
1396 1855 1471 1892 quod
1493 1856 1514 1884 si
1546 1856 1582 1884 ita
1608 1856 1790 1894 intelligatur,
1813 1860 1887 1896 quod
1903 1866 2016 1884 Notandum.

1043 1901 1126 1929 homo
1148 1901 1174 1929 in
1198 1901 1356 1938 praedicato
1385 1902 1490 1931 ratione
1512 1902 1669 1939 hypostasis
1696 1906 1888 1942 praedicetur,

1043 1947 1187 1981 veritatem
1210 1956 1263 1975 nou
1286 1947 1385 1981 hahet;
1412 1949 1478 1985 quia
1500 1949 1656 1978 secundum
1682 1951 1807 1987 regulam
1831 1952 1890 1980 Phi-

1043 1994 1150 2031 losophi
1164 1995 1183 2029 ⁷,
1199 1995 1327 2032 quamvis
1350 1995 1486 2024 terminus
1502 1996 1681 2025 subiiciatar
1703 1998 1808 2027 ratione
1822 2008 1888 2036 sup-

1040 2041 1142 2078 positi,
1155 2041 1351 2078 praedicatur
1367 2041 1471 2070 ratione
1485 2041 1617 2079 formae,-
1631 2047 1658 2072 et
1673 2044 1734 2072 ideo
1750 2045 1801 2073 hoc
1816 2045 1887 2074 adie-

1043 2088 1148 2116 ctivum
1170 2088 1345 2124 compositus
1360 2088 1433 2117 circa
1454 2088 1536 2117 istum
1555 2090 1704 2118 terminum
1727 2090 1810 2119 homo
1833 2101 1886 2121 non

1043 2133 1167 2162 nominat
1182 2134 1408 2170 compositionem
1424 2139 1561 2171 quantum
1577 2135 1611 2163 ad
1627 2137 1823 2173 suppositam.
1839 2139 1888 2167 sed

1044 2184 1179 2217 quantum
1205 2180 1240 2208 ad
1266 2179 1405 2217 formam.
1434 2181 1464 2209 Et
1485 2185 1632 2218 propterea
1660 2191 1713 2211 non
1736 2186 1825 2220 potest
1852 2192 1888 2213 ex

1045 2227 1096 2256 hoc
1118 2227 1226 2262 inferri,
1248 2228 1322 2264 qnod
1344 2236 1462 2264 persona
1483 2228 1583 2257 Christi
1606 2230 1640 2257 sit
1662 2230 1839 2267 compositam

884 2317 1144 2353 SGHOLION.

208 2406 221 2428 1.
240 2406 300 2428 Haec
317 2407 419 2435 quaestio
437 2407 504 2429 solvit
522 2406 618 2429 dubium
637 2406 701 2435 illud,
720 2409 797 2429 utrum
814 2409 837 2429 et
854 2414 900 2436 quo
918 2413 986 2431 sensu

144 2444 269 2472 approbari
281 2445 368 2472 possint
384 2444 454 2467 verba
467 2445 561 2467 secundi
574 2446 661 2467 articuli
674 2445 788 2467 secundae
806 2446 919 2473 opinionis
937 2445 985 2471 (cfr.

145 2489 214 2510 snpra
234 2483 364 2505 Praenotata
383 2487 433 2511 post
451 2483 588 2506 divisionem
605 2485 701 2512 temtus),
721 2484 784 2512 quod
802 2490 898 2512 persona
918 2484 986 2506 Verbi

145 2524 197 2550 post
222 2522 398 2544 incarnationem
424 2522 480 2544 sacta
499 2523 526 2544 sit
543 2521 678 2551 composita.
701 2521 792 2544 Constat
810 2524 901 2548 tattoni,
924 2521 986 2550 quod

145 2560 281 2590 compositio
300 2561 320 2582 in
339 2561 375 2582 illo
392 2564 455 2587 ente,
473 2561 536 2589 quod
553 2563 649 2582 vocatur
661 2560 775 2586 Christus,
792 2563 826 2582 cst
839 2566 933 2587 prorsus
945 2561 987 2581 sin-

146 2600 243 2627 gularis,
262 2603 283 2621 ct
300 2599 362 2628 quod
386 2604 489 2627 respui-tu
506 2605 621 2628 personne
639 2598 730 2621 'livinae
749 2600 783 2621 hit:
801 2600 911 2621 terminus
929 2605 966 2626 pm
974 2600 988 2620 i-

1043 2407 1146 2429 ficandus
1163 2410 1197 2429 est
1214 2407 1243 2429 ab
1260 2408 1302 2429 illis
1320 2407 1543 2435 imperfectionibus,
1562 2415 1621 2437 qnae
1639 2409 1745 2437 propriae
1758 2411 1779 2431 ot
1792 2411 1886 2432 naturali

1043 2446 1202 2473 compositioni
1227 2446 1352 2467 inhaerent.
1375 2446 1430 2468 Hinc
1447 2447 1533 2474 antiqui
1554 2447 1655 2474 magistri
1674 2447 1788 2470 evitabant
1806 2448 1886 2471 Christi

1040 2489 1169 2512 personam
1186 2485 1304 2506 nominare
1328 2484 1424 2513 proprie
1446 2485 1616 2514 compositam,
1638 2492 1678 2508 nec
1696 2488 1885 2514 compositionem

1044 2522 1193 2544 admittebant
1210 2523 1250 2545 nisi
1272 2531 1282 2543 «ι
1296 2524 1317 2544 in
1335 2530 1402 2545 sonsu
1421 2524 1484 2552 largo
1499 2532 1517 2552 u,
1536 2524 1558 2546 id
1576 2528 1620 2552 est⁷
1634 2528 1658 2547 ut
1669 2529 1697 2547 sit
1709 2527 1843 2553 compositio
1855 2526 1888 2549 ad

1044 2560 1087 2583 hor
1112 2561 1160 2582 sive
1178 2567 1231 2584 cum
1249 2560 1300 2589 ltoc,
1321 2568 1364 2583 non
1382 2563 1517 2590 compositio
1534 2568 1564 2585 [Ὦς
1581 2562 1624 2585 Itis.
1649 2564 1755 2586 Similiter
1774 2565 1887 2592 pracfere-

1045 2599 1099 2621 bant
1115 2599 1203 2628 dicero,
1222 2601 1363 2628 hypostasim
1381 2600 1461 2623 Christi
1479 2607 1529 2623 osse
1548 2601 1572 2623 in
1590 2601 1681 2623 duabus
1697 2603 1794 2629 naturis,
1816 2609 1885 2632 quam

209 2724 214 2738 ¹
234 2724 289 2746 Cod.
307 2724 322 2745 F
339 2723 385 2747 (lici
400 2730 448 2746 esse
466 2723 599 2752 composita.

208 2763 217 2777 ἵ
234 2763 278 2785 Cir.
297 2764 415 2791 Dainasc.‚
435 2763 564 2791 Dialia-tiva,
583 2770 602 2785 ε’.
620 2763 656 2785 65.
674 2770 722 2792 qu.
740 2776 770 2779 —-
788 2764 829 2786 l‘ro
846 2763 919 2786 simut
936 2763 986 2786 cod.

146 2802 163 2824 U
180 2801 272 2825 scilicet.

208 2840 217 2855 ³
234 2842 279 2863 Art.
301 2841 319 2862 l.
337 2848 359 2869 q.
381 2841 400 2863 1,

209 2878 217 2893 ⁴
234 2879 289 2901 (lod.
308 2879 324 2901 U
342 2879 431 2902 subiicit
449 2879 516 2902 sicat.
540 2880 588 2901 Mox
607 2886 648 2907 pro
665 2879 697 2902 nd
720 2879 832 2902 unitatem.
859 2880 909 2902 coil.
928 2881 944 2902 A
963 2880 987 2902 in

146 2917 267 2940 unitatem.

208 2957 218 2971 ⁵
237 2958 284 2979 Vnt.
302 2957 378 2979 adiicit
394 2958 458 2980 esset.
477 2958 578 2979 Subinde
597 2964 639 2985 pro
655 2959 676 2979 rt
693 2957 736 2980 suh
753 2957 803 2980 rod,
823 2958 838 2980 U
856 2957 903 2980 siri·
920 2957 970 2980 suli.

273 3006 298 3030 S.
315 3007 403 3030 Bomio.
421 3020 452 3024 —
469 3008 535 3030 Tom.
554 3008 584 3030 tlt.

1105 2725 1115 2740 θ
1133 2725 1204 2747 Codd.
1223 2726 1238 2747 Α
1249 2725 1264 2747 F
1273 2726 1291 2747 G
1301 2726 1318 2747 ll
1329 2726 1334 2746 l
1346 2726 1360 2747 L
1370 2726 1386 2747 Ν
1398 2726 1416 2747 Τ
1428 2726 1444 2747 U
1462 2732 1487 2748 aa
1505 2725 1623 2755 supponit.

1105 2764 1114 2779 ⁷
1132 2765 1153 2786 ln
1172 2764 1229 2787 libro
1247 2764 1275 2786 (le
1293 2765 1439 2793 praedicatur,
1458 2772 1476 2787 c.
1495 2765 1522 2788 dt·
1539 2765 1689 2794 Sntmcanlin,
1706 2766 1783 2794 doct-t,
1802 2766 1830 2789 do
1843 2768 1885 2795 pri-

1045 2804 1087 2824 mis
1104 2803 1235 2825 substantiis
1252 2803 1300 2825 sive
1317 2804 1442 2830 suppositis
1461 2804 1616 2831 pi·.·1cdi‹·atum
1640 2804 1683 2826 dici
1701 2805 1828 2827 sommium
1847 2812 1883 2827 no-

1045 2848 1095 2863 mon
1114 2845 1135 2864 et
1153 2842 1270 2864 rationom.
1290 2842 1310 2863 ln
1330 2843 1344 2863 l.
1363 2842 1484 2864 l'orihorm.
1503 2849 1521 2864 c.
1540 2842 1561 2864 Ξῖ.
1581 2843 1608 2868 (c.
1626 2843 1658 2871 7.)
1677 2844 1822 2871 reprehendit
1835 2851 1884 2871 pro-

1044 2881 1191 2908 positionem:
1209 2882 1283 2902 omnis
1301 2882 1369 2903 honio
1387 2885 1420 2904 ost
1445 2888 1513 2903 onitin
1539 2883 1629 2904 animal.
1650 2895 1679 2898 —
1697 2883 1765 2905 l‘aulo
1791 2884 1884 2905 insi-rius

1045 2923 1095 2948 post
1109 2919 1263 2949 pramlt'ralur
1280 2921 1332 2942 odd,
1350 2920 1451 2943 sulnlunt
1469 2922 1553 2943 Ιαιιιυη.

1730 3012 1758 3033 ‘20
