2166 3366
149 1688 161 1705 Α
166 1691 203 1709 rgg.

135 1712 187 1736 parte
203 1711 220 1727 al
226 1710 252 1728 ‘r-

136 1736 211 1752 malim.

945 166 1197 195 SENTENTIARUM
1218 166 1278 194 LIB.
1301 167 1340 194 111.

1012 295 1274 332 SOHOLION.

329 400 343 421 Ι.
363 399 469 421 Nonnulli
496 399 602 421 haeretici
629 398 850 426 blasphemaverunt
872 398 983 426 dicentes⁷
999 398 1115 421 Christum

267 439 323 461 actu
340 444 460 466 peccasse;
479 437 541 466 quod
559 437 678 459 manifeste
696 440 730 459 est
748 440 826 459 contra
848 443 865 459 5,
885 438 1035 465 scripturam.
1054 438 1117 459 Insu-

267 484 308 506 per
318 478 411 499 omnino
422 476 545 499 tenendum
559 480 598 504 est,
612 476 726 499 Christum
739 477 809 498 fuisse
822 476 926 498 absolute
934 475 1114 505 impeccabilem.

266 517 314 538 Iloc
330 516 413 538 docent
430 517 583 538 communiter
600 516 706 544 theologi,
725 516 758 538 Ss.
773 516 849 538 Patres
866 518 888 537 et
899 515 983 538 Concil.
1003 516 1038 537 Vl.
1050 522 1116 537 oecu-

266 561 326 577 men.
345 554 525 584 (Constantinop.
543 555 575 576 111.
593 561 628 576 an.
647 554 709 583 680),
738 554 776 576 ubi
802 555 859 576 inter
886 554 928 576 alia
946 557 1023 576 contra
1042 554 1116 576 Mono-

266 595 355 616 thelitas
373 594 466 622 dicitur,
484 595 505 616 in
524 593 613 616 Christo
626 600 676 616 esse
692 593 770 615 «duas
788 594 902 615 naturales
914 594 1052 621 voluntates⁷
1071 599 1116 615 non

266 634 402 661 contrarias,
420 633 489 660 absit,
509 633 570 655 iuxta
588 633 651 661 quod
676 633 740 660 impii
768 635 915 655 asseruerunt
933 632 1052 660 haeretici,
1075 631 1115 654 sed

266 675 402 701 sequentem
419 673 469 694 eius
486 673 611 694 humanam
629 672 782 700 voluntatem,
809 674 830 694 et
848 678 892 693 non
919 672 1061 693 resistentem
1080 671 1116 693 vel

266 712 427 740 reluctantem,
447 712 487 734 sed
507 712 584 740 potius
599 714 621 734 et
638 711 764 734 subiectam
783 712 875 733 divinae
893 712 942 733 eius
960 713 1028 739 atque
1046 711 1117 733 omni-

266 752 352 779 potenti
370 752 511 773 voluntati».
531 751 556 772 Et
574 751 680 772 inferius:
701 751 782 773 «Sicut
795 751 856 772 enim
873 751 922 772 eius
940 756 993 772 caro
1005 756 1058 772 caro
1077 749 1116 771 Dei

267 790 336 813 Verbi
354 790 447 819 dicitur,
465 791 494 812 ita
513 793 535 812 et
553 790 661 812 naturalis
678 791 752 812 carnis
770 790 819 811 eius
838 790 944 811 voluntas
961 788 1060 818 proprio
1077 789 1115 810 Dei

266 829 336 851 Verbi
355 829 437 851 dicitur
449 831 471 851 ct
488 832 540 851 est»
556 832 598 851 etc.
612 829 637 850 Et
649 829 705 850 infra
719 828 813 856 dicitur,
827 828 890 857 quod
903 829 961 850 sicut
973 829 1116 850 sanctissima

265 875 319 891 caro
345 868 426 891 Christi
450 867 557 898 deificata
583 874 628 890 non
654 871 687 890 est
706 870 820 896 peremta,
843 868 892 889 «ita
911 870 932 890 et
949 868 1048 889 humana
1067 868 1116 889 61115

265 908 372 930 voluntas
394 906 501 937 deificata
518 905 616 936 (θέλημα
641 905 729 935 θεωθὲν)
747 913 791 928 non
809 909 843 928 est
860 909 962 934 peremta
974 914 994 928 12.
1012 919 1042 921 —
1059 906 1116 928 Tres

265 950 342 970 autem
364 948 463 970 rationes
486 947 555 969 huius
576 946 772 974 impeccabilitatis
797 946 862 968 affert
884 946 905 968 S.
928 946 1014 967 ssonuv.
1032 951 1116 973 appro-

265 987 330 1009 batas
347 994 358 1009 a
377 987 399 1009 S.
418 987 519 1014 Thoma,
546 987 585 1015 qui
603 986 657 1008 dicit
682 986 727 1013 (hic
747 992 768 1014 q.
796 986 815 1007 2.
835 991 854 1007 a.
878 986 913 1013 1.),
932 985 996 1014 quod
1014 984 1116 1007 Christus

266 1032 307 1048 nec
325 1029 349 1048 ut
365 1025 444 1049 viator
462 1025 501 1052 (ob
520 1025 685 1053 plenitudinem
704 1024 799 1053 gratiae)
818 1030 859 1047 noc
877 1028 900 1047 ut
919 1023 1113 1053 comprehensor,

266 1071 307 1087 nec
325 1067 349 1087 ut
368 1065 429 1087 Deus
456 1065 528 1092 potuit
553 1071 655 1092 peceare.
684 1064 709 1085 Et
735 1070 829 1091 revera,
847 1064 864 1085 si
883 1064 959 1085 divina
978 1069 1074 1091 persona
1094 1064 1114 1085 in

265 1102 354 1125 Christo
373 1109 416 1125 non
436 1106 523 1125 tantum
541 1107 575 1125 est
593 1103 703 1125 terminus
720 1105 742 1124 et
770 1103 908 1130 principium
926 1101 1054 1129 emistencli,
1075 1101 1115 1124 sed

266 1146 287 1165 et
305 1143 443 1170 principium
462 1141 525 1172 (stood
541 1141 666 1171 operandi,
687 1143 735 1170 ipsa
755 1143 808 1163 unio
829 1142 971 1169 hypostatica
992 1142 1116 1163 formaliter

265 1182 365 1204 excludit
382 1181 571 1209 peccabilitatem.
590 1182 646 1203 Hinc
664 1181 723 1203 male
741 1181 804 1203 audit
822 1180 945 1203 Durandus
963 1181 1009 1209 (hic
1027 1187 1048 1209 q.
1068 1181 1114 1208 2.),

266 1221 304 1249 qui
324 1224 398 1248 putat,
417 1221 480 1249 quod
506 1220 618 1247 Christus,
646 1220 698 1242 dato
724 1220 787 1248 quod
816 1220 945 1242 humanitas
969 1220 1018 1241 eius
1037 1220 1116 1241 suisset

265 1265 365 1282 assumta
384 1261 432 1282 sine
450 1261 521 1287 gratia
535 1259 608 1288 (quod
621 1262 697 1281 censet
714 1265 764 1281 esse
777 1259 903 1287 possibile),
923 1262 1001 1286 posset
1019 1264 1115 1286 peccare

1172 401 1194 421 et
1210 399 1278 421 etiam
1296 399 1399 421 damnari
1418 399 1450 427 (l).
1469 399 1514 421 Sed
1532 400 1599 427 haec,
1613 402 1636 422 ut
1648 399 1702 422 dicit
1718 399 1810 427 Dionys.
1824 399 1906 428 Carth„
1923 400 2020 422 «viden-

1173 441 1209 460 tur
1225 444 1321 465 prorsus
1338 438 1438 460 absurda
1449 447 1469 460 n.
1487 439 1559 461 Etiam
1583 439 1664 461 Scotus
1681 444 1703 461 et
1725 439 1817 466 plurimi
1839 440 1889 461 eius
1914 439 2020 467 discipuli

1173 477 1195 498 in
1214 477 1257 499 hoc
1275 477 1385 499 recedunt
1402 477 1431 499 ab
1449 478 1542 505 egregia
1562 477 1665 500 doctrina
1678 478 1825 507 antiquorum
1843 478 1935 500 Ordinis
1952 479 2022 506 Magi-

1174 518 1289 544 strorum,
1306 516 1391 538 scilicet
1403 517 1536 545 Alexandri,
1555 517 1575 539 S.
1591 517 1765 539 Bonarenturae
1781 520 1804 539 et
1819 517 1939 546 Richardi,
1957 517 2022 546 quod

1174 554 1389 582 impeccabilitatem
1407 554 1488 577 Christi
1507 561 1550 577 non
1576 556 1599 577 11
1624 556 1713 578 unionis
1736 557 1903 584 hypostaticae,
1927 556 1968 579 sed
1990 557 2021 578 vi-

1174 594 1245 616 sionis
1262 593 1381 616 beatificae
1398 595 1549 617 necessariam
1573 601 1624 617 esse
1642 598 1749 617 asserant.
1768 595 1873 617 Nonnulli
1890 598 1979 624 tamen,
1997 598 2022 618 ut

1175 632 1280 654 Hauzeur
1306 631 1408 660 (Collatio
1433 637 1474 655 etc.
1500 635 1514 655 t.
1541 633 1563 655 ll.
1590 634 1632 656 col,
1659 634 1711 656 355.
1739 634 1822 663 seqq),
1840 634 1904 656 aliter
1920 638 2021 657 mentem

1174 672 1247 699 ipsius
1264 672 1324 694 Scoti
1342 672 1526 699 interpretantur.

1239 710 1262 732 ll.
1281 711 1342 733 Alex.
1360 710 1416 738 Hah,
1434 711 1456 732 S.
1475 717 1498 738 p.
1516 711 1547 733 111.
1567 717 1589 740 q.
1608 711 1628 733 5.
1648 718 1679 734 m.
1697 712 1717 734 2.
1735 718 1755 734 a.
1768 713 1793 740 2,
1813 719 1834 741 q.
1857 712 1890 734 15.
1908 719 1939 735 m.
1957 713 1978 735 2.
1991 725 2022 729 —-

1174 750 1242 777 scot„
1261 750 1283 771 in
1302 752 1400 778 utroque
1425 750 1515 778 Scripto
1533 751 1569 772 hic
1595 757 1617 779 q.
1638 752 1711 773 unica.
1730 763 1760 766 —
1777 752 1798 773 S.
1817 751 1907 780 Thom.,
1926 753 1962 774 hic
1979 753 2021 775 loc.

1174 789 1221 815 cit.;
1240 789 1262 810 S.
1280 789 1313 810 Ill.
1332 795 1353 817 q.
1377 788 1409 810 15.
1427 795 1447 811 a.
1470 789 1487 811 1.
1506 801 1536 804 -
1554 789 1577 811 B.
1596 789 1689 817 Albert.,
1707 791 1743 812 hic
1760 797 1779 812 a.
1798 790 1819 813 4.
1837 790 1858 812 5.
1876 791 1897 812 6.
1916 803 1946 806 -
1963 791 2021 814 Petr.

1174 835 1185 850 a
1205 828 1265 855 Tar.,
1284 829 1320 850 hic
1337 835 1357 850 a.
1375 829 1395 850 3.
1414 829 1555 856 quaestiunc.
1578 829 1594 851 l.
1610 829 1757 851 —Richard
1771 836 1782 851 a
1795 830 1860 858 Med,
1879 831 1915 852 hic
1927 837 1946 853 a.
1966 831 1987 853 2.
1999 837 2021 860 q.

1178 868 1195 889 1.
1208 880 1237 883 —
1250 867 1343 895 Dionys.
1361 867 1443 895 Carth,
1463 868 1498 889 hic
1515 874 1537 896 q.
1555 868 1576 889 2.

1238 906 1269 928 lll.
1287 905 1345 929 Cum
1363 907 1385 928 in
1403 906 1491 929 Christo
1509 908 1537 929 sit
1560 913 1616 929 vera
1641 907 1747 930 voluntas
1764 908 1876 937 humana,
1894 911 1919 931 ut
1935 911 2023 931 constat

1175 948 1252 967 contra
1270 945 1439 973 Monothelitas,
1452 950 1474 968 et
1486 952 1539 967 cum
1560 946 1667 968 voluntas
1688 947 1787 968 humana
1800 948 1821 968 in
1835 953 1859 969 se
1871 948 2021 977 considerata,

1174 984 1357 1012 praescindendo
1380 984 1409 1007 ab
1435 985 1519 1007 unione
1546 986 1686 1013 hypostatica
1713 989 1735 1008 et
1752 987 1822 1013 gratia
1842 987 1971 1016 gloriaque,
1994 988 2022 1009 sit

1175 1024 1273 1051 potentia
1292 1023 1426 1046 desectibilis
1443 1026 1464 1045 et
1483 1024 1568 1051 peccati
1589 1030 1672 1052 capax,
1691 1025 1713 1046 in
1739 1025 1815 1053 aliquo
1840 1031 1907 1047 sensu
1927 1025 2022 1048 concedi

1174 1065 1255 1090 potest⁷
1272 1063 1294 1084 in
1312 1061 1401 1084 Christo
1418 1068 1468 1084 esse
1482 1063 1606 1090 potentiam
1622 1063 1742 1091 peccandi,
1760 1064 1844 1086 scilicet
1864 1064 2021 1093 «potentiam,

1173 1107 1233 1129 quae
1249 1100 1274 1123 ίη
1291 1100 1345 1124 ciliis
1370 1103 1404 1123 est
1421 1102 1523 1128 potentia
1540 1101 1670 1129 peccandi»
1692 1101 1730 1129 (ita
1749 1102 1770 1124 S.
1790 1102 1887 1131 Thom.,
1907 1103 1942 1125 hic
1960 1109 1981 1131 q.
2000 1104 2021 1125 2.

1173 1147 1192 1162 a.
1211 1141 1250 1168 2.).

1238 1180 1269 1202 De
1287 1180 1329 1202 hac
1347 1181 1367 1202 2.
1386 1181 1530 1208 quaestione:
1549 1180 1610 1202 Alex.
1629 1180 1685 1208 Hah,
1705 1181 1746 1203 loc.
1758 1182 1794 1203 cit.
1813 1188 1835 1210 q.
1857 1181 1890 1203 14.
1908 1188 1938 1204 m.
1959 1182 1978 1204 1.
1991 1193 2022 1198 -

1173 1219 1196 1240 B.
1214 1219 1311 1247 Albert.,
1333 1225 1353 1241 a.
1376 1220 1396 1241 9.
1414 1232 1444 1234 —
1464 1219 1520 1241 Pctr.
1539 1225 1551 1241 a
1575 1219 1640 1248 Tar„
1663 1220 1705 1242 loc.
1727 1221 1763 1242 cit.
1787 1221 1929 1249 quaestiunc.
1952 1221 1973 1243 2.
1991 1231 2021 1237 -·

1173 1258 1280 1280 illchard.
1298 1264 1309 1279 a
1328 1257 1394 1285 Med„
1413 1257 1454 1280 loc.
1473 1259 1508 1280 cit.
1527 1265 1549 1287 q.
1569 1259 1591 1281 2.

1039 1348 1202 1386 Quies'no
1224 1349 1252 1376 a.

629 1437 734 1465 Utrum
757 1436 893 1466 Christus
912 1436 1072 1474 potentiam
1094 1436 1238 1473 peccandi
1259 1427 1397 1464 habuerit
1416 1436 1459 1464 vel
1479 1437 1663 1466 assumserit.

343 1537 470 1565 Secundo
492 1536 653 1574 quaeritur,
676 1539 772 1565 utrum
807 1536 935 1564 Christus
964 1536 1115 1573 potentiam

264 1584 396 1621 peccandi
419 1584 518 1612 habuit
540 1583 584 1612 vel
606 1583 746 1612 assumsit.
771 1583 801 1611 Et
822 1583 895 1620 quod
920 1583 959 1611 sic
982 1583 1101 1611 videtur.

346 1632 369 1659 1.
392 1630 618 1660 Damascenus¹:
647 1630 771 1659 «Omnia
799 1638 871 1667 quae
900 1630 926 1658 in
950 1633 1050 1658 natura
1071 1638 1116 1658 no-

265 1681 322 1707 stra
344 1677 480 1714 plantavit
502 1678 591 1712 Deus,
613 1677 747 1706 assumsit
761 1678 809 1706 Dei
826 1677 949 1705 Verbum
963 1688 990 1712 »;
1012 1678 1034 1706 si
1050 1685 1116 1714 ergo

266 1724 433 1762 potentiam>
456 1733 512 1761 qua
533 1731 683 1761 peccamus
698 1727 725 1752 et
744 1724 813 1752 bene
835 1723 968 1758 facimus,
991 1724 1065 1753 Deus
1080 1724 1115 1752 ab

265 1772 341 1801 initio
364 1772 389 1800 in
413 1772 492 1800 nobis
508 1772 658 1809 plantavit3
674 1771 802 1806 videtur,
818 1771 892 1808 quod
914 1779 974 1800 eam
998 1779 1034 1800 ex
1051 1775 1116 1799 tem-

266 1827 332 1856 pore
354 1819 403 1847 Dei
427 1818 549 1847 Verbum
572 1818 713 1847 assumsit.

343 1867 368 1894 2.
392 1865 474 1899 116111,
499 1865 570 1893 idem
604 1864 828 1893 Damascenus2:
858 1875 870 1890 (1
882 1865 983 1893 Totum
1009 1872 1053 1893 me
1075 1872 1116 1893 as-

264 1913 380 1948 sumsit,
402 1916 433 1940 ut
456 1920 499 1940 me
523 1915 611 1940 totum
634 1912 828 1946 redimeret»;
849 1920 916 1948 ergo
937 1920 1048 1940 omnem
1071 1920 1116 1940 no-

265 1964 350 1989 stram
374 1959 560 1989 substantiam
582 1962 609 1987 et
631 1959 722 1988 omnis
744 1962 855 1988 nostrae
878 1959 1049 1988 substantiae
1071 1967 1116 1996 po-

266 2007 397 2042 tentiam3
413 2007 462 2036 sed
479 2007 601 2044 potentia
617 2006 749 2044 peccandi
771 2009 812 2035 est
828 2007 950 2043 potentia
973 2006 1116 2035 rationalis

258 2055 390 2090 animae,
413 2062 485 2092 qnae
518 2062 572 2082 non
604 2056 694 2090 potest
722 2054 839 2090 reperiri
863 2054 914 2082 nisi
936 2053 963 2082 in
986 2056 1116 2082 creatura

268 2101 348 2129 valde
370 2101 470 2129 nobili:
494 2109 561 2137 ergo
584 2100 711 2135 videtur,
734 2101 808 2138 quod
832 2101 959 2129 Christus
987 2108 1048 2129 eam
1071 2100 1117 2128 ha-

268 2149 368 2177 buerit.

346 2195 371 2223 3.
396 2195 478 2230 item,
500 2194 622 2231 potentia
644 2194 776 2231 peccandi
798 2197 840 2223 est
856 2195 977 2231 potentia
1000 2195 1116 2223 rationa-

268 2241 316 2275 lis,
340 2244 367 2270 et
388 2241 435 2269 illa
457 2245 500 2270 est
521 2241 556 2270 ad
579 2241 729 2278 opposita³,
753 2249 819 2278 ergo
841 2241 938 2269 eadem
962 2245 1003 2270 est
1024 2244 1116 2278 poten-

269 2288 304 2316 tia
326 2288 396 2317 bene
418 2288 551 2317 faciendi:
575 2288 597 2317 si
619 2296 685 2325 ergo
706 2296 760 2316 non
784 2291 825 2317 est
846 2287 923 2316 aliud
945 2296 1029 2324 quam
1053 2287 1117 2316 libe-

267 2344 331 2364 rum
353 2335 518 2369 arbitrium,
540 2339 568 2364 et
599 2335 726 2364 Christus
758 2335 878 2364 liberum
905 2335 1054 2363 arbitrium
1076 2343 1116 2363 as-

268 2383 383 2417 sumsit;
404 2390 471 2419 ergo
492 2386 519 2411 et
541 2382 691 2419 potentiam
713 2382 854 2419 peccandi.

346 2429 373 2457 lt.
397 2429 479 2463 item,
501 2429 592 2458 solum
625 2429 693 2458 illud
727 2432 855 2458 curatum
888 2431 930 2457 est
961 2429 987 2457 in
1021 2428 1115 2462 nobis,

1174 1535 1249 1573 quod
1271 1535 1401 1572 punitum
1423 1538 1449 1564 et
1470 1535 1604 1564 afflictum
1626 1536 1678 1565 fuit
1699 1536 1727 1565 in
1756 1537 1902 1572 Christo⁴3
1923 1538 1972 1567 sed
1994 1538 2022 1567 in

1174 1583 1255 1612 nobis
1276 1582 1368 1611 curari
1402 1583 1525 1611 maxime
1556 1583 1697 1620 indigebat
1728 1585 1851 1621 potentia
1876 1586 2020 1622 peccandi,

1174 1630 1306 1667 quoniam
1329 1630 1376 1658 illa
1397 1633 1454 1663 est,
1485 1638 1556 1667 quae
1588 1634 1713 1668 aegrotat
1734 1640 1784 1669 per
1806 1632 1932 1669 culpam:
1955 1641 2021 1670 ergo

1174 1677 1302 1711 videtur,
1325 1676 1400 1713 quod
1422 1676 1449 1704 in
1471 1676 1580 1705 Christo
1601 1685 1683 1714 passa
1704 1678 1788 1707 fuerit
1809 1682 1836 1707 et
1856 1678 1972 1713 afflicta;
1994 1682 2022 1709 et

1172 1723 1194 1752 si
1218 1723 1287 1752 hoc:
1310 1731 1377 1760 ergo
1398 1731 1414 1751 a
1435 1723 1545 1752 Christo
1567 1724 1619 1752 suit
1640 1722 1736 1753 habita
1757 1728 1783 1754 et
1804 1729 1937 1754 assumta.

1252 1770 1304 1798 SED
1326 1778 1453 1799 CONTRA:
1486 1772 1509 1799 1.
1531 1771 1659 1801 Christus
1690 1773 1846 1801 secundum
1868 1773 2019 1802 humanam

1173 1820 1308 1845 naturam
1329 1817 1427 1846 habuit
1449 1817 1560 1855 plenam
1576 1818 1748 1853 libertatem,
1772 1819 1844 1848 sicut
1864 1823 1891 1848 et
1912 1819 2022 1857 plenam

1172 1864 1304 1901 gratiam;
1322 1864 1371 1893 sed
1388 1865 1532 1901 «potentia
1546 1865 1688 1902 peccandi,
1703 1866 1798 1895 addita
1815 1866 1944 1901 libertati⁷
1960 1875 2022 1896 eam

1175 1911 1306 1939 diminuit
1318 1909 1345 1946 »g
1368 1911 1439 1940 sicut
1461 1911 1527 1940 dicit
1558 1912 1705 1942 Anselmus
1727 1913 1752 1942 in
1776 1913 1847 1942 libro
1869 1913 1903 1942 de
1924 1914 2023 1942 Libero

1173 1958 1294 1986 Arbitrio
1307 1957 1331 1986 ⁵:
1352 1966 1419 1995 ergo
1434 1959 1556 1996 potentia
1577 1960 1709 1996 peccandi
1725 1968 1780 1988 non
1795 1960 1847 1988 fuit
1862 1960 1888 1988 in
1904 1960 2023 1989 Christo.

1253 2006 1278 2034 Ξ).
1305 2005 1388 2039 Item,
1410 2006 1483 2034 omni
1501 2006 1624 2043 potentia
1645 2006 1746 2044 aliquis
1767 2010 1809 2036 est
1829 2011 1935 2044 potens,
1957 2015 2023 2044 ergo

1174 2052 1195 2081 si
1217 2052 1244 2080 in
1267 2052 1361 2089 aliquo
1382 2056 1424 2081 est
1456 2054 1577 2089 potentia
1609 2054 1757 2090 peccandi,
1784 2054 1831 2083 illa
1852 2057 1942 2092 potest
1963 2062 2024 2092 pec-

1174 2107 1253 2134 care;
1275 2099 1323 2128 sed
1349 2099 1476 2129 Christus
1497 2108 1552 2128 non
1574 2101 1665 2137 potuit
1685 2109 1813 2138 peccare,
1829 2102 1900 2130 sicut
1920 2102 2000 2139 prius
2013 2101 2023 2115 ⁸

1173 2150 1317 2175 ostensum
1350 2150 1410 2175 est:
1444 2155 1510 2184 ergo
1545 2155 1594 2176 nec
1631 2148 1763 2185 peccandi
1796 2149 1945 2185 potentiam
1977 2149 2024 2178 ha-

1174 2194 1248 2222 bere.

1254 2240 1280 2269 3.
1303 2241 1385 2275 116111,
1407 2241 1529 2278 potentia
1551 2242 1684 2278 peccandi
1708 2244 1750 2271 est
1773 2242 1941 2279 principium
1968 2243 2024 2272 cul-

1174 2296 1242 2325 1116,
1264 2288 1313 2316 sed
1345 2288 1373 2316 in
1404 2296 1583 2325 quocumque
1615 2289 1748 2325 contingit
1779 2289 1903 2326 reperire
1924 2289 2024 2327 princi-

1174 2335 1268 2371 pium,
1290 2335 1421 2372 possibile
1443 2338 1484 2364 est
1507 2335 1632 2372 reperire
1648 2335 1718 2364 illud
1739 2336 1814 2373 quod
1830 2344 1866 2365 ex
1888 2336 1935 2365 illo
1949 2337 2024 2373 prin-

1174 2381 1246 2418 cipio
1268 2384 1415 2410 causatur:
1438 2390 1505 2418 ergo
1537 2382 1557 2410 si
1592 2382 1720 2411 Christus
1752 2383 1850 2411 habuit
1872 2383 2023 2420 potentiam

1174 2428 1323 2465 pec-candi,
1347 2428 1450 2456 habere
1472 2428 1561 2465 potuit
1584 2432 1744 2465 peccatum:
1764 2437 1831 2466 ergo
1852 2430 1942 2467 potuit
1963 2437 2023 2459 esse

332 2575 338 2590 ¹
357 2576 417 2598 Libr.
437 2576 467 2597 lll.
487 2576 515 2598 dc
532 2576 586 2598 Fide
604 2576 693 2598 orthod.
712 2582 730 2598 c.
750 2577 771 2598 G.
790 2576 848 2598 Vide
869 2582 939 2604 supra
957 2576 986 2598 lit.
1005 2576 1116 2605 Magistri,

269 2614 289 2636 d.
307 2615 330 2637 11.
349 2621 367 2636 c.
391 2616 407 2637 l.
419 2626 451 2631 —
463 2615 484 2636 ln
499 2615 598 2637 conclus.
612 2615 733 2642 respicitur
750 2615 804 2637 illud
818 2615 883 2637 Eccli.
903 2615 942 2643 15,
962 2615 1003 2637 ·14;
1017 2615 1077 2637 Deus
1089 2614 1118 2636 ab

268 2654 330 2675 initio
348 2654 463 2675 constituit
483 2654 599 2675 hominem
617 2655 639 2675 et
656 2654 747 2682 reliquit
763 2654 826 2675 illum
844 2654 865 2675 in
884 2659 954 2676 manu
972 2654 1058 2675 consilii
1075 2654 1118 2675 sui.

330 2692 340 2706 ¹²
357 2692 409 2714 Loc.
428 2693 463 2715 rit.
482 2695 503 2714 ct
520 2693 541 2714 in
560 2693 589 2715 lit.
612 2693 726 2720 Magistri,
744 2693 786 2714 loc.
805 2694 842 2715 cit.
854 2705 886 2709 —
903 2692 984 2721 Quoad
1001 2692 1118 2715 minorum

268 2731 322 2754 vide
340 2736 393 2754 tom.
413 2732 434 2753 ll.
453 2738 506 2759 pag.
529 2732 597 2759 1000,
617 2735 668 2754 nota
687 2731 707 2754 4.

331 2770 341 2785 ³
357 2770 491 2793 Secundum
509 2772 610 2799 Aristot,
629 2771 666 2793 lX.
685 2771 781 2798 Metaph.
800 2774 852 2794 text.
870 2772 891 2793 3.
913 2775 935 2793 et
958 2772 990 2793 10.
1008 2770 1077 2800 (Vlll.
1099 2777 1117 2793 c.

270 2811 290 2832 2.
308 2813 329 2832 et
347 2810 386 2838 5.).
398 2822 428 2825 —
440 2810 543 2832 Subinde
560 2813 612 2838 post
628 2816 685 2840 eryt>
702 2810 783 2833 eadem
800 2812 834 2833 est
851 2811 902 2833 cod.
920 2811 937 2832 Α
960 2810 1018 2833 bene
1041 2811 1119 2832 inserit

269 2854 336 2876 ciem,
350 2849 401 2871 cod.
413 2849 431 2870 11
449 2855 505 2871 vero
518 2852 570 2877 post
582 2848 637 2872 bene
647 2848 751 2878 faciendi
766 2849 881 2872 subnectit
897 2850 918 2872 ez
930 2849 993 2872 mule
1008 2848 1117 2879 faciendi.

271 2888 322 2909 Post
341 2887 362 2910 si
378 2894 446 2917 erqo,
468 2888 530 2916 quod
548 2889 653 2916 proxime
669 2889 784 2916 sequitur,
802 2888 915 2910 subaudi:
933 2889 990 2911 haec
1010 2889 1117 2916 potentia.

269 2938 300 2942 —
317 2926 384 2954 Quod
402 2926 504 2949 Christus
522 2926 619 2949 liberum
638 2927 757 2949 arbitrium
775 2928 895 2955 assumsit,
919 2927 1018 2949 ostendit
1038 2927 1119 2948 Dama-

270 2971 339 2993 scen.‚
357 2966 388 2987 lll.
407 2965 435 2987 de
453 2965 507 2988 Fide
525 2966 614 2988 orthod.
633 2972 652 2988 c.
676 2966 708 2988 14.
726 2969 748 2989 et
770 2967 802 2988 18.

1239 2574 1247 2589 ‘¹
1266 2575 1333 2603 Quod
1351 2576 1411 2597 enim
1429 2574 1595 2597 inassumtibile
1612 2577 1658 2603 est,
1675 2575 1801 2598 incurabile
1818 2578 1864 2603 est,
1881 2578 1906 2598 ut
1918 2575 1972 2598 dicit
1983 2575 2024 2598 Da·

1176 2620 1284 2641 mascen.‚
1302 2614 1334 2636 111.
1353 2614 1382 2636 de
1399 2614 1452 2636 Fide
1470 2614 1560 2636 orthod.
1584 2620 1603 2636 c.
1621 2614 1646 2641 6,
1664 2617 1687 2636 61
1704 2614 1800 2636 habetur
1817 2615 1839 2636 in
1857 2615 1887 2637 111.
1910 2614 2023 2643 Magistri,

1175 2660 1245 2682 supra
1263 2653 1285 2675 d.
1304 2654 1327 2676 11.
1345 2660 1364 2675 c.
1378 2654 1398 2675 1.
1418 2653 1479 2675 ldem
1492 2660 1509 2675 s.
1528 2653 1611 2675 Doctor
1623 2654 1644 2675 in
1662 2653 1744 2675 eodem
1757 2653 1825 2681 libro,
1841 2660 1860 2676 c.
1875 2653 1910 2675 48.
1929 2654 2024 2676 ulterius

1176 2692 1240 2715 dicit:
1255 2693 1401 2721 Quapropter
1413 2694 1484 2714 totum
1498 2693 1614 2714 hominem
1628 2693 1747 2721 assumsit,
1760 2693 1869 2720 illamque
1881 2692 1939 2714 adeo
1951 2693 2024 2720 ipsius

1176 2734 1265 2759 partem
1283 2730 1346 2760 [scil.
1364 2730 1493 2760 animam],
1511 2737 1571 2760 quae
1583 2730 1680 2753 obnoxia
1699 2730 1781 2753 morbo
1798 2732 1883 2759 tuerat,
1896 2734 1920 2753 ut
1937 2732 2025 2754 1011511-

1176 2771 1246 2793 lutem
1264 2771 1385 2798 largiretur
1398 2770 1447 2798 (ed.
1460 2770 1556 2799 Migne).
1569 2769 1613 2792 Csr.
1626 2770 1680 2792 ibid.
1698 2776 1718 2793 c.
1732 2769 1771 2797 14,
1784 2769 1823 2792 ubi
1836 2771 1946 2798 insinuat,
1960 2770 2024 2799 quod

1176 2810 1293 2837 voluntas,
1312 2816 1371 2839 quae
1389 2811 1464 2838 primo
1481 2809 1596 2832 subiacuit
1609 2812 1713 2838 peccato,
1732 2816 1744 2831 a
1762 2809 1851 2832 Christo
1869 2812 1969 2832 assumta
1983 2810 2025 2832 suit

1176 2852 1197 2871 et
1215 2853 1299 2871 curata.

1238 2888 1248 2902 5
1265 2887 1319 2916 Cap.
1339 2888 1359 2910 rl.
1378 2887 1454 2910 Verba
1472 2889 1560 2916 integra
1577 2887 1631 2910 vide
1648 2891 1703 2910 tom.
1722 2888 1744 2910 11.
1762 2894 1816 2915 pag.
1834 2888 1889 2915 613,
1907 2890 1959 2909 nota
1978 2888 1999 2910 9.

1237 2927 1247 2941 ⁶
1264 2927 1356 2955 Quaest.
1369 2927 1475 2955 praeced.
1487 2939 1518 2944 —-
1530 2927 1552 2949 ln
1570 2927 1683 2955 principio
1695 2927 1763 2949 huius
1775 2933 1824 2955 arg.
1837 2930 1889 2955 post
1900 2927 1957 2949 Item
1970 2926 2023 2953 edd»

1175 2966 1279 2989 subdunt
1295 2966 1322 2989 si.

2046 1778 2083 1796 Pro
2094 1779 2150 1804 *parte
2157 1770 2159 1788 '¹

2036 1803 2128 1825 negativa.
2158 1814 2159 1822 l
