2166 3366
96 542 209 562 Notandum.

111 1658 140 1677 Ad
153 1657 228 1681 opposi-

228 179 285 207 87lt

223 257 300 285 dum.
316 255 369 284 Sed
384 254 406 282 si
422 253 468 282 ille
483 252 567 281 vellet
581 251 616 279 ab
631 257 728 279 errore
748 248 914 285 resipiscere
927 250 955 276 et
969 247 1003 275 ad
1026 254 1070 275 ve-

223 311 282 331 ram
299 302 382 330 fidem
399 299 537 333 converti,
554 301 619 326 tunc
634 296 794 325 nullatenus
808 295 863 324 ‘tale
878 295 1068 323 iuramentum

224 350 339 378 deberet
353 348 388 376 ab
402 355 435 375 eo
449 345 533 382 exigi.

302 395 329 422 [ι.
351 393 389 422 Ad
415 392 486 421 illud
512 391 587 428 quod
611 389 758 424 obiicitur,
780 388 856 426 quod
878 388 985 417 idolum
1001 386 1071 415 nihil

225 444 282 476 est,
303 444 330 469 et
358 440 428 468 fides
450 438 477 466 in
506 437 580 466 idolo
609 436 688 465 nulla
714 438 771 470 est;
799 435 967 468 dicendum,
995 433 1070 470 quod

225 487 355 525 quamvis
370 485 439 514 nihil
453 485 488 513 sit
503 483 659 513 secundum
675 482 837 516 veritatem,
852 484 944 510 tamen
961 480 1073 509 idolola-

225 538 268 563 tra
289 534 417 563 aestimat
437 531 543 569 aliquid
567 538 627 559 esse
641 530 669 564 ¹;
691 532 718 558 et
738 537 773 558 ex
794 529 854 566 ipsa
876 536 927 557 sua
948 527 1074 556 aestima-

226 582 301 610 tione
322 584 349 609 et
369 587 466 608 errore
487 578 587 607 fortius
608 577 743 605 adhaeret
763 575 911 605 idololatra
933 574 984 612 ipsi
1000 573 1075 603 vani-

226 628 291 662 tati,
316 634 401 664 quam
427 625 508 654 multi
534 623 683 653 Christiani
698 631 735 652 ex
749 623 805 652 fide
826 622 1000 651 adhaereant
1021 621 1073 658 ipsi

227 674 352 708 veritati,
368 673 441 702 sicut
462 672 544 701 etiam
568 670 697 699 videmus
712 669 739 698 in
754 669 919 702 haereticis,
934 672 1011 697 etex
1028 667 1076 695 illa

227 720 290 750 forti
305 719 487 749 adhaerentia
501 721 528 747 et
542 725 660 747 erronea
675 716 851 750 conscientia,
863 723 927 744 cum
939 722 990 752 per
1002 714 1076 743 idola

228 768 337 801 iurant,
353 766 439 795 verba
454 773 505 794 sua
520 764 696 794 confirmant.

899 169 1152 198 SENTENTIARUM
1174 168 1234 197 LlB.
1257 168 1295 195 111.

1206 247 1230 274 5.
1257 245 1295 274 Ad
1319 245 1389 274 illud
1416 244 1491 282 quod
1516 244 1662 278 obiicitur,
1684 242 1758 280 quod
1774 242 1885 271 nullum
1900 242 1973 271 iura-

1126 295 1251 321 mentum
1268 292 1331 321 licet
1346 292 1485 329 recipere,
1507 291 1573 328 quia
1587 290 1662 328 quod
1677 290 1798 327 amphus
1813 293 1855 318 est
1869 297 1885 317 a
1900 289 1973 317 malo

1126 342 1187 373 est3
1202 339 1257 367 iam
1279 341 1354 375 patet
1373 338 1531 375 responsio:
1554 337 1620 374 quia
1642 337 1767 374 recipere
1781 336 1972 365 iuramentum

1127 385 1278 422 aliquando
1299 387 1342 413 est
1355 384 1457 421 culpae
1481 383 1633 417 mortalis,
1658 383 1809 420 aliquando
1832 382 1972 416 venialis,

1127 432 1279 469 aliquando
1293 435 1462 460 contractae
1473 431 1660 468 poenalitatis
1669 441 1678 464 ,·
1693 433 1720 459 et
1731 430 1887 459 secundum
1903 429 1956 458 hoc
1966 429 1976 444 ²

1128 478 1243 507 malum
1264 478 1290 506 in
1313 481 1394 506 textu
1415 480 1442 506 et
1464 478 1559 507 Glossa
1582 478 1666 506 habet
1687 477 1848 506 differenter
1869 476 1975 513 accipi:

1130 526 1174 555 vel
1196 534 1247 563 pro
1268 525 1356 562 eulpa
1372 525 1508 559 mortali,
1524 525 1568 553 vel
1583 533 1635 561 pro
1648 524 1775 558 veniali,
1791 523 1834 552 vel
1850 532 1901 560 pro
1916 523 1976 560 ipso

1129 573 1208 602 malo
1221 571 1346 609 poenali.
1368 572 1422 601 Nisi
1445 572 1520 601 enim
1541 571 1737 600 intervenisset
1758 570 1927 599 incertitudo
1942 570 1977 599 de

1131 620 1249 649 veritate
1270 619 1454 648 conscientiae
1476 618 1582 647 alienae
1597 620 1624 646 et
1639 617 1763 654 pronitas
1784 617 1819 646 ad
1841 617 1978 653 decipien-

1132 666 1200 695 dum
1223 669 1250 694 et
1275 665 1348 694 male
1376 665 1596 702 suspicandum;
1618 672 1672 692 non
1694 667 1767 693 esset
1787 663 1977 692 necessarium

1132 713 1334 741 iuramentum.
1357 712 1387 740 Et
1408 711 1471 740 ideo
1492 719 1527 740 ex
1550 711 1603 740 boc
1624 718 1678 739 non
1701 713 1791 747 potest
1812 709 1979 746 generaliter

1133 759 1279 794 concludi,
1300 758 1376 796 quod
1399 758 1589 787 iuramentum
1611 757 1737 794 recipere
1758 756 1793 785 sit
1814 756 1943 785 illicitum
1961 755 1980 784 ³.

948 859 1184 893 ARTICULUS
1210 859 1262 892 ΙΙΙ.

889 956 929 984 De
954 954 1128 992 obligatione
1153 952 1323 982 iuramenti.

310 1059 517 1095 consequenter
538 1057 685 1094 quaeritur
703 1056 738 1084 de
752 1055 920 1092 obligatione
942 1054 1081 1082 iuramen-

231 1107 268 1141 ti3
289 1110 316 1135 et
337 1106 410 1135 circa
432 1105 484 1133 hoc
505 1107 682 1141 quaeruntur
703 1103 765 1131 tria.

312 1153 404 1181 Primo
425 1151 586 1189 quaeritur,
615 1154 711 1178 utrum
741 1149 872 1186 obligatio
897 1148 1081 1177 contrahatur

233 1209 284 1238 per
304 1200 495 1229 iuramentum
517 1198 655 1227 dolosum.

1216 1052 1343 1081 Secundo
1364 1051 1525 1088 quaeritur,
1551 1053 1647 1079 utrum
1670 1049 1852 1078 contrahatur
1876 1057 1924 1086 per
1947 1049 1985 1078 iu-

1138 1103 1298 1128 ramentum
1319 1102 1455 1127 coactum.

1217 1146 1309 1175 Tertio
1331 1146 1492 1183 quaeritur,
1514 1148 1610 1173 utrum
1633 1144 1817 1173 contrahatur
1841 1152 1891 1181 per
1913 1144 1986 1172 iura-

1139 1196 1265 1222 mentum
1281 1193 1423 1222 incautum
1447 1192 1505 1221 sive
1520 1192 1712 1221 indiscretum.

1012 1281 1176 1318 QUAusrio
1197 1281 1215 1308 1.

640 1371 745 1400 Utrum
766 1370 904 1408 obligatio
924 1378 976 1407 per
998 1369 1202 1398 iuramentum
1224 1367 1357 1396 dolosum
1379 1365 1584 1395 contrahatur.

315 1460 394 1489 Circa
409 1460 532 1497 primum
548 1459 587 1487 sic
603 1458 765 1495 proceditur
780 1461 807 1486 et
818 1457 974 1494 quaeritur,
986 1460 1083 1485 utrum

236 1507 368 1544 obligatio
389 1506 572 1536 contrahatur
599 1513 650 1542 per
678 1505 868 1533 iuramentum
894 1503 1033 1532 dolosum.
1056 1502 1086 1530 Et

238 1554 313 1593 quod
328 1554 382 1590 sic,
399 1553 529 1581 videtur:

320 1602 344 1629 1.
360 1601 409 1629 Per
425 1600 617 1629 auctoritatem
634 1598 740 1632 Isidori,
755 1606 839 1635 quam
856 1597 985 1634 Magister
1000 1596 1088 1624 addu-

240 1649 276 1678 cit
298 1648 325 1676 in
348 1648 440 1676 littera
452 1649 468 1675 ⁴.
484 1647 525 1675 Ait
539 1646 613 1675 enim
636 1646 691 1675 sic:
720 1646 932 1682 «Quacumque
954 1648 1014 1672 arte
1029 1651 1088 1671 ver-

241 1697 340 1725 borum
364 1695 427 1732 quis
459 1694 547 1727 iuret,
576 1693 650 1722 Deus
672 1693 711 1722 sic
732 1692 843 1729 accipit,
866 1692 938 1720 sicut
972 1691 1017 1719 ille
1042 1689 1086 1718 cui

240 1744 364 1776 iuratur,
387 1741 553 1778 intelligit»;
575 1741 622 1769 sed
656 1740 701 1768 ille
733 1740 776 1768 cui
811 1739 936 1773 iuratur,
960 1737 1089 1774 intelligit

241 1789 404 1826 simpliciter
425 1791 452 1817 et
473 1787 577 1821 credit,
606 1786 681 1824 quod
714 1786 787 1814 alius
819 1793 848 1814 se
870 1785 936 1814 velit
958 1792 1008 1822 per
1030 1792 1089 1812 ver-

244 1837 311 1865 bum
343 1835 482 1872 obligare:
516 1842 582 1870 ergo
614 1833 742 1867 videtur,
774 1832 850 1869 quod
881 1832 956 1860 Deus
978 1833 1090 1867 reputet

243 1884 335 1920 ipsum
357 1882 525 1918 obligatum:
549 1880 634 1917 igitur
666 1880 822 1908 secundum
855 1879 1000 1907 veritatem
1024 1877 1091 1905 obli-

243 1933 325 1967 gatur
347 1929 410 1966 quis
432 1936 481 1964 per
503 1927 693 1955 iuramentum
715 1926 853 1954 dolosum.

323 1977 349 2004 2.
371 1975 453 2007 Item,
481 1973 583 2001 «fraus
605 1976 631 2001 et
652 1973 734 2001 dolus
767 1971 870 2000 nemini
897 1971 980 2000 debet
1003 1973 1092 2007 patro-

245 2023 390 2057 cinari⁵›);
413 2022 461 2050 sed
483 2021 504 2050 si
528 2020 574 2049 ille
595 2020 642 2057 qui
659 2020 753 2048 dolose
769 2020 851 2053 iurat,
867 2018 901 2047 ab
923 2018 1091 2055 obligatione

245 2073 318 2098 esset
349 2068 511 2100 absolutus,
543 2066 767 2104 patrocinaretur
799 2065 821 2093 ei
852 2064 930 2093 fraus
962 2067 988 2092 et
1010 2063 1092 2092 dolus

246 2116 392 2153 proprius:
416 2115 437 2143 si
459 2114 545 2150 igitur
568 2114 619 2142 hoc
639 2117 681 2141 est
707 2111 903 2140 inconveniens
925 2111 1032 2143 dicere,
1054 2110 1091 2138 vi-

246 2164 343 2197 detur,
366 2162 440 2199 quod
463 2162 654 2189 iuramentum
686 2159 814 2188 dolosum
837 2158 1033 2195 obligationem
1056 2157 1094 2185 in-

248 2210 384 2238 trodncat.

327 2256 353 2285 3.
376 2256 455 2289 Item,
477 2254 563 2283 verba
585 2257 666 2288 sunt,
689 2254 716 2281 in
738 2252 842 2290 quibus
863 2252 1019 2280 consistunt
1034 2259 1095 2279 con-

248 2303 392 2332 111161υεῦ
415 2310 481 2339 crgo
502 2302 525 2331 si
556 2302 646 2329 forma
678 2300 830 2329 verborum
853 2302 894 2327 est
915 2298 1096 2335 obligatoria,

250 2358 362 2379 necesse
384 2353 444 2383 est,
471 2348 640 2377 intervenire
672 2350 845 2376 contractum
878 2345 1094 2382 obligatorium:

249 2406 315 2434 ergo
338 2397 395 2426 sive
423 2396 562 2430 intendat,
595 2396 653 2424 sive
675 2403 728 2423 non
751 2394 891 2427 intendat,
914 2393 982 2421 dum
1005 2396 1096 2420 tamen

250 2444 336 2473 verba
367 2443 517 2472 iuramenti
549 2442 745 2479 obligationem
778 2440 979 2478 praetendant,
1003 2439 1098 2467 iurans

1141 1455 1298 1491 obligatur:
1321 1462 1387 1490 ergo
1409 1454 1447 1482 ita
1467 1453 1607 1490 obligatur
1630 1453 1713 1481 homo
1727 1461 1777 1489 per
1798 1452 1990 1481 iuramentum

1143 1502 1287 1535 dolosum,
1309 1501 1381 1530 sicut
1403 1508 1453 1538 per
1475 1501 1664 1529 iuramentum
1687 1500 1807 1537 simplex
1830 1503 1856 1528 et
1881 1508 1990 1529 verum.

1222 1549 1248 1577 lt.
1271 1548 1354 1582 Item,
1383 1548 1404 1576 si
1437 1547 1614 1576 solummodo
1645 1547 1732 1576 verba
1762 1547 1857 1576 fidelia
1871 1550 1899 1576 et
1919 1555 1992 1584 pura

1143 1595 1299 1631 obligarent
1330 1595 1357 1623 in
1389 1594 1563 1628 iurament03
1592 1602 1656 1623 cum
1688 1594 1792 1622 nemini
1824 1596 1931 1622 constet
1956 1594 1992 1622 de

1144 1641 1278 1670 fidelitate
1305 1641 1411 1676 aliena,
1442 1640 1546 1669 nemini
1578 1643 1733 1675 constaret,
1762 1643 1858 1668 utrum
1891 1640 1993 1677 aliquis

1144 1692 1217 1718 esset
1238 1689 1378 1725 obligatus
1398 1696 1449 1725 per
1478 1688 1564 1716 verba
1596 1695 1663 1722 sua;
1685 1688 1734 1716 sed
1756 1688 1841 1716 homo
1862 1687 1992 1716 redditur

1145 1739 1238 1764 certus
1260 1736 1294 1764 de
1315 1735 1483 1772 obligatione
1503 1743 1554 1772 per
1583 1735 1773 1763 iuramentum
1795 1734 1953 1763 exhibitum
1968 1734 1992 1762 ⁷:

1146 1783 1258 1811 videtur
1278 1790 1360 1819 crgo,
1382 1781 1457 1818 quod
1479 1781 1538 1810 sive
1560 1788 1609 1817 per
1631 1780 1717 1809 verba
1738 1781 1847 1815 fidelia,
1869 1781 1928 1809 sive
1942 1788 1994 1818 per

1146 1828 1326 1857 fraudulenta
1347 1829 1537 1856 iuramentum
1559 1827 1618 1862 fiat,
1642 1827 1737 1855 iurans
1752 1827 1907 1864 aequaliter
1927 1826 1994 1855 obli-

1146 1879 1237 1912 getur.

1226 1922 1278 1950 Snn
1300 1930 1424 1950 CONTRA:
1450 1923 1473 1950 1.
1489 1921 1640 1958 Gregorius
1652 1921 1677 1949 ⁸:

1148 1969 1307 2003 intentioni,
1330 1973 1356 1997 et
1378 1969 1452 1997 Deus
1484 1968 1549 1997 talia
1581 1968 1668 1996 verba
1700 1967 1819 2001 iudicat,
1842 1967 1935 2004 qualia
1958 1975 1994 1996 ex

1148 2016 1252 2044 intimis
1274 2015 1456 2052 proferuntur
1468 2025 1493 2042 »ς
1517 2023 1583 2052 ergo
1605 2015 1626 2043 si
1649 2015 1733 2042 homo
1749 2021 1778 2043 se
1801 2022 1855 2042 non
1877 2014 1997 2042 intendit

1149 2063 1281 2099 obligare,
1297 2054 1557 2099 quantumcumque
1571 2061 1698 2090 exterius
1713 2060 1860 2097 loquatur3
1877 2060 1997 2095 videtur,

1149 2109 1224 2146 quod
1249 2108 1320 2136 Deus
1342 2116 1396 2136 non
1419 2111 1529 2144 reputet
1550 2115 1614 2136 enm
1637 2107 1800 2144 obligatum.

1229 2155 1360 2189 2113111,
1392 2155 1547 2183 secundum
1580 2154 1649 2182 illud
1676 2154 1750 2191 quod
1783 2153 1885 2182 dicitur
1913 2153 1998 2190 primi

1151 2203 1256 2239 Regum
1278 2202 1386 2230 decimo
1408 2202 1520 2230 sexto⁹z
1543 2202 1635 2229 Homo
1665 2201 1780 2229 iudicat
1799 2209 1833 2228 ea
1854 2208 1929 2238 quae
1948 2208 1998 2237 pa-

1151 2253 1225 2283 rent,
1242 2250 1318 2277 Deus
1333 2252 1431 2277 citatem
1454 2248 1585 2276 intuetur
1606 2256 1675 2281 com·
1689 2248 1765 2276 unde
1784 2251 1998 2284 quantumcum-

1152 2304 1207 2333 que
1228 2297 1282 2325 sint
1303 2303 1388 2332 opera
1409 2294 1535 2323 exterius
1557 2294 1722 2328 laudabilia,
1744 2302 1797 2322 non
1820 2298 1885 2322 sunt
1907 2298 1998 2322 tamen

1153 2344 1210 2372 Deo
1232 2342 1350 2379 placita,
1378 2342 1429 2370 nisi
1462 2341 1614 2378 procedant
1644 2349 1680 2369 ex
1704 2348 1779 2369 mera
1801 2341 1951 2369 intentione
1973 2344 2000 2370 et

1154 2399 1239 2428 pura:
1263 2398 1329 2426 ergo
1350 2390 1424 2418 Deus
1445 2389 1640 2425 obligationem
1671 2388 1820 2417 iuramenti
1842 2392 1940 2424 pensat
1961 2396 2001 2417 se-

1154 2437 1278 2467 cundum
1301 2437 1481 2465 intentionem
1510 2436 1617 2465 cordis:
1650 2443 1717 2472 ergo
1738 2436 1759 2464 si
1783 2436 1866 2464 homo
1887 2444 1942 2463 non
1963 2436 2001 2463 in-

314 2538 383 2560 1Ct'r.
401 2544 471 2565 supro
490 2537 511 2559 d.
539 2537 575 2558 37.
602 2536 656 2558 dub,
680 2537 696 2557 t.
722 2548 753 2551 —
778 2535 855 2557 verbo
881 2534 992 2557 aestimat
1011 2534 1062 2556 cod.
1082 2533 1097 2555 U

251 2578 375 2605 praemittit
391 2576 458 2599 illud.

314 2616 322 2630 2
341 2616 401 2637 Multi
419 2615 495 2642 codd.y
513 2614 592 2637 verbis
604 2614 663 2636 male
676 2614 830 2641 transpositis,
848 2614 869 2635 et
886 2612 929 2635 hoc
946 2611 1083 2635 sacundmn.

315 2654 324 2669 3
342 2654 401 2677 Vide
420 2654 521 2676 scholion
541 2654 570 2675 ad
592 2654 608 2675 1.
626 2654 694 2675 huius
712 2652 800 2675 articuli
819 2654 906 2680 quaest.

316 2694 323 2707 ⁴
343 2694 382 2715 llic
400 2699 418 2715 c.
438 2694 474 2715 111.
493 2693 534 2714 Pro
552 2692 615 2715 Deus
632 2692 665 2715 sic
682 2691 766 2720 accipit
783 2691 833 2713 rod.
853 2691 866 2712 F
885 2696 937 2712 cum
956 2693 1016 2712 textu
1034 2690 1101 2717 origi-

254 2734 297 2756 nali
318 2734 379 2756 Deus
396 2734 487 2760 tamen,
509 2731 549 2761 qui
573 2730 727 2754 conscientiae
748 2730 811 2753 restis
833 2730 879 2757 est,
899 2729 931 2751 ito
949 2728 993 2752 ltoc
1010 2728 1101 2757 occipit.

317 2772 326 2787 ⁵
343 2772 398 2800 Cap.
416 2772 456 2794 Etr.
473 2772 565 2798 tenore,
584 2777 606 2792 x.
624 2770 653 2792 de
671 2770 802 2797 [ἷκε-1111115.
820 2768 865 2791 Csr.
883 2774 952 2796 snpra
971 2774 1025 2796 pag.
1044 2767 1102 2795 413,

255 2814 307 2834 nota
325 2813 345 2833 2.
365 2824 396 2827 ——
413 2811 491 2832 riui-os
509 2810 576 2832 codd.
594 2808 682 2832 debent.

320 2850 329 2864 ⁶
349 2850 435 2877 llrgnln
454 2850 490 2871 85.
510 2850 566 2871 luris
583 2849 604 2870 in
619 2849 658 2870 Vl:
671 2848 805 2871 Contractus
817 2853 847 2870 eo:
865 2846 1015 2870 conventione
1028 2846 1102 2874 legem

257 2890 360 2916 accipere
378 2889 552 2917 dignoscuntur.
565 2888 609 2911 Csr.
622 2888 744 2914 Iustiniani„
758 2888 781 2909 ll.
794 2887 879 2914 Digest.
892 2887 923 2908 tii.
940 2886 973 2908 tl..
987 2886 1031 2908 Lex
1047 2886 1105 2907 l.—

259 2928 280 2949 ln
294 2927 337 2949 [inc
349 2934 397 2955 arg,
416 2934 458 2955 pro
475 2927 577 2956 simplex
594 2928 615 2950 et
631 2932 715 2950 verum
727 2926 793 2949 codd.
807 2927 823 2948 N
834 2926 853 2954 Q
865 2925 1002 2955 simpliciter
1014 2931 1104 2948 vermo.

321 2966 330 2980 ⁷
349 2966 399 2988 vat.
417 2966 544 2995 publicum.

1218 2532 1228 2546 ⁸
1245 2531 1306 2553 Libr.
1325 2531 1407 2553 XXVL
1426 2531 1503 2553 ltlornl.
1522 2536 1541 2552 c.
1564 2531 1589 2552 10
1608 2537 1629 2552 n.
1648 2530 1684 2552 115.
1705 2536 1823 2558 exponens
1840 2530 1895 2552 illud
1914 2529 1952 2552 lob
1965 2529 2000 2558 34,

1157 2572 1181 2593 2:
1199 2570 1313 2600 Numquid
1338 2576 1415 2599 aequo
1432 2569 1472 2592 libi
1489 2569 1581 2592 videtur
1598 2570 1639 2592 lita
1657 2569 1780 2599 coyz‘tatt'o,
1802 2570 1826 2591 ut
1843 2568 1947 2592 diceres:
1966 2570 2001 2591 [zt-

1155 2610 1215 2633 stior
1231 2616 1285 2632 sum
1303 2609 1367 2632 Deo?
1384 2610 1428 2632 nit:
1446 2609 1565 2631 Humanae
1591 2615 1659 2631 aures
1681 2608 1751 2631 verba
1775 2612 1850 2631 nostra
1874 2609 1923 2630 talin
1946 2608 2002 2630 iudi-

1157 2653 1220 2676 cant,
1237 2649 1312 2677 qualia
1330 2649 1384 2670 soris
1402 2650 1494 2675 sonzin13
1513 2648 1590 2670 divina
1603 2654 1660 2670 vero
1678 2647 1760 2670 iudicia
1778 2647 1828 2669 talia
1846 2653 1871 2669 ea
1890 2647 2001 2675 audiunt,

1158 2688 1233 2717 qualia
1251 2694 1277 2710 ex
1294 2688 1379 2709 intimis
1404 2688 1558 2715 proferuntur.
1585 2687 1652 2715 Apud
1678 2687 1783 2709 homines
1808 2692 1847 2708 cor
1867 2692 1895 2708 ex
1912 2686 2001 2713 verbis,

1159 2727 1221 2754 apud
1240 2727 1312 2749 Deum
1329 2732 1385 2748 vero
1404 2726 1473 2748 verba
1492 2728 1617 2753 pensantur
1634 2732 1660 2747 ex
1678 2725 1754 2747 corde.
1777 2725 1858 2747 Beatus
1875 2730 1931 2752 ergo
1949 2724 2002 2752 tob,

1160 2767 1215 2789 dum
1234 2767 1277 2788 hoc
1294 2766 1322 2788 ait
1340 2766 1439 2788 exterius
1457 2765 1519 2794 quod
1536 2766 1630 2787 interius
1647 2765 1758 2787 Dominus
1775 2764 1841 2791 dixit,
1860 2769 1928 2785 omno
1941 2763 2004 2792 quod

1159 2806 1249 2828 locutus
1267 2807 1300 2827 cst
1318 2808 1378 2827 tanto
1403 2805 1461 2826 iuste
1486 2805 1585 2827 exterius
1610 2804 1693 2831 intulit,
1712 2805 1797 2832 quanto
1815 2803 1852 2830 pio
1870 2802 1898 2824 ab
1916 2803 2004 2824 interna

1159 2845 1268 2867 sentontiu
1279 2850 1322 2866 non
1337 2844 1428 2866 recessit
1440 2845 1481 2865 etc.
1495 2843 1538 2865 Ct'r.
1552 2842 1575 2865 C.
1587 2842 1719 2870 Humanae,
1734 2848 1752 2864 c.
1766 2842 1802 2863 21.
1816 2848 1837 2870 q.
1850 2841 1871 2868 5,
1882 2840 1921 2862 nbi
1932 2840 2003 2862 verba

1161 2885 1218 2911 haec
1230 2883 1392 2911 adducuntur3
1410 2886 1432 2904 ct
1444 2883 1512 2910 paulo
1524 2882 1618 2904 inferius
1635 2887 1646 2903 a
1659 2881 1766 2903 Gratiano
1779 2880 1881 2902 additur:
1894 2880 1915 2901 Si
1934 2881 2007 2901 inten-

1162 2924 1192 2945 tio
1211 2928 1255 2944 non
1274 2922 1341 2944 debet
1358 2923 1445 2945 servire
1463 2921 1547 2949 verbis,
1565 2921 1605 2944 scd
1623 2920 1694 2943 verba
1712 2920 1828 2942 intentioni
1846 2923 1888 2942 ete.

1225 2962 1234 2976 ῃ
1253 2962 1317 2984 Vers.
1334 2962 1361 2983 7:
1380 2962 1453 2983 Homo
1470 2962 1530 2983 enim
1547 2960 1611 2983 videt
1627 2966 1652 2982 ea
1671 2965 1729 2988 quae
1742 2961 1829 2986 patent,
1848 2958 1957 2980 Dominus
1969 2964 2006 2980 au-

1699 1932 1712 1947 «
1723 1921 1815 1949 Verba
1829 1921 2134 1949 deserviuntrundamenta.
