2166 3366
33 965 125 985 (lamenta.

27 2086 40 2106 d
51 2088 125 2111 opposi-

44 2112 88 2129 tum.

759 194 843 222 DIST.
865 194 906 222 xi.
929 194 1001 222 ART.
1023 194 1041 222 1.
1063 193 1199 230 QUAEST.
1221 193 1250 221 ΙΙ.

130 274 233 297 rentibus
250 274 354 302 explicat.
372 274 415 295 Alii
432 273 536 301 explicite
549 273 623 301 ipsam
637 278 680 294 non
694 274 804 299 tractant;
822 271 862 294 sed
876 271 977 293 nonnulli

130 314 152 335 in
169 313 273 341 sequenti
291 312 332 341 (3.)
350 312 482 340 quaestione
500 317 551 333 eam
569 313 672 339 tangunt.

194 351 225 373 lll.
244 351 318 373 Tertia
336 351 405 373 huius
422 350 509 373 articuli
527 350 630 378 quaestio
648 349 801 371 communiter
817 349 839 370 in
853 349 895 370 hoc
907 354 977 370 sensu

131 391 238 418 solvitur,
256 390 319 419 quod
337 389 515 418 praedestinatio
531 388 614 411 Christi
640 394 684 410 non
710 388 752 410 nisi
778 388 865 409 ratione
883 386 979 409 termini

132 431 205 458 possit
220 436 270 452 esse
288 435 356 451 causa
379 432 469 451 nostrae
486 428 713 457 praedestinationis;
731 433 805 455 neque
823 425 867 448 sub
885 426 928 448 hoc
945 432 978 447 re-

131 473 210 497 spectu
229 471 303 497 potest
319 474 369 490 esse
387 474 454 490 causa
481 468 582 490 efficiens
604 465 758 496 principalis,
786 472 845 494 quae
866 465 908 488 soli
930 465 977 487 Deo

131 508 249 535 convenit,
274 508 333 530 sicut
358 513 400 529 nec
424 513 492 529 causa
520 506 592 528 finalis
613 504 761 535 principalis.
785 505 872 527 Tamen
894 504 978 526 «Deus

1823 192 1880 220 245

1034 271 1206 300 praeordinavit
1223 274 1323 293 nostram
1350 271 1446 293 salutem
1469 271 1498 293 ab
1516 273 1608 293 aeterno
1630 270 1838 298 praedestinando,
1857 272 1881 292 ut

1035 317 1077 338 per
1089 311 1163 332 lesum
1176 310 1290 333 Christum
1304 310 1458 338 compleretur
1468 318 1477 330 ιι
1494 310 1525 337 (S.
1539 310 1629 337 Thom.¹
1641 310 1664 331 S.
1678 309 1710 331 ΙΙΙ.
1724 316 1746 338 q.
1759 308 1795 331 24.
1808 316 1828 331 a.
1842 308 1880 337 4.).

1098 349 1129 371 Dc
1147 350 1189 371 hae
1206 350 1354 378 quaestione:
1372 350 1433 371 Alex.
1451 349 1512 377 itai,
1530 349 1572 371 loc.
1590 355 1608 371 c.
1627 355 1657 371 m.
1670 348 1691 371 5.
1704 361 1735 364 ——
1746 349 1768 370 S.
1782 349 1863 371 Thom.
1875 367 1880 377 ‚

1035 388 1162 411 Comment.
1180 389 1223 410 loc.
1240 389 1276 411 cit.
1294 389 1436 417 quaestiunc.
1455 389 1475 410 3.
1493 401 1523 404 -
1540 389 1564 410 Β.
1581 388 1679 416 Albert.,
1692 388 1733 410 loc.
1751 388 1786 410 cit.
1805 394 1825 410 a.
1843 388 1880 410 20.

1035 439 1065 442 -—
1083 427 1139 448 Petr.
1158 433 1169 448 a
1189 427 1254 455 Tar„
1280 427 1322 449 loc.
1348 427 1384 449 cit.
1406 427 1547 455 quaestiunc.
1566 427 1586 449 2.
1606 439 1636 442 —
1653 426 1759 449 Richard.
1777 433 1788 448 a
1807 426 1880 454 nied,

1035 465 1077 488 loc.
1095 466 1130 487 cit.
1148 472 1171 494 q.
1189 466 1210 487 2.
1228 478 1259 481 —
1275 466 1349 493 i-Egid.
1375 466 1414 494 st,
1439 466 1481 488 loc.
1499 466 1535 488 cit.
1554 465 1609 488 dub.
1626 466 1662 488 lat.
1681 466 1702 488 2.
1719 477 1750 482 ·-
1767 465 1880 494 Durand.r

1032 504 1064 526 ΙΙΙ.
1082 504 1142 526 Sent.
1161 504 1183 526 d.
1206 504 1238 526 io.
1257 511 1279 533 q.
1298 504 1318 526 3.

896 582 1060 620 QUAESTtO
1082 582 1111 610 11.

273 672 378 701 Utrum
395 671 628 709 praedestinatio
651 670 764 700 Christi
783 673 913 707 respectu
936 673 1054 698 nostrae
1072 668 1353 706 Ῥναθίίθςτίηαῐῖοη173
1374 669 1413 697 sit
1433 668 1534 707 forma
1558 670 1744 707 emenfzplarts.

209 770 336 799 Secundo
357 770 520 807 quaeritur,
533 774 629 799 utrum
645 769 861 807 praedestinatio
875 768 978 797 Christi

130 820 261 855 respectu
291 821 402 846 nostrae
433 817 695 854 praedestinationis
719 816 754 845 sit
776 815 865 844 forma
885 823 979 844 exem-

130 865 225 902 plaris.
248 865 279 893 Et
299 864 374 902 quod
396 864 450 898 sic,
473 864 593 892 videtur.

212 913 236 940 1.
259 911 297 940 Ad
319 911 456 939 Romanos
484 914 582 939 octavo
595 910 623 938 ¹:
650 911 728 946 Quos
747 908 979 947 praedestinavit

131 957 295 996 conformes
326 957 395 994 fieri
415 956 558 994 z'mctyz'nz‘s
579 956 652 985 Filii
670 956 739 990 suz';
761 956 809 985 sed
832 955 901 984 illud
932 955 977 984 cui

131 1005 214 1034 debet
245 1012 290 1033 res
321 1004 488 1033 conformari
509 1007 536 1032 et
556 1003 741 1040 configurari,
770 1006 811 1031 est
831 1002 978 1039 exemplar

131 1052 210 1081 eius:
232 1059 299 1088 ergo
321 1051 342 1080 si
364 1050 562 1088 praedestinati
585 1058 701 1084 sumus,
724 1053 755 1078 ut
770 1049 978 1078 conformemur

132 1099 241 1127 Christo
254 1109 260 1132 ;
283 1098 407 1133 videtur,
422 1098 497 1135 quod
513 1097 573 1126 eius
588 1097 804 1135 praedestinatio
819 1097 853 1125 sit
868 1100 979 1125 nostrae

131 1145 393 1183 praedestinationis
413 1144 585 1181 exemplaris
606 1144 684 1172 ratio.

211 1193 236 1220 Ξ).
260 1192 342 1225 Item,
357 1191 540 1228 Augustinus,
556 1191 590 1219 de
605 1190 857 1219 Praedestinatione
872 1190 981 1218 Sancto-

133 1238 238 1268 rnm²:
266 1250 279 1264 «
294 1238 550 1267 Praeclarissimum
575 1238 669 1266 lumen
698 1240 809 1266 nostrae
830 1237 981 1274 praedesti-

133 1285 252 1314 nationis
273 1287 315 1314 est
336 1284 412 1313 lesus
433 1284 561 1312 Christus
576 1294 604 1318 ”3
626 1284 674 1312 sed
691 1283 787 1312 lumen
801 1283 886 1312 habet
900 1283 981 1311 ratio-

134 1341 198 1362 nem
220 1331 406 1369 distinguendi
430 1334 457 1360 et
472 1331 645 1360 notificandi:
664 1331 685 1359 si
701 1338 768 1368 ergo
783 1331 835 1359 hoc
850 1330 982 1367 competit

133 1380 239 1408 formae
254 1379 426 1416 exemplari,
441 1378 569 1412 videtur,
584 1378 659 1415 quod
675 1378 892 1415 praedestinatio
907 1377 983 1405 Chri-

133 1427 166 1456 sti
189 1427 224 1455 sit
244 1430 356 1455 nostrae
387 1425 647 1463 praedestinationis
679 1425 826 1462 exemplar
855 1424 981 1462 erratio

133 1473 308 1511 agnoscendi.

214 1519 239 1548 3.
262 1520 346 1554 ltem,
367 1519 424 1547 vita
445 1518 547 1547 Christi
569 1522 596 1547 et
610 1518 712 1547 modus
726 1518 837 1547 vivendi
854 1518 906 1546 suit
921 1526 983 1546 nor-

135 1575 180 1596 ma
201 1569 228 1595 et
250 1566 396 1603 exemplar
417 1569 511 1595 sancte
533 1565 643 1594 vivendi
667 1565 735 1602 ipsis
757 1565 893 1594 membris
908 1564 985 1593 Chri-

135 1614 169 1643 sti
182 1613 212 1648 ³3
233 1612 282 1642 sed
304 1613 376 1641 sicut
397 1620 426 1641 se
449 1612 533 1640 habet
554 1612 728 1641 conversatio
749 1612 784 1640 ad
800 1611 983 1640 conversatio-

134 1669 208 1695 nem,
222 1660 261 1689 ita
275 1668 304 1689 se
317 1659 400 1688 habet
410 1658 626 1696 praedestinatio
638 1659 671 1687 ad
684 1658 981 1696 praedestinationem:

136 1716 202 1745 ergo
224 1707 246 1736 si
262 1707 319 1735 vita
334 1714 385 1735 sua
400 1706 452 1734 suit
466 1705 563 1742 regula
578 1709 606 1734 et
620 1705 764 1742 exemplar
780 1708 906 1739 nostrae,
921 1705 982 1742 pari

135 1755 241 1783 ratione
261 1753 478 1791 praedestinatio
503 1760 554 1780 sua
580 1751 840 1789 praedestinationis
862 1755 982 1780 nostrae.

214 1801 240 1830 li.
262 1801 346 1834 Item,
367 1799 468 1829 Christi
491 1799 633 1836 generatio
654 1799 706 1828 suit
726 1799 797 1827 ratio
811 1799 982 1836 exemplaris

135 1847 225 1876 omnis
245 1847 443 1881 emanationis,
465 1846 531 1883 quia
557 1846 609 1874 «in
633 1846 739 1880 Verbo,
754 1846 829 1883 quod
845 1846 920 1875 Deus
940 1854 983 1883 ge-

137 1894 212 1929 nuit,
227 1893 320 1922 omnia
335 1893 492 1930 disposuit⁴
507 1903 537 1921 »z
553 1901 620 1930 ergo
635 1893 694 1930 pari
711 1893 816 1921 ratione
831 1893 892 1922 eius
906 1901 984 1929 prae-

136 1941 283 1970 destinatio
304 1940 356 1969 fuit
381 1940 451 1969 ratio
478 1940 650 1977 exemplaris
678 1940 768 1969 omnis
796 1940 984 1977 praedestina—

136 1988 226 2017 tionis.

214 2035 267 2064 San
281 2042 408 2063 eoxrna:
426 2035 450 2062 1.
472 2034 561 2071 Super
583 2033 653 2062 illud
674 2033 721 2062 lob
743 2033 885 2071 trigesimo
913 2037 984 2063 octa-

137 2082 213 2112 vo⁶:
238 2081 379 2120 Nunquz‘d
405 2081 483 2110 nosti
509 2081 640 2109 ordinem
672 2080 746 2109 caeli
766 2084 836 2114 etc.;
869 2081 982 2110 Glossa:

142 2141 155 2155 «
170 2129 288 2158 Noscere
319 2128 445 2157 ordinem
468 2127 535 2157 caeli
557 2131 599 2156 est
620 2135 806 2164 supernarum
830 2127 984 2165 dispositio-

137 2184 205 2205 num
233 2175 356 2204 occultas
384 2175 579 2212 dispositiones
600 2175 696 2203 videre
712 2185 737 2202 »:
760 2183 827 2212 ergo
858 2175 884 2203 in
907 2183 984 2212 prae-

137 2222 369 2252 destinationibus
390 2225 417 2250 et
432 2221 660 2258 dispositionibus
681 2224 723 2250 est
744 2221 813 2250 ordo
835 2224 862 2250 et
890 2221 985 2250 distin-

138 2269 209 2298 ctio:
242 2276 308 2305 ergo
330 2268 524 2306 unnsquisque
545 2268 769 2305 praedestinatus
790 2267 875 2297 habet
902 2276 983 2297 suam

137 2315 279 2353 propriam
297 2315 594 2352 praedestinationem,
616 2315 774 2343 distinctam
797 2323 813 2343 a
833 2315 985 2352 praedesti-

138 2363 248 2391 natione
269 2361 389 2390 Christi:
412 2365 439 2390 et
460 2362 481 2390 si
504 2361 558 2389 alia
579 2361 685 2390 ratione
704 2361 928 2398 praedestinatus
942 2365 984 2390 est

1035 768 1178 802 Christus,
1200 770 1227 796 et
1248 767 1302 795 alia
1323 767 1385 801 alii,
1407 775 1473 804 ergo
1494 776 1547 796 non
1570 771 1612 797 est
1639 768 1785 805 exemplar
1807 777 1883 806 prae-

1035 814 1227 843 destinationis
1248 814 1379 842 aliorum.

1114 862 1140 889 Ξ.
1163 861 1245 895 Item,
1261 861 1320 897 ipsa
1336 861 1552 898 praedestinatio
1566 861 1636 890 nihil
1651 862 1726 890 aliud
1743 865 1784 891 est
1799 871 1882 899 quain

1036 907 1174 945 praevisio
1196 907 1254 936 sive
1276 907 1421 944 dispositio
1442 908 1584 945 pertinens
1605 908 1640 937 ad
1662 909 1808 945 exemplar
1821 909 1846 943 ⁵3
1862 909 1883 937 si

1035 962 1102 992 ergo
1123 954 1294 992 exemplaris
1315 963 1369 983 uon
1385 957 1426 983 est
1441 955 1603 992 exemplar,
1618 963 1685 992 ergo
1699 955 1886 992 praedestina-

1036 1001 1118 1030 tionis
1132 1001 1202 1030 nihil
1224 1005 1265 1030 est
1286 1001 1450 1038 exemplar:
1473 1009 1539 1038 ergo
1561 1002 1821 1039 praedestinationis
1840 1010 1886 1031 no-

1036 1053 1110 1077 strae
1125 1057 1178 1077 non
1194 1051 1236 1077 est
1250 1048 1397 1085 exemplar
1408 1048 1625 1085 praedestinatio
1637 1049 1747 1077 Christi.

1116 1095 1142 1124 3.
1164 1095 1247 1129 item,
1270 1103 1341 1132 quae
1363 1099 1428 1124 sunt
1449 1095 1550 1130 simul,
1572 1104 1660 1125 unum
1676 1104 1730 1124 non
1752 1099 1794 1125 est
1815 1096 1886 1125 ratio

1036 1142 1216 1179 exemplandi
1246 1142 1407 1179 reliquum3
1429 1143 1477 1171 sed
1500 1151 1597 1172 omnes
1619 1143 1886 1180 praedestinationes

1037 1189 1122 1218 simul
1143 1192 1169 1218 et
1191 1189 1226 1217 ab
1247 1192 1360 1218 aeterno
1380 1189 1495 1218 suerunt
1517 1190 1544 1218 in
1566 1193 1658 1219 mente
1686 1190 1797 1219 divina:
1820 1198 1886 1228 ergo

1036 1236 1254 1274 praedestinatio
1282 1236 1383 1265 Christi
1412 1237 1573 1266 nullatenus
1597 1237 1688 1274 potuit
1709 1245 1769 1266 esse
1794 1245 1887 1266 exeni-

1037 1284 1124 1322 plaris
1145 1284 1234 1312 forma
1247 1284 1266 1312 ⁷.

1117 1331 1144 1359 [ι.
1167 1331 1249 1365 item,
1272 1331 1293 1359 si
1315 1331 1532 1368 praedestinatio
1554 1331 1656 1360 Christi
1677 1335 1718 1360 est
1740 1331 1886 1368 exemplar

1039 1380 1149 1406 nostrae
1170 1377 1447 1414 praedestinationis,
1462 1380 1510 1406 aut
1525 1385 1591 1414 ergo
1611 1378 1717 1406 ratione
1735 1378 1887 1415 principa-

1039 1423 1075 1452 lis
1096 1424 1274 1461 sz'ynifieuci,
1290 1427 1338 1452 aut
1353 1423 1459 1452 ratione
1474 1425 1629 1453 conuocati.
1645 1425 1671 1453 Si
1688 1425 1794 1454 ratione
1806 1425 1888 1462 prin-

1039 1470 1145 1507 cipalis
1165 1470 1343 1508 sigynifieati,
1366 1479 1429 1499 cuin
1453 1471 1522 1500 illud
1552 1471 1587 1499 sit
1617 1471 1692 1500 Deus
1714 1471 1771 1501 sive
1793 1472 1887 1501 divina

1039 1517 1174 1552 essentia,
1196 1517 1291 1546 divina
1306 1518 1424 1546 essentia
1439 1518 1492 1546 erit
1507 1519 1682 1556 exemplata,
1697 1522 1721 1548 et
1739 1519 1811 1548 idem
1834 1520 1888 1548 erit

1039 1564 1186 1602 exemplar
1201 1565 1242 1593 sui
1260 1565 1348 1601 ipsius
1358 1564 1375 1592 ⁸.
1398 1565 1423 1593 Si
1447 1565 1553 1594 ratione
1574 1566 1740 1599 connotatz‘;
1761 1570 1885 1595 eontra:

1039 1611 1186 1648 exemplar
1206 1612 1349 1648 praecedit
1369 1612 1578 1649 exemplatum,
1600 1621 1654 1641 non
1676 1613 1822 1650 sequitur;
1838 1613 1887 1642 sed

1040 1659 1119 1687 multi
1144 1659 1305 1687 habuerunt
1326 1659 1444 1695 gratiam
1468 1658 1596 1694 finalem,
1618 1668 1689 1696 quae
1711 1663 1752 1688 est
1773 1660 1887 1689 effectus

1039 1705 1315 1742 praedestinationis,
1337 1708 1487 1742 antequam
1510 1705 1638 1734 Christus
1659 1706 1814 1743 susciperet
1828 1705 1889 1743 gra-

1040 1752 1128 1780 tiam:
1149 1759 1216 1788 ergo
1237 1759 1290 1780 nou
1313 1751 1441 1786 videtur,
1460 1752 1534 1789 quod
1551 1753 1767 1789 praedestinatio
1785 1753 1888 1782 Christi

1039 1798 1189 1828 cuiuslibet
1210 1798 1327 1827 alterius
1348 1799 1608 1836 praedestinationis
1637 1800 1720 1829 fuerit
1749 1800 1889 1837 exempla-

1040 1846 1079 1875 ris
1100 1846 1198 1874 forma.

1354 1947 1568 1969 CONCLUSIO.

1040 2033 1277 2062 Praectestz'natz‘o
1301 2031 1413 2061 Christi
1432 2033 1531 2071 quoad
1551 2036 1739 2062 comitatatum
1761 2037 1786 2062 et
1800 2042 1889 2062 exem-

1116 2080 1187 2117 plar
1218 2080 1347 2108 exterius
1375 2083 1467 2117 potest
1498 2080 1558 2108 diez·
1590 2080 1739 2117 exemplar
1770 2085 1889 2110 nostrae

1115 2127 1412 2164 praedestinationis,
1433 2136 1492 2156 ‘non
1513 2131 1644 2164 respectu
1664 2127 1776 2156 samma·
1795 2128 1889 2165 artifi-

1120 2173 1179 2208 cis,
1200 2174 1251 2202 sed
1271 2177 1402 2211 respecta
1423 2174 1526 2202 nostri.

1120 2268 1299 2296 Responnno:
1322 2267 1493 2301 Dicendum,
1514 2267 1589 2304 quod
1609 2270 1651 2296 est
1666 2267 1740 2305 loqui
1760 2267 1794 2296 de
1810 2275 1888 2304 prae-

1041 2314 1224 2343 destinatione
1245 2314 1346 2343 Christi
1367 2317 1394 2343 et
1409 2314 1523 2343 nostra⁹
1544 2314 1711 2351 dupliciter:
1734 2318 1782 2343 aut
1803 2323 1888 2351 quan—
1900 2328 2006 2347 mmmm

1041 2365 1100 2390 tum
1123 2361 1157 2390 ad
1177 2361 1344 2399 principale
1364 2361 1583 2398 szjqnz'ficcttum,
1615 2364 1664 2390 aut
1685 2365 1821 2398 quantum
1851 2362 1886 2390 ad

202 2483 209 2498 ¹
228 2483 294 2506 Vers.
312 2484 348 2506 29.
366 2496 396 2499 —
414 2483 436 2505 ln
453 2482 543 2509 minori
559 2483 640 2511 respici
662 2483 755 2506 videtur
780 2484 834 2506 illud
852 2484 922 2506 Exod.
941 2484 983 2512 25,

141 2523 181 2545 40:
199 2523 242 2545 Fac
259 2522 388 2545 secundum
405 2522 522 2550 exemplar
538 2525 580 2544 etc.
598 2521 642 2545 Csr.
669 2522 697 2545 de
720 2522 809 2546 minori
825 2526 880 2546 tom.
898 2523 912 2545 l.
929 2530 982 2552 pag.

140 2562 198 2590 600,
217 2564 267 2584 nota
285 2561 307 2584 7.

202 2600 212 2615 ²
227 2599 282 2628 Cap.
302 2600 338 2622 15.
356 2606 376 2622 n.
395 2600 436 2622 30.
454 2600 492 2622 Est
509 2601 577 2622 etiam
596 2600 805 2628 praeclarissimum
823 2601 899 2623 lumen
918 2607 985 2629 prae-

141 2639 296 2662 destinationis
312 2642 334 2662 et
359 2639 445 2666 gratiae
467 2639 516 2666 ipse
542 2639 669 2662 Salvator...
686 2638 789 2662 Christus
806 2639 875 2662 lesus.
892 2638 937 2662 Ct'r.
956 2639 984 2662 de

141 2678 205 2700 Dono
223 2683 340 2706 persever.
357 2683 376 2700 c.
394 2676 431 2699 24.
449 2683 470 2699 n.
488 2676 526 2699 67.

205 2715 216 2730 ³
230 2715 288 2738 Vide
307 2715 366 2737 loan.
385 2715 420 2743 13,
440 2715 475 2744 15,
493 2718 515 2738 et
540 2715 554 2738 l.
579 2716 636 2738 l‘etr.
655 2716 681 2744 2,
699 2716 736 2738 21.
753 2727 784 2732 -
801 2716 870 2738 l’aulo
891 2716 985 2738 interius

142 2758 194 2783 post
211 2755 232 2777 et
248 2753 372 2783 exemplar
388 2755 484 2777 nostrae
500 2754 554 2777 edd.
571 2755 680 2783 supplent
695 2754 764 2778 vitae.

203 2792 212 2807 ⁴
231 2793 259 2816 Ut.
274 2793 335 2821 apud
354 2793 411 2816 l'etr.
429 2793 586 2816 Lombardum
604 2797 626 2816 et
643 2793 759 2821 Lyranum
772 2793 855 2822 legitur
867 2794 888 2815 in
907 2793 984 2815 Glossa

143 2830 268 2855 ordinaria
284 2832 305 2853 in
324 2832 358 2854 Pe.
376 2832 418 2860 61,
440 2832 474 2854 12.
492 2832 568 2855 Verba
586 2833 634 2860 ipsa
648 2836 723 2855 sumta
740 2835 794 2855 sunt
809 2838 836 2854 ex
854 2833 950 2860 August.
964 2832 985 2854 in

144 2871 204 2893 hunc
221 2870 263 2893 loc.
280 2870 317 2893 Csr
333 2877 403 2899 supra
421 2877 474 2899 pag.
495 2871 546 2899 191,
564 2874 615 2894 nota
634 2870 654 2900 4,
672 2875 694 2894 et
710 2871 725 2893 l.
743 2871 804 2894 Sent.
827 2870 850 2894 d.
873 2871 894 2893 6.
918 2877 940 2899 q.
965 2871 985 2892 3,

144 2913 166 2932 rt
182 2909 205 2932 d.
223 2909 260 2931 27.
278 2915 300 2937 p.
319 2909 342 2931 ΙΙ.
360 2916 382 2938 q.
400 2910 421 2932 2.

208 2947 218 2963 ⁶
234 2947 298 2970 Vers.
316 2948 353 2970 33.
369 2960 402 2965 —
417 2949 495 2971 Glossa
513 2949 570 2971 haec
586 2948 711 2972 ordinaria
728 2948 760 2976 (et
771 2948 833 2976 apud
846 2947 953 2970 Strabum
966 2950 987 2970 et

145 2987 270 3016 Lyranum)
288 2991 363 3009 sumta
380 2990 414 3009 est
430 2994 457 3009 ex
475 2988 578 3016 tii-egon,
605 2987 689 3010 XXIX.
715 2987 791 3009 Moral.
813 2993 832 3009 c.
850 2987 887 3009 33.
905 2992 927 3009 n.
944 2986 986 3013 77,

1041 2484 1080 2506 ubi
1098 2484 1145 2506 sic:
1163 2483 1271 2506 Ordinem
1289 2483 1344 2505 raeti
1362 2489 1428 2505 nosse
1446 2486 1479 2504 est
1496 2488 1649 2510 supernarum
1662 2482 1838 2510 dispositionum
1852 2488 1887 2505 oc-

1041 2523 1112 2545 cultas
1130 2522 1348 2550 praedestinationes
1366 2521 1452 2543 xidoie.
1469 2534 1499 2537 -—
1517 2521 1586 2543 Paulo
1604 2521 1697 2543 iuferius
1715 2527 1757 2548 pro
1768 2522 1790 2543 et
1806 2520 1828 2544 si
1837 2521 1886 2544 alia

1041 2561 1134 2584 ratione
1150 2561 1201 2583 cod.
1219 2561 1237 2583 U
1254 2562 1276 2583 et
1292 2560 1325 2583 sic
1342 2559 1472 2583 secundum
1489 2558 1563 2582 aliam
1581 2559 1704 2582 rationem.
1722 2559 1808 2582 Deinde
1825 2559 1886 2582 idem

1042 2600 1093 2623 cod.
1111 2600 1129 2622 U
1147 2606 1198 2622 cum
1217 2599 1284 2621 codd.
1303 2600 1319 2621 A
1330 2599 1347 2620 G
1358 2599 1421 2620 illl<
1432 2598 1448 2620 N
1459 2598 1477 2620 T
1490 2598 1533 2619 VZ
1551 2597 1582 2620 bb
1599 2597 1648 2620 acia
1665 2598 1747 2620 omittit
1766 2602 1817 2620 ante
1837 2597 1886 2621 atii.

1042 2640 1140 2662 Demum
1166 2639 1218 2661 edd.
1245 2639 1348 2661 ultimam
1374 2638 1475 2660 conclus.
1492 2637 1560 2659 huius
1577 2643 1625 2664 arg.
1643 2637 1676 2659 sic
1693 2636 1813 2660 exhibent:
1830 2643 1886 2667 erqo

1041 2683 1089 2701 non
1107 2678 1141 2700 est
1157 2676 1281 2706 exemplar
1297 2682 1354 2699 suae
1370 2674 1590 2705 praedestinationis
1607 2676 1629 2698 et
1644 2674 1757 2698 aliorum.
1801 2677 1804 2681 '

1105 2715 1116 2730 ⁶
1132 2715 1176 2738 Cir.
1195 2716 1231 2737 hie
1249 2715 1351 2736 t'undam.
1370 2713 1390 2736 t.
1408 2726 1438 2729 —
1457 2714 1551 2736 interius
1569 2720 1611 2741 pro
1628 2713 1688 2736 nihil
1703 2713 1754 2736 cod.
1772 2714 1790 2735 G
1806 2719 1861 2737 iton.

1105 2754 1114 2769 ⁷
1132 2754 1181 2776 Vut.
1200 2753 1262 2776 addit
1278 2752 1521 2783 praedestinationum
1538 2752 1652 2775 aliarum.

1105 2792 1115 2807 ⁸
1132 2793 1189 2814 Edd.
1206 2793 1227 2815 et
1243 2791 1303 2814 idem
1321 2791 1383 2821 [Vat.
1401 2792 1423 2814 et
1439 2791 1472 2814 sic
1489 2791 1563 2821 idem]
1587 2791 1749 2821 eoeemplatum
1771 2792 1792 2814 et
1812 2797 1887 2815 esrem-

1040 2831 1097 2860 plar
1113 2830 1152 2853 sui
1167 2830 1248 2860 ipsius.
1266 2831 1315 2853 Mox
1333 2832 1384 2858 post
1409 2835 1457 2852 non
1481 2829 1588 2859 sequitur
1614 2829 1663 2852 Vat.
1681 2829 1757 2852 adiicit
1773 2829 1845 2855 illud,
1866 2831 1888 2852 et

1044 2876 1085 2898 pro
1103 2875 1149 2892 non
1166 2868 1274 2898 sequitur
1291 2869 1342 2891 cod.
1360 2869 1378 2891 Κ
1398 2868 1466 2891 habet
1482 2869 1503 2891 et
1514 2874 1563 2891 nou
1576 2867 1729 2892 convertitur.
1741 2880 1773 2885 —
1784 2868 1816 2890 De
1828 2868 1887 2896 prin-

1043 2909 1108 2936 cipiis
1126 2909 1194 2931 liuius
1210 2915 1258 2936 arg.
1277 2909 1317 2931 csr.
1335 2909 1350 2931 l.
1368 2909 1428 2930 Seni.
1447 2908 1469 2931 d.
1488 2907 1524 2930 40.
1542 2914 1562 2930 a.
1581 2908 1601 2930 1.
1619 2914 1642 2937 q.
1662 2908 1682 2930 1.

1105 2946 1115 2961 ⁹
1133 2947 1175 2969 i‘ro
1192 2947 1274 2970 nostra
1292 2946 1341 2969 Vat.
1359 2947 1414 2969 salso
1431 2946 1528 2969 natura.
