2166 3366
770 180 853 208 DIST.
876 181 928 209 Vll.
950 181 1022 209 ART.
1044 181 1062 208 l.
1085 181 1220 218 QUAEST.
1244 181 1272 209 11.

144 258 227 287 habet
247 258 358 287 termini
380 258 515 292 discreti,
538 258 600 287 ideo
628 267 681 287 non
705 258 801 291 refert,
827 258 849 286 si
873 266 986 296 praepo-

143 308 238 340 natur,
260 305 304 334 vel
326 308 509 342 postponatur
524 305 547 334 ei
570 305 686 342 negatio.
703 304 779 333 Unde
801 304 827 333 in
849 305 986 341 negativa

143 355 260 388 negatur
281 360 332 388 pro
353 352 483 380 omnibus
511 351 675 388 suppositis,
700 351 830 388 quamvis
858 351 884 379 in
907 351 986 390 affir-

142 399 254 427 mativa
275 399 361 436 possit
389 399 508 427 reddere
538 398 702 427 locutionem
726 406 821 426 verani
851 406 901 435 pro
929 407 985 426 uno

142 445 208 474 solo.
231 446 262 474 Et
289 445 351 474 ideo
374 446 441 474 haec
470 448 511 474 est
532 445 616 473 falsa:
645 445 719 473 Deus
741 453 794 473 non
823 448 865 473 est
885 445 985 479 h0m0;

142 492 205 529 quia
228 492 420 529 praedicatum
443 494 604 520 removetur
619 500 672 520 non
688 495 795 520 tantam
819 500 869 529 pro
893 492 983 526 Patre,

141 539 190 567 sed
211 539 293 568 etiam
316 547 367 576 pro
389 539 470 573 Filio;
491 541 518 567 et
539 546 575 567 ex
598 538 649 567 hoc
671 539 827 567 necessario
849 539 984 576 sequitur,

141 585 216 622 quod
237 585 420 623 affirmativa
442 585 493 613 sibi
522 585 648 622 opposita
669 585 704 613 sit
726 593 805 619 vera,
828 585 895 614 liaeo
916 585 985 613 scili-

141 635 197 660 cet:
220 632 294 660 Deus
315 636 356 660 est
379 632 469 660 homo.

219 678 295 707 Unde
316 678 338 707 si
354 681 519 715 quaeratur:
542 682 654 716 quanta
672 681 713 706 est
729 678 780 706 ista
802 677 953 715 propositio
966 678 983 705 ¹:

84 725 215 754 .·-Deus
243 728 284 754 est
305 725 410 753 homo?
437 725 664 762 respondendum
686 729 743 759 est,
772 725 846 762 quod
875 729 984 762 partem

1834 183 1887 212 173

1042 259 1126 287 habet
1147 262 1264 288 naturae
1287 259 1467 296 indefinitae,
1491 264 1599 297 partein
1623 264 1738 289 naturae
1759 261 1889 298 sz’nyula-

1041 305 1103 339 ris‚·
1124 309 1151 334 et
1173 306 1224 334 hoc
1239 308 1281 334 est
1295 309 1408 343 propter
1431 309 1560 334 naturam
1578 307 1686 335 termini
1710 307 1834 336 subiecti.
1850 324 1889 329 —

1042 352 1068 380 Si
1090 360 1156 381 vero
1182 356 1349 389 quaeratur,
1376 353 1407 381 in
1429 361 1488 390 qua
1517 353 1644 382 materia
1666 354 1713 387 sit,
1741 357 1837 382 utrum
1859 354 1886 382 in
1900 361 2031 396 quaest-aiu-

1040 398 1191 433 natarali,
1216 399 1259 427 vel
1279 403 1405 433 remota,
1435 400 1478 428 vel
1510 400 1700 438 eonstnyenh:
1721 401 1887 435 dicendum,
1901 385 1995 403 adens*

1041 446 1115 482 quod
1138 446 1165 474 in
1189 446 1304 474 materia
1329 447 1505 484 continyenti
1516 446 1525 462 ²
1545 448 1736 483 praedicatum
1751 451 1778 476 et
1799 448 1888 477 subie-

1041 495 1116 521 ctum
1139 500 1168 521 se
1191 493 1294 533 liabent
1315 497 1346 521 ut
1369 493 1534 521 excedentia
1555 498 1582 522 et
1596 502 1725 527 excessa;
1746 498 1773 523 et
1795 495 1833 523 sic
1848 498 1889 524 est

1041 538 1069 566 in
1090 539 1244 575 proposito;
1272 542 1299 567 et
1327 539 1468 575 praedicta
1501 540 1653 576 propositio
1681 541 1776 570 reduci
1806 542 1890 570 habet

1041 585 1076 613 ad
1101 584 1244 613 materiam
1267 584 1359 619 illam,
1381 586 1452 622 sapit
1474 589 1564 614 tamen
1587 587 1693 623 aliquid
1716 588 1750 616 de
1774 588 1889 617 materia

1040 631 1178 660 natm-ali
1199 635 1311 668 propter
1334 632 1401 666 hoc,
1422 632 1496 668 quod
1520 633 1582 661 illae
1605 638 1732 666 naturae,
1751 638 1888 671 quantum

1041 682 1082 706 est
1103 678 1138 706 de
1157 686 1199 712 se,
1221 681 1287 706 sunt
1308 678 1343 706 ad
1366 678 1483 707 invicem
1506 679 1676 716 disparatae,
1698 689 1749 717 per
1770 682 1887 718 gratiam

1040 725 1151 753 unionis
1173 728 1237 753 sunt
1252 724 1427 758 coniunctae,
1449 728 1476 753 et
1498 726 1589 763 quasi
1602 727 1755 755 mzturales
1770 728 1856 757 factae
1869 728 1887 756 ³.

883 815 1144 851 SOHOLION.

201 907 215 929 l.
233 906 296 929 Circa
315 910 360 928 tres
385 907 453 929 huius
478 907 565 929 articuli
591 907 748 935 quaestiones,
774 912 833 934 quae
856 908 927 933 agunt
953 905 982 927 de

138 946 232 973 proprio
249 949 271 967 et
287 946 376 967 sincero
397 951 465 967 sensu
483 951 562 967 earum
589 945 742 972 locutionum,
761 951 818 973 quas
837 945 942 972 Magister
959 945 980 966 in

138 984 250 1012 principio
268 984 318 1006 dist.
337 984 372 1006 Vl.
390 988 567 1012 commemorat,
586 984 723 1012 principales
740 983 871 1005 scholastici
885 984 921 1005 vix
939 983 981 1005 nisi

137 1023 159 1044 in
186 1023 255 1045 modo
280 1023 387 1052 loquendi
410 1024 470 1045 etin
496 1023 622 1045 rationibus
647 1023 718 1045 allatis
742 1022 884 1044 dissentiunt.
902 1034 932 1038 —
950 1022 981 1044 De

137 1062 281 1084 conclusione
301 1062 418 1090 principali
444 1063 583 1091 quaestionis
604 1062 620 1083 l.
640 1061 700 1083 haud
718 1064 792 1089 potest
808 1067 858 1083 esse
876 1061 980 1088 dubium,

137 1101 192 1129 quin
209 1101 302 1123 omnino
320 1101 465 1123 concedenda
478 1102 506 1123 sit
518 1101 602 1128 duplex
614 1101 654 1123 ista
668 1100 762 1123 locutio:
775 1101 836 1122 Deus
853 1104 886 1123 est
898 1101 980 1128 homo,

137 1143 160 1162 et
176 1140 245 1162 homo
262 1143 296 1162 est
312 1139 385 1166 Deus,
407 1148 416 1159 α
428 1145 472 1161 non
490 1140 564 1162 solum
582 1142 676 1167 propter
692 1140 812 1162 veritatem
831 1140 981 1162 terminorum

138 1179 200 1208 (quia
219 1179 302 1202 scilicet
319 1178 422 1201 Christus
438 1182 471 1200 est
483 1185 553 1200 verus
565 1179 625 1200 Deus
636 1181 658 1200 et
669 1184 739 1200 verus
756 1178 842 1207 honio),
855 1178 896 1200 sed
913 1179 981 1200 etiam

138 1220 232 1246 propter
248 1218 366 1240 veritatem
385 1217 579 1245 praedicationis»
595 1216 626 1244 (S.
641 1217 731 1245 Tuom„
744 1217 765 1239 S.
783 1217 814 1239 lll.
827 1224 849 1246 q.
870 1217 903 1239 16,
922 1224 941 1239 a.
964 1218 981 1239 l.

138 1258 160 1279 in
177 1257 258 1286 coro).
277 1256 363 1278 Tamen
381 1256 465 1278 veritas
489 1254 671 1285 praedicationis
688 1256 793 1278 sustineri
812 1257 889 1284 nequit
907 1262 982 1285 neque

138 1295 266 1318 secundum
280 1294 386 1324 primam
405 1301 479 1323 neque
497 1294 624 1317 secuudum
642 1294 735 1317 tertiam
748 1295 917 1322 praedictarum
935 1296 982 1323 opi-

140 1336 246 1362 nionum;
263 1334 292 1356 de
309 1340 356 1362 quo
373 1335 395 1356 in
413 1340 498 1356 annexa
512 1335 644 1362 quaestione
657 1334 792 1356 secundaria
806 1335 888 1362 agitur.
908 1335 982 1356 Prima

138 1373 199 1395 enim
216 1373 251 1395 illa
269 1373 347 1401 opinio
365 1373 425 1400 vult,
443 1373 479 1395 hic
500 1379 550 1395 esse
575 1373 768 1400 praedicationem
787 1379 831 1395 non
850 1374 981 1401 formalem,

138 1412 179 1434 sed
195 1412 323 1434 secundum
349 1411 505 1440 identitatem,
533 1412 617 1434 scilicet
642 1418 683 1439 per
705 1411 902 1441 implicatwnem,-
919 1413 981 1434 tertia

138 1456 194 1472 vero
211 1453 286 1478 putat,
305 1456 354 1472 esse
380 1450 572 1478 praedicationem
598 1450 727 1472 seeundum
753 1450 925 1473 inhaerentiam
950 1450 982 1478 (in

137 1489 248 1518 obliquo).
261 1489 360 1518 Utraque
373 1490 428 1511 naec
441 1490 522 1517 positio
535 1489 615 1511 merito
628 1491 780 1511 communiter
792 1489 936 1517 reprobatur,
949 1493 983 1512 ast

137 1529 267 1556 sustinetur,
286 1527 348 1556 quod
367 1528 402 1550 liic
419 1529 447 1550 sit
465 1529 558 1556 proprie
570 1528 709 1556 praedicatio
719 1534 763 1557 per
773 1534 810 1556 se,
825 1529 895 1550 niodo
908 1532 982 1551 tamen

138 1567 269 1597 singular-i,
288 1573 359 1596 quam
376 1568 443 1589 Scoto
461 1568 534 1595 placet
553 1568 670 1589 nominare
687 1567 872 1591 substantialem.
890 1580 922 1584 —
938 1568 983 1590 Nec

138 1607 190 1629 tacit
207 1606 356 1629 differentiam
374 1607 395 1628 in
419 1612 455 1633 re,
481 1606 574 1635 quando
592 1607 613 1628 S.
633 1607 714 1628 Tuom.
733 1607 780 1635 (liic
797 1613 819 1636 q.
839 1607 858 1629 l.
877 1614 897 1629 a.
917 1608 936 1629 l.
954 1607 983 1629 ad

138 1646 169 1673 6.)
187 1646 229 1667 ait:
250 1645 337 1673 «Quod
354 1649 388 1667 est
405 1644 544 1673 praedicatio
559 1651 603 1675 per
614 1646 769 1673 essentiam»,
789 1645 844 1667 dum
857 1646 878 1668 S.
898 1646 982 1668 Bonav.

139 1685 185 1709 (hic
202 1685 223 1706 in
241 1685 313 1712 corp.)
333 1684 398 1706 dicit:
420 1692 429 1704 α
441 1684 495 1707 Non
513 1688 546 1707 est
559 1685 607 1707 talis
625 1684 764 1712 praedicatio
774 1690 818 1713 per·
835 1684 983 1707 essentiam...

137 1723 178 1745 sed
195 1726 229 1745 est
245 1723 384 1750 praedicatio
400 1729 443 1752 per
461 1722 602 1746 unionem».
621 1723 676 1745 Nam
693 1724 715 1745 S.
733 1723 815 1745 Tuom.
839 1723 870 1745 ibi
887 1724 983 1751 explieat

136 1767 204 1784 suum
217 1761 312 1783 modum
331 1761 451 1790 loquendi,
469 1762 497 1783 ita
516 1763 663 1784 continuans:
680 1770 689 1782 α
699 1762 747 1784 Non
760 1762 823 1791 quod
836 1762 943 1784 divinitas
955 1763 983 1784 sit

138 1801 278 1827 humanitas,
291 1800 332 1822 sed
349 1801 401 1829 quia
414 1801 560 1828 suppositum
573 1800 664 1823 divinae
681 1804 775 1823 naturae
792 1801 940 1823 essentialiter
957 1800 982 1830 [i.

137 1846 156 1861 e.
175 1845 216 1867 per
233 1839 354 1869 unionem]
371 1843 404 1862 est
422 1841 568 1868 suppositum
594 1841 708 1862 humanae
726 1843 819 1862 naturae
829 1849 850 1862 ι.
869 1841 894 1862 Et
910 1841 932 1862 in
950 1846 983 1862 so-

1038 905 1121 927 lutione
1139 905 1168 927 ad
1186 905 1206 927 ὅ.
1226 905 1286 927 idern
1305 905 1370 932 dicit,
1389 909 1411 928 et.
1427 912 1476 928 reni
1493 911 1515 929 et
1536 907 1729 934 praedicationem
1747 909 1768 929 in
1783 909 1825 930 hac
1843 915 1888 931 ma-

1038 944 1093 965 teria
1111 950 1161 965 esse
1179 950 1274 971 prorsus
1292 944 1440 972 singularem.

1102 982 1125 1003 ll.
1144 982 1174 1004 De
1193 983 1234 1004 liae
1256 983 1272 1004 l.
1291 983 1435 1011 quaestione:
1453 984 1513 1005 Alex.
1533 984 1587 1012 llal.y
1607 984 1634 1006 de
1658 985 1699 1007 liae
1722 988 1743 1007 et
1760 992 1824 1014 seqq.
1850 992 1889 1015 qq.

1038 1020 1060 1042 S.
1079 1020 1110 1043 lll.
1129 1027 1150 1049 q.
1169 1021 1190 1043 6.
1204 1027 1235 1043 m.
1253 1022 1273 1043 2.
1292 1028 1311 1043 a.
1330 1022 1352 1043 2.
1370 1024 1391 1043 et
1404 1028 1433 1044 m.
1453 1023 1478 1050 3,
1497 1029 1518 1051 q.
1537 1023 1559 1045 7.
1578 1029 1609 1045 m.
1627 1023 1647 1045 3.
1666 1030 1685 1045 a.
1704 1024 1724 1045 2.
1738 1037 1766 1040 -—
1780 1025 1850 1051 Scot„
1868 1026 1889 1047 in

1038 1063 1135 1088 utroque
1148 1061 1237 1088 scripto
1251 1061 1286 1082 iiic
1298 1067 1320 1089 q.
1337 1061 1354 1082 l.
1367 1073 1398 1077 —
1410 1062 1431 1083 S.
1451 1062 1541 1090 Tliom.‚
1555 1063 1590 1084 liic
1603 1069 1624 1091 q.
1655 1063 1672 1084 l.
1690 1069 1709 1085 a.
1732 1064 1737 1084 l
1751 1071 1756 1091 ς
1774 1064 1796 1085 S.
1815 1064 1848 1086 lll.
1867 1071 1890 1093 q-

1040 1099 1075 1121 16.
1093 1105 1113 1121 a.
1136 1100 1152 1121 l.
1171 1100 1191 1121 2.
1203 1111 1235 1115 —
1248 1100 1303 1122 Petr.
1322 1106 1333 1122 a
1353 1100 1413 1128 Tar„
1432 1101 1468 1123 liic
1486 1108 1507 1129 q.
1522 1102 1541 1123 ι1.
1555 1108 1573 1123 a.
1592 1102 1609 1123 l.
1621 1113 1652 1117 —
1664 1102 1770 1124 Ricliard.
1788 1109 1800 1124 a
1819 1103 1889 1126 Meda

1038 1138 1074 1160 hic
1092 1144 1111 1159 a.
1134 1138 1151 1160 l.
1170 1144 1191 1166 q.
1215 1139 1230 1160 Ι.
1249 1150 1279 1155 -
1297 1138 1370 1166 AEgid.
1388 1139 1421 1166 R.⁷
1440 1140 1475 1161 hic
1489 1146 1511 1168 q.
1534 1140 1550 1161 l.
1571 1146 1591 1161 a.
1616 1140 1633 1162 l.
1652 1152 1682 1155 —
1700 1140 1791 1169 Dionys.
1804 1140 1888 1170 Carth.y

1038 1176 1067 1198 de
1085 1177 1126 1198 liae
1144 1180 1165 1198 et
1182 1177 1273 1199 duabus
1290 1184 1355 1206 seqq.
1368 1184 1406 1206 qq.
1427 1178 1462 1200 liic
1480 1184 1502 1207 q.
1524 1179 1542 1200 1.
1561 1191 1590 1194 -
1602 1179 1661 1206 Biel,
1680 1179 1707 1201 de
1725 1180 1767 1202 liae
1784 1183 1806 1203 et
1823 1187 1889 1209 seqq.

1040 1222 1078 1244 qq.
1097 1216 1134 1238 liic
1151 1223 1172 1245 q.
1192 1217 1266 1239 unica.

1101 1256 1133 1277 lll.
1152 1256 1244 1278 Locutio
1262 1257 1283 1278 in
1302 1257 1322 1278 2.
1341 1260 1427 1285 quaest.
1447 1257 1548 1279 discussa
1568 1257 1596 1279 ab
1615 1258 1723 1280 omnibus
1741 1258 1886 1285 conceditur,

1039 1298 1114 1317 tamen
1132 1302 1142 1317 a
1162 1297 1263 1323 patronis
1281 1296 1348 1318 trium
1367 1296 1456 1318 illarum
1475 1297 1610 1324 opinionum
1629 1297 1720 1319 diverso
1738 1297 1808 1319 modo
1826 1299 1890 1320 intel-

1038 1334 1122 1361 ligitur.
1142 1334 1209 1362 Quod
1227 1334 1327 1356 verbum
1343 1334 1396 1364 fieri
1413 1335 1441 1357 de
1455 1335 1500 1357 Deo
1519 1335 1656 1362 intelligatur
1674 1341 1721 1358 non
1737 1335 1886 1365 simpliciter,

1039 1373 1080 1395 sed
1098 1374 1118 1394 iu
1137 1380 1205 1395 sensu
1223 1373 1334 1401 explicato
1352 1374 1397 1400 (liic
1421 1374 1488 1396 solut.
1514 1374 1544 1396 ad
1571 1375 1609 1403 2.),
1632 1375 1776 1397 manifestum
1799 1378 1839 1397 est.
1858 1375 1889 1397 De

1040 1413 1081 1433 liar
1099 1416 1184 1440 quaest.
1204 1415 1287 1440 agunt:
1306 1413 1372 1439 Soet,
1399 1413 1420 1434 in
1448 1416 1546 1441 utroque
1573 1413 1661 1441 scripto
1685 1414 1720 1435 liic
1738 1420 1760 1442 q.
1779 1414 1800 1435 2.
1820 1426 1849 1429 —
1867 1415 1888 1436 S.

1040 1450 1132 1478 Thom.⁷
1150 1451 1185 1472 liic
1202 1457 1224 1479 q.
1243 1451 1263 1472 2.
1281 1457 1300 1472 a.
1323 1451 1345 1478 l;
1363 1451 1385 1473 S.
1404 1451 1446 1473 loc.
1465 1452 1501 1473 cit.
1518 1458 1538 1473 a.
1556 1452 1577 1473 6.
1591 1464 1622 1468 —
1634 1452 1657 1474 Β,
1670 1452 1762 1480 Albert.⁷
1781 1453 1813 1475 111.
1826 1453 1887 1475 Sent.

1040 1489 1061 1511 d.
1080 1489 1101 1511 6.
1119 1496 1139 1511 a.
1161 1490 1178 1512 l.
1197 1502 1227 1505 —
1245 1490 1301 1512 l‘etr.
1320 1497 1331 1511 a
1350 1490 1411 1517 Tar„
1429 1491 1465 1512 liic
1483 1497 1504 1519 q.
1524 1491 1544 1512 2.
1563 1497 1582 1513 a.
1600 1491 1617 1513 l.
1630 1504 1660 1507 —-
1672 1491 1777 1514 Riehard.
1796 1498 1807 1513 a
1822 1492 1887 1520 llled¹⁷

1040 1528 1076 1550 hic
1089 1535 1108 1550 a.
1126 1529 1142 1550 l.
1156 1535 1178 1557 q.
1191 1529 1211 1550 3.
1223 1541 1253 1544 —
1263 1528 1336 1556 AEgid.
1355 1529 1388 1557 lt„
1407 1530 1443 1551 liic
1460 1536 1482 1557 q.
1497 1529 1516 1551 ’1.
1534 1535 1554 1551 a.
1573 1530 1594 1551 3.
1605 1542 1634 1545 —
1648 1530 1755 1557 Durand„
1769 1531 1805 1552 liic
1817 1537 1838 1559 q.
1853 1531 1872 1553 l.

1104 1568 1139 1590 lV.
1158 1568 1271 1596 Respecto
1290 1568 1310 1590 3.
1329 1569 1468 1597 quaestionis
1485 1569 1545 1591 Scot.
1564 1569 1609 1596 (liic
1626 1575 1648 1598 q.
1667 1570 1687 1591 2.
1707 1576 1727 1591 n.
1746 1570 1771 1598 73
1796 1570 1889 1597 Report.

1040 1607 1076 1628 liic
1094 1613 1115 1634 q.
1135 1606 1165 1634 3.)
1184 1609 1255 1634 tenet,
1275 1607 1423 1628 locutionem:
1442 1607 1511 1629 liomo
1538 1607 1611 1629 sactus
1628 1611 1662 1630 est
1680 1608 1749 1636 Deus,
1768 1614 1817 1630 esse
1835 1609 1890 1630 sim-

1041 1645 1127 1673 pliciter
1144 1648 1166 1667 et
1184 1646 1276 1673 proprie
1294 1651 1380 1667 veram.
1399 1646 1440 1667 Alii
1460 1652 1516 1667 vero
1534 1652 1587 1668 cum
1604 1647 1626 1668 S.
1645 1647 1730 1669 Bonav.
1748 1653 1798 1669 ean]
1817 1647 1888 1669 decla-

1040 1686 1090 1706 rant
1106 1690 1156 1706 esse
1174 1683 1344 1713 impropriam,
1360 1685 1400 1706 nisi
1413 1684 1492 1713 factus
1505 1685 1642 1713 intelligatur
1660 1686 1854 1714 impersonaliter,
1867 1689 1889 1708 et

1041 1726 1153 1751 quatenus
1163 1722 1298 1744 determinet
1308 1725 1377 1745 totam
1387 1724 1584 1750 compositionem.
1594 1736 1624 1740 -
1633 1724 1722 1746 Praeter
1731 1725 1824 1746 Scotum
1835 1725 1888 1747 ctr.:

1040 1762 1061 1784 S.
1080 1762 1170 1789 Tliom.y
1184 1762 1220 1783 liic
1237 1768 1258 1790 q.
1271 1762 1292 1783 2.
1310 1768 1329 1783 a.
1349 1762 1374 1789 23
1387 1762 1408 1784 S.
1422 1763 1463 1784 loc.
1476 1763 1512 1784 cit.
1526 1769 1545 1785 a.
1558 1763 1580 1785 7.
1593 1775 1621 1779 --
1632 1764 1654 1785 B.
1672 1763 1763 1791 Albert„
1778 1764 1808 1786 111.
1827 1765 1888 1786 Sent.

1040 1801 1062 1823 d.
1079 1801 1111 1823 ll.
1125 1807 1145 1823 a.
1162 1801 1178 1822 l.
1188 1812 1219 1817 -—
1229 1801 1285 1823 l’etr.
1298 1807 1310 1823 a
1324 1801 1384 1829 Tar.,
1397 1801 1439 1823 loc.
1457 1802 1493 1824 cit.
1506 1808 1526 1824 a.
1540 1803 1560 1824 2.
1573 1814 1603 1818 —
1617 1803 1721 1825 llicliard.
1734 1809 1745 1825 a
1765 1803 1829 1831 illed.y
1846 1804 1888 1826 loe.

1040 1841 1075 1863 eit.
1094 1847 1114 1862 a.
1134 1840 1153 1863 4.
1172 1852 1203 1857 —-
1219 1841 1286 1868 ‹Egid
1303 1841 1336 1869 R.,
1354 1841 1396 1863 loc.
1415 1842 1451 1864 cit.
1469 1848 1488 1863 a.
1502 1841 1523 1863 4.
1542 1854 1570 1857 —
1583 1842 1696 1870 Durand.,
1715 1843 1757 1865 loe.
1770 1843 1807 1865 cit.
1825 1849 1847 1872 q.
1867 1844 1888 1865 2.

908 1919 1070 1955 QUAESTIO
1092 1919 1121 1947 11.

583 1994 688 2022 Utrum
709 1993 779 2022 haec·
799 1994 837 2022 sit
858 1994 1057 2022 admittenda:
1080 1994 1157 2022 Deus
1177 1993 1277 2032 factus
1299 1998 1340 2023 est
1360 1994 1452 2023 homo.

219 2081 345 2110 Secundo
366 2081 525 2118 quaeritur,
548 2085 644 2110 utrum
661 2081 728 2110 haec
750 2081 785 2109 sit
799 2081 984 2110 admittenda:

142 2127 215 2155 Deus
235 2127 325 2155 factus
346 2130 387 2155 est
409 2127 501 2155 homo.
523 2127 554 2155 Et
575 2127 649 2164 quod
672 2127 724 2162 sic,
746 2127 872 2156 videtur:

221 2175 245 2202 1.
267 2174 375 2203 Ioannis
396 2174 526 2211 primo⁴z
557 2174 678 2203 Verbum
700 2183 771 2203 earo
791 2173 906 2212 factam
928 2178 986 2208 esc,-

140 2221 189 2250 sed
210 2229 295 2254 earo,
327 2223 359 2250 ut
389 2221 456 2250 dicit
487 2221 670 2257 Augustinus,
701 2230 754 2249 non
787 2224 840 2250 stat
870 2221 906 2250 ibi
936 2230 986 2259 pro

141 2271 230 2304 parte,
253 2268 300 2296 sed
323 2276 374 2304 pro
397 2271 453 2296 toto
476 2268 599 2296 homine:
622 2275 688 2304 ergo
710 2268 732 2296 si
756 2269 822 2296 liaeo
844 2272 886 2296 est
907 2276 985 2297 vera:

206 2388 399 2417 ¹l‘ropositiones
422 2389 507 2411 ratione
530 2389 669 2419 quantitatis
700 2390 712 2411 i.
735 2396 755 2412 e.
774 2391 911 2412 extensionis
933 2390 988 2412 sub-

143 2429 204 2456 iecti,
222 2428 357 2450 dividuntur
374 2428 395 2450 in
417 2427 580 2457 universales,
605 2428 780 2458 particulares,
807 2429 943 2459 siusjalares
965 2433 987 2452 et

142 2466 293 2497 indefinitas;
314 2467 400 2489 ratione
422 2466 536 2489 materiae
565 2468 579 2489 i.
605 2474 624 2489 e.
650 2467 788 2490 habitudinis
810 2468 933 2496 praedicati
957 2467 986 2490 ad

142 2505 283 2532 subiectum,
307 2505 441 2527 dividuntur
459 2506 479 2527 in
497 2505 621 2528 naturales
638 2505 810 2535 (necessarias),
828 2506 986 2536 cominqentes

142 2544 180 2567 (ad
198 2550 256 2572 quas
273 2544 414 2566 reducuntur
431 2543 560 2573 possibiles)
579 2548 601 2566 et
618 2546 721 2567 remotas
742 2545 922 2574 (impossibiles).
940 2545 984 2567 Ctr.

142 2583 247 2610 aristot,
267 2583 280 2604 l.
299 2583 368 2605 Prior.
386 2589 405 2605 c.
426 2583 444 2609 1,
461 2586 483 2604 et
501 2583 523 2605 ll.
543 2583 664 2605 Perinerm.
688 2590 706 2606 c.
730 2584 750 2606 3.
769 2583 798 2612 (C.
819 2584 871 2612 ¹2).
889 2596 919 2600 —
936 2585 985 2607 Mox

141 2628 184 2649 pro
200 2623 302 2644 naturae
319 2621 452 2651 indefinitae
469 2621 537 2643 codd.
556 2622 572 2643 Β
581 2621 597 2643 C
608 2621 625 2643 D
636 2622 650 2643 F
659 2622 677 2644 H
687 2621 705 2643 O
715 2622 733 2644 T
744 2629 769 2644 aa
781 2623 884 2645 naturae
904 2622 985 2653 sinqu-

142 2660 200 2683 laris
220 2660 366 2691 indefinitae,
394 2660 460 2682 codd
479 2660 512 2682 lN
524 2660 543 2682 X
563 2662 665 2683 παίωνας
684 2660 815 2690 sinyutmis
834 2661 982 2692 indefinitae,

141 2699 292 2729 indefiviitae,·
307 2700 328 2721 in
354 2699 421 2721 codd.
439 2700 455 2721 A
468 2699 495 2721 W
513 2699 625 2721 liabetur:
642 2699 705 2729 qaod
720 2701 812 2729 partem
834 2700 903 2724 habet
917 2702 984 2724 natu-

141 2744 183 2761 rae
207 2737 351 2767 simularie,
374 2739 467 2768 partem
492 2737 560 2760 nabet
584 2738 686 2761 naturae
710 2738 858 2768 indefinitae;
882 2741 984 2763 naturae

141 2776 285 2806 sinyularis,
304 2778 325 2799 et
342 2776 385 2800 hoe
402 2781 444 2799 etc.

203 2816 212 2830 ἵ
229 2816 285 2838 Edd.
303 2817 339 2838 liic
356 2817 493 2838 interiiciunt
512 2815 580 2845 quia,
599 2820 621 2838 et
639 2817 707 2844 paulo
730 2817 822 2839 interius
840 2818 897 2840 inter
914 2819 935 2841 et
957 2825 983 2841 ac

140 2854 261 2883 praedicta
277 2854 405 2884 propositio
422 2856 524 2878 inserunt
550 2854 613 2883 ticet,
641 2862 683 2883 pro
708 2855 775 2878 hahet
800 2856 882 2878 deinde
907 2863 984 2878 conse-

141 2896 237 2921 quenter
252 2893 415 2916 substituentes
432 2893 521 2917 habeat.
541 2894 591 2916 l‘ost
610 2899 681 2922 pauca
709 2894 757 2916 Vat.
783 2895 829 2916 sola
851 2895 884 2917 sic
905 2901 983 2923 prose-

141 2932 233 2959 quitur:
250 2933 347 2961 propter
363 2931 421 2960 hoc,
441 2932 497 2962 quia
515 2932 623 2961 quamvis
636 2931 690 2955 illae
701 2933 826 2955 natm-ae...
844 2932 892 2955 siut
907 2933 982 2956 adin·

141 2969 235 2993 vicem...
252 2970 356 2999 qratiam
370 2972 452 2993 tamen
468 2971 563 2993 mironis
580 2975 622 2993 etc.

1042 2081 1165 2110 Verbum
1188 2081 1235 2110 Dei
1252 2082 1354 2110 factum
1377 2085 1419 2111 est
1434 2091 1521 2116 caro,
1543 2083 1632 2111 multo
1648 2084 1735 2120 magis
1754 2083 1821 2113 haec
1836 2085 1888 2113 erit

1044 2136 1125 2156 vera:
1150 2128 1222 2157 Deus
1243 2128 1333 2157 factus
1353 2132 1395 2158 est
1416 2128 1507 2157 homo.

1122 2176 1148 2203 ⁹2.
1171 2175 1250 2209 ltem,
1272 2175 1299 2203 in
1321 2175 1488 2212 Symbolo⁵:
1516 2186 1530 2202 «
1545 2177 1733 2205 lncarnatus...
1754 2180 1781 2205 et
1806 2177 1889 2206 homo

1043 2221 1133 2249 factus
1154 2225 1196 2250 &St
1210 2233 1237 2250 ».

1124 2268 1149 2297 3.
1172 2269 1251 2303 lieni,
1280 2269 1488 2306 Augustinus⁶z
1519 2270 1633 2298 «Tanta
1659 2270 1710 2298 fuit
1738 2270 1785 2298 illa
1806 2271 1887 2306 unio,

1107 2390 1116 2405 ³
1133 2391 1157 2413 B.
1175 2391 1272 2418 Albert.⁷
1291 2391 1326 2413 liic
1344 2391 1366 2412 d.
1390 2391 1411 2412 6.
1429 2397 1449 2413 a.
1469 2391 1488 2413 1.
1506 2391 1535 2413 ad
1552 2392 1693 2420 quaestione.
1712 2392 1732 2413 3.
1751 2392 1795 2414 ait:
1813 2392 1889 2420 Dupli-

1044 2430 1099 2451 citer
1117 2433 1151 2451 est
1167 2429 1254 2458 aliquid
1271 2430 1293 2451 in
1311 2430 1403 2451 materia
1423 2430 1530 2457 naturali,
1547 2431 1593 2452 scil.
1612 2436 1638 2452 ex
1656 2429 1804 2453 cohaerentia
1822 2432 1889 2453 nata-

1043 2467 1092 2490 rali
1108 2467 1283 2496 terminorum,
1310 2474 1380 2497 quain
1399 2468 1483 2491 liabent
1500 2475 1526 2490 ex
1544 2469 1623 2491 ordine
1641 2475 1736 2491 suorum
1754 2470 1889 2497 significato-

1043 2513 1095 2529 rum
1113 2507 1141 2529 ad
1161 2508 1271 2535 invicem,
1290 2510 1312 2529 et
1328 2513 1359 2530 ea:
1375 2507 1422 2530 alio
1439 2507 1538 2537 faciente
1554 2507 1680 2531 cohaerere
1702 2508 1890 2531 substantialiter

1043 2552 1102 2574 quae
1120 2552 1161 2574 per
1179 2549 1282 2568 naturam
1300 2549 1353 2568 sunt
1369 2546 1398 2568 ab
1424 2547 1523 2569 invicem
1549 2550 1668 2575 separata;
1694 2550 1716 2569 et
1739 2548 1772 2569 sic
1794 2550 1827 2569 est
1844 2548 1887 2569 hic.

1043 2584 1107 2607 Unde
1123 2585 1191 2606 etiam
1209 2586 1277 2607 liuius
1293 2586 1366 2607 simile
1383 2586 1405 2607 in
1423 2589 1502 2608 natura
1521 2586 1617 2608 inveniri
1636 2592 1679 2607 non
1698 2588 1778 2613 potest.

1103 2623 1112 2637 ⁴
1131 2623 1195 2646 VerS.
1215 2623 1250 2646 14.
1269 2636 1299 2640 -—-
1316 2625 1425 2652 August..
1451 2625 1519 2652 Epist.
1549 2624 1598 2647 tto.
1624 2624 1688 2652 <alias
1713 2625 1771 2652 ¹20.)
1789 2630 1808 2646 c.
1827 2623 1847 2646 4.
1867 2630 1887 2646 n.

1046 2663 1087 2690 12;
1106 2663 1134 2684 83
1153 2663 1194 2691 Qq.
1213 2669 1236 2691 q.
1254 2663 1290 2685 80.
1309 2669 1332 2685 n.
1349 2664 1377 2690 2;
1396 2663 1455 2685 XlV.
1474 2663 1503 2685 de
1519 2662 1567 2685 civ.
1586 2663 1637 2691 Dei¹
1656 2669 1675 2684 c.
1693 2663 1713 2685 2.
1732 2669 1753 2684 n.
1773 2663 1780 2684 1
1796 2670 1800 2689 ;
1819 2663 1841 2685 ll.
1860 2663 1888 2685 de

1044 2702 1105 2724 Tria.
1124 2708 1142 2724 e.
1161 2703 1182 2724 6.
1201 2708 1221 2724 n.
1243 2702 1276 2724 11.

1105 2740 1115 2755 ⁵
1131 2741 1235 2763 Nicaeno.
1254 2753 1284 2756 —
1300 2740 1356 2763 Cod.
1383 2741 1401 2762 Κ
1428 2741 1572 2763 lut-(irnatas
1597 2741 1631 2763 est
1655 2740 1682 2763 de
1700 2740 1791 2769 Spiritu
1809 2740 1833 2764 S.
1857 2747 1888 2763 ea:

1040 2779 1119 2802 Maria
1140 2778 1242 2808 Vimine,
1262 2780 1283 2802 et
1296 2779 1365 2802 liomo
1376 2779 1454 2808 sactus
1471 2779 1505 2801 est
1522 2779 1558 2807 (ex
1576 2779 1655 2806 Symb.
1674 2779 1889 2802 Nicaeno-Constan-

1044 2818 1208 2846 titiopolitano).

1102 2856 1112 2870 ⁶
1129 2856 1190 2878 Libr.
1209 2857 1223 2877 l.
1242 2857 1270 2878 de
1288 2856 1350 2878 'l‘riu.
1369 2862 1388 2878 c.
1410 2857 1443 2879 13.
1462 2863 1483 2878 n.
1502 2857 1537 2879 28.
1555 2869 1587 2873 —
1604 2857 1646 2879 l‘ro
1673 2857 1748 2880 Tama
1765 2858 1786 2879 in
1806 2858 1888 2880 testim.

1040 2895 1136 2923 allegato
1155 2899 1227 2917 textus
1244 2896 1326 2923 origin.
1344 2898 1366 2918 et
1384 2895 1431 2917 Vat.
1450 2895 1557 2918 exhibent
1580 2895 1649 2919 Talis.
1676 2896 1698 2918 lu
1726 2902 1772 2924 seq.
1799 2898 1889 2925 quaest.

1040 2940 1088 2961 arg.
1111 2935 1128 2956 l.
1150 2934 1178 2955 ad
1201 2940 1283 2962 oppos
1306 2935 1374 2957 etiam
1397 2934 1464 2956 codd.
1487 2934 1571 2957 liabent
1589 2934 1660 2958 Talia.
1678 2935 1723 2957 Ctr.
1741 2935 1777 2956 liic
1794 2935 1823 2956 lit.
1847 2935 1889 2956 llla-

1038 2973 1118 3000 gistri,
1137 2978 1157 2994 c.
1178 2973 1197 2994 l.
