2166 3366
128 799 242 818 Notandum.

124 2078 180 2100 :xi-gg.
192 2082 225 2100 pro
235 2077 251 2095 1.

161 2102 220 2124 parte.

255 197 312 225 [208
926 190 1178 219 SENTENTIARUM
1200 189 1258 217 LlB.
1281 189 1321 217 lll.

256 275 344 312 magis
364 280 450 310 quam
472 271 580 309 passim
609 270 773 303 dicendum,
799 269 875 306 qnod
897 269 969 297 sicut
990 276 1077 305 supra
1094 267 1102 280 ²

256 322 361 351 dietum
377 320 429 349 fuit
450 319 484 347 de
500 317 709 351 iustificatione,
731 316 806 354 quod
823 315 992 353 i'ustilz'ealio
1013 318 1104 352 potest

256 367 370 396 attribui
391 364 526 403 passioni
547 365 652 392 ratione
675 363 785 392 termini
807 371 827 395 a
849 371 915 401 quo,
938 362 1042 391 seilicet
1064 370 1105 390 ra-

256 415 329 442 tione
350 412 497 441 amotionis
527 411 609 445 mali,
638 414 665 439 et
687 409 898 438 resurrectioni
925 409 1032 438 ratione
1054 412 1106 438 ter-

257 460 323 489 mini
345 460 386 488 ad
406 467 504 497 quem,
527 458 631 487 scilieet
656 457 763 486 ratione
784 457 938 486 collationis
966 457 1039 485 boni.
1062 457 1105 485 Sic

257 507 339 536 etiam
360 505 546 544 qlorisieutio,
570 512 642 542 quae
657 508 699 533 est
721 504 848 533 liberatio
870 512 886 532 a
897 512 992 541 poena
1014 507 1040 532 et
1055 503 1106 531 mi-

255 554 355 588 seria,
378 553 491 590 utrique
512 555 603 590 potest
623 551 759 585 attribui;
786 551 893 580 ratione
914 558 982 579 vero
1008 550 1106 579 libera-

256 601 337 630 tionis
358 609 374 629 a
392 608 487 637 poena
509 599 601 636 potius
622 598 786 627 attribuitur
798 597 941 635 passioni.

335 649 361 676 2.
383 647 422 676 Ad
454 647 525 675 illud
554 654 620 674 vero
649 645 724 683 quod
745 645 888 680 obiicitur,
910 645 985 682 quod
1014 645 1106 682 passio

256 694 358 724 Christi
386 694 503 731 praebet
530 693 610 722 nobis
636 693 800 729 exemplum
830 692 951 729 patiendi
968 691 994 726 2;
1017 692 1107 721 dicen-

257 743 339 776 dum,
355 741 430 778 quod
446 740 497 769 etsi
513 739 604 776 passio
619 739 721 768 Christi
738 739 837 768 liberet
851 747 867 767 a
878 747 984 776 poena,
1000 746 1055 766 non
1071 742 1107 767 ta-

258 797 321 818 men
342 788 377 817 ab
397 787 478 816 omni
500 795 594 824 poena
620 786 726 815 liberat.
752 786 863 814 Liberat
887 786 961 814 enim
983 793 998 814 a
1018 785 1107 822 'poena

258 835 442 873 oppressiva,
468 834 515 863 sed
539 842 593 862 non
620 834 750 862 liberata
772 841 860 870 poena
882 832 1059 869 promotivct.
1078 832 1108 860 Et

259 883 390 921 quoniam
413 890 514 919 poena,
536 881 563 909 in
579 889 634 918 qua
649 883 799 909 exercetur
814 879 946 917 patientia
960 882 988 908 et
1002 879 1108 908 miseri-

260 930 355 960 cordia
376 930 434 958 sive
449 929 549 965 pietas,
570 931 612 956 est
626 927 799 965 promotiva;
822 927 883 955 ideo
898 926 990 963 passio
1005 926 1107 955 Christi

260 978 295 1006 ab
310 977 357 1005 illa
372 985 425 1005 non
449 976 560 1010 liberat,
583 975 631 1003 sed
646 974 680 1003 ad
697 974 773 1002 illam
795 973 900 1002 animat
914 976 940 1002 et
958 973 1108 1002 animando

260 1024 339 1058 facit,
361 1027 392 1052 ut
413 1030 501 1060 poena
522 1022 570 1050 illa
590 1029 645 1049 non
667 1021 754 1058 possit
774 1020 935 1057 opprimere
961 1027 1010 1048 nec
1032 1027 1108 1056 prae-

255 1071 370 1105 svalere3
392 1074 418 1099 et
440 1070 491 1098 isto
513 1069 597 1097 inodo
618 1071 711 1105 posset
726 1067 779 1096 dici
801 1067 924 1104 quodam
941 1066 1023 1095 modo
1045 1066 1109 1095 libe-

262 1126 325 1147 rare
346 1118 381 1146 ab
403 1117 450 1145 illo
466 1124 567 1154 genere
586 1123 700 1153 poenae,
723 1123 777 1143 non
799 1117 830 1143 ut
852 1122 905 1142 non
928 1113 1045 1151 affligat,
1060 1113 1109 1142 sed

261 1168 293 1193 ut
314 1172 368 1193 non
391 1163 550 1201 praevaleat
561 1163 578 1190 ³.

341 1211 366 1240 3.
389 1211 427 1239 Ad
449 1210 519 1239 illud
541 1210 616 1247 quod
638 1209 780 1243 obiicitur,
802 1208 877 1246 quod
895 1208 987 1245 passio
1008 1208 1109 1237 Christi

262 1267 315 1287 non
338 1258 438 1287 liberat
459 1266 475 1286 a
500 1265 589 1295 poena
611 1256 812 1294 poenitentiae3
841 1255 1008 1289 dicendum,
1034 1255 1110 1292 quod

1160 267 1245 295 immo
1268 267 1382 301 liberat,
1403 269 1539 304 quantum
1561 270 1603 295 est
1624 266 1659 295 de
1680 274 1725 300 se;
1747 267 1828 303 quia,
1850 267 2006 296 seeundum
2020 276 2135 295 Notandum.
2162 284 2166 291 ι

1161 315 1234 352 quod
1251 314 1354 344 dicitur
1373 315 1400 343 in
1422 315 1513 343 littera
1525 314 1544 348 ⁴,
1572 324 1585 340 (ι
1600 314 1627 342 in
1642 313 1780 351 baptismo
1802 315 1892 343 omnis
1907 322 2008 352 poena,

1162 370 1233 399 quae
1255 370 1306 399 pro
1328 365 1440 399 peccato
1461 361 1592 395 debetur,
1615 361 1726 398 penitus
1747 360 1891 389 relaxatur
1906 372 1938 395 »;
1959 361 2009 390 sed

1162 417 1226 437 cum
1248 409 1332 437 homo
1355 412 1466 445 peccata
1489 408 1582 441 iterat,
1604 408 1696 436 reddit
1717 416 1747 436 se
1769 407 1914 444 indignum
1934 411 2009 436 tanto

1163 455 1312 487 beneficio,
1334 458 1361 484 et
1383 455 1444 484 ideo
1466 463 1516 492 per
1542 455 1700 492 passionem
1728 463 1783 483 non
1805 454 1956 483 remittitur
1984 455 2009 484 ei

1163 505 1220 530 tota
1241 510 1342 539 poena,
1358 502 1407 530 sed
1434 502 1654 536 «minoratur»,
1676 501 1831 530 seeundum
1847 502 1921 538 quod
1944 501 2011 530 dicit

1165 549 1293 586 Magister
1316 549 1342 577 in
1365 549 1470 583 littera,
1484 551 1620 586 quantum
1643 548 1722 577 decet
1743 552 1770 577 et
1784 548 1911 585 expedit,
1934 548 2011 577 salva

1165 597 1259 625 divina
1282 596 1393 624 iustitia.

1243 643 1269 671 [ι.
1292 643 1329 671 Ad
1352 643 1421 671 illud
1443 651 1510 671 vero
1535 642 1610 680 quod
1632 642 1781 677 obiicitur,
1809 642 1885 679 quod
1906 651 1961 671 non
1982 642 2012 671 li-

1165 691 1243 719 berat
1267 699 1284 719 a
1305 698 1393 728 poena
1415 690 1561 727 temporali
1587 698 1636 719 nec
1667 698 1683 718 a
1712 697 1800 726 poena
1821 692 1952 724 aeterna;
1973 689 2012 718 di-

1165 738 1301 771 cendum,
1330 737 1405 774 quod
1434 737 1505 765 ratio
1533 737 1580 765 illa
1610 740 1705 774 peccat
1731 737 1892 765 seeundum
1919 745 2012 765 eome-

1165 793 1254 823 quens
1266 785 1285 813 ⁵.
1307 785 1365 813 Non
1387 784 1461 813 enim
1483 784 1627 821 sequitur,
1656 784 1755 821 quodsi
1778 783 1830 812 hoc
1852 784 1934 813 modo
1956 792 2011 812 non
2025 792 2140 812 sonandum.
2164 800 2166 805 ·

1165 832 1265 861 liberat
1286 840 1302 860 a
1323 840 1411 869 poena
1434 831 1579 868 temporali
1601 834 1629 860 et
1649 833 1774 865 aeterna,
1797 831 1870 868 quod
1899 833 2013 868 propter

1167 880 1218 908 hoc
1239 878 1319 907 nullo
1342 878 1432 907 modo.
1454 878 1588 915 Quamvis
1603 878 1677 906 enim
1699 886 1752 906 non
1775 878 1875 907 liberet
1895 886 1911 906 a
1925 886 2014 915 poena

1166 929 1279 955 aeterna
1300 933 1347 954 eos
1368 925 1417 962 qui
1438 928 1503 954 sunt
1525 925 1552 953 in
1575 925 1648 953 malo
1669 924 1826 958 obstinati,
1856 925 1956 953 liberat
1978 927 2014 953 ta-

1167 981 1229 1001 men
1245 980 1292 1001 eos
1313 973 1361 1010 qui
1377 972 1474 1000 volunt
1495 975 1523 1001 et
1537 975 1654 1008 possunt
1674 972 1709 1000 ad
1721 972 1864 1001 Christum
1880 972 2012 1001 converti.

1167 1021 1298 1053 Rursus,
1321 1019 1450 1056 quamvis
1472 1027 1525 1047 non
1549 1018 1647 1047 liberet
1668 1026 1684 1047 a
1705 1026 1794 1056 poena
1816 1018 1962 1056 temporali
1985 1019 2011 1047 in

1164 1066 1327 1104 praesenti,
1350 1070 1381 1094 ut
1401 1074 1417 1094 a
1439 1066 1512 1094 fame
1538 1069 1565 1094 et
1586 1074 1602 1094 a
1624 1066 1683 1100 siti,
1713 1065 1841 1095 liberabit
1866 1069 1959 1095 tamen
1987 1066 2014 1095 in

1167 1113 1286 1150 ficturo,
1309 1113 1421 1150 quando
1444 1113 1605 1141 nouissima
1620 1112 1751 1141 omnium
1774 1113 1941 1141 destruetur
1963 1113 2016 1141 iui-

1168 1160 1246 1188 mieu
1274 1168 1355 1188 mors
1375 1160 1393 1187 ⁸.
1427 1160 1535 1188 Liberat
1563 1160 1646 1188 etiam
1678 1160 1714 1188 ab
1742 1159 1892 1198 aliquibus
1919 1160 2015 1197 poenis

1169 1207 1383 1244 temporalibus,
1405 1207 1439 1235 ad
1462 1214 1532 1243 quas
1553 1214 1680 1235 essemus
1701 1206 1813 1243 obligati
1835 1207 1934 1235 merito
1955 1215 2015 1244 pec-

1169 1257 1295 1283 catorum
1316 1257 1477 1282 nostrorum
1487 1276 1494 1288 ,
1510 1253 1561 1282 nisi
1578 1254 1759 1282 interveniret
1774 1254 1864 1290 passio
1879 1254 1981 1283 Christi
1996 1254 2014 1282 ⁷.

988 1338 1223 1375 ARTICL'LUS
1250 1341 1287 1373 lI.

815 1437 855 1465 De
873 1445 1002 1474 persona
1023 1436 1215 1473 redemptoris
1236 1439 1262 1463 et
1281 1434 1461 1463 mediatoris.

341 1527 548 1563 Consequenter
567 1525 713 1563 quaeritur
735 1524 770 1553 de
784 1531 903 1561 persona
925 1522 1111 1560 redemptoris

263 1578 290 1604 et
311 1574 487 1607 mediatoris,
510 1581 559 1610 per
581 1572 686 1609 queni⁸
708 1572 780 1600 facta
800 1574 842 1600 est
862 1570 1057 1600 reconciliatio.
1082 1570 1112 1598 Et

264 1622 337 1651 cirea
358 1621 410 1650 hoc
432 1623 609 1658 quaeruntur
631 1620 695 1648 duo.

344 1668 466 1701 Primum
489 1670 543 1702 est,
564 1670 661 1696 utrum
684 1666 760 1695 solus
782 1665 866 1694 Filius
884 1665 919 1693 sit
940 1664 1112 1701 redemptor,

1168 1530 1203 1550 an
1225 1522 1308 1551 etiam
1332 1522 1410 1551 Pater
1432 1525 1459 1550 et
1480 1522 1600 1558 Spiritus
1618 1525 1739 1551 sanetus.

1248 1569 1407 1598 Secundum
1436 1572 1496 1603 est,
1524 1569 1680 1598 secundum
1702 1577 1787 1606 quam
1816 1572 1945 1598 naturam
1974 1573 2015 1599 est

1171 1616 1316 1645 mediator.

1042 1750 1205 1787 QUAESTlO
1227 1750 1245 1778 1.

536 1841 640 1869 Utrum
661 1840 741 1868 solus
763 1839 859 1867 Filius
879 1839 917 1867 sic
939 1838 1113 1875 redemptor,
1135 1846 1175 1866 cm
1198 1837 1285 1866 eciam
1307 1837 1398 1865 Pater
1420 1840 1446 1865 et
1467 1836 1598 1874 Spiritus
1618 1840 1748 1865 sauctus.

343 1928 422 1957 Circa
437 1928 560 1965 primum
577 1927 615 1956 sio
631 1926 792 1964 proceditur
807 1929 834 1955 et
848 1925 1020 1960 ostenditur,
1036 1925 1112 1962 quod

265 1975 344 2004 solus
366 1974 462 2003 Filius
484 1974 519 2003 sit
539 1974 708 2011 redemptor.

348 2024 371 2051 l.
394 2022 571 2059 Apocalypsis
586 2021 683 2058 quinto
694 2021 714 2048 ⁹:
732 2019 887 2048 Redemisti
901 2027 963 2053 uos,
979 2019 1067 2052 Deus,
1083 2018 1114 2047 iu

265 2069 411 2107 sanquine
433 2073 480 2097 tuo
509 2078 543 2097 eac
565 2068 646 2097 omui
674 2067 753 2096 tribu
775 2071 800 2095 et
828 2066 932 2104 linqua.
953 2069 1016 2095 ete:
1047 2074 1115 2103 ergo

266 2117 289 2146 si
311 2117 388 2145 solus
408 2116 493 2144 Filius
514 2123 566 2152 pro
588 2115 667 2143 nobis
689 2114 854 2151 sanguinein
877 2113 964 2146 fudit.
986 2113 1062 2141 solus
1077 2112 1114 2140 Fi-

267 2164 321 2192 lius
342 2171 392 2192 nos
415 2162 541 2191 redemit.

346 2211 371 2238 2.
394 2210 476 2244 Item,
506 2209 551 2237 ille
577 2209 654 2237 solus
679 2216 729 2237 nos
754 2208 889 2242 redemit,
917 2207 964 2244 qui
991 2215 1042 2244 pro
1070 2215 1115 2235 no-

267 2258 309 2287 bis
331 2257 481 2291 satisfecit;
510 2257 557 2286 sed
581 2256 656 2285 solus
685 2255 768 2284 Filius
790 2263 841 2292 pro
863 2255 942 2284 nobis
964 2255 1113 2284 satisfecit:

267 2312 333 2341 ergo
355 2307 405 2333 etc.

347 2351 372 2380 3.
396 2351 478 2385 item,
501 2349 656 2387 redemptio
678 2353 772 2378 nostra
793 2349 864 2378 facta
885 2352 927 2378 est
942 2356 992 2386 per
1013 2348 1115 2385 passio-

1170 1932 1248 1958 nem,
1269 1932 1335 1961 ergo
1356 1924 1390 1952 ad
1414 1924 1490 1952 illam
1513 1923 1600 1952 solam
1624 1932 1769 1961 personam
1786 1927 1891 1961 spectat
1913 1924 2019 1954 redem-

1171 1971 1243 2009 ptio,
1265 1971 1301 1999 ad
1322 1979 1407 2008 quam
1430 1973 1535 2008 spectat
1557 1971 1667 2007 passi03
1696 1971 1745 2000 sed
1767 1971 1844 2000 solus
1864 1971 1948 2001 Filius
1976 1975 2018 2001 est

1171 2026 1289 2056 passus:
1312 2026 1379 2055 ergo
1400 2021 1452 2047 etc.

1250 2066 1276 2094 [ι.
1299 2065 1382 2099 Item,
1404 2065 1532 2093 Christus
1553 2064 1672 2093 redemit
1687 2073 1751 2100 nos,
1772 2068 1821 2094 aut
1835 2073 1902 2102 ergo
1923 2073 2018 2095 seeun-

1172 2113 1239 2142 dum
1262 2112 1396 2141 dioinum
1424 2115 1567 2146 naturam,
1595 2115 1644 2140 aut
1671 2112 1827 2141 seeundum
1854 2111 2016 2141 humanum

1172 2162 1310 2188 naturam.
1326 2159 1351 2187 Si
1374 2159 1530 2188 secundum
1545 2158 1695 2187 divinam:
1710 2166 1777 2196 ergo
1795 2159 1901 2188 frustra
1915 2159 1951 2188 ad
1966 2159 2018 2188 hoc

1172 2206 1304 2236 assumsit
1316 2206 1334 2221 ¹⁰
1350 2206 1502 2234 humanam
1524 2208 1663 2234 naturam.
1686 2205 1713 2234 Si
1742 2206 1897 2235 secundum
1919 2205 2020 2234 huma-

1171 2261 1257 2287 ucom
1278 2253 1327 2281 sed
1349 2252 1426 2281 solus
1444 2252 1528 2281 Filius
1551 2252 1703 2280 humanam
1719 2256 1849 2281 naturam
1870 2252 2016 2282 assumsit:

1172 2308 1238 2337 ergo
1260 2300 1337 2329 solus
1358 2299 1442 2328 Filius
1463 2307 1513 2327 nos
1538 2299 1665 2328 redemit.

1251 2347 1302 2375 SED
1325 2354 1448 2375 CONTRA:
1474 2348 1497 2374 1.
1525 2346 1645 2383 «Opera
1667 2346 1808 2375 Trinitatis
1837 2349 1902 2375 sunt
1923 2345 2154 2375 ind5v1.pf02‚paru

332 2484 339 2499 1
358 2485 449 2513 Quaest.
471 2485 488 2506 l.

329 2524 339 2538 ²
356 2524 412 2546 Edd.
435 2524 452 2549 1,
471 2524 484 2545 2
502 2522 660 2552 compatiendi
665 2541 671 2551 ,
693 2523 742 2545 Vai.
758 2522 866 2552 patiendi
881 2523 903 2545 el
919 2521 1083 2552 compatiendi.

329 2562 339 2576 ³
361 2562 391 2584 De
415 2568 489 2590 poena
512 2561 649 2591 oppressiva
671 2562 720 2584 sive
742 2561 873 2591 suffocante
895 2562 988 2584 vitalem
1009 2562 1115 2589 spiritum

268 2601 365 2629 gratiae⁷
383 2600 445 2622 etde
458 2606 531 2628 poena
548 2599 682 2629 promolioa
699 2601 747 2622 sive
762 2601 915 2629 promovente
932 2599 961 2622 ad
983 2600 1115 2622 exercitium

268 2640 357 2662 virtutis
374 2640 427 2662 vide
446 2640 467 2662 ΙΙ.
487 2640 546 2662 Sem.
569 2639 591 2662 d.
610 2640 646 2661 32.
667 2639 723 2661 dub.
745 2640 762 2661 l.
775 2638 880 2661 —Circa
899 2639 968 2661 tinem
990 2639 1055 2661 solut.
1073 2645 1116 2667 pro

266 2680 344 2708 posset
361 2678 407 2702 (liei
423 2679 490 2701 codd.
508 2679 525 2700 G
536 2679 553 2700 H
564 2679 579 2700 L
590 2679 605 2700 N
616 2679 634 2700 T
645 2678 663 2700 U
671 2679 689 2700 V
700 2679 715 2700 Z
725 2684 751 2700 aa
766 2676 841 2707 possit
857 2677 910 2701 diei.

331 2717 339 2732 ⁴
358 2718 404 2740 Hic.
417 2724 436 2740 c.
450 2718 471 2740 4.
483 2718 538 2740 lbid.
556 2718 671 2740 invenitur
682 2720 704 2739 ct
719 2723 766 2746 seq.
780 2717 866 2739 dictum
885 2717 992 2745 Magistri.
1006 2729 1035 2732 —
1048 2717 1117 2739 Paulo

269 2757 376 2784 superius
393 2757 445 2779 edd.
464 2757 536 2779 verbo
555 2756 638 2779 liberat
655 2757 804 2784 praemittunt
821 2762 871 2778 nos.

330 2795 340 2809 ⁵
358 2795 402 2818 Csr.
421 2802 491 2823 supra
509 2802 562 2823 pag.
581 2796 622 2823 99,
641 2798 693 2817 nota
711 2795 732 2816 7.
746 2807 775 2810 —
787 2795 856 2817 Paulo
873 2795 967 2817 inferius
982 2798 1034 2822 post
1050 2794 1117 2817 nullo

270 2833 338 2856 modo
356 2834 408 2856 edd.
427 2834 515 2857 addunt
533 2833 612 2857 liberet
629 2840 644 2856 a
660 2840 736 2863 poena
754 2833 880 2864 temporali
896 2834 917 2856 et
934 2835 1038 2856 aelerna.

334 2872 342 2886 ⁶
360 2873 428 2900 Epist.
446 2873 460 2895 1.
478 2872 529 2895 Cor.
546 2873 583 2901 15,
603 2874 638 2895 26.
651 2885 683 2889 —
695 2873 763 2895 Paulo
776 2874 882 2900 superius
899 2875 952 2900 post
963 2871 1119 2901 inpraesenti

271 2911 324 2933 cdd.
337 2917 390 2933 cum
403 2912 470 2934 codd.
482 2912 499 2933 F
508 2913 525 2934 G
536 2913 541 2934 l
551 2913 567 2934 L
577 2912 595 2934 U
605 2913 625 2934 V
634 2913 651 2934 Z
662 2919 687 2934 aa
704 2912 832 2940 adiungunt
845 2911 891 2934 vita
905 2912 984 2940 (codd.
997 2912 1015 2933 H
1026 2912 1044 2933 T
1058 2910 1116 2939 via),

272 2952 293 2971 et
310 2949 408 2971 subinde
420 2950 472 2972 edd.
485 2951 546 2972 solae
559 2957 601 2978 pro
614 2952 640 2973 ut
651 2950 791 2973 substituunt
802 2950 889 2974 scilicet
901 2950 972 2979 (dum
985 2950 1037 2973 dicti
1050 2950 1118 2972 codd.

273 2988 298 3010 ut
310 2988 442 3016 simpliciter
455 2989 573 3017 omittunt)
583 2992 605 3011 et
617 2992 668 3016 post
681 2988 788 3012 liberabit
799 2990 877 3011 minen
889 2989 997 3017 supplent
1008 2995 1023 3011 a
1032 2994 1116 3018 poena.

1173 2483 1195 2504 ln
1214 2483 1257 2505 fine
1275 2483 1341 2504 solut.
1359 2488 1401 2510 pro
1419 2480 1570 2504 interveniret
1586 2480 1636 2503 cod.
1655 2480 1672 2502 N
1690 2480 1861 2509 intervenisset,
1882 2481 1933 2504 cod.
1951 2481 1970 2503 U
1986 2480 2022 2504 iu-

1173 2520 1293 2543 terrenior.

1235 2560 1245 2574 ⁷
1263 2560 1322 2582 Vide
1339 2559 1441 2582 scholion
1458 2558 1487 2581 ad
1506 2559 1526 2580 2.
1545 2559 1612 2580 huius
1630 2558 1717 2580 articuli
1736 2561 1823 2586 quaest.

1236 2598 1245 2613 8
1263 2599 1319 2621 Edd.
1337 2604 1363 2620 ac
1380 2598 1511 2626 complures
1529 2597 1596 2619 codd.
1614 2603 1695 2626 quom.
1714 2597 1765 2619 Post
1778 2603 1850 2625 pauca
1864 2597 1914 2620 cod.
1933 2599 1950 2619 A
1968 2599 2019 2620 voci

1173 2638 1250 2662 Filius
1267 2638 1330 2660 addit
1347 2637 1399 2665 Dei,
1419 2641 1441 2660 et
1458 2640 1509 2665 post
1527 2638 1641 2659 naturam
1658 2636 1710 2659 edd.
1725 2643 1752 2659 ex
1770 2637 1819 2665 ipsa
1833 2640 1921 2665 quaest.
1939 2637 2020 2666 (infra)

1175 2677 1283 2706 supplent
1300 2676 1415 2699 Christus.

1237 2716 1247 2730 ⁹
1264 2716 1329 2738 Vers.
1347 2716 1372 2743 9,
1390 2715 1429 2737 ubi
1448 2715 1544 2742 Vulgata
1557 2714 1627 2742 (iuxta
1639 2717 1725 2736 textum
1738 2714 1857 2742 graecum)
1870 2716 1891 2736 et
1902 2714 1955 2736 edd.
1974 2715 1994 2741 11,
2008 2715 2020 2736 2

1176 2762 1218 2784 pro
1232 2756 1293 2778 Deus
1305 2755 1412 2777 exhibent
1425 2754 1478 2782 Deo,
1493 2754 1542 2776 Vat.
1555 2753 1653 2776 Domine
1665 2753 1735 2776 Deus.
1746 2753 1808 2775 -ln
1820 2753 1872 2775 edd.
1886 2754 1942 2775 haec
1954 2759 2021 2781 quae-

1176 2795 1219 2817 stio
1231 2795 1263 2817 sic
1279 2794 1368 2816 orditur
1386 2793 1490 2820 (omissis
1507 2792 1585 2815 verbis
1602 2792 1672 2815 solitis
1685 2791 1754 2815 Circa
1767 2791 1875 2820 primum
1891 2791 1924 2814 sic
1940 2794 1981 2813 etc.
1999 2795 2021 2814 et

1177 2833 1282 2861 pluribus
1300 2833 1406 2861 adiectis)
1416 2838 1421 2854 ;
1434 2832 1520 2854 Utrum
1531 2830 1597 2854 solus
1608 2830 1684 2854 Filius
1696 2830 1726 2853 sil
1737 2830 1882 2859 Redemptor,
1896 2831 1939 2853 aul
1950 2829 2019 2853 eliam

1176 2872 1247 2894 Pater
1264 2872 1285 2894 et
1301 2871 1406 2901 Spiritus
1417 2871 1521 2894 sanctus.
1534 2870 1565 2893 Et
1580 2869 1722 2897 ostenditur,
1742 2868 1806 2898 quod
1820 2868 1886 2891 solus
1903 2868 1979 2891 Filius
1989 2868 2019 2892 sit

1177 2910 1315 2940 Redemptor
1332 2914 1373 2933 etc.

1240 2948 1259 2963 ¹⁰
1276 2949 1324 2971 Non
1341 2949 1409 2977 pauci
1426 2947 1496 2971 codd.
1511 2946 1602 2969 sumsit.
