<?xml version="1.0" encoding="UTF-8"?>
<!DOCTYPE html PUBLIC "-//W3C//DTD XHTML 1.0 Transitional//EN"
    "http://www.w3.org/TR/xhtml1/DTD/xhtml1-transitional.dtd">
<html xmlns="http://www.w3.org/1999/xhtml" xml:lang="en" lang="en">
 <head>
  <title>
</title>
<meta http-equiv="Content-Type" content="text/html;charset=utf-8" />
  <meta name='ocr-system' content='tesseract 3.04.00' />
  <meta name='ocr-capabilities' content='ocr_page ocr_carea ocr_par ocr_line ocrx_word'/>
</head>
<body>
  <div class='ocr_page' id='page_1' title='image "./doctorisseraphic03bona_0015.png"; bbox 0 0 2166 3366; ppageno 0'>
   <div class='ocr_carea' id='block_1_1' title="bbox 640 393 1289 468">
    <p class='ocr_par' dir='ltr' id='par_1_1' title="bbox 640 393 1289 468">
     <span class='ocr_line' id='line_1_1' title="bbox 640 393 1289 468; baseline -0.006 0"><span class='ocrx_word' id='word_1_1' title='bbox 640 393 1289 468; x_wconf 71' lang='lat' dir='ltr'><strong>PROLEGOMENA</strong></span> 
     </span>
    </p>
   </div>
   <div class='ocr_carea' id='block_1_2' title="bbox 416 541 1517 594">
    <p class='ocr_par' dir='ltr' id='par_1_2' title="bbox 416 541 1517 594">
     <span class='ocr_line' id='line_1_2' title="bbox 416 541 1517 594; baseline -0.006 0"><span class='ocrx_word' id='word_1_2' title='bbox 416 547 489 594; x_wconf 83' lang='lat' dir='ltr'>AD</span> <span class='ocrx_word' id='word_1_3' title='bbox 524 546 780 594; x_wconf 82' lang='lat' dir='ltr'>TERTIUM</span> <span class='ocrx_word' id='word_1_4' title='bbox 813 544 1029 592; x_wconf 86' lang='lat' dir='ltr'>LIBRUM</span> <span class='ocrx_word' id='word_1_5' title='bbox 1066 541 1517 591; x_wconf 77' lang='lat' dir='ltr'>SENTENTIARUM.</span> 
     </span>
    </p>
   </div>
   <div class='ocr_carea' id='block_1_3' title="bbox 95 1042 948 3022">
    <p class='ocr_par' dir='ltr' id='par_1_3' title="bbox 95 1042 942 1817">
     <span class='ocr_line' id='line_1_3' title="bbox 159 1042 940 1072; baseline -0.006 -3"><span class='ocrx_word' id='word_1_6' title='bbox 159 1047 248 1069; x_wconf 84' lang='lat' dir='ltr'>Summi</span> <span class='ocrx_word' id='word_1_7' title='bbox 266 1046 378 1068; x_wconf 80' lang='lat' dir='ltr'>Pontificis</span> <span class='ocrx_word' id='word_1_8' title='bbox 395 1046 476 1068; x_wconf 82' lang='lat' dir='ltr'>Leonis</span> <span class='ocrx_word' id='word_1_9' title='bbox 494 1045 548 1067; x_wconf 85' lang='lat' dir='ltr'>Xlll.</span> <span class='ocrx_word' id='word_1_10' title='bbox 567 1045 659 1067; x_wconf 73' lang='lat' dir='ltr'>feliciter</span> <span class='ocrx_word' id='word_1_11' title='bbox 676 1044 792 1072; x_wconf 84' lang='lat' dir='ltr'>regnantis</span> <span class='ocrx_word' id='word_1_12' title='bbox 809 1044 880 1071; x_wconf 87' lang='lat' dir='ltr'>gratia</span> <span class='ocrx_word' id='word_1_13' title='bbox 894 1042 940 1064; x_wconf 84' lang='lat' dir='ltr'>sau-</span> 
     </span>
     <span class='ocr_line' id='line_1_4' title="bbox 96 1090 941 1120; baseline -0.007 -3"><span class='ocrx_word' id='word_1_14' title='bbox 96 1097 130 1117; x_wconf 85' lang='lat' dir='ltr'>ste</span> <span class='ocrx_word' id='word_1_15' title='bbox 147 1093 214 1116; x_wconf 81' lang='lat' dir='ltr'>nobis</span> <span class='ocrx_word' id='word_1_16' title='bbox 230 1093 318 1120; x_wconf 75' lang='lat' dir='ltr'>evenit,</span> <span class='ocrx_word' id='word_1_17' title='bbox 337 1096 361 1115; x_wconf 88' lang='lat' dir='ltr'>ut</span> <span class='ocrx_word' id='word_1_18' title='bbox 377 1093 399 1114; x_wconf 92' lang='grc'>111</span> <span class='ocrx_word' id='word_1_19' title='bbox 417 1093 490 1114; x_wconf 87' lang='lat' dir='ltr'>fronte</span> <span class='ocrx_word' id='word_1_20' title='bbox 507 1093 576 1114; x_wconf 91' lang='lat' dir='ltr'>huius</span> <span class='ocrx_word' id='word_1_21' title='bbox 593 1092 650 1114; x_wconf 83' lang='lat' dir='ltr'>tertii</span> <span class='ocrx_word' id='word_1_22' title='bbox 668 1094 758 1113; x_wconf 85' lang='lat' dir='ltr'>nostrae</span> <span class='ocrx_word' id='word_1_23' title='bbox 776 1090 882 1112; x_wconf 75' lang='lat' dir='ltr'>editionis</span> <span class='ocrx_word' id='word_1_24' title='bbox 899 1095 941 1111; x_wconf 80' lang='lat' dir='ltr'>vo-</span> 
     </span>
     <span class='ocr_line' id='line_1_5' title="bbox 96 1137 940 1167; baseline -0.006 -4"><span class='ocrx_word' id='word_1_25' title='bbox 96 1141 188 1163; x_wconf 84' lang='lat' dir='ltr'>luminis</span> <span class='ocrx_word' id='word_1_26' title='bbox 213 1140 362 1167; x_wconf 85' lang='lat' dir='ltr'>promulgare</span> <span class='ocrx_word' id='word_1_27' title='bbox 380 1139 524 1166; x_wconf 84' lang='lat' dir='ltr'>potuerimus</span> <span class='ocrx_word' id='word_1_28' title='bbox 541 1139 721 1166; x_wconf 73' lang='lat' dir='ltr'>documentum,</span> <span class='ocrx_word' id='word_1_29' title='bbox 739 1137 802 1166; x_wconf 89' lang='lat' dir='ltr'>quod</span> <span class='ocrx_word' id='word_1_30' title='bbox 820 1139 868 1158; x_wconf 93' lang='lat' dir='ltr'>tum</span> <span class='ocrx_word' id='word_1_31' title='bbox 892 1142 940 1158; x_wconf 88' lang='lat' dir='ltr'>sen-</span> 
     </span>
     <span class='ocr_line' id='line_1_6' title="bbox 96 1182 941 1213; baseline -0.005 -5"><span class='ocrx_word' id='word_1_32' title='bbox 96 1187 218 1209; x_wconf 85' lang='lat' dir='ltr'>tentiarum</span> <span class='ocrx_word' id='word_1_33' title='bbox 235 1186 347 1213; x_wconf 86' lang='lat' dir='ltr'>gravitate</span> <span class='ocrx_word' id='word_1_34' title='bbox 364 1185 460 1212; x_wconf 81' lang='lat' dir='ltr'>eminet,</span> <span class='ocrx_word' id='word_1_35' title='bbox 479 1187 527 1207; x_wconf 88' lang='lat' dir='ltr'>tum</span> <span class='ocrx_word' id='word_1_36' title='bbox 544 1185 647 1212; x_wconf 85' lang='lat' dir='ltr'>inceptos</span> <span class='ocrx_word' id='word_1_37' title='bbox 664 1190 677 1206; x_wconf 88' lang='lat' dir='ltr'>a</span> <span class='ocrx_word' id='word_1_38' title='bbox 696 1183 761 1205; x_wconf 90' lang='lat' dir='ltr'>nobis</span> <span class='ocrx_word' id='word_1_39' title='bbox 777 1183 867 1205; x_wconf 75' lang='lat' dir='ltr'>iabores</span> <span class='ocrx_word' id='word_1_40' title='bbox 880 1182 941 1205; x_wconf 87' lang='lat' dir='ltr'>beni-</span> 
     </span>
     <span class='ocr_line' id='line_1_7' title="bbox 96 1229 940 1260; baseline -0.004 -7"><span class='ocrx_word' id='word_1_41' title='bbox 96 1238 142 1260; x_wconf 88' lang='lat' dir='ltr'>gno</span> <span class='ocrx_word' id='word_1_42' title='bbox 159 1234 181 1254; x_wconf 87' lang='lat' dir='ltr'>et</span> <span class='ocrx_word' id='word_1_43' title='bbox 198 1234 293 1259; x_wconf 86' lang='lat' dir='ltr'>paterno</span> <span class='ocrx_word' id='word_1_44' title='bbox 311 1231 390 1253; x_wconf 87' lang='lat' dir='ltr'>favore</span> <span class='ocrx_word' id='word_1_45' title='bbox 407 1231 561 1259; x_wconf 73' lang='lat' dir='ltr'>prosequitur.</span> <span class='ocrx_word' id='word_1_46' title='bbox 575 1231 597 1252; x_wconf 94' lang='lat' dir='ltr'>ln</span> <span class='ocrx_word' id='word_1_47' title='bbox 610 1230 698 1252; x_wconf 86' lang='lat' dir='ltr'>Litteris</span> <span class='ocrx_word' id='word_1_48' title='bbox 714 1231 775 1252; x_wconf 89' lang='lat' dir='ltr'>enim</span> <span class='ocrx_word' id='word_1_49' title='bbox 793 1229 940 1257; x_wconf 67' lang='lat' dir='ltr'>apostolicis,</span> 
     </span>
     <span class='ocr_line' id='line_1_8' title="bbox 95 1276 939 1309; baseline -0.002 -9"><span class='ocrx_word' id='word_1_50' title='bbox 95 1284 108 1300; x_wconf 86' lang='lat' dir='ltr'>a</span> <span class='ocrx_word' id='word_1_51' title='bbox 125 1278 247 1300; x_wconf 75' lang='lat' dir='ltr'>Sanctitate</span> <span class='ocrx_word' id='word_1_52' title='bbox 272 1278 317 1300; x_wconf 83' lang='lat' dir='ltr'>Sua</span> <span class='ocrx_word' id='word_1_53' title='bbox 339 1277 390 1299; x_wconf 55' lang='lat'>[³³⁰⁰</span> <span class='ocrx_word' id='word_1_54' title='bbox 416 1280 493 1299; x_wconf 87' lang='lat' dir='ltr'>nostro</span> <span class='ocrx_word' id='word_1_55' title='bbox 515 1277 615 1299; x_wconf 80' lang='lat' dir='ltr'>Ministro</span> <span class='ocrx_word' id='word_1_56' title='bbox 639 1277 743 1299; x_wconf 84' lang='lat' dir='ltr'>Generali</span> <span class='ocrx_word' id='word_1_57' title='bbox 765 1276 905 1309; x_wconf 78' lang='lat' dir='ltr'>Bet-nardino</span> <span class='ocrx_word' id='word_1_58' title='bbox 928 1282 939 1297; x_wconf 85' lang='lat' dir='ltr'>a</span> 
     </span>
     <span class='ocr_line' id='line_1_9' title="bbox 97 1325 940 1352; baseline -0.002 -5"><span class='ocrx_word' id='word_1_59' title='bbox 97 1325 165 1347; x_wconf 83' lang='lat' dir='ltr'>Portu</span> <span class='ocrx_word' id='word_1_60' title='bbox 183 1325 303 1347; x_wconf 81' lang='lat' dir='ltr'>Romatino</span> <span class='ocrx_word' id='word_1_61' title='bbox 327 1325 441 1352; x_wconf 82' lang='lat' dir='ltr'>inscriptis</span> <span class='ocrx_word' id='word_1_62' title='bbox 461 1328 484 1347; x_wconf 89' lang='lat' dir='ltr'>et</span> <span class='ocrx_word' id='word_1_63' title='bbox 508 1325 616 1352; x_wconf 87' lang='lat' dir='ltr'>superius</span> <span class='ocrx_word' id='word_1_64' title='bbox 633 1325 765 1352; x_wconf 76' lang='lat' dir='ltr'>impressis,</span> <span class='ocrx_word' id='word_1_65' title='bbox 785 1330 829 1346; x_wconf 90' lang='lat' dir='ltr'>non</span> <span class='ocrx_word' id='word_1_66' title='bbox 852 1325 940 1346; x_wconf 90' lang='lat' dir='ltr'>tantum</span> 
     </span>
     <span class='ocr_line' id='line_1_10' title="bbox 97 1371 942 1399; baseline -0.001 -6"><span class='ocrx_word' id='word_1_67' title='bbox 97 1372 176 1394; x_wconf 85' lang='lat' dir='ltr'>merita</span> <span class='ocrx_word' id='word_1_68' title='bbox 201 1373 333 1394; x_wconf 89' lang='lat' dir='ltr'>sanctorum</span> <span class='ocrx_word' id='word_1_69' title='bbox 359 1371 460 1394; x_wconf 89' lang='lat' dir='ltr'>duorum</span> <span class='ocrx_word' id='word_1_70' title='bbox 486 1371 622 1399; x_wconf 81' lang='lat' dir='ltr'>Doctorum,</span> <span class='ocrx_word' id='word_1_71' title='bbox 649 1371 750 1398; x_wconf 78' lang='lat' dir='ltr'>Angelici</span> <span class='ocrx_word' id='word_1_72' title='bbox 771 1374 793 1393; x_wconf 86' lang='lat' dir='ltr'>et</span> <span class='ocrx_word' id='word_1_73' title='bbox 810 1371 942 1398; x_wconf 84' lang='lat' dir='ltr'>Seraphici‚</span> 
     </span>
     <span class='ocr_line' id='line_1_11' title="bbox 96 1417 941 1446; baseline -0.001 -7"><span class='ocrx_word' id='word_1_74' title='bbox 96 1418 245 1446; x_wconf 80' lang='lat' dir='ltr'>amplissimis</span> <span class='ocrx_word' id='word_1_75' title='bbox 268 1417 347 1440; x_wconf 86' lang='lat' dir='ltr'>verbis</span> <span class='ocrx_word' id='word_1_76' title='bbox 371 1417 528 1445; x_wconf 79' lang='lat' dir='ltr'>celebrantur,</span> <span class='ocrx_word' id='word_1_77' title='bbox 551 1423 680 1446; x_wconf 88' lang='lat' dir='ltr'>eorumque</span> <span class='ocrx_word' id='word_1_78' title='bbox 697 1423 767 1445; x_wconf 84' lang='lat' dir='ltr'>opera</span> <span class='ocrx_word' id='word_1_79' title='bbox 785 1417 887 1439; x_wconf 79' lang='lat' dir='ltr'>studiose</span> <span class='ocrx_word' id='word_1_80' title='bbox 911 1417 941 1438; x_wconf 88' lang='lat' dir='ltr'>le-</span> 
     </span>
     <span class='ocr_line' id='line_1_12' title="bbox 97 1463 940 1492; baseline -0.002 -6"><span class='ocrx_word' id='word_1_81' title='bbox 97 1463 172 1492; x_wconf 86' lang='lat' dir='ltr'>genda</span> <span class='ocrx_word' id='word_1_82' title='bbox 184 1464 388 1492; x_wconf 77' lang='lat' dir='ltr'>commendantur,</span> <span class='ocrx_word' id='word_1_83' title='bbox 400 1464 440 1486; x_wconf 89' lang='lat' dir='ltr'>sed</span> <span class='ocrx_word' id='word_1_84' title='bbox 452 1465 520 1486; x_wconf 87' lang='lat' dir='ltr'>etiam</span> <span class='ocrx_word' id='word_1_85' title='bbox 533 1463 624 1486; x_wconf 82' lang='lat' dir='ltr'>labores</span> <span class='ocrx_word' id='word_1_86' title='bbox 640 1464 661 1485; x_wconf 89' lang='lat' dir='ltr'>in</span> <span class='ocrx_word' id='word_1_87' title='bbox 679 1463 813 1485; x_wconf 81' lang='lat' dir='ltr'>adornanda</span> <span class='ocrx_word' id='word_1_88' title='bbox 827 1464 869 1485; x_wconf 80' lang='lat' dir='ltr'>hae</span> <span class='ocrx_word' id='word_1_89' title='bbox 881 1469 940 1485; x_wconf 84' lang='lat' dir='ltr'>nova</span> 
     </span>
     <span class='ocr_line' id='line_1_13' title="bbox 97 1510 942 1538; baseline -0.001 -5"><span class='ocrx_word' id='word_1_90' title='bbox 97 1511 201 1533; x_wconf 86' lang='lat' dir='ltr'>omnium</span> <span class='ocrx_word' id='word_1_91' title='bbox 218 1517 316 1538; x_wconf 86' lang='lat' dir='ltr'>operum</span> <span class='ocrx_word' id='word_1_92' title='bbox 333 1511 355 1533; x_wconf 82' lang='lat' dir='ltr'>S.</span> <span class='ocrx_word' id='word_1_93' title='bbox 373 1511 546 1533; x_wconf 84' lang='lat' dir='ltr'>Bonaventurae</span> <span class='ocrx_word' id='word_1_94' title='bbox 563 1511 662 1533; x_wconf 83' lang='lat' dir='ltr'>editione</span> <span class='ocrx_word' id='word_1_95' title='bbox 679 1517 691 1532; x_wconf 89' lang='lat' dir='ltr'>a</span> <span class='ocrx_word' id='word_1_96' title='bbox 709 1510 775 1532; x_wconf 91' lang='lat' dir='ltr'>nobis</span> <span class='ocrx_word' id='word_1_97' title='bbox 787 1511 886 1537; x_wconf 87' lang='lat' dir='ltr'>suscepti</span> <span class='ocrx_word' id='word_1_98' title='bbox 899 1516 942 1537; x_wconf 89' lang='lat' dir='ltr'>pu-</span> 
     </span>
     <span class='ocr_line' id='line_1_14' title="bbox 97 1555 942 1585; baseline -0.001 -6"><span class='ocrx_word' id='word_1_99' title='bbox 97 1557 157 1580; x_wconf 89' lang='lat' dir='ltr'>blico</span> <span class='ocrx_word' id='word_1_100' title='bbox 174 1558 303 1579; x_wconf 88' lang='lat' dir='ltr'>testimonio</span> <span class='ocrx_word' id='word_1_101' title='bbox 321 1557 509 1585; x_wconf 78' lang='lat' dir='ltr'>comprobantur.</span> <span class='ocrx_word' id='word_1_102' title='bbox 527 1557 600 1579; x_wconf 86' lang='lat' dir='ltr'>Huius</span> <span class='ocrx_word' id='word_1_103' title='bbox 612 1559 657 1578; x_wconf 90' lang='lat' dir='ltr'>tam</span> <span class='ocrx_word' id='word_1_104' title='bbox 669 1557 765 1584; x_wconf 85' lang='lat' dir='ltr'>insignis</span> <span class='ocrx_word' id='word_1_105' title='bbox 776 1555 880 1578; x_wconf 81' lang='lat' dir='ltr'>beneficii</span> <span class='ocrx_word' id='word_1_106' title='bbox 892 1562 942 1584; x_wconf 82' lang='lat' dir='ltr'>gra-</span> 
     </span>
     <span class='ocr_line' id='line_1_15' title="bbox 98 1602 942 1631; baseline -0.002 -6"><span class='ocrx_word' id='word_1_107' title='bbox 98 1604 185 1626; x_wconf 89' lang='lat' dir='ltr'>tissimo</span> <span class='ocrx_word' id='word_1_108' title='bbox 202 1604 279 1626; x_wconf 88' lang='lat' dir='ltr'>animo</span> <span class='ocrx_word' id='word_1_109' title='bbox 297 1609 422 1631; x_wconf 85' lang='lat' dir='ltr'>memores,</span> <span class='ocrx_word' id='word_1_110' title='bbox 440 1606 574 1631; x_wconf 86' lang='lat' dir='ltr'>susceptum</span> <span class='ocrx_word' id='word_1_111' title='bbox 599 1609 659 1630; x_wconf 88' lang='lat' dir='ltr'>opus</span> <span class='ocrx_word' id='word_1_112' title='bbox 684 1603 783 1624; x_wconf 86' lang='lat' dir='ltr'>arduum</span> <span class='ocrx_word' id='word_1_113' title='bbox 802 1602 942 1624; x_wconf 74' lang='lat' dir='ltr'>confirmatis</span> 
     </span>
     <span class='ocr_line' id='line_1_16' title="bbox 98 1648 942 1678; baseline -0.001 -7"><span class='ocrx_word' id='word_1_114' title='bbox 98 1650 263 1678; x_wconf 84' lang='lat' dir='ltr'>prosequimur</span> <span class='ocrx_word' id='word_1_115' title='bbox 279 1650 372 1678; x_wconf 84' lang='lat' dir='ltr'>animis,</span> <span class='ocrx_word' id='word_1_116' title='bbox 391 1655 444 1671; x_wconf 89' lang='lat' dir='ltr'>cum</span> <span class='ocrx_word' id='word_1_117' title='bbox 463 1650 505 1672; x_wconf 90' lang='lat' dir='ltr'>tale</span> <span class='ocrx_word' id='word_1_118' title='bbox 522 1650 575 1671; x_wconf 87' lang='lat' dir='ltr'>tanti</span> <span class='ocrx_word' id='word_1_119' title='bbox 594 1649 707 1671; x_wconf 78' lang='lat' dir='ltr'>Pontificis</span> <span class='ocrx_word' id='word_1_120' title='bbox 724 1651 746 1671; x_wconf 85' lang='lat' dir='ltr'>et</span> <span class='ocrx_word' id='word_1_121' title='bbox 764 1649 847 1671; x_wconf 82' lang='lat' dir='ltr'>Vicat-ii</span> <span class='ocrx_word' id='word_1_122' title='bbox 860 1648 942 1670; x_wconf 83' lang='lat' dir='ltr'>Christi</span> 
     </span>
     <span class='ocr_line' id='line_1_17' title="bbox 98 1696 941 1725; baseline 0 -7"><span class='ocrx_word' id='word_1_123' title='bbox 98 1697 253 1720; x_wconf 84' lang='lat' dir='ltr'>testimonium</span> <span class='ocrx_word' id='word_1_124' title='bbox 279 1697 345 1725; x_wconf 80' lang='lat' dir='ltr'>quasi</span> <span class='ocrx_word' id='word_1_125' title='bbox 370 1696 489 1725; x_wconf 81' lang='lat' dir='ltr'>quoddam</span> <span class='ocrx_word' id='word_1_126' title='bbox 514 1697 599 1724; x_wconf 86' lang='lat' dir='ltr'>pignus</span> <span class='ocrx_word' id='word_1_127' title='bbox 616 1699 746 1724; x_wconf 83' lang='lat' dir='ltr'>teneamus,</span> <span class='ocrx_word' id='word_1_128' title='bbox 763 1702 806 1718; x_wconf 90' lang='lat' dir='ltr'>nos</span> <span class='ocrx_word' id='word_1_129' title='bbox 823 1702 897 1725; x_wconf 80' lang='lat' dir='ltr'>neque</span> <span class='ocrx_word' id='word_1_130' title='bbox 919 1697 941 1718; x_wconf 88' lang='lat' dir='ltr'>in</span> 
     </span>
     <span class='ocr_line' id='line_1_18' title="bbox 97 1743 942 1772; baseline 0 -7"><span class='ocrx_word' id='word_1_131' title='bbox 97 1749 198 1766; x_wconf 87' lang='lat' dir='ltr'>vacuum</span> <span class='ocrx_word' id='word_1_132' title='bbox 224 1749 316 1765; x_wconf 82' lang='lat' dir='ltr'>currere</span> <span class='ocrx_word' id='word_1_133' title='bbox 340 1745 380 1765; x_wconf 85' lang='lat' dir='ltr'>aut</span> <span class='ocrx_word' id='word_1_134' title='bbox 404 1744 533 1766; x_wconf 85' lang='lat' dir='ltr'>cucurrisse</span> <span class='ocrx_word' id='word_1_135' title='bbox 559 1750 634 1772; x_wconf 87' lang='lat' dir='ltr'>neque</span> <span class='ocrx_word' id='word_1_136' title='bbox 659 1744 681 1765; x_wconf 87' lang='lat' dir='ltr'>in</span> <span class='ocrx_word' id='word_1_137' title='bbox 707 1749 807 1765; x_wconf 88' lang='lat' dir='ltr'>vacuum</span> <span class='ocrx_word' id='word_1_138' title='bbox 825 1743 942 1765; x_wconf 82' lang='lat' dir='ltr'>laborasse</span> 
     </span>
     <span class='ocr_line' id='line_1_19' title="bbox 98 1788 279 1817; baseline 0.006 -7"><span class='ocrx_word' id='word_1_139' title='bbox 98 1788 163 1817; x_wconf 78' lang='lat' dir='ltr'>(Phil.</span> <span class='ocrx_word' id='word_1_140' title='bbox 181 1790 205 1817; x_wconf 80' lang='lat'>2,</span> <span class='ocrx_word' id='word_1_141' title='bbox 226 1788 279 1817; x_wconf 84' lang='grc'>16.).</span> 
     </span>
    </p>

    <p class='ocr_par' dir='ltr' id='par_1_4' title="bbox 97 1834 943 1910">
     <span class='ocr_line' id='line_1_20' title="bbox 160 1834 943 1864; baseline 0.001 -7"><span class='ocrx_word' id='word_1_142' title='bbox 160 1835 174 1864; x_wconf 65' lang='lat' dir='ltr'>S</span> <span class='ocrx_word' id='word_1_143' title='bbox 192 1836 212 1857; x_wconf 90' lang='grc'>-1,</span> <span class='ocrx_word' id='word_1_144' title='bbox 231 1834 420 1859; x_wconf 73' lang='lat' dir='ltr'>Commentarius</span> <span class='ocrx_word' id='word_1_145' title='bbox 446 1835 483 1859; x_wconf 79' lang='lat' dir='ltr'>hie</span> <span class='ocrx_word' id='word_1_146' title='bbox 500 1835 525 1858; x_wconf 74' lang='grc'>111</span> <span class='ocrx_word' id='word_1_147' title='bbox 542 1835 638 1859; x_wconf 73' lang='lat' dir='ltr'>tertium</span> <span class='ocrx_word' id='word_1_148' title='bbox 655 1835 832 1859; x_wconf 72' lang='lat' dir='ltr'>Sententiarum</span> <span class='ocrx_word' id='word_1_149' title='bbox 855 1835 943 1859; x_wconf 74' lang='lat' dir='ltr'>tibrum</span> 
     </span>
     <span class='ocr_line' id='line_1_21' title="bbox 97 1880 502 1910; baseline 0 -6"><span class='ocrx_word' id='word_1_150' title='bbox 97 1880 181 1910; x_wconf 65' lang='lat' dir='ltr'>‹maym&#39;</span> <span class='ocrx_word' id='word_1_151' title='bbox 195 1886 288 1910; x_wconf 83' lang='lat' dir='ltr'>semper</span> <span class='ocrx_word' id='word_1_152' title='bbox 304 1881 444 1904; x_wconf 72' lang='lat' dir='ltr'>aestimatus</span> <span class='ocrx_word' id='word_1_153' title='bbox 461 1882 502 1904; x_wconf 67' lang='grc' dir='ltr'>θεῖ.</span> 
     </span>
    </p>

    <p class='ocr_par' dir='ltr' id='par_1_5' title="bbox 99 1927 948 2977">
     <span class='ocr_line' id='line_1_22' title="bbox 161 1927 943 1956; baseline 0.001 -7"><span class='ocrx_word' id='word_1_154' title='bbox 161 1927 209 1949; x_wconf 89' lang='lat' dir='ltr'>Hoc</span> <span class='ocrx_word' id='word_1_155' title='bbox 226 1927 287 1950; x_wconf 87' lang='lat' dir='ltr'>idem</span> <span class='ocrx_word' id='word_1_156' title='bbox 305 1928 350 1950; x_wconf 85' lang='lat' dir='ltr'>iam</span> <span class='ocrx_word' id='word_1_157' title='bbox 367 1927 545 1950; x_wconf 72' lang='lat' dir='ltr'>observat-imus</span> <span class='ocrx_word' id='word_1_158' title='bbox 562 1929 584 1950; x_wconf 86' lang='lat' dir='ltr'>in</span> <span class='ocrx_word' id='word_1_159' title='bbox 603 1928 774 1956; x_wconf 79' lang='lat' dir='ltr'>l‘rolegomenis</span> <span class='ocrx_word' id='word_1_160' title='bbox 785 1929 814 1951; x_wconf 89' lang='lat' dir='ltr'>ad</span> <span class='ocrx_word' id='word_1_161' title='bbox 827 1929 841 1950; x_wconf 96' lang='lat' dir='ltr'>l.</span> <span class='ocrx_word' id='word_1_162' title='bbox 854 1932 943 1951; x_wconf 87' lang='lat' dir='ltr'>tomum</span> 
     </span>
     <span class='ocr_line' id='line_1_23' title="bbox 99 1973 943 2003; baseline 0.002 -7"><span class='ocrx_word' id='word_1_163' title='bbox 99 1973 128 2001; x_wconf 94' lang='lat' dir='ltr'>(c.</span> <span class='ocrx_word' id='word_1_164' title='bbox 151 1975 168 1996; x_wconf 95' lang='grc'>1.</span> <span class='ocrx_word' id='word_1_165' title='bbox 186 1974 200 2003; x_wconf 74' lang='lat' dir='ltr'>S</span> <span class='ocrx_word' id='word_1_166' title='bbox 218 1974 256 2003; x_wconf 79' lang='grc'>4.).</span> <span class='ocrx_word' id='word_1_167' title='bbox 275 1975 297 1996; x_wconf 93' lang='grc'>111</span> <span class='ocrx_word' id='word_1_168' title='bbox 315 1981 342 1997; x_wconf 90' lang='lat' dir='ltr'>eo</span> <span class='ocrx_word' id='word_1_169' title='bbox 368 1976 429 1997; x_wconf 92' lang='lat' dir='ltr'>enim</span> <span class='ocrx_word' id='word_1_170' title='bbox 452 1976 473 1997; x_wconf 79' lang='lat' dir='ltr'>S.</span> <span class='ocrx_word' id='word_1_171' title='bbox 492 1976 578 1997; x_wconf 84' lang='lat' dir='ltr'>Bonav.</span> <span class='ocrx_word' id='word_1_172' title='bbox 597 1975 625 1997; x_wconf 81' lang='lat' dir='ltr'>de</span> <span class='ocrx_word' id='word_1_173' title='bbox 642 1975 712 1998; x_wconf 87' lang='lat' dir='ltr'>rebus</span> <span class='ocrx_word' id='word_1_174' title='bbox 729 1977 814 1998; x_wconf 89' lang='lat' dir='ltr'>summi</span> <span class='ocrx_word' id='word_1_175' title='bbox 832 1977 943 1998; x_wconf 84' lang='lat' dir='ltr'>momenti</span> 
     </span>
     <span class='ocr_line' id='line_1_24' title="bbox 99 2020 942 2050; baseline 0.002 -8"><span class='ocrx_word' id='word_1_176' title='bbox 99 2021 146 2048; x_wconf 85' lang='lat' dir='ltr'>agit</span> <span class='ocrx_word' id='word_1_177' title='bbox 163 2025 206 2048; x_wconf 90' lang='lat' dir='ltr'>pro</span> <span class='ocrx_word' id='word_1_178' title='bbox 223 2020 333 2048; x_wconf 80' lang='lat' dir='ltr'>dignitate</span> <span class='ocrx_word' id='word_1_179' title='bbox 350 2027 405 2043; x_wconf 84' lang='lat' dir='ltr'>vere</span> <span class='ocrx_word' id='word_1_180' title='bbox 423 2022 540 2049; x_wconf 71' lang='lat' dir='ltr'>seraphici</span> <span class='ocrx_word' id='word_1_181' title='bbox 557 2021 668 2044; x_wconf 89' lang='lat' dir='ltr'>Doctoris.</span> <span class='ocrx_word' id='word_1_182' title='bbox 685 2021 805 2044; x_wconf 84' lang='lat' dir='ltr'>Obieetum</span> <span class='ocrx_word' id='word_1_183' title='bbox 823 2023 845 2044; x_wconf 91' lang='lat' dir='ltr'>in</span> <span class='ocrx_word' id='word_1_184' title='bbox 868 2022 942 2050; x_wconf 86' lang='lat' dir='ltr'>prima</span> 
     </span>
     <span class='ocr_line' id='line_1_25' title="bbox 99 2066 942 2097; baseline 0.004 -9"><span class='ocrx_word' id='word_1_185' title='bbox 99 2067 168 2089; x_wconf 87' lang='lat' dir='ltr'>huius</span> <span class='ocrx_word' id='word_1_186' title='bbox 184 2066 346 2089; x_wconf 86' lang='lat' dir='ltr'>Commentarii</span> <span class='ocrx_word' id='word_1_187' title='bbox 364 2070 429 2096; x_wconf 86' lang='lat' dir='ltr'>parte</span> <span class='ocrx_word' id='word_1_188' title='bbox 445 2071 479 2090; x_wconf 88' lang='lat' dir='ltr'>est</span> <span class='ocrx_word' id='word_1_189' title='bbox 496 2067 609 2090; x_wconf 77' lang='lat' dir='ltr'>ineffabile</span> <span class='ocrx_word' id='word_1_190' title='bbox 626 2069 787 2091; x_wconf 87' lang='lat' dir='ltr'>incarnationis</span> <span class='ocrx_word' id='word_1_191' title='bbox 799 2069 942 2097; x_wconf 79' lang='lat' dir='ltr'>mysterium,</span> 
     </span>
     <span class='ocr_line' id='line_1_26' title="bbox 100 2113 944 2143; baseline 0.001 -8"><span class='ocrx_word' id='word_1_192' title='bbox 100 2119 146 2142; x_wconf 85' lang='lat' dir='ltr'>quo</span> <span class='ocrx_word' id='word_1_193' title='bbox 163 2113 217 2135; x_wconf 85' lang='lat' dir='ltr'>nihil</span> <span class='ocrx_word' id='word_1_194' title='bbox 235 2116 269 2136; x_wconf 81' lang='lat' dir='ltr'>est</span> <span class='ocrx_word' id='word_1_195' title='bbox 286 2113 396 2142; x_wconf 83' lang='lat' dir='ltr'>nobilius,</span> <span class='ocrx_word' id='word_1_196' title='bbox 414 2117 436 2136; x_wconf 91' lang='lat' dir='ltr'>et</span> <span class='ocrx_word' id='word_1_197' title='bbox 452 2115 474 2136; x_wconf 89' lang='lat' dir='ltr'>in</span> <span class='ocrx_word' id='word_1_198' title='bbox 492 2121 539 2143; x_wconf 86' lang='lat' dir='ltr'>quo</span> <span class='ocrx_word' id='word_1_199' title='bbox 556 2115 662 2137; x_wconf 81' lang='lat' dir='ltr'>fundatae</span> <span class='ocrx_word' id='word_1_200' title='bbox 679 2118 732 2138; x_wconf 86' lang='lat' dir='ltr'>sunt</span> <span class='ocrx_word' id='word_1_201' title='bbox 743 2116 944 2137; x_wconf 78' lang='lat' dir='ltr'>excellentissimae</span> 
     </span>
     <span class='ocr_line' id='line_1_27' title="bbox 100 2160 944 2190; baseline 0.001 -8"><span class='ocrx_word' id='word_1_202' title='bbox 100 2160 150 2182; x_wconf 85' lang='lat' dir='ltr'>illae</span> <span class='ocrx_word' id='word_1_203' title='bbox 166 2162 212 2182; x_wconf 86' lang='lat' dir='ltr'>tres</span> <span class='ocrx_word' id='word_1_204' title='bbox 229 2161 325 2183; x_wconf 84' lang='lat' dir='ltr'>virtutes</span> <span class='ocrx_word' id='word_1_205' title='bbox 342 2161 495 2190; x_wconf 81' lang='lat' dir='ltr'>theologicae,</span> <span class='ocrx_word' id='word_1_206' title='bbox 514 2162 598 2184; x_wconf 85' lang='lat' dir='ltr'>scilicet</span> <span class='ocrx_word' id='word_1_207' title='bbox 615 2162 684 2190; x_wconf 84' lang='lat' dir='ltr'>fides,</span> <span class='ocrx_word' id='word_1_208' title='bbox 701 2168 755 2190; x_wconf 87' lang='lat' dir='ltr'>spes</span> <span class='ocrx_word' id='word_1_209' title='bbox 772 2164 793 2184; x_wconf 88' lang='lat' dir='ltr'>et</span> <span class='ocrx_word' id='word_1_210' title='bbox 810 2163 902 2189; x_wconf 85' lang='lat' dir='ltr'>caritas,</span> <span class='ocrx_word' id='word_1_211' title='bbox 916 2162 944 2184; x_wconf 89' lang='lat' dir='ltr'>de</span> 
     </span>
     <span class='ocr_line' id='line_1_28' title="bbox 101 2207 943 2237; baseline 0.004 -8"><span class='ocrx_word' id='word_1_212' title='bbox 101 2207 186 2236; x_wconf 86' lang='lat' dir='ltr'>quibus</span> <span class='ocrx_word' id='word_1_213' title='bbox 202 2207 298 2236; x_wconf 84' lang='lat' dir='ltr'>aliisque</span> <span class='ocrx_word' id='word_1_214' title='bbox 315 2209 393 2236; x_wconf 83' lang='lat' dir='ltr'>magni</span> <span class='ocrx_word' id='word_1_215' title='bbox 411 2209 520 2231; x_wconf 79' lang='lat' dir='ltr'>momenti</span> <span class='ocrx_word' id='word_1_216' title='bbox 538 2209 711 2237; x_wconf 84' lang='lat' dir='ltr'>quaestionibus</span> <span class='ocrx_word' id='word_1_217' title='bbox 728 2210 750 2231; x_wconf 91' lang='lat' dir='ltr'>in</span> <span class='ocrx_word' id='word_1_218' title='bbox 768 2209 838 2231; x_wconf 84' lang='lat' dir='ltr'>altera</span> <span class='ocrx_word' id='word_1_219' title='bbox 855 2212 920 2237; x_wconf 87' lang='lat' dir='ltr'>parte</span> <span class='ocrx_word' id='word_1_220' title='bbox 931 2216 943 2231; x_wconf 87' lang='lat' dir='ltr'>a</span> 
     </span>
     <span class='ocr_line' id='line_1_29' title="bbox 100 2252 945 2284; baseline 0.004 -9"><span class='ocrx_word' id='word_1_221' title='bbox 100 2252 243 2276; x_wconf 85' lang='lat' dir='ltr'>distinctione</span> <span class='ocrx_word' id='word_1_222' title='bbox 261 2255 297 2276; x_wconf 77' lang='lat'>23.</span> <span class='ocrx_word' id='word_1_223' title='bbox 315 2260 389 2283; x_wconf 88' lang='lat' dir='ltr'>usque</span> <span class='ocrx_word' id='word_1_224' title='bbox 406 2254 435 2277; x_wconf 89' lang='lat' dir='ltr'>ad</span> <span class='ocrx_word' id='word_1_225' title='bbox 453 2255 521 2278; x_wconf 82' lang='lat' dir='ltr'>tinem</span> <span class='ocrx_word' id='word_1_226' title='bbox 539 2256 632 2283; x_wconf 83' lang='lat' dir='ltr'>copiose</span> <span class='ocrx_word' id='word_1_227' title='bbox 650 2258 671 2278; x_wconf 81' lang='lat' dir='ltr'>et</span> <span class='ocrx_word' id='word_1_228' title='bbox 690 2257 857 2284; x_wconf 78' lang='lat' dir='ltr'>sapientissime</span> <span class='ocrx_word' id='word_1_229' title='bbox 869 2256 945 2284; x_wconf 84' lang='lat' dir='ltr'>dispu-</span> 
     </span>
     <span class='ocr_line' id='line_1_30' title="bbox 101 2299 946 2330; baseline 0.005 -10"><span class='ocrx_word' id='word_1_230' title='bbox 101 2301 167 2321; x_wconf 85' lang='lat' dir='ltr'>tatur.</span> <span class='ocrx_word' id='word_1_231' title='bbox 186 2299 207 2321; x_wconf 95' lang='lat' dir='ltr'>ln</span> <span class='ocrx_word' id='word_1_232' title='bbox 224 2300 335 2327; x_wconf 82' lang='lat' dir='ltr'>eligendis</span> <span class='ocrx_word' id='word_1_233' title='bbox 352 2301 483 2323; x_wconf 87' lang='lat' dir='ltr'>scholarum</span> <span class='ocrx_word' id='word_1_234' title='bbox 511 2301 691 2329; x_wconf 82' lang='lat' dir='ltr'>theologicarum</span> <span class='ocrx_word' id='word_1_235' title='bbox 717 2302 864 2330; x_wconf 79' lang='lat' dir='ltr'>opinionibus</span> <span class='ocrx_word' id='word_1_236' title='bbox 884 2308 946 2325; x_wconf 80' lang='lat' dir='ltr'>sera-</span> 
     </span>
     <span class='ocr_line' id='line_1_31' title="bbox 102 2345 945 2375; baseline 0.005 -9"><span class='ocrx_word' id='word_1_237' title='bbox 102 2345 184 2373; x_wconf 86' lang='lat' dir='ltr'>phicus</span> <span class='ocrx_word' id='word_1_238' title='bbox 201 2345 284 2368; x_wconf 89' lang='lat' dir='ltr'>Doetor</span> <span class='ocrx_word' id='word_1_239' title='bbox 301 2352 344 2374; x_wconf 86' lang='lat' dir='ltr'>pro</span> <span class='ocrx_word' id='word_1_240' title='bbox 361 2352 426 2369; x_wconf 88' lang='lat' dir='ltr'>more</span> <span class='ocrx_word' id='word_1_241' title='bbox 443 2353 485 2369; x_wconf 87' lang='lat' dir='ltr'>suo</span> <span class='ocrx_word' id='word_1_242' title='bbox 502 2348 570 2369; x_wconf 78' lang='lat' dir='ltr'>etiam</span> <span class='ocrx_word' id='word_1_243' title='bbox 589 2348 626 2370; x_wconf 89' lang='grc'>1110</span> <span class='ocrx_word' id='word_1_244' title='bbox 642 2348 740 2375; x_wconf 84' lang='lat' dir='ltr'>praefert</span> <span class='ocrx_word' id='word_1_245' title='bbox 757 2349 880 2370; x_wconf 81' lang='lat' dir='ltr'>sententias</span> <span class='ocrx_word' id='word_1_246' title='bbox 892 2351 945 2370; x_wconf 90' lang='lat' dir='ltr'>tunc</span> 
     </span>
     <span class='ocr_line' id='line_1_32' title="bbox 103 2392 946 2422; baseline 0.005 -9"><span class='ocrx_word' id='word_1_247' title='bbox 103 2392 287 2420; x_wconf 84' lang='lat' dir='ltr'>communiores,</span> <span class='ocrx_word' id='word_1_248' title='bbox 305 2393 342 2415; x_wconf 88' lang='lat' dir='ltr'>vel</span> <span class='ocrx_word' id='word_1_249' title='bbox 359 2399 418 2421; x_wconf 88' lang='lat' dir='ltr'>quae</span> <span class='ocrx_word' id='word_1_250' title='bbox 435 2394 509 2421; x_wconf 88' lang='lat' dir='ltr'>magis</span> <span class='ocrx_word' id='word_1_251' title='bbox 526 2394 604 2416; x_wconf 77' lang='lat' dir='ltr'>fovent</span> <span class='ocrx_word' id='word_1_252' title='bbox 620 2395 734 2422; x_wconf 84' lang='lat' dir='ltr'>pietatem.</span> <span class='ocrx_word' id='word_1_253' title='bbox 752 2395 836 2417; x_wconf 77' lang='lat' dir='ltr'>lterum</span> <span class='ocrx_word' id='word_1_254' title='bbox 853 2395 881 2417; x_wconf 89' lang='lat' dir='ltr'>de</span> <span class='ocrx_word' id='word_1_255' title='bbox 904 2396 946 2418; x_wconf 89' lang='lat' dir='ltr'>hac</span> 
     </span>
     <span class='ocr_line' id='line_1_33' title="bbox 102 2437 947 2469; baseline 0.005 -10"><span class='ocrx_word' id='word_1_256' title='bbox 102 2444 144 2460; x_wconf 88' lang='lat' dir='ltr'>sua</span> <span class='ocrx_word' id='word_1_257' title='bbox 162 2437 244 2466; x_wconf 82' lang='lat' dir='ltr'>agendi</span> <span class='ocrx_word' id='word_1_258' title='bbox 262 2439 349 2460; x_wconf 83' lang='lat' dir='ltr'>ratione</span> <span class='ocrx_word' id='word_1_259' title='bbox 365 2440 388 2461; x_wconf 89' lang='lat' dir='ltr'>in</span> <span class='ocrx_word' id='word_1_260' title='bbox 405 2439 450 2461; x_wconf 84' lang='lat' dir='ltr'>fine</span> <span class='ocrx_word' id='word_1_261' title='bbox 467 2441 534 2462; x_wconf 88' lang='lat' dir='ltr'>huius</span> <span class='ocrx_word' id='word_1_262' title='bbox 556 2440 606 2463; x_wconf 88' lang='lat' dir='ltr'>libri</span> <span class='ocrx_word' id='word_1_263' title='bbox 628 2442 771 2469; x_wconf 72' lang='lat' dir='ltr'>gravissimis</span> <span class='ocrx_word' id='word_1_264' title='bbox 788 2444 809 2463; x_wconf 85' lang='lat' dir='ltr'>et</span> <span class='ocrx_word' id='word_1_265' title='bbox 826 2441 947 2464; x_wconf 85' lang='lat' dir='ltr'>modestis-</span> 
     </span>
     <span class='ocr_line' id='line_1_34' title="bbox 102 2484 946 2515; baseline 0.006 -10"><span class='ocrx_word' id='word_1_266' title='bbox 102 2485 167 2506; x_wconf 82' lang='lat' dir='ltr'>simis</span> <span class='ocrx_word' id='word_1_267' title='bbox 184 2484 262 2506; x_wconf 71' lang='lat' dir='ltr'>xci-bis</span> <span class='ocrx_word' id='word_1_268' title='bbox 279 2484 386 2513; x_wconf 82' lang='lat' dir='ltr'>loquitur.</span> <span class='ocrx_word' id='word_1_269' title='bbox 404 2485 526 2508; x_wconf 87' lang='lat' dir='ltr'>Communi</span> <span class='ocrx_word' id='word_1_270' title='bbox 543 2487 657 2514; x_wconf 82' lang='lat' dir='ltr'>opinioni,</span> <span class='ocrx_word' id='word_1_271' title='bbox 675 2488 760 2515; x_wconf 88' lang='lat' dir='ltr'>inquit,</span> <span class='ocrx_word' id='word_1_272' title='bbox 780 2496 789 2507; x_wconf 76' lang='grc' dir='ltr'><strong>α</strong></span> <span class='ocrx_word' id='word_1_273' title='bbox 803 2494 845 2515; x_wconf 91' lang='lat' dir='ltr'>pro</span> <span class='ocrx_word' id='word_1_274' title='bbox 857 2488 946 2510; x_wconf 70' lang='lat' dir='ltr'>viribus</span> 
     </span>
     <span class='ocr_line' id='line_1_35' title="bbox 102 2530 946 2562; baseline 0.005 -11"><span class='ocrx_word' id='word_1_275' title='bbox 102 2531 160 2552; x_wconf 87' lang='lat' dir='ltr'>meis</span> <span class='ocrx_word' id='word_1_276' title='bbox 178 2531 199 2552; x_wconf 93' lang='lat' dir='ltr'>in</span> <span class='ocrx_word' id='word_1_277' title='bbox 218 2530 325 2552; x_wconf 86' lang='lat' dir='ltr'>omnibus</span> <span class='ocrx_word' id='word_1_278' title='bbox 350 2531 541 2558; x_wconf 77' lang='lat' dir='ltr'>praecedentibus</span> <span class='ocrx_word' id='word_1_279' title='bbox 566 2532 629 2554; x_wconf 90' lang='lat' dir='ltr'>libris</span> <span class='ocrx_word' id='word_1_280' title='bbox 650 2533 743 2555; x_wconf 76' lang='lat' dir='ltr'>adhaesi</span> <span class='ocrx_word' id='word_1_281' title='bbox 766 2536 874 2562; x_wconf 76' lang='lat' dir='ltr'>tanquam</span> <span class='ocrx_word' id='word_1_282' title='bbox 896 2534 946 2555; x_wconf 82' lang='lat' dir='ltr'>viae</span> 
     </span>
     <span class='ocr_line' id='line_1_36' title="bbox 103 2578 947 2607; baseline 0.004 -8"><span class='ocrx_word' id='word_1_283' title='bbox 103 2578 228 2605; x_wconf 65' lang='lat' dir='ltr'>securior1&#39;3</span> <span class='ocrx_word' id='word_1_284' title='bbox 255 2580 276 2599; x_wconf 85' lang='lat' dir='ltr'>et</span> <span class='ocrx_word' id='word_1_285' title='bbox 301 2578 360 2600; x_wconf 85' lang='lat' dir='ltr'>sicut.</span> <span class='ocrx_word' id='word_1_286' title='bbox 381 2579 429 2600; x_wconf 87' lang='lat' dir='ltr'>scio</span> <span class='ocrx_word' id='word_1_287' title='bbox 446 2581 468 2600; x_wconf 89' lang='lat' dir='ltr'>et</span> <span class='ocrx_word' id='word_1_288' title='bbox 485 2585 595 2607; x_wconf 84' lang='lat' dir='ltr'>possum,</span> <span class='ocrx_word' id='word_1_289' title='bbox 613 2580 668 2600; x_wconf 88' lang='lat' dir='ltr'>mihi</span> <span class='ocrx_word' id='word_1_290' title='bbox 686 2582 708 2601; x_wconf 88' lang='lat' dir='ltr'>et</span> <span class='ocrx_word' id='word_1_291' title='bbox 725 2580 773 2601; x_wconf 88' lang='lat' dir='ltr'>aliis</span> <span class='ocrx_word' id='word_1_292' title='bbox 790 2579 947 2602; x_wconf 78' lang='lat' dir='ltr'>consimilibus</span> 
     </span>
     <span class='ocr_line' id='line_1_37' title="bbox 103 2623 946 2653; baseline 0.004 -8"><span class='ocrx_word' id='word_1_293' title='bbox 103 2629 186 2651; x_wconf 83' lang='lat' dir='ltr'>parum</span> <span class='ocrx_word' id='word_1_294' title='bbox 211 2623 390 2651; x_wconf 81' lang='lat' dir='ltr'>intelligentibus</span> <span class='ocrx_word' id='word_1_295' title='bbox 414 2624 544 2652; x_wconf 79' lang='lat' dir='ltr'>persuadeo</span> <span class='ocrx_word' id='word_1_296' title='bbox 561 2624 734 2647; x_wconf 86' lang='lat' dir='ltr'>adhaerendum</span> <span class='ocrx_word' id='word_1_297' title='bbox 747 2634 766 2647; x_wconf 74' lang='grc' dir='ltr'>υ.</span> <span class='ocrx_word' id='word_1_298' title='bbox 786 2626 854 2648; x_wconf 76' lang='lat' dir='ltr'>Porro</span> <span class='ocrx_word' id='word_1_299' title='bbox 871 2626 946 2653; x_wconf 80' lang='lat' dir='ltr'>addit,</span> 
     </span>
     <span class='ocr_line' id='line_1_38' title="bbox 102 2670 946 2701; baseline 0.004 -9"><span class='ocrx_word' id='word_1_300' title='bbox 102 2676 127 2693; x_wconf 88' lang='lat' dir='ltr'>se</span> <span class='ocrx_word' id='word_1_301' title='bbox 144 2670 275 2699; x_wconf 83' lang='lat' dir='ltr'>diligentius</span> <span class='ocrx_word' id='word_1_302' title='bbox 300 2672 322 2692; x_wconf 88' lang='grc'>111</span> <span class='ocrx_word' id='word_1_303' title='bbox 348 2671 391 2693; x_wconf 86' lang='lat' dir='ltr'>hoc</span> <span class='ocrx_word' id='word_1_304' title='bbox 408 2671 465 2693; x_wconf 85' lang='lat' dir='ltr'>libro</span> <span class='ocrx_word' id='word_1_305' title='bbox 483 2671 635 2699; x_wconf 78' lang='lat' dir='ltr'>observasse,</span> <span class='ocrx_word' id='word_1_306' title='bbox 657 2680 666 2691; x_wconf 70' lang='lat' dir='ltr'>n</span> <span class='ocrx_word' id='word_1_307' title='bbox 680 2674 704 2694; x_wconf 88' lang='lat' dir='ltr'>ut</span> <span class='ocrx_word' id='word_1_308' title='bbox 720 2673 741 2694; x_wconf 92' lang='lat' dir='ltr'>in</span> <span class='ocrx_word' id='word_1_309' title='bbox 760 2673 794 2694; x_wconf 86' lang='lat' dir='ltr'>his</span> <span class='ocrx_word' id='word_1_310' title='bbox 812 2673 946 2701; x_wconf 85' lang='lat' dir='ltr'>quaestioni-</span> 
     </span>
     <span class='ocr_line' id='line_1_39' title="bbox 103 2716 946 2747; baseline 0.004 -9"><span class='ocrx_word' id='word_1_311' title='bbox 103 2716 147 2739; x_wconf 90' lang='lat' dir='ltr'>bus</span> <span class='ocrx_word' id='word_1_312' title='bbox 164 2716 241 2739; x_wconf 84' lang='lat' dir='ltr'>dubiis</span> <span class='ocrx_word' id='word_1_313' title='bbox 268 2720 290 2739; x_wconf 87' lang='lat' dir='ltr'>et</span> <span class='ocrx_word' id='word_1_314' title='bbox 315 2716 457 2745; x_wconf 81' lang='lat' dir='ltr'>difficilibus,</span> <span class='ocrx_word' id='word_1_315' title='bbox 476 2718 497 2739; x_wconf 91' lang='grc'>111</span> <span class='ocrx_word' id='word_1_316' title='bbox 516 2717 600 2746; x_wconf 88' lang='lat' dir='ltr'>quibus</span> <span class='ocrx_word' id='word_1_317' title='bbox 617 2723 661 2739; x_wconf 81' lang='lat' dir='ltr'>non</span> <span class='ocrx_word' id='word_1_318' title='bbox 680 2718 743 2745; x_wconf 88' lang='lat' dir='ltr'>potui</span> <span class='ocrx_word' id='word_1_319' title='bbox 761 2717 946 2747; x_wconf 74' lang='lat' dir='ltr'>deprehendere,</span> 
     </span>
     <span class='ocr_line' id='line_1_40' title="bbox 103 2763 947 2792; baseline 0.001 -6"><span class='ocrx_word' id='word_1_320' title='bbox 103 2770 163 2792; x_wconf 88' lang='lat' dir='ltr'>quae</span> <span class='ocrx_word' id='word_1_321' title='bbox 180 2767 239 2786; x_wconf 82' lang='lat' dir='ltr'>esset</span> <span class='ocrx_word' id='word_1_322' title='bbox 264 2765 300 2785; x_wconf 76' lang='lat' dir='ltr'>via</span> <span class='ocrx_word' id='word_1_323' title='bbox 325 2763 469 2791; x_wconf 74' lang='lat' dir='ltr'>communis,</span> <span class='ocrx_word' id='word_1_324' title='bbox 490 2765 543 2792; x_wconf 87' lang='lat' dir='ltr'>quia</span> <span class='ocrx_word' id='word_1_325' title='bbox 560 2764 675 2791; x_wconf 85' lang='lat' dir='ltr'>sapientes</span> <span class='ocrx_word' id='word_1_326' title='bbox 691 2765 814 2792; x_wconf 86' lang='lat' dir='ltr'>opinantur</span> <span class='ocrx_word' id='word_1_327' title='bbox 836 2766 947 2787; x_wconf 87' lang='lat' dir='ltr'>contrarie</span> 
     </span>
     <span class='ocr_line' id='line_1_41' title="bbox 103 2810 947 2838; baseline 0.002 -6"><span class='ocrx_word' id='word_1_328' title='bbox 103 2810 257 2838; x_wconf 78' lang='lat' dir='ltr'>sapientibus,</span> <span class='ocrx_word' id='word_1_329' title='bbox 277 2811 309 2832; x_wconf 85' lang='lat' dir='ltr'>sic</span> <span class='ocrx_word' id='word_1_330' title='bbox 326 2816 396 2832; x_wconf 88' lang='lat' dir='ltr'>unam</span> <span class='ocrx_word' id='word_1_331' title='bbox 419 2813 507 2838; x_wconf 77' lang='lat' dir='ltr'>partem</span> <span class='ocrx_word' id='word_1_332' title='bbox 525 2813 633 2838; x_wconf 81' lang='lat' dir='ltr'>tanquam</span> <span class='ocrx_word' id='word_1_333' title='bbox 652 2811 725 2838; x_wconf 86' lang='lat' dir='ltr'>magis</span> <span class='ocrx_word' id='word_1_334' title='bbox 743 2811 887 2838; x_wconf 81' lang='lat' dir='ltr'>probabilem</span> <span class='ocrx_word' id='word_1_335' title='bbox 909 2818 947 2834; x_wconf 89' lang='lat' dir='ltr'>su-</span> 
     </span>
     <span class='ocr_line' id='line_1_42' title="bbox 103 2856 947 2886; baseline 0 -7"><span class='ocrx_word' id='word_1_336' title='bbox 103 2857 224 2884; x_wconf 84' lang='lat' dir='ltr'>stinerem,</span> <span class='ocrx_word' id='word_1_337' title='bbox 243 2859 267 2878; x_wconf 93' lang='lat' dir='ltr'>ut</span> <span class='ocrx_word' id='word_1_338' title='bbox 284 2859 360 2879; x_wconf 80' lang='lat' dir='ltr'>tamen</span> <span class='ocrx_word' id='word_1_339' title='bbox 373 2856 447 2880; x_wconf 73' lang='lat' dir='ltr'>alium</span> <span class='ocrx_word' id='word_1_340' title='bbox 459 2856 555 2880; x_wconf 69' lang='lat' dir='ltr'>iniuime</span> <span class='ocrx_word' id='word_1_341' title='bbox 572 2856 731 2886; x_wconf 72' lang='lat' dir='ltr'>improbarem</span> <span class='ocrx_word' id='word_1_342' title='bbox 745 2865 764 2879; x_wconf 92' lang='lat'>».</span> <span class='ocrx_word' id='word_1_343' title='bbox 784 2858 843 2879; x_wconf 82' lang='lat' dir='ltr'>llaec</span> <span class='ocrx_word' id='word_1_344' title='bbox 855 2862 947 2881; x_wconf 85' lang='lat' dir='ltr'>annota-</span> 
     </span>
     <span class='ocr_line' id='line_1_43' title="bbox 103 2902 948 2931; baseline 0.002 -7"><span class='ocrx_word' id='word_1_345' title='bbox 103 2902 134 2924; x_wconf 86' lang='lat' dir='ltr'>tio</span> <span class='ocrx_word' id='word_1_346' title='bbox 151 2902 292 2930; x_wconf 82' lang='lat' dir='ltr'>respicienda</span> <span class='ocrx_word' id='word_1_347' title='bbox 311 2905 355 2931; x_wconf 88' lang='lat' dir='ltr'>est,</span> <span class='ocrx_word' id='word_1_348' title='bbox 374 2905 398 2925; x_wconf 93' lang='lat' dir='ltr'>ut</span> <span class='ocrx_word' id='word_1_349' title='bbox 415 2903 443 2925; x_wconf 88' lang='lat' dir='ltr'>de</span> <span class='ocrx_word' id='word_1_350' title='bbox 461 2903 593 2925; x_wconf 74' lang='lat' dir='ltr'>differentiis</span> <span class='ocrx_word' id='word_1_351' title='bbox 605 2904 662 2925; x_wconf 91' lang='lat' dir='ltr'>inter</span> <span class='ocrx_word' id='word_1_352' title='bbox 674 2902 801 2925; x_wconf 77' lang='lat' dir='ltr'>doctrinam</span> <span class='ocrx_word' id='word_1_353' title='bbox 814 2904 914 2931; x_wconf 80' lang='lat' dir='ltr'>Angeliei</span> <span class='ocrx_word' id='word_1_354' title='bbox 926 2907 948 2926; x_wconf 83' lang='lat' dir='ltr'>ct</span> 
     </span>
     <span class='ocr_line' id='line_1_44' title="bbox 104 2948 780 2977; baseline 0.003 -8"><span class='ocrx_word' id='word_1_355' title='bbox 104 2948 219 2976; x_wconf 78' lang='lat' dir='ltr'>Seraphici</span> <span class='ocrx_word' id='word_1_356' title='bbox 238 2948 340 2971; x_wconf 84' lang='lat' dir='ltr'>Doctoris</span> <span class='ocrx_word' id='word_1_357' title='bbox 358 2950 380 2971; x_wconf 87' lang='lat' dir='ltr'>in</span> <span class='ocrx_word' id='word_1_358' title='bbox 397 2955 444 2977; x_wconf 81' lang='lat' dir='ltr'>seq.</span> <span class='ocrx_word' id='word_1_359' title='bbox 462 2949 476 2977; x_wconf 67' lang='lat'>2]</span> <span class='ocrx_word' id='word_1_360' title='bbox 493 2950 568 2972; x_wconf 81' lang='lat' dir='ltr'>relatis</span> <span class='ocrx_word' id='word_1_361' title='bbox 586 2950 643 2971; x_wconf 82' lang='lat' dir='ltr'>iuste</span> <span class='ocrx_word' id='word_1_362' title='bbox 660 2949 780 2971; x_wconf 84' lang='lat' dir='ltr'>iudicetur.</span> 
     </span>
    </p>

    <p class='ocr_par' dir='ltr' id='par_1_6' title="bbox 228 2998 542 3022">
     <span class='ocr_line' id='line_1_45' title="bbox 228 2998 542 3022; baseline 0.006 -2"><span class='ocrx_word' id='word_1_363' title='bbox 228 2998 253 3021; x_wconf 90' lang='lat' dir='ltr'>S.</span> <span class='ocrx_word' id='word_1_364' title='bbox 271 2999 359 3022; x_wconf 73' lang='lat' dir='ltr'>Bonae.</span> <span class='ocrx_word' id='word_1_365' title='bbox 377 3012 406 3015; x_wconf 87' lang='lat'><strong>—</strong></span> <span class='ocrx_word' id='word_1_366' title='bbox 425 2999 490 3021; x_wconf 88' lang='lat' dir='ltr'>Tom.</span> <span class='ocrx_word' id='word_1_367' title='bbox 509 3000 542 3022; x_wconf 88' lang='grc'>111.</span> 
     </span>
    </p>
   </div>
   <div class='ocr_carea' id='block_1_4' title="bbox 970 1844 978 2979">
    <p class='ocr_par' dir='ltr' id='par_1_7' title="bbox 970 1844 978 2979">
     <span class='ocr_line' id='line_1_46' title="bbox 970 1844 978 2979; baseline 0 0"><span class='ocrx_word' id='word_1_368' title='bbox 970 1844 978 2979; x_wconf 95' lang='lat' dir='ltr'> </span> 
     </span>
    </p>
   </div>
   <div class='ocr_carea' id='block_1_5' title="bbox 997 1040 1848 2980">
    <p class='ocr_par' dir='ltr' id='par_1_8' title="bbox 997 1040 1844 1489">
     <span class='ocr_line' id='line_1_47' title="bbox 1059 1040 1841 1069; baseline -0.003 -6"><span class='ocrx_word' id='word_1_369' title='bbox 1059 1042 1090 1063; x_wconf 78' lang='lat' dir='ltr'>Ex</span> <span class='ocrx_word' id='word_1_370' title='bbox 1107 1041 1230 1069; x_wconf 82' lang='lat' dir='ltr'>praedictis</span> <span class='ocrx_word' id='word_1_371' title='bbox 1247 1042 1355 1068; x_wconf 86' lang='lat' dir='ltr'>apparet,</span> <span class='ocrx_word' id='word_1_372' title='bbox 1373 1040 1565 1062; x_wconf 81' lang='lat' dir='ltr'>commentarium</span> <span class='ocrx_word' id='word_1_373' title='bbox 1578 1040 1638 1061; x_wconf 89' lang='lat' dir='ltr'>hunc</span> <span class='ocrx_word' id='word_1_374' title='bbox 1656 1040 1741 1067; x_wconf 89' lang='lat' dir='ltr'>optime</span> <span class='ocrx_word' id='word_1_375' title='bbox 1754 1041 1841 1068; x_wconf 80' lang='lat' dir='ltr'>testari,</span> 
     </span>
     <span class='ocr_line' id='line_1_48' title="bbox 997 1087 1843 1117; baseline 0 -7"><span class='ocrx_word' id='word_1_376' title='bbox 997 1089 1071 1117; x_wconf 84' lang='lat' dir='ltr'>qualis</span> <span class='ocrx_word' id='word_1_377' title='bbox 1088 1089 1154 1110; x_wconf 84' lang='lat' dir='ltr'>suerit</span> <span class='ocrx_word' id='word_1_378' title='bbox 1171 1089 1317 1110; x_wconf 76' lang='lat' dir='ltr'>communior</span> <span class='ocrx_word' id='word_1_379' title='bbox 1339 1088 1469 1109; x_wconf 78' lang='lat' dir='ltr'>scholarum</span> <span class='ocrx_word' id='word_1_380' title='bbox 1488 1087 1565 1115; x_wconf 82' lang='lat' dir='ltr'>opinio</span> <span class='ocrx_word' id='word_1_381' title='bbox 1582 1088 1603 1109; x_wconf 93' lang='lat' dir='ltr'>in</span> <span class='ocrx_word' id='word_1_382' title='bbox 1621 1087 1692 1109; x_wconf 87' lang='lat' dir='ltr'>rebus</span> <span class='ocrx_word' id='word_1_383' title='bbox 1709 1088 1843 1116; x_wconf 81' lang='lat' dir='ltr'>theologicis</span> 
     </span>
     <span class='ocr_line' id='line_1_49' title="bbox 997 1134 1843 1164; baseline -0.001 -6"><span class='ocrx_word' id='word_1_384' title='bbox 997 1138 1019 1158; x_wconf 86' lang='lat' dir='ltr'>et</span> <span class='ocrx_word' id='word_1_385' title='bbox 1036 1136 1212 1164; x_wconf 78' lang='lat' dir='ltr'>philosophicis,</span> <span class='ocrx_word' id='word_1_386' title='bbox 1231 1135 1324 1164; x_wconf 85' lang='lat' dir='ltr'>quando</span> <span class='ocrx_word' id='word_1_387' title='bbox 1342 1135 1370 1157; x_wconf 89' lang='lat' dir='ltr'>de</span> <span class='ocrx_word' id='word_1_388' title='bbox 1388 1136 1423 1157; x_wconf 90' lang='lat' dir='ltr'>his</span> <span class='ocrx_word' id='word_1_389' title='bbox 1440 1135 1508 1163; x_wconf 89' lang='lat' dir='ltr'>paulo</span> <span class='ocrx_word' id='word_1_390' title='bbox 1526 1135 1640 1162; x_wconf 82' lang='lat' dir='ltr'>posterius</span> <span class='ocrx_word' id='word_1_391' title='bbox 1662 1134 1763 1157; x_wconf 83' lang='lat' dir='ltr'>scribere</span> <span class='ocrx_word' id='word_1_392' title='bbox 1786 1136 1843 1157; x_wconf 88' lang='lat' dir='ltr'>ince-</span> 
     </span>
     <span class='ocr_line' id='line_1_50' title="bbox 998 1181 1842 1210; baseline -0.001 -6"><span class='ocrx_word' id='word_1_393' title='bbox 998 1183 1031 1210; x_wconf 90' lang='lat' dir='ltr'>pit</span> <span class='ocrx_word' id='word_1_394' title='bbox 1048 1183 1069 1204; x_wconf 85' lang='lat' dir='ltr'>S.</span> <span class='ocrx_word' id='word_1_395' title='bbox 1088 1183 1197 1205; x_wconf 84' lang='lat' dir='ltr'>Thomas.</span> <span class='ocrx_word' id='word_1_396' title='bbox 1214 1194 1246 1198; x_wconf 92' lang='lat'>-—</span> <span class='ocrx_word' id='word_1_397' title='bbox 1262 1182 1369 1210; x_wconf 88' lang='lat' dir='ltr'>Insuper,</span> <span class='ocrx_word' id='word_1_398' title='bbox 1387 1182 1405 1203; x_wconf 87' lang='lat' dir='ltr'>si</span> <span class='ocrx_word' id='word_1_399' title='bbox 1424 1182 1475 1209; x_wconf 87' lang='lat' dir='ltr'>quis</span> <span class='ocrx_word' id='word_1_400' title='bbox 1492 1183 1525 1203; x_wconf 87' lang='lat' dir='ltr'>est</span> <span class='ocrx_word' id='word_1_401' title='bbox 1537 1181 1558 1202; x_wconf 90' lang='lat' dir='ltr'>in</span> <span class='ocrx_word' id='word_1_402' title='bbox 1572 1181 1672 1210; x_wconf 83' lang='lat' dir='ltr'>quadam</span> <span class='ocrx_word' id='word_1_403' title='bbox 1690 1181 1792 1204; x_wconf 85' lang='lat' dir='ltr'>doctrina</span> <span class='ocrx_word' id='word_1_404' title='bbox 1806 1187 1842 1203; x_wconf 63' lang='lat' dir='ltr'>no⁴</span> 
     </span>
     <span class='ocr_line' id='line_1_51' title="bbox 997 1229 1842 1256; baseline 0 -5"><span class='ocrx_word' id='word_1_405' title='bbox 997 1230 1036 1252; x_wconf 88' lang='lat' dir='ltr'>stri</span> <span class='ocrx_word' id='word_1_406' title='bbox 1054 1230 1154 1252; x_wconf 78' lang='lat' dir='ltr'>auctoris</span> <span class='ocrx_word' id='word_1_407' title='bbox 1170 1229 1286 1255; x_wconf 79' lang='lat' dir='ltr'>defectus;</span> <span class='ocrx_word' id='word_1_408' title='bbox 1312 1234 1365 1250; x_wconf 88' lang='lat' dir='ltr'>eum</span> <span class='ocrx_word' id='word_1_409' title='bbox 1392 1229 1428 1250; x_wconf 87' lang='lat' dir='ltr'>hic</span> <span class='ocrx_word' id='word_1_410' title='bbox 1444 1229 1574 1250; x_wconf 85' lang='lat' dir='ltr'>communis</span> <span class='ocrx_word' id='word_1_411' title='bbox 1591 1229 1618 1250; x_wconf 91' lang='lat' dir='ltr'>sit</span> <span class='ocrx_word' id='word_1_412' title='bbox 1636 1229 1766 1256; x_wconf 79' lang='lat' dir='ltr'>praecipuis</span> <span class='ocrx_word' id='word_1_413' title='bbox 1783 1229 1842 1251; x_wconf 82' lang='lat' dir='ltr'>illius</span> 
     </span>
     <span class='ocr_line' id='line_1_52' title="bbox 998 1275 1843 1304; baseline 0 -6"><span class='ocrx_word' id='word_1_414' title='bbox 998 1277 1076 1298; x_wconf 83' lang='lat' dir='ltr'>aetatis</span> <span class='ocrx_word' id='word_1_415' title='bbox 1093 1277 1220 1303; x_wconf 74' lang='lat' dir='ltr'>magistris,</span> <span class='ocrx_word' id='word_1_416' title='bbox 1238 1278 1298 1298; x_wconf 87' lang='lat' dir='ltr'>certe</span> <span class='ocrx_word' id='word_1_417' title='bbox 1315 1281 1360 1297; x_wconf 93' lang='lat' dir='ltr'>non</span> <span class='ocrx_word' id='word_1_418' title='bbox 1373 1275 1522 1302; x_wconf 87' lang='lat' dir='ltr'>imputandus</span> <span class='ocrx_word' id='word_1_419' title='bbox 1534 1278 1568 1298; x_wconf 89' lang='lat' dir='ltr'>est</span> <span class='ocrx_word' id='word_1_420' title='bbox 1578 1275 1688 1302; x_wconf 88' lang='lat' dir='ltr'>singulari</span> <span class='ocrx_word' id='word_1_421' title='bbox 1705 1276 1843 1304; x_wconf 86' lang='lat' dir='ltr'>cuicumque</span> 
     </span>
     <span class='ocr_line' id='line_1_53' title="bbox 997 1320 1842 1349; baseline -0.001 -5"><span class='ocrx_word' id='word_1_422' title='bbox 997 1321 1098 1349; x_wconf 85' lang='lat' dir='ltr'>doctori,</span> <span class='ocrx_word' id='word_1_423' title='bbox 1115 1322 1157 1344; x_wconf 84' lang='lat' dir='ltr'>sed</span> <span class='ocrx_word' id='word_1_424' title='bbox 1174 1322 1285 1349; x_wconf 87' lang='lat' dir='ltr'>temporis</span> <span class='ocrx_word' id='word_1_425' title='bbox 1302 1321 1432 1343; x_wconf 82' lang='lat' dir='ltr'>conditioni.</span> <span class='ocrx_word' id='word_1_426' title='bbox 1459 1321 1506 1343; x_wconf 84' lang='lat' dir='ltr'>lloe</span> <span class='ocrx_word' id='word_1_427' title='bbox 1530 1321 1655 1348; x_wconf 86' lang='lat' dir='ltr'>praecipue</span> <span class='ocrx_word' id='word_1_428' title='bbox 1677 1320 1842 1343; x_wconf 87' lang='lat' dir='ltr'>attendendum</span> 
     </span>
     <span class='ocr_line' id='line_1_54' title="bbox 997 1366 1843 1396; baseline -0.001 -7"><span class='ocrx_word' id='word_1_429' title='bbox 997 1369 1031 1389; x_wconf 85' lang='lat' dir='ltr'>est</span> <span class='ocrx_word' id='word_1_430' title='bbox 1056 1368 1077 1389; x_wconf 93' lang='lat' dir='ltr'>in</span> <span class='ocrx_word' id='word_1_431' title='bbox 1103 1366 1276 1396; x_wconf 86' lang='lat' dir='ltr'>quaestionibus</span> <span class='ocrx_word' id='word_1_432' title='bbox 1301 1367 1329 1389; x_wconf 91' lang='lat' dir='ltr'>ad</span> <span class='ocrx_word' id='word_1_433' title='bbox 1357 1366 1442 1394; x_wconf 86' lang='lat' dir='ltr'>dogma</span> <span class='ocrx_word' id='word_1_434' title='bbox 1464 1366 1492 1388; x_wconf 89' lang='lat' dir='ltr'>de</span> <span class='ocrx_word' id='word_1_435' title='bbox 1510 1366 1655 1388; x_wconf 85' lang='lat' dir='ltr'>immaculata</span> <span class='ocrx_word' id='word_1_436' title='bbox 1675 1366 1696 1388; x_wconf 75' lang='grc'>11.</span> <span class='ocrx_word' id='word_1_437' title='bbox 1716 1366 1742 1388; x_wconf 94' lang='lat' dir='ltr'>V.</span> <span class='ocrx_word' id='word_1_438' title='bbox 1761 1366 1843 1388; x_wconf 83' lang='lat' dir='ltr'>Mariae</span> 
     </span>
     <span class='ocr_line' id='line_1_55' title="bbox 998 1413 1844 1442; baseline -0.001 -6"><span class='ocrx_word' id='word_1_439' title='bbox 998 1415 1147 1442; x_wconf 84' lang='lat' dir='ltr'>conceptione</span> <span class='ocrx_word' id='word_1_440' title='bbox 1163 1413 1331 1442; x_wconf 84' lang='lat' dir='ltr'>spectantibus,</span> <span class='ocrx_word' id='word_1_441' title='bbox 1349 1414 1378 1436; x_wconf 91' lang='lat' dir='ltr'>de</span> <span class='ocrx_word' id='word_1_442' title='bbox 1395 1414 1480 1442; x_wconf 89' lang='lat' dir='ltr'>quibus</span> <span class='ocrx_word' id='word_1_443' title='bbox 1497 1414 1536 1436; x_wconf 83' lang='lat' dir='ltr'>cfr.</span> <span class='ocrx_word' id='word_1_444' title='bbox 1554 1414 1639 1436; x_wconf 89' lang='lat' dir='ltr'>scholia</span> <span class='ocrx_word' id='word_1_445' title='bbox 1652 1413 1681 1435; x_wconf 89' lang='lat' dir='ltr'>ad</span> <span class='ocrx_word' id='word_1_446' title='bbox 1698 1414 1844 1442; x_wconf 79' lang='lat' dir='ltr'>quaestiones</span> 
     </span>
     <span class='ocr_line' id='line_1_56' title="bbox 998 1461 1247 1489; baseline -0.004 -6"><span class='ocrx_word' id='word_1_447' title='bbox 998 1462 1019 1483; x_wconf 91' lang='lat' dir='ltr'>d.</span> <span class='ocrx_word' id='word_1_448' title='bbox 1037 1462 1058 1483; x_wconf 87' lang='lat'>3.</span> <span class='ocrx_word' id='word_1_449' title='bbox 1076 1468 1097 1489; x_wconf 90' lang='lat' dir='ltr'>p.</span> <span class='ocrx_word' id='word_1_450' title='bbox 1117 1462 1131 1483; x_wconf 90' lang='lat'>1.</span> <span class='ocrx_word' id='word_1_451' title='bbox 1149 1468 1167 1483; x_wconf 83' lang='lat' dir='ltr'>a.</span> <span class='ocrx_word' id='word_1_452' title='bbox 1190 1461 1208 1482; x_wconf 88' lang='lat' dir='ltr'>t.</span> <span class='ocrx_word' id='word_1_453' title='bbox 1226 1461 1247 1482; x_wconf 73' lang='lat'>⁶2.</span> 
     </span>
    </p>

    <p class='ocr_par' dir='ltr' id='par_1_9' title="bbox 998 1507 1848 2980">
     <span class='ocr_line' id='line_1_57' title="bbox 1060 1507 1845 1536; baseline 0.001 -7"><span class='ocrx_word' id='word_1_454' title='bbox 1060 1508 1122 1530; x_wconf 84' lang='lat' dir='ltr'>Licet</span> <span class='ocrx_word' id='word_1_455' title='bbox 1137 1510 1213 1529; x_wconf 86' lang='lat' dir='ltr'>autem</span> <span class='ocrx_word' id='word_1_456' title='bbox 1231 1508 1252 1529; x_wconf 83' lang='lat' dir='ltr'>S.</span> <span class='ocrx_word' id='word_1_457' title='bbox 1271 1507 1357 1529; x_wconf 84' lang='lat' dir='ltr'>Bonav.</span> <span class='ocrx_word' id='word_1_458' title='bbox 1383 1508 1404 1529; x_wconf 91' lang='grc'>111</span> <span class='ocrx_word' id='word_1_459' title='bbox 1428 1507 1576 1535; x_wconf 82' lang='lat' dir='ltr'>opinionibus</span> <span class='ocrx_word' id='word_1_460' title='bbox 1601 1507 1714 1534; x_wconf 82' lang='lat' dir='ltr'>eligendis</span> <span class='ocrx_word' id='word_1_461' title='bbox 1734 1510 1845 1536; x_wconf 84' lang='lat' dir='ltr'>sequatur</span> 
     </span>
     <span class='ocr_line' id='line_1_58' title="bbox 998 1553 1844 1580; baseline 0 -5"><span class='ocrx_word' id='word_1_462' title='bbox 998 1555 1181 1576; x_wconf 81' lang='lat' dir='ltr'>communiorem</span> <span class='ocrx_word' id='word_1_463' title='bbox 1199 1554 1261 1575; x_wconf 71' lang='lat' dir='ltr'>viam</span> <span class='ocrx_word' id='word_1_464' title='bbox 1279 1555 1300 1576; x_wconf 81' lang='lat' dir='ltr'>et</span> <span class='ocrx_word' id='word_1_465' title='bbox 1317 1553 1440 1575; x_wconf 84' lang='lat' dir='ltr'>abhorreat</span> <span class='ocrx_word' id='word_1_466' title='bbox 1451 1560 1464 1575; x_wconf 86' lang='lat' dir='ltr'>a</span> <span class='ocrx_word' id='word_1_467' title='bbox 1477 1559 1589 1575; x_wconf 83' lang='lat' dir='ltr'>novarum</span> <span class='ocrx_word' id='word_1_468' title='bbox 1603 1559 1680 1575; x_wconf 88' lang='lat' dir='ltr'>rerum</span> <span class='ocrx_word' id='word_1_469' title='bbox 1693 1553 1787 1580; x_wconf 78' lang='lat' dir='ltr'>studiis;</span> <span class='ocrx_word' id='word_1_470' title='bbox 1801 1554 1844 1575; x_wconf 85' lang='lat' dir='ltr'>hoc</span> 
     </span>
     <span class='ocr_line' id='line_1_59' title="bbox 999 1599 1844 1628; baseline -0.001 -6"><span class='ocrx_word' id='word_1_471' title='bbox 999 1604 1074 1623; x_wconf 87' lang='lat' dir='ltr'>tamen</span> <span class='ocrx_word' id='word_1_472' title='bbox 1093 1601 1186 1622; x_wconf 81' lang='lat' dir='ltr'>minime</span> <span class='ocrx_word' id='word_1_473' title='bbox 1203 1600 1299 1627; x_wconf 84' lang='lat' dir='ltr'>derogat</span> <span class='ocrx_word' id='word_1_474' title='bbox 1317 1601 1385 1622; x_wconf 81' lang='lat' dir='ltr'>liuius</span> <span class='ocrx_word' id='word_1_475' title='bbox 1402 1600 1453 1622; x_wconf 88' lang='lat' dir='ltr'>libri</span> <span class='ocrx_word' id='word_1_476' title='bbox 1471 1601 1632 1627; x_wconf 83' lang='lat' dir='ltr'>praestantiae,</span> <span class='ocrx_word' id='word_1_477' title='bbox 1651 1606 1726 1628; x_wconf 78' lang='lat' dir='ltr'>neque</span> <span class='ocrx_word' id='word_1_478' title='bbox 1743 1599 1773 1621; x_wconf 88' lang='lat' dir='ltr'>ob</span> <span class='ocrx_word' id='word_1_479' title='bbox 1786 1600 1844 1621; x_wconf 86' lang='lat' dir='ltr'>banc</span> 
     </span>
     <span class='ocr_line' id='line_1_60' title="bbox 998 1645 1844 1674; baseline -0.002 -5"><span class='ocrx_word' id='word_1_480' title='bbox 998 1647 1109 1669; x_wconf 88' lang='lat' dir='ltr'>rationem</span> <span class='ocrx_word' id='word_1_481' title='bbox 1128 1647 1229 1669; x_wconf 84' lang='lat' dir='ltr'>doctrina</span> <span class='ocrx_word' id='word_1_482' title='bbox 1247 1647 1268 1668; x_wconf 92' lang='lat' dir='ltr'>in</span> <span class='ocrx_word' id='word_1_483' title='bbox 1286 1652 1314 1668; x_wconf 87' lang='lat' dir='ltr'>eo</span> <span class='ocrx_word' id='word_1_484' title='bbox 1331 1649 1436 1668; x_wconf 87' lang='lat' dir='ltr'>contenta</span> <span class='ocrx_word' id='word_1_485' title='bbox 1454 1647 1548 1668; x_wconf 83' lang='lat' dir='ltr'>minoris</span> <span class='ocrx_word' id='word_1_486' title='bbox 1566 1647 1632 1674; x_wconf 88' lang='lat' dir='ltr'>pretii</span> <span class='ocrx_word' id='word_1_487' title='bbox 1649 1645 1790 1668; x_wconf 81' lang='lat' dir='ltr'>aestimanda</span> <span class='ocrx_word' id='word_1_488' title='bbox 1803 1648 1844 1668; x_wconf 87' lang='lat' dir='ltr'>est.</span> 
     </span>
     <span class='ocr_line' id='line_1_61' title="bbox 998 1691 1844 1719; baseline -0.002 -4"><span class='ocrx_word' id='word_1_489' title='bbox 998 1692 1151 1715; x_wconf 84' lang='lat' dir='ltr'>Communem</span> <span class='ocrx_word' id='word_1_490' title='bbox 1176 1693 1237 1714; x_wconf 87' lang='lat' dir='ltr'>enim</span> <span class='ocrx_word' id='word_1_491' title='bbox 1262 1693 1382 1714; x_wconf 84' lang='lat' dir='ltr'>veritatem</span> <span class='ocrx_word' id='word_1_492' title='bbox 1407 1692 1456 1719; x_wconf 89' lang='lat' dir='ltr'>ipse</span> <span class='ocrx_word' id='word_1_493' title='bbox 1482 1698 1525 1713; x_wconf 91' lang='lat' dir='ltr'>non</span> <span class='ocrx_word' id='word_1_494' title='bbox 1547 1692 1665 1714; x_wconf 88' lang='lat' dir='ltr'>communi</span> <span class='ocrx_word' id='word_1_495' title='bbox 1683 1691 1753 1713; x_wconf 87' lang='lat' dir='ltr'>modo</span> <span class='ocrx_word' id='word_1_496' title='bbox 1771 1691 1844 1714; x_wconf 87' lang='lat' dir='ltr'>docet.</span> 
     </span>
     <span class='ocr_line' id='line_1_62' title="bbox 999 1738 1845 1767; baseline -0.002 -6"><span class='ocrx_word' id='word_1_497' title='bbox 999 1740 1055 1762; x_wconf 83' lang='lat' dir='ltr'>Nam</span> <span class='ocrx_word' id='word_1_498' title='bbox 1072 1742 1263 1767; x_wconf 87' lang='lat' dir='ltr'>argumentorum</span> <span class='ocrx_word' id='word_1_499' title='bbox 1281 1739 1358 1766; x_wconf 88' lang='lat' dir='ltr'>copia,</span> <span class='ocrx_word' id='word_1_500' title='bbox 1377 1739 1541 1761; x_wconf 84' lang='lat' dir='ltr'>sententiarum</span> <span class='ocrx_word' id='word_1_501' title='bbox 1559 1739 1682 1765; x_wconf 76' lang='lat' dir='ltr'>gravitate,</span> <span class='ocrx_word' id='word_1_502' title='bbox 1700 1738 1777 1760; x_wconf 80' lang='lat' dir='ltr'>iudicii</span> <span class='ocrx_word' id='word_1_503' title='bbox 1793 1738 1845 1760; x_wconf 83' lang='lat' dir='ltr'>sub-</span> 
     </span>
     <span class='ocr_line' id='line_1_63' title="bbox 999 1785 1839 1814; baseline -0.002 -6"><span class='ocrx_word' id='word_1_504' title='bbox 999 1787 1104 1814; x_wconf 80' lang='lat' dir='ltr'>limitate,</span> <span class='ocrx_word' id='word_1_505' title='bbox 1123 1787 1245 1814; x_wconf 79' lang='lat' dir='ltr'>praestanti</span> <span class='ocrx_word' id='word_1_506' title='bbox 1263 1787 1284 1808; x_wconf 90' lang='lat' dir='ltr'>in</span> <span class='ocrx_word' id='word_1_507' title='bbox 1303 1785 1431 1807; x_wconf 86' lang='lat' dir='ltr'>iudicandis</span> <span class='ocrx_word' id='word_1_508' title='bbox 1448 1788 1470 1807; x_wconf 85' lang='lat' dir='ltr'>et</span> <span class='ocrx_word' id='word_1_509' title='bbox 1487 1786 1544 1808; x_wconf 88' lang='lat' dir='ltr'>inter</span> <span class='ocrx_word' id='word_1_510' title='bbox 1561 1791 1585 1807; x_wconf 83' lang='lat' dir='ltr'>se</span> <span class='ocrx_word' id='word_1_511' title='bbox 1605 1785 1773 1812; x_wconf 86' lang='lat' dir='ltr'>componendis</span> <span class='ocrx_word' id='word_1_512' title='bbox 1793 1786 1839 1813; x_wconf 82' lang='lat' dir='ltr'>opi-</span> 
     </span>
     <span class='ocr_line' id='line_1_64' title="bbox 1000 1832 1845 1860; baseline -0.002 -5"><span class='ocrx_word' id='word_1_513' title='bbox 1000 1833 1106 1855; x_wconf 86' lang='lat' dir='ltr'>nionibus</span> <span class='ocrx_word' id='word_1_514' title='bbox 1123 1834 1208 1860; x_wconf 81' lang='lat' dir='ltr'>ingenii</span> <span class='ocrx_word' id='word_1_515' title='bbox 1226 1833 1261 1860; x_wconf 83' lang='lat' dir='ltr'>vi,</span> <span class='ocrx_word' id='word_1_516' title='bbox 1283 1833 1393 1860; x_wconf 85' lang='lat' dir='ltr'>singulari</span> <span class='ocrx_word' id='word_1_517' title='bbox 1419 1832 1547 1855; x_wconf 79' lang='lat' dir='ltr'>devotionis</span> <span class='ocrx_word' id='word_1_518' title='bbox 1572 1833 1678 1854; x_wconf 86' lang='lat' dir='ltr'>unctione</span> <span class='ocrx_word' id='word_1_519' title='bbox 1703 1834 1771 1860; x_wconf 83' lang='lat' dir='ltr'>atquo</span> <span class='ocrx_word' id='word_1_520' title='bbox 1795 1838 1845 1854; x_wconf 85' lang='lat' dir='ltr'>ner-</span> 
     </span>
     <span class='ocr_line' id='line_1_65' title="bbox 1000 1878 1846 1907; baseline -0.002 -5"><span class='ocrx_word' id='word_1_521' title='bbox 1000 1886 1057 1902; x_wconf 78' lang='lat' dir='ltr'>voso</span> <span class='ocrx_word' id='word_1_522' title='bbox 1075 1880 1141 1902; x_wconf 88' lang='lat' dir='ltr'>simul</span> <span class='ocrx_word' id='word_1_523' title='bbox 1160 1882 1181 1902; x_wconf 89' lang='lat' dir='ltr'>et</span> <span class='ocrx_word' id='word_1_524' title='bbox 1198 1880 1321 1907; x_wconf 85' lang='lat' dir='ltr'>perspicuo</span> <span class='ocrx_word' id='word_1_525' title='bbox 1347 1879 1437 1901; x_wconf 87' lang='lat' dir='ltr'>dicendi</span> <span class='ocrx_word' id='word_1_526' title='bbox 1462 1884 1546 1906; x_wconf 85' lang='lat' dir='ltr'>genere</span> <span class='ocrx_word' id='word_1_527' title='bbox 1568 1878 1666 1906; x_wconf 84' lang='lat' dir='ltr'>gradum</span> <span class='ocrx_word' id='word_1_528' title='bbox 1685 1878 1771 1901; x_wconf 88' lang='lat' dir='ltr'>obtinet</span> <span class='ocrx_word' id='word_1_529' title='bbox 1788 1879 1846 1901; x_wconf 90' lang='lat' dir='ltr'>inter</span> 
     </span>
     <span class='ocr_line' id='line_1_66' title="bbox 1000 1925 1846 1954; baseline -0.001 -6"><span class='ocrx_word' id='word_1_530' title='bbox 1000 1927 1151 1948; x_wconf 76' lang='lat' dir='ltr'>scholasticos</span> <span class='ocrx_word' id='word_1_531' title='bbox 1169 1932 1212 1948; x_wconf 89' lang='lat' dir='ltr'>non</span> <span class='ocrx_word' id='word_1_532' title='bbox 1231 1932 1392 1953; x_wconf 88' lang='lat' dir='ltr'>communem,</span> <span class='ocrx_word' id='word_1_533' title='bbox 1410 1925 1451 1948; x_wconf 88' lang='lat' dir='ltr'>sed</span> <span class='ocrx_word' id='word_1_534' title='bbox 1468 1926 1615 1948; x_wconf 87' lang='lat' dir='ltr'>eminentem.</span> <span class='ocrx_word' id='word_1_535' title='bbox 1629 1938 1658 1940; x_wconf 97' lang='lat'><strong>—</strong></span> <span class='ocrx_word' id='word_1_536' title='bbox 1670 1925 1769 1953; x_wconf 76' lang='lat' dir='ltr'>Accedit,</span> <span class='ocrx_word' id='word_1_537' title='bbox 1782 1925 1846 1954; x_wconf 86' lang='lat' dir='ltr'>quod</span> 
     </span>
     <span class='ocr_line' id='line_1_67' title="bbox 1000 1971 1846 2000; baseline -0.001 -6"><span class='ocrx_word' id='word_1_538' title='bbox 1000 1974 1021 1995; x_wconf 92' lang='lat' dir='ltr'>hi</span> <span class='ocrx_word' id='word_1_539' title='bbox 1040 1973 1197 1995; x_wconf 82' lang='lat' dir='ltr'>commentarii</span> <span class='ocrx_word' id='word_1_540' title='bbox 1222 1973 1343 2000; x_wconf 85' lang='lat' dir='ltr'>compositi</span> <span class='ocrx_word' id='word_1_541' title='bbox 1368 1975 1421 1995; x_wconf 91' lang='lat' dir='ltr'>sunt</span> <span class='ocrx_word' id='word_1_542' title='bbox 1437 1978 1463 1994; x_wconf 87' lang='lat' dir='ltr'>ea</span> <span class='ocrx_word' id='word_1_543' title='bbox 1481 1975 1566 1999; x_wconf 85' lang='lat' dir='ltr'>aetate,</span> <span class='ocrx_word' id='word_1_544' title='bbox 1585 1978 1629 2000; x_wconf 83' lang='lat' dir='ltr'>qua</span> <span class='ocrx_word' id='word_1_545' title='bbox 1647 1972 1799 1994; x_wconf 83' lang='lat' dir='ltr'>ecclesiastica</span> <span class='ocrx_word' id='word_1_546' title='bbox 1817 1971 1846 1993; x_wconf 90' lang='lat' dir='ltr'>de</span> 
     </span>
     <span class='ocr_line' id='line_1_68' title="bbox 1000 2018 1846 2048; baseline -0.002 -6"><span class='ocrx_word' id='word_1_547' title='bbox 1000 2021 1161 2042; x_wconf 84' lang='lat' dir='ltr'>incarnationis</span> <span class='ocrx_word' id='word_1_548' title='bbox 1186 2020 1295 2048; x_wconf 84' lang='lat' dir='ltr'>mysterio</span> <span class='ocrx_word' id='word_1_549' title='bbox 1321 2019 1434 2047; x_wconf 85' lang='lat' dir='ltr'>doctrina,</span> <span class='ocrx_word' id='word_1_550' title='bbox 1452 2022 1576 2047; x_wconf 85' lang='lat' dir='ltr'>postquam</span> <span class='ocrx_word' id='word_1_551' title='bbox 1593 2019 1724 2041; x_wconf 84' lang='lat' dir='ltr'>scholarum</span> <span class='ocrx_word' id='word_1_552' title='bbox 1742 2018 1846 2041; x_wconf 85' lang='lat' dir='ltr'>occiden-</span> 
     </span>
     <span class='ocr_line' id='line_1_69' title="bbox 1001 2064 1847 2094; baseline -0.001 -6"><span class='ocrx_word' id='word_1_553' title='bbox 1001 2067 1078 2089; x_wconf 84' lang='lat' dir='ltr'>talium</span> <span class='ocrx_word' id='word_1_554' title='bbox 1104 2066 1226 2088; x_wconf 86' lang='lat' dir='ltr'>subtilibus</span> <span class='ocrx_word' id='word_1_555' title='bbox 1251 2065 1436 2094; x_wconf 83' lang='lat' dir='ltr'>inquisitionibus</span> <span class='ocrx_word' id='word_1_556' title='bbox 1461 2068 1483 2087; x_wconf 91' lang='lat' dir='ltr'>et</span> <span class='ocrx_word' id='word_1_557' title='bbox 1507 2065 1625 2087; x_wconf 80' lang='lat' dir='ltr'>acerrimis</span> <span class='ocrx_word' id='word_1_558' title='bbox 1653 2064 1847 2092; x_wconf 86' lang='lat' dir='ltr'>disputationibus</span> 
     </span>
     <span class='ocr_line' id='line_1_70' title="bbox 1001 2111 1847 2140; baseline -0.002 -5"><span class='ocrx_word' id='word_1_559' title='bbox 1001 2113 1099 2135; x_wconf 87' lang='lat' dir='ltr'>multum</span> <span class='ocrx_word' id='word_1_560' title='bbox 1117 2119 1143 2135; x_wconf 87' lang='lat' dir='ltr'>ac</span> <span class='ocrx_word' id='word_1_561' title='bbox 1160 2113 1198 2134; x_wconf 91' lang='lat' dir='ltr'>diu</span> <span class='ocrx_word' id='word_1_562' title='bbox 1212 2113 1315 2135; x_wconf 84' lang='lat' dir='ltr'>discussa</span> <span class='ocrx_word' id='word_1_563' title='bbox 1332 2112 1384 2140; x_wconf 82' lang='lat' dir='ltr'>suit,</span> <span class='ocrx_word' id='word_1_564' title='bbox 1401 2113 1446 2134; x_wconf 84' lang='lat' dir='ltr'>iarn</span> <span class='ocrx_word' id='word_1_565' title='bbox 1463 2111 1567 2134; x_wconf 86' lang='lat' dir='ltr'>stabilem</span> <span class='ocrx_word' id='word_1_566' title='bbox 1586 2111 1715 2140; x_wconf 85' lang='lat' dir='ltr'>quandam,</span> <span class='ocrx_word' id='word_1_567' title='bbox 1733 2113 1757 2133; x_wconf 87' lang='lat' dir='ltr'>ut</span> <span class='ocrx_word' id='word_1_568' title='bbox 1769 2112 1797 2133; x_wconf 89' lang='lat' dir='ltr'>ita</span> <span class='ocrx_word' id='word_1_569' title='bbox 1817 2111 1847 2133; x_wconf 91' lang='lat' dir='ltr'>di-</span> 
     </span>
     <span class='ocr_line' id='line_1_71' title="bbox 1001 2158 1847 2189; baseline -0.004 -7"><span class='ocrx_word' id='word_1_570' title='bbox 1001 2166 1064 2187; x_wconf 70' lang='lat' dir='ltr'>cam,</span> <span class='ocrx_word' id='word_1_571' title='bbox 1083 2161 1180 2182; x_wconf 86' lang='lat' dir='ltr'>formam</span> <span class='ocrx_word' id='word_1_572' title='bbox 1198 2158 1351 2189; x_wconf 71' lang='lat' dir='ltr'>scientificum</span> <span class='ocrx_word' id='word_1_573' title='bbox 1368 2159 1484 2186; x_wconf 88' lang='lat' dir='ltr'>induerat,</span> <span class='ocrx_word' id='word_1_574' title='bbox 1502 2159 1595 2181; x_wconf 87' lang='lat' dir='ltr'>resectis</span> <span class='ocrx_word' id='word_1_575' title='bbox 1613 2164 1657 2180; x_wconf 89' lang='lat' dir='ltr'>non</span> <span class='ocrx_word' id='word_1_576' title='bbox 1670 2159 1750 2186; x_wconf 83' lang='lat' dir='ltr'>paucis</span> <span class='ocrx_word' id='word_1_577' title='bbox 1767 2158 1847 2180; x_wconf 88' lang='lat' dir='ltr'>errori-</span> 
     </span>
     <span class='ocr_line' id='line_1_72' title="bbox 1001 2205 1847 2235; baseline -0.002 -6"><span class='ocrx_word' id='word_1_578' title='bbox 1001 2207 1045 2230; x_wconf 84' lang='lat' dir='ltr'>bus</span> <span class='ocrx_word' id='word_1_579' title='bbox 1064 2211 1086 2230; x_wconf 91' lang='lat' dir='ltr'>et</span> <span class='ocrx_word' id='word_1_580' title='bbox 1106 2207 1229 2229; x_wconf 80' lang='lat' dir='ltr'>enucleatis</span> <span class='ocrx_word' id='word_1_581' title='bbox 1253 2207 1356 2234; x_wconf 87' lang='lat' dir='ltr'>plurimis</span> <span class='ocrx_word' id='word_1_582' title='bbox 1376 2207 1566 2235; x_wconf 85' lang='lat' dir='ltr'>gravissimisque</span> <span class='ocrx_word' id='word_1_583' title='bbox 1587 2205 1771 2234; x_wconf 83' lang='lat' dir='ltr'>difficultatibus,</span> <span class='ocrx_word' id='word_1_584' title='bbox 1789 2211 1847 2234; x_wconf 86' lang='lat' dir='ltr'>quas</span> 
     </span>
     <span class='ocr_line' id='line_1_73' title="bbox 1002 2252 1845 2281; baseline -0.002 -6"><span class='ocrx_word' id='word_1_585' title='bbox 1002 2254 1101 2275; x_wconf 87' lang='lat' dir='ltr'>humana</span> <span class='ocrx_word' id='word_1_586' title='bbox 1119 2254 1187 2279; x_wconf 78' lang='lat' dir='ltr'>ratio.</span> <span class='ocrx_word' id='word_1_587' title='bbox 1205 2256 1267 2276; x_wconf 90' lang='lat' dir='ltr'>tanto</span> <span class='ocrx_word' id='word_1_588' title='bbox 1284 2254 1393 2281; x_wconf 80' lang='lat' dir='ltr'>mysterIO</span> <span class='ocrx_word' id='word_1_589' title='bbox 1405 2254 1492 2281; x_wconf 86' lang='lat' dir='ltr'>impar,</span> <span class='ocrx_word' id='word_1_590' title='bbox 1510 2253 1680 2275; x_wconf 84' lang='lat' dir='ltr'>accummulare</span> <span class='ocrx_word' id='word_1_591' title='bbox 1698 2259 1739 2280; x_wconf 87' lang='lat' dir='ltr'>per</span> <span class='ocrx_word' id='word_1_592' title='bbox 1756 2252 1845 2274; x_wconf 84' lang='lat' dir='ltr'>saecula</span> 
     </span>
     <span class='ocr_line' id='line_1_74' title="bbox 1001 2298 1846 2326; baseline -0.002 -4"><span class='ocrx_word' id='word_1_593' title='bbox 1001 2303 1160 2322; x_wconf 71' lang='lat' dir='ltr'>consueverat.</span> <span class='ocrx_word' id='word_1_594' title='bbox 1177 2300 1324 2322; x_wconf 75' lang='lat' dir='ltr'>Notissimum</span> <span class='ocrx_word' id='word_1_595' title='bbox 1341 2302 1386 2326; x_wconf 80' lang='lat' dir='ltr'>est,</span> <span class='ocrx_word' id='word_1_596' title='bbox 1404 2305 1472 2321; x_wconf 87' lang='lat' dir='ltr'>usum</span> <span class='ocrx_word' id='word_1_597' title='bbox 1490 2299 1619 2321; x_wconf 86' lang='lat' dir='ltr'>dialecticae</span> <span class='ocrx_word' id='word_1_598' title='bbox 1637 2298 1789 2320; x_wconf 74' lang='lat' dir='ltr'>Aristotelicae</span> <span class='ocrx_word' id='word_1_599' title='bbox 1802 2304 1846 2320; x_wconf 86' lang='lat' dir='ltr'>non</span> 
     </span>
     <span class='ocr_line' id='line_1_75' title="bbox 1002 2345 1847 2374; baseline -0.004 -6"><span class='ocrx_word' id='word_1_600' title='bbox 1002 2352 1088 2374; x_wconf 83' lang='lat' dir='ltr'>paucas</span> <span class='ocrx_word' id='word_1_601' title='bbox 1105 2346 1195 2368; x_wconf 86' lang='lat' dir='ltr'>scholas</span> <span class='ocrx_word' id='word_1_602' title='bbox 1211 2346 1351 2374; x_wconf 79' lang='lat' dir='ltr'>theologicas</span> <span class='ocrx_word' id='word_1_603' title='bbox 1363 2345 1497 2368; x_wconf 81' lang='lat' dir='ltr'>luxuriando</span> <span class='ocrx_word' id='word_1_604' title='bbox 1510 2346 1632 2373; x_wconf 80' lang='lat' dir='ltr'>invasisse,</span> <span class='ocrx_word' id='word_1_605' title='bbox 1645 2350 1744 2373; x_wconf 88' lang='lat' dir='ltr'>quarum</span> <span class='ocrx_word' id='word_1_606' title='bbox 1762 2345 1847 2371; x_wconf 83' lang='lat' dir='ltr'>captio-</span> 
     </span>
     <span class='ocr_line' id='line_1_76' title="bbox 1004 2391 1847 2420; baseline -0.001 -6"><span class='ocrx_word' id='word_1_607' title='bbox 1004 2392 1071 2415; x_wconf 85' lang='lat' dir='ltr'>nibus</span> <span class='ocrx_word' id='word_1_608' title='bbox 1086 2395 1109 2414; x_wconf 87' lang='lat' dir='ltr'>et</span> <span class='ocrx_word' id='word_1_609' title='bbox 1125 2393 1221 2420; x_wconf 88' lang='lat' dir='ltr'>argutiis</span> <span class='ocrx_word' id='word_1_610' title='bbox 1247 2398 1291 2414; x_wconf 89' lang='lat' dir='ltr'>non</span> <span class='ocrx_word' id='word_1_611' title='bbox 1317 2398 1368 2414; x_wconf 82' lang='lat' dir='ltr'>raro</span> <span class='ocrx_word' id='word_1_612' title='bbox 1393 2393 1414 2414; x_wconf 93' lang='grc'>111</span> <span class='ocrx_word' id='word_1_613' title='bbox 1441 2392 1563 2414; x_wconf 86' lang='lat' dir='ltr'>discrimen</span> <span class='ocrx_word' id='word_1_614' title='bbox 1582 2394 1662 2413; x_wconf 84' lang='lat' dir='ltr'>vocata</span> <span class='ocrx_word' id='word_1_615' title='bbox 1679 2394 1713 2413; x_wconf 90' lang='lat' dir='ltr'>est</span> <span class='ocrx_word' id='word_1_616' title='bbox 1730 2391 1847 2413; x_wconf 79' lang='lat' dir='ltr'>sinceritas</span> 
     </span>
     <span class='ocr_line' id='line_1_77' title="bbox 1003 2437 1846 2467; baseline -0.002 -6"><span class='ocrx_word' id='word_1_617' title='bbox 1003 2439 1071 2466; x_wconf 73' lang='lat' dir='ltr'>fidei,</span> <span class='ocrx_word' id='word_1_618' title='bbox 1090 2445 1159 2467; x_wconf 78' lang='lat' dir='ltr'>quam</span> <span class='ocrx_word' id='word_1_619' title='bbox 1177 2445 1204 2460; x_wconf 79' lang='lat' dir='ltr'>ex</span> <span class='ocrx_word' id='word_1_620' title='bbox 1221 2439 1327 2466; x_wconf 82' lang='lat' dir='ltr'>opposito</span> <span class='ocrx_word' id='word_1_621' title='bbox 1345 2439 1380 2460; x_wconf 85' lang='lat' dir='ltr'>alii</span> <span class='ocrx_word' id='word_1_622' title='bbox 1395 2438 1500 2460; x_wconf 85' lang='lat' dir='ltr'>doctores</span> <span class='ocrx_word' id='word_1_623' title='bbox 1518 2438 1603 2460; x_wconf 83' lang='lat' dir='ltr'>fortiter</span> <span class='ocrx_word' id='word_1_624' title='bbox 1621 2437 1780 2466; x_wconf 77' lang='lat' dir='ltr'>defendebant,</span> <span class='ocrx_word' id='word_1_625' title='bbox 1795 2437 1846 2459; x_wconf 72' lang='lat' dir='ltr'>fidei</span> 
     </span>
     <span class='ocr_line' id='line_1_78' title="bbox 1003 2484 1847 2512; baseline 0.001 -7"><span class='ocrx_word' id='word_1_626' title='bbox 1003 2484 1151 2512; x_wconf 80' lang='lat' dir='ltr'>dogmatibus</span> <span class='ocrx_word' id='word_1_627' title='bbox 1163 2484 1266 2506; x_wconf 85' lang='lat' dir='ltr'>traditam</span> <span class='ocrx_word' id='word_1_628' title='bbox 1281 2485 1377 2506; x_wconf 81' lang='lat' dir='ltr'>turmam</span> <span class='ocrx_word' id='word_1_629' title='bbox 1390 2490 1416 2506; x_wconf 89' lang='lat' dir='ltr'>ac</span> <span class='ocrx_word' id='word_1_630' title='bbox 1433 2485 1533 2511; x_wconf 80' lang='lat' dir='ltr'>mysterii</span> <span class='ocrx_word' id='word_1_631' title='bbox 1547 2486 1623 2506; x_wconf 89' lang='lat' dir='ltr'>notam</span> <span class='ocrx_word' id='word_1_632' title='bbox 1635 2484 1784 2506; x_wconf 79' lang='lat' dir='ltr'>vichantes.</span> <span class='ocrx_word' id='word_1_633' title='bbox 1797 2484 1847 2506; x_wconf 82' lang='lat' dir='ltr'>Sus-</span> 
     </span>
     <span class='ocr_line' id='line_1_79' title="bbox 1004 2530 1846 2559; baseline 0.001 -7"><span class='ocrx_word' id='word_1_634' title='bbox 1004 2531 1063 2553; x_wconf 81' lang='lat' dir='ltr'>ficiat</span> <span class='ocrx_word' id='word_1_635' title='bbox 1081 2532 1117 2553; x_wconf 90' lang='grc'>1110</span> <span class='ocrx_word' id='word_1_636' title='bbox 1135 2531 1264 2553; x_wconf 81' lang='lat' dir='ltr'>nominasse</span> <span class='ocrx_word' id='word_1_637' title='bbox 1281 2530 1444 2553; x_wconf 74' lang='lat' dir='ltr'>celeberrimos</span> <span class='ocrx_word' id='word_1_638' title='bbox 1460 2530 1520 2553; x_wconf 87' lang='lat' dir='ltr'>duos</span> <span class='ocrx_word' id='word_1_639' title='bbox 1536 2531 1695 2559; x_wconf 74' lang='lat' dir='ltr'>adversarios,</span> <span class='ocrx_word' id='word_1_640' title='bbox 1713 2532 1735 2553; x_wconf 76' lang='lat' dir='ltr'>S.</span> <span class='ocrx_word' id='word_1_641' title='bbox 1753 2531 1846 2553; x_wconf 84' lang='lat' dir='ltr'>Bernar-</span> 
     </span>
     <span class='ocr_line' id='line_1_80' title="bbox 1004 2577 1848 2607; baseline 0.001 -8"><span class='ocrx_word' id='word_1_642' title='bbox 1004 2577 1059 2600; x_wconf 91' lang='lat' dir='ltr'>dum</span> <span class='ocrx_word' id='word_1_643' title='bbox 1084 2580 1106 2599; x_wconf 89' lang='lat' dir='ltr'>et</span> <span class='ocrx_word' id='word_1_644' title='bbox 1132 2578 1221 2600; x_wconf 86' lang='lat' dir='ltr'>Petrum</span> <span class='ocrx_word' id='word_1_645' title='bbox 1242 2577 1408 2604; x_wconf 78' lang='lat' dir='ltr'>Abaelardum,</span> <span class='ocrx_word' id='word_1_646' title='bbox 1435 2581 1459 2600; x_wconf 86' lang='lat' dir='ltr'>ut</span> <span class='ocrx_word' id='word_1_647' title='bbox 1481 2580 1618 2605; x_wconf 76' lang='lat' dir='ltr'>agnoscatur</span> <span class='ocrx_word' id='word_1_648' title='bbox 1639 2579 1695 2600; x_wconf 84' lang='lat' dir='ltr'>ratio</span> <span class='ocrx_word' id='word_1_649' title='bbox 1713 2578 1848 2607; x_wconf 86' lang='lat' dir='ltr'>indolesque</span> 
     </span>
     <span class='ocr_line' id='line_1_81' title="bbox 1005 2625 1846 2653; baseline 0.001 -7"><span class='ocrx_word' id='word_1_650' title='bbox 1005 2626 1122 2653; x_wconf 82' lang='lat' dir='ltr'>utriusque</span> <span class='ocrx_word' id='word_1_651' title='bbox 1140 2626 1222 2653; x_wconf 82' lang='lat' dir='ltr'>partis,</span> <span class='ocrx_word' id='word_1_652' title='bbox 1241 2631 1299 2653; x_wconf 82' lang='lat' dir='ltr'>quac</span> <span class='ocrx_word' id='word_1_653' title='bbox 1318 2631 1358 2653; x_wconf 83' lang='lat' dir='ltr'>per</span> <span class='ocrx_word' id='word_1_654' title='bbox 1376 2625 1422 2647; x_wconf 91' lang='lat' dir='ltr'>duo</span> <span class='ocrx_word' id='word_1_655' title='bbox 1440 2625 1511 2648; x_wconf 79' lang='lat' dir='ltr'>ferme</span> <span class='ocrx_word' id='word_1_656' title='bbox 1528 2625 1617 2647; x_wconf 79' lang='lat' dir='ltr'>saecula</span> <span class='ocrx_word' id='word_1_657' title='bbox 1631 2626 1651 2647; x_wconf 92' lang='lat' dir='ltr'>in</span> <span class='ocrx_word' id='word_1_658' title='bbox 1665 2625 1748 2647; x_wconf 79' lang='lat' dir='ltr'>scholis</span> <span class='ocrx_word' id='word_1_659' title='bbox 1759 2625 1803 2647; x_wconf 74' lang='lat' dir='ltr'>sub</span> <span class='ocrx_word' id='word_1_660' title='bbox 1816 2626 1846 2647; x_wconf 89' lang='lat' dir='ltr'>di-</span> 
     </span>
     <span class='ocr_line' id='line_1_82' title="bbox 1004 2671 1847 2699; baseline 0.001 -7"><span class='ocrx_word' id='word_1_661' title='bbox 1004 2672 1076 2693; x_wconf 71' lang='lat' dir='ltr'>versis</span> <span class='ocrx_word' id='word_1_662' title='bbox 1094 2672 1173 2693; x_wconf 75' lang='lat' dir='ltr'>formis</span> <span class='ocrx_word' id='word_1_663' title='bbox 1189 2674 1211 2693; x_wconf 91' lang='lat' dir='ltr'>et</span> <span class='ocrx_word' id='word_1_664' title='bbox 1228 2671 1256 2693; x_wconf 85' lang='lat' dir='ltr'>(te</span> <span class='ocrx_word' id='word_1_665' title='bbox 1274 2672 1343 2693; x_wconf 76' lang='lat' dir='ltr'>variis</span> <span class='ocrx_word' id='word_1_666' title='bbox 1360 2671 1469 2699; x_wconf 84' lang='lat' dir='ltr'>obiectis⁷</span> <span class='ocrx_word' id='word_1_667' title='bbox 1494 2671 1535 2693; x_wconf 79' lang='lat' dir='ltr'>scd</span> <span class='ocrx_word' id='word_1_668' title='bbox 1560 2672 1683 2699; x_wconf 78' lang='lat' dir='ltr'>praecipue</span> <span class='ocrx_word' id='word_1_669' title='bbox 1701 2672 1729 2694; x_wconf 82' lang='lat' dir='ltr'>dc</span> <span class='ocrx_word' id='word_1_670' title='bbox 1747 2673 1847 2693; x_wconf 79' lang='lat' dir='ltr'>incarna-</span> 
     </span>
     <span class='ocr_line' id='line_1_83' title="bbox 1004 2718 1848 2747; baseline 0 -7"><span class='ocrx_word' id='word_1_671' title='bbox 1004 2719 1065 2740; x_wconf 87' lang='lat' dir='ltr'>tione</span> <span class='ocrx_word' id='word_1_672' title='bbox 1082 2718 1170 2739; x_wconf 87' lang='lat' dir='ltr'>Domini</span> <span class='ocrx_word' id='word_1_673' title='bbox 1189 2719 1269 2740; x_wconf 86' lang='lat' dir='ltr'>luctata</span> <span class='ocrx_word' id='word_1_674' title='bbox 1287 2720 1326 2740; x_wconf 86' lang='lat' dir='ltr'>est.</span> <span class='ocrx_word' id='word_1_675' title='bbox 1345 2718 1389 2740; x_wconf 84' lang='lat' dir='ltr'>Nec</span> <span class='ocrx_word' id='word_1_676' title='bbox 1406 2724 1432 2740; x_wconf 87' lang='lat' dir='ltr'>ea</span> <span class='ocrx_word' id='word_1_677' title='bbox 1450 2721 1533 2745; x_wconf 79' lang='lat' dir='ltr'>aetate,</span> <span class='ocrx_word' id='word_1_678' title='bbox 1552 2725 1596 2747; x_wconf 86' lang='lat' dir='ltr'>qua</span> <span class='ocrx_word' id='word_1_679' title='bbox 1613 2719 1692 2741; x_wconf 86' lang='lat' dir='ltr'>Petrus</span> <span class='ocrx_word' id='word_1_680' title='bbox 1704 2718 1848 2740; x_wconf 84' lang='lat' dir='ltr'>Lombardus</span> 
     </span>
     <span class='ocr_line' id='line_1_84' title="bbox 1004 2765 1847 2793; baseline 0.001 -7"><span class='ocrx_word' id='word_1_681' title='bbox 1004 2771 1058 2787; x_wconf 87' lang='lat' dir='ltr'>suas</span> <span class='ocrx_word' id='word_1_682' title='bbox 1075 2765 1200 2786; x_wconf 74' lang='lat' dir='ltr'>Sententias</span> <span class='ocrx_word' id='word_1_683' title='bbox 1217 2765 1318 2792; x_wconf 83' lang='lat' dir='ltr'>scripsit,</span> <span class='ocrx_word' id='word_1_684' title='bbox 1336 2766 1378 2787; x_wconf 87' lang='lat' dir='ltr'>hae</span> <span class='ocrx_word' id='word_1_685' title='bbox 1396 2767 1565 2787; x_wconf 79' lang='lat' dir='ltr'>controversiae</span> <span class='ocrx_word' id='word_1_686' title='bbox 1582 2771 1662 2787; x_wconf 72' lang='lat' dir='ltr'>omnes</span> <span class='ocrx_word' id='word_1_687' title='bbox 1680 2765 1738 2787; x_wconf 83' lang='lat' dir='ltr'>bene</span> <span class='ocrx_word' id='word_1_688' title='bbox 1755 2771 1847 2793; x_wconf 82' lang='lat' dir='ltr'>compo-</span> 
     </span>
     <span class='ocr_line' id='line_1_85' title="bbox 1003 2811 1847 2840; baseline 0 -7"><span class='ocrx_word' id='word_1_689' title='bbox 1003 2812 1058 2833; x_wconf 88' lang='lat' dir='ltr'>sitae</span> <span class='ocrx_word' id='word_1_690' title='bbox 1076 2814 1154 2838; x_wconf 81' lang='lat' dir='ltr'>eraut3</span> <span class='ocrx_word' id='word_1_691' title='bbox 1173 2811 1235 2840; x_wconf 87' lang='lat' dir='ltr'>quod</span> <span class='ocrx_word' id='word_1_692' title='bbox 1253 2812 1297 2833; x_wconf 85' lang='lat' dir='ltr'>iam</span> <span class='ocrx_word' id='word_1_693' title='bbox 1316 2814 1376 2839; x_wconf 85' lang='lat' dir='ltr'>patet</span> <span class='ocrx_word' id='word_1_694' title='bbox 1392 2818 1419 2834; x_wconf 84' lang='lat' dir='ltr'>ex</span> <span class='ocrx_word' id='word_1_695' title='bbox 1437 2812 1544 2840; x_wconf 73' lang='lat' dir='ltr'>loquendi</span> <span class='ocrx_word' id='word_1_696' title='bbox 1562 2812 1632 2834; x_wconf 85' lang='lat' dir='ltr'>modo</span> <span class='ocrx_word' id='word_1_697' title='bbox 1650 2812 1765 2834; x_wconf 75' lang='lat' dir='ltr'>fluctuanti</span> <span class='ocrx_word' id='word_1_698' title='bbox 1778 2814 1798 2834; x_wconf 78' lang='lat' dir='ltr'>et</span> <span class='ocrx_word' id='word_1_699' title='bbox 1811 2818 1847 2839; x_wconf 85' lang='lat' dir='ltr'>pa-</span> 
     </span>
     <span class='ocr_line' id='line_1_86' title="bbox 1005 2858 1847 2887; baseline 0.002 -8"><span class='ocrx_word' id='word_1_700' title='bbox 1005 2864 1056 2880; x_wconf 90' lang='lat' dir='ltr'>rum</span> <span class='ocrx_word' id='word_1_701' title='bbox 1075 2860 1133 2884; x_wconf 75' lang='lat' dir='ltr'>tuto,</span> <span class='ocrx_word' id='word_1_702' title='bbox 1152 2864 1198 2886; x_wconf 80' lang='grc'>111111</span> <span class='ocrx_word' id='word_1_703' title='bbox 1216 2858 1276 2880; x_wconf 86' lang='lat' dir='ltr'>idem</span> <span class='ocrx_word' id='word_1_704' title='bbox 1300 2858 1336 2885; x_wconf 85' lang='lat' dir='ltr'>(d.</span> <span class='ocrx_word' id='word_1_705' title='bbox 1362 2858 1396 2880; x_wconf 84' lang='lat' dir='ltr'>Vt.</span> <span class='ocrx_word' id='word_1_706' title='bbox 1419 2861 1440 2880; x_wconf 91' lang='lat' dir='ltr'>et</span> <span class='ocrx_word' id='word_1_707' title='bbox 1459 2859 1517 2885; x_wconf 89' lang='lat' dir='ltr'>Vll.)</span> <span class='ocrx_word' id='word_1_708' title='bbox 1541 2860 1608 2881; x_wconf 79' lang='lat' dir='ltr'>refert</span> <span class='ocrx_word' id='word_1_709' title='bbox 1630 2862 1697 2887; x_wconf 75' lang='lat' dir='ltr'>atque</span> <span class='ocrx_word' id='word_1_710' title='bbox 1720 2861 1797 2881; x_wconf 82' lang='lat' dir='ltr'>tractat</span> <span class='ocrx_word' id='word_1_711' title='bbox 1819 2859 1847 2881; x_wconf 78' lang='lat' dir='ltr'>sa-</span> 
     </span>
     <span class='ocr_line' id='line_1_87' title="bbox 1005 2905 1846 2933; baseline 0.002 -7"><span class='ocrx_word' id='word_1_712' title='bbox 1005 2910 1082 2926; x_wconf 86' lang='lat' dir='ltr'>mosas</span> <span class='ocrx_word' id='word_1_713' title='bbox 1106 2906 1151 2926; x_wconf 89' lang='lat' dir='ltr'>tres</span> <span class='ocrx_word' id='word_1_714' title='bbox 1177 2905 1296 2932; x_wconf 78' lang='lat' dir='ltr'>opiniones</span> <span class='ocrx_word' id='word_1_715' title='bbox 1317 2905 1344 2927; x_wconf 77' lang='lat' dir='ltr'>(Ic</span> <span class='ocrx_word' id='word_1_716' title='bbox 1362 2905 1560 2928; x_wconf 88' lang='lat' dir='ltr'>Christo-homine.</span> <span class='ocrx_word' id='word_1_717' title='bbox 1579 2906 1747 2933; x_wconf 85' lang='lat' dir='ltr'>Disputationes</span> <span class='ocrx_word' id='word_1_718' title='bbox 1770 2908 1846 2928; x_wconf 82' lang='lat' dir='ltr'>autem</span> 
     </span>
     <span class='ocr_line' id='line_1_88' title="bbox 1005 2951 1848 2980; baseline 0.002 -8"><span class='ocrx_word' id='word_1_719' title='bbox 1005 2951 1028 2972; x_wconf 78' lang='lat' dir='ltr'>S.</span> <span class='ocrx_word' id='word_1_720' title='bbox 1046 2951 1219 2973; x_wconf 74' lang='lat' dir='ltr'>Bonaventurae</span> <span class='ocrx_word' id='word_1_721' title='bbox 1236 2952 1379 2980; x_wconf 74' lang='lat' dir='ltr'>aliorumtpie</span> <span class='ocrx_word' id='word_1_722' title='bbox 1397 2952 1588 2974; x_wconf 71' lang='lat' dir='ltr'>Seliolastieorum</span> <span class='ocrx_word' id='word_1_723' title='bbox 1606 2953 1691 2980; x_wconf 76' lang='lat' dir='ltr'>passim</span> <span class='ocrx_word' id='word_1_724' title='bbox 1712 2956 1848 2980; x_wconf 80' lang='lat' dir='ltr'>supponunt</span> 
     </span>
    </p>
   </div>
  </div>
 </body>
</html>
