2166 3366
127 1450 155 1468 Ad
169 1450 243 1473 opposi-

162 1475 207 1491 tum.

259 178 314 205 628

258 255 415 284 terminium
427 266 438 288 ,·
469 263 518 283 nec
550 257 673 291 oportet.
703 255 778 291 quod
802 257 955 291 utrumque
977 254 1107 291 respiciat

258 303 329 331 sicut
360 302 538 335 stobieetmn,
572 301 622 330 nisi
653 301 700 329 ubi
722 302 863 338 reperitur
885 301 1008 338 perfecta
1036 302 1106 330 ratio

257 349 376 378 unionis.
399 349 534 385 Quoniam
558 356 625 385 ergo
647 348 753 377 liabens
774 349 918 377 caritatem
942 343 983 377 est
998 349 1032 377 de
1048 349 1107 377 uni-

257 399 312 424 tate
344 396 507 433 corporis¹‚
529 396 601 424 alius
624 404 690 424 vero
711 399 775 424 actu
809 395 899 424 malus
928 399 1018 432 potest
1046 404 1106 425 esse

257 443 292 471 de
307 442 412 471 unitate
429 443 554 479 corporis
571 442 660 477 illius,
676 443 805 480 quamvis
821 445 883 471 actu
906 451 960 471 non
977 443 1027 477 sit3
1042 443 1107 472 hinc

257 493 313 524 est,
336 489 411 526 quod
441 490 542 518 caritas
563 493 654 527 potest
674 498 735 518 esse
758 490 784 518 111
806 498 863 518 11ηο
886 493 1013 527 respectu
1042 490 1107 519 alte-

257 536 332 571 1111Ξῖ
355 544 406 573 pro
428 544 460 565 eo
491 536 564 573 qnod
600 536 742 564 vinculum
766 536 903 565 amicitiae
925 537 961 565 ad
983 537 1026 566 sui
1048 546 1107 565 esse

257 590 312 610 non
334 582 491 611 necessario
520 582 607 619 exigit
629 585 822 611 extremorum
844 586 971 611 mutuam
995 584 1107 612 coniun-

1134 444 1137 619 1

935 176 1188 205 SENTENTIARUM
1210 177 1269 205 ΜΒ.
1293 177 1332 205 111.

1163 255 1302 289 ctionem;
1325 255 1404 284 multi
1426 255 1500 284 enim
1523 255 1657 292 diligunt,
1690 256 1736 293 qui
1769 265 1824 285 non
1845 257 2010 294 diliguntur.

1164 302 1240 331 Unde
1261 303 1295 331 ad
1319 303 1385 337 hoc,
1418 302 1492 339 quod
1525 303 1626 331 caritas
1657 303 1692 331 sit
1717 304 1860 332 vinculum
1885 305 2010 340 unionis,

1163 357 1217 377 non
1238 353 1362 386 oportet,
1385 349 1459 387 quod
1482 353 1566 386 ponat
1587 353 1745 388 utrumque
1766 354 1960 381 extremorum
1984 353 2009 381 in
2025 358 2137 378 Notandum-

1163 399 1232 424 actu
1264 396 1377 424 uniendi
1387 407 1394 430 3
1426 395 1474 424 sed
1507 395 1625 430 sufficit,
1646 397 1721 433 quod
1754 401 1838 434 ponat
1868 406 1957 427 unum
1980 399 2007 427 in

1163 446 1252 476 actu,
1285 442 1389 471 scilicet
1420 442 1596 477 subiectum,
1629 443 1656 471 in
1688 452 1743 481 quo
1775 448 1834 479 est,
1868 445 2009 482 reliquum

1164 498 1231 518 vero
1253 490 1280 518 in
1303 489 1419 523 habitu,
1442 490 1547 518 scilicet
1567 490 1720 525 obiectum,
1743 491 1814 520 sicut
1836 491 1949 520 scientia
1963 500 2008 529 po-

1164 537 1203 564 nit
1224 536 1356 565 scientem
1379 536 1406 564 in
1427 538 1508 571 actu,
1526 536 1622 565 scibile
1644 545 1711 565 vero
1732 537 1809 574 ponit
1830 537 1857 566 in
1880 538 1978 567 habitu
1991 538 2009 567 ².

1000 687 1262 723 SGHOLION.

321 790 334 811 l.
352 790 443 817 Antiqui
463 790 567 811 doctores
580 790 600 810 in
614 789 724 811 solvenda
743 790 785 811 liae
803 790 936 818 quaestione
954 790 1035 812 iisdem
1049 790 1108 817 prin-

257 828 322 855 cipiis
339 830 361 850 et
385 827 569 850 distinctionibus
592 830 686 850 utuntur
709 830 731 849 et
752 828 820 850 etiam
844 828 865 849 111
889 828 1034 850 conclusione
1058 833 1108 850 con-

256 867 362 889 sentiunt.
387 867 417 888 De
441 867 561 889 dilectione
583 867 727 888 inimicorum
751 867 843 894 speciali
866 868 999 895 quaestione
1026 867 1108 888 dilluse

256 907 332 933 agitur
350 906 406 928 infra
426 906 446 928 d.
467 906 502 928 30.
521 912 543 934 q.
563 906 582 928 11.

319 945 351 967 De
370 946 411 967 liae
429 945 471 973 (3.)
489 946 622 974 quaestione
640 945 744 967 distincte
770 948 879 968 tractant:
906 946 927 967 S.
951 946 1046 972 Tuom,
1071 945 1107 967 hie

256 991 275 1006 a.
295 983 321 1012 43
340 985 361 1006 S.
381 985 402 1006 ll.
422 984 444 1006 ll.
463 990 484 1013 q.
504 984 540 1006 25.
559 991 578 1006 a.
598 985 618 1006 6.
638 997 667 999 -
686 985 707 1006 Β.
726 984 823 1012 Albcrt.‚
843 985 878 1006 liic
896 991 914 1006 a,
934 984 954 1006 6.
973 997 1003 999 —
1020 985 1076 1006 Petr.
1094 990 1105 1005 a

257 1024 321 1052 Tan,
341 1025 377 1045 liic
394 1030 413 1046 a.
432 1024 452 1045 5.
473 1036 501 1039 —
519 1024 625 1046 Richard.
645 1031 655 1045 a
675 1023 745 1051 Itlcd.⁷
765 1025 801 1046 liic
818 1030 840 1052 q.
859 1024 880 1045 3.

1229 790 1252 811 ll.
1270 789 1341 811 Etiam
1368 790 1390 811 111
1414 791 1517 818 sequenti
1536 790 1577 819 (li.)
1595 791 1729 819 quaestione
1746 793 1768 813 et
1784 790 1951 814 obiectionibus
1968 792 2013 814 sol-

1165 828 1247 850 vendis
1270 829 1369 856 theologi
1392 829 1453 850 idem
1476 835 1557 851 omnes
1579 830 1685 852 sentiunt.
1703 842 1735 845 —
1756 829 1921 852 observatione
1942 830 2012 858 digna

1164 870 1199 889 est
1217 867 1318 889 doctrina
1337 867 1367 895 (in
1386 869 1467 896 corp.)-
1485 868 1547 897 quod
1566 869 1647 896 triplici
1665 869 1735 891 niodo
1759 869 1845 898 aliquid
1869 870 1939 897 possit
1962 876 2012 892 esse

1164 906 1265 928 beatum.

1229 946 1260 968 De
1277 946 1357 968 eadem
1377 947 1510 975 quaestione
1528 947 1656 974 specialiter
1673 950 1758 975 agunt:
1778 948 1799 969 S.
1818 948 1914 975 Thom„
1933 949 1969 970 liic
1992 955 2011 971 a.

1163 985 1194 1013 73
1211 986 1232 1007 S.
1252 986 1292 1007 loc.
1312 986 1347 1007 cit.
1366 992 1385 1007 a.
1404 986 1425 1008 5.
1442 998 1473 1002 -—
1490 986 1547 1008 Petr.
1566 992 1577 1008 a
1601 986 1665 1013 Tan,
1683 987 1719 1009 hic
1741 993 1760 1008 a.
1784 987 1804 1009 S.
1824 1000 1853 1002 —
1876 987 1981 1009 menard.
2000 994 2011 1009 a

1163 1023 1232 1051 Med,
1251 1024 1287 1045 liic
1305 1031 1326 1052 q.
1346 1023 1366 1045 [1.

1020 1114 1183 1151 QUAESTIO
1206 1115 1247 1143 IV.

718 1203 821 1231 Utrum
843 1211 877 1230 er
899 1202 1024 1230 caritate
1044 1202 1103 1230 sivit
1125 1202 1273 1239 diligenda
1294 1211 1421 1239 corpora
1445 1206 1556 1231 nostra.

335 1304 440 1339 Quarto
461 1302 620 1339 quaeritur,
643 1306 738 1330 utrum
767 1310 803 1331 ex
826 1302 940 1330 caritate
969 1302 1023 1330 sint
1046 1301 1104 1330 dili-

256 1349 345 1386 genda
368 1357 486 1386 corpora.
508 1353 610 1377 nostra.
635 1349 664 1377 Et
686 1349 758 1386 quod
783 1357 854 1383 non,
876 1349 997 1377 videtur.

338 1398 361 1425 l.
388 1396 496 1425 loannis
528 1396 736 1425 duodeciino3:
769 1396 826 1431 Qui
855 1401 938 1425 (tutat
969 1397 1104 1425 (citimam

256 1452 344 1472 suam
369 1444 470 1480 perdet
498 1452 581 1476 canu
609 1443 657 1471 sed
680 1446 802 1477 constat,
832 1444 906 1480 quod
929 1444 1021 1471 anima
1050 1451 1103 1471 non

257 1494 310 1519 stat
333 1491 367 1519 ibi
392 1491 442 1519 nisi
467 1499 517 1527 pro
545 1491 628 1518 «vita
657 1491 759 1519 carnali
778 1501 805 1518 »:
829 1498 895 1527 ergo
918 1490 939 1519 si
963 1490 1019 1518 vita
1048 1498 1105 1519 car-

257 1538 327 1566 nalis
356 1537 382 1565 in
415 1538 467 1566 hoc
500 1538 604 1566 mundo
637 1540 678 1565 est
709 1537 843 1571 odienda„
873 1537 998 1566 videtur.
1029 1537 1103 1574 qnod

256 1585 376 1614 odienda
398 1585 451 1613 sint
480 1593 598 1622 corpora
620 1588 730 1618 nostra,
761 1592 813 1612 non
837 1592 903 1621 ergo
925 1592 959 1613 ex
990 1584 1105 1612 caritate

257 1632 406 1669 diligenda.

336 1681 361 1707 ⁹2.
385 1679 466 1714 Item,
483 1679 550 1707 nihil
574 1683 665 1707 estex
689 1679 804 1707 caritate
826 1678 1013 1715 diligendum,
1029 1678 1102 1715 quod

257 1727 373 1764 impedit
403 1727 543 1755 bominem
573 1727 608 1755 ab
634 1726 808 1755 assecutione
837 1726 1033 1756 beatitudinis:
1056 1725 1104 1754 sed

256 1782 320 1802 caro
335 1778 429 1802 nostra
444 1778 486 1802 est
500 1773 678 1807 huiusmodi,
694 1773 758 1810 quia
774 1782 845 1802 estro
861 1773 1040 1810 concupiscit
1056 1773 1106 1801 ad-

256 1830 359 1849 versus
380 1821 535 1857 spiritum,
558 1821 712 1849 secundum
737 1821 810 1858 qnod
827 1821 929 1849 dicitur
945 1821 980 1849 ad
996 1820 1105 1849 Galatas

258 1867 390 1904 quinto⁴3
412 1872 438 1896 et
459 1868 494 1896 ad
518 1868 654 1895 Romanos
676 1868 805 1903 septimo:
831 1868 947 1895 Invenio
969 1867 1000 1894 iii
1021 1876 1105 1895 inem-

257 1914 318 1942 brz's
341 1914 411 1941 meis
432 1914 510 1951 quod
530 1914 618 1951 lcgyem
646 1918 792 1950 relinquat
814 1917 878 1942 eliz:
908 1921 975 1949 ergo
1003 1913 1024 1941 si
1048 1921 1105 1940 cor-

258 1969 326 1997 pora
348 1965 443 1989 nostra
472 1960 627 1997 impediunt
649 1968 699 1987 nos
728 1968 743 1987 a
766 1959 936 1988 beatitudine
958 1967 1105 1995 assequen-

257 2008 307 2042 da.
332 2008 456 2041 videtur,
479 2007 551 2045 quod
577 2015 629 2035 non
653 2007 706 2035 sint
728 2014 762 2034 ex
785 2006 899 2034 caritate
921 2006 1070 2042 diligenda.

337 2055 362 2083 3.
385 2055 467 2089 Item,
490 2054 604 2082 caritas
625 2062 780 2091 nttnquttm
801 2053 944 2081 61τοὶιίνῖίί-
971 2060 1037 2089 ergo
1058 2053 1105 2081 illa

257 2104 322 2130 sunt
344 2109 379 2130 ex
402 2102 517 2130 caritate
539 2101 689 2137 diligenda.
709 2108 781 2137 quae
796 2107 939 2136 nunquam
957 2100 1104 2134 excidunt3

257 2149 306 2177 sed
322 2157 440 2185 corpora
455 2151 688 2185 corrumpuntur:
705 2155 771 2184 ergo
783 2156 818 2175 ex
835 2147 948 2175 caritate
964 2147 1105 2184 diligenda

257 2204 309 2224 non
331 2199 414 2233 sunt„

335 2243 362 2271 lt.
385 2243 467 2277 ltem=
491 2243 560 2271 ratio
582 2242 710 2279 imaginis
732 2241 790 2270 sive
816 2249 951 2278 expressa
972 2241 1105 2269 assimila-

258 2292 295 2319 tio
317 2291 351 2319 ad
375 2290 462 2319 Deum
485 2293 527 2318 est
548 2289 616 2317 illud
640 2289 715 2326 quod
738 2288 816 2323 facit.
838 2291 997 2316 creaturam
1025 2288 1105 2316 ratio-

257 2338 348 2366 nalem
371 2346 406 2366 ex
437 2337 551 2366 caritate
578 2336 670 2372 diligi,
699 2336 770 2364 sicut
792 2344 827 2364 cx
849 2335 1081 2372 praecedentibus
1095 2335 1104 2348 ὅ

258 2388 347 2421 patet;
370 2384 417 2413 sed
447 2384 474 2412 in
504 2391 620 2420 corpore
643 2383 883 2411 communicamus
912 2390 975 2410 cuin
998 2382 1104 2416 brutis5

1162 1309 1211 1330 nec
1235 1302 1366 1338 perfectio
1389 1302 1516 1339 imaginis
1539 1302 1679 1332 invenitur
1709 1304 1734 1331 in
1767 1303 1846 1331 nohis
1872 1311 1908 1332 ex
1931 1307 2010 1341 parte

1162 1349 1301 1386 corporis:
1318 1348 1430 1377 videtur
1445 1357 1524 1386 ergo,
1546 1351 1620 1387 quod
1637 1358 1755 1387 corpora
1770 1355 1865 1379 nostra
1886 1359 1939 1379 non
1956 1352 2011 1380 sint

1161 1404 1196 1424 ex
1220 1396 1335 1424 caritate
1357 1396 1511 1433 diligenda,
1533 1397 1605 1425 sicut
1626 1405 1675 1425 nec
1697 1396 1781 1425 bruta
1802 1397 1941 1425 animalia.

1241 1444 1293 1471 SED
1315 1451 1436 1472 CONTRA:
1463 1445 1486 1471 ’1,
1508 1444 1546 1472 Ad
1571 1444 1702 1481 Ephesios
1723 1444 1820 1481 quinto
1838 1444 1862 1472 ⁷:
1892 1444 1955 1473 Viri
1969 1445 2152 1473 tie-Fundamenta.

1163 1490 1227 1518 bont
1254 1490 1375 1528 diligere
1403 1499 1511 1519 tonores
1532 1499 1605 1519 suas
1633 1491 1710 1519 sicut
1732 1499 1859 1528 corpora
1886 1500 1958 1520 sua:
1988 1492 2009 1520 si

1162 1539 1229 1574 ergo
1251 1537 1380 1565 hortatur
1403 1537 1548 1574 Apostolus
1569 1538 1604 1566 ad
1620 1537 1776 1575 diligendas
1797 1546 1903 1567 uxores
1918 1546 1953 1566 ex
1970 1545 2012 1566 ca-

1162 1585 1257 1617 ritate;
1279 1592 1342 1613 cum
1366 1584 1494 1613 similiter
1513 1585 1672 1621 diIIgendae
1694 1585 1749 1613 sint
1771 1588 1802 1613 ut
1823 1593 1954 1622 corpora,
1977 1585 2013 1613 vi-

1163 1632 1259 1666 detur,
1274 1632 1348 1669 quod
1365 1640 1483 1669 corpora
1499 1635 1593 1661 nostra
1608 1633 1662 1660 sint
1676 1640 1712 1661 ex
1728 1632 1843 1661 caritate
1862 1632 2011 1670 diligenda.

1242 1681 1267 1707 Ξ).
1292 1680 1374 1714 lteni,
1396 1679 1566 1716 Augustinus
1589 1679 1655 1708 dicit
1676 1680 1703 1708 in
1725 1680 1797 1708 libro
1819 1680 1854 1709 de
1882 1679 2013 1709 Doctrina

1163 1727 1352 1755 christianas:
1382 1738 1394 1752 c<
1409 1728 1534 1763 Quatuor
1563 1730 1628 1755 sunt
1657 1727 1843 1764 diligenda»,
1872 1730 1899 1755 et
1921 1727 2012 1756 tribus

1163 1774 1339 1811 praemissis,
1355 1774 1464 1802 subdit:
1493 1786 1505 1799 «
1520 1778 1669 1811 quartum,
1685 1774 1760 1811 quod
1783 1773 1867 1811 infra
1883 1782 1933 1803 nos
1954 1778 2008 1809 est,

1164 1821 1267 1849 scilicet
1282 1829 1384 1857 corpus
1401 1824 1527 1849 nostrum
1543 1831 1572 1848 »z
1589 1821 1610 1849 si
1624 1829 1690 1857 ergo
1712 1821 1883 1857 Augustinus
1898 1829 2010 1850 enume-

1163 1871 1205 1895 rat,
1227 1867 1262 1895 ibi
1279 1867 1419 1904 diligenda
1435 1875 1470 1895 ex
1486 1868 1600 1896 caritate
1616 1868 1739 1904 praecise
1755 1871 1782 1897 et
1798 1868 1922 1905 proprie,
1938 1868 2012 1897 vide-

1164 1917 1221 1942 tur.
1243 1914 1317 1950 quod
1340 1922 1458 1950 corpora
1480 1918 1574 1942 nostra
1589 1915 1643 1943 sint
1665 1914 1806 1951 diligenda
1827 1923 1863 1943 ex
1885 1915 2009 1944 caritate.

1242 1961 1266 1989 3.
1290 1961 1369 1995 ltem.
1391 1969 1473 1989 omne
1495 1961 1679 1990 beatificabile
1701 1965 1793 1990 estex
1815 1962 1929 1990 caritate
1952 1962 2012 1990 dili-

1162 2008 1261 2044 gibile3
1284 2008 1331 2036 sed
1355 2016 1457 2044 corpus
1479 2011 1605 2036 nostrum
1629 2016 1692 2037 cum
1712 2009 1805 2037 anima
1827 2009 2012 2038 communica-

1163 2055 1202 2082 bit
1223 2054 1248 2082 in
1276 2055 1485 2091 participatione
1506 2055 1644 2083 felicitatis
1657 2055 1681 2083 ⁹:
1705 2063 1771 2092 ergo
1791 2056 1919 2084 similiter
1940 2064 2012 2085 com-

1164 2102 1306 2130 municare
1328 2102 1410 2130 debet
1432 2102 1458 2130 in
1481 2102 1628 2131 dilectione
1650 2102 1781 2131 caritatis.

1241 2149 1266 2176 [1.
1290 2148 1372 2182 item,
1396 2148 1420 2176 in
1444 2148 1542 2177 ordine
1564 2149 1687 2178 caritatis
1714 2149 1910 2186 consanguinei
1934 2157 2012 2186 prae-

1162 2195 1287 2223 mittendi
1307 2198 1373 2223 sunt
1387 2196 1529 2224 extraneis
1545 2196 1700 2224 secundum
1716 2196 1892 2224 Ambrosium
1909 2196 1943 2230 ¹⁰3
1962 2196 2008 2224 sed

1162 2242 1387 2279 consanguinitas
1409 2251 1462 2271 non
1485 2246 1526 2271 est
1548 2243 1599 2272 nisi
1629 2251 1665 2272 ex
1687 2234 1766 2280 parte
1797 2251 1964 2280 corporum:
1988 2243 2009 2272 si

1162 2297 1227 2326 ergo
1250 2289 1318 2317 liaeo
1339 2289 1459 2318 conditio
1482 2289 1574 2318 reddit
1596 2290 1723 2319 homines
1752 2290 1839 2327 magis
1861 2289 2010 2324 amabiles,

1162 2336 1289 2370 videtur,
1312 2337 1385 2373 quod
1410 2344 1528 2373 corpora
1551 2340 1644 2365 nostra
1666 2337 1738 2365 inter
1756 2345 1789 2365 ea
1810 2344 2011 2365 connumeran-

1163 2386 1224 2416 tur,
1246 2391 1318 2419 quae
1340 2386 1405 2411 sunt
1426 2392 1461 2411 ex
1485 2383 1599 2412 caritate
1622 2383 1771 2420 diligenda.

322 2550 328 2563 ¹
347 2549 402 2572 Cod.
422 2551 450 2571 W
469 2550 559 2577 supplet
578 2548 677 2578 mystici.
697 2548 799 2570 Subinde
817 2555 859 2576 pro
877 2549 930 2571 actu
951 2547 1028 2571 malua·
1051 2548 1103 2570 edd.

257 2595 309 2611 eum
328 2589 407 2616 paucis
425 2588 492 2610 codd.
511 2589 564 2610 aeliz
583 2593 629 2609 non
649 2586 736 2609 habens
753 2587 884 2610 caritatem.

321 2628 329 2641 ‘2
348 2627 393 2650 Cfr.
412 2628 513 2655 Aristot.7
534 2627 561 2648 de
580 2627 719 2648 Dracon-am.
738 2632 756 2648 e.
775 2626 802 2648 tle
819 2626 855 2649 liis
873 2632 932 2656 quaa
949 2626 981 2649 ad
997 2625 1102 2656 aliquid,

257 2667 295 2689 ubi
314 2667 429 2689 mediante
456 2667 538 2689 eodem
557 2667 663 2694 exemplo
682 2669 834 2694 monstratur,
852 2666 915 2695 quod
934 2672 977 2688 non
995 2667 1017 2687 in
1035 2666 1105 2687 omni-

256 2707 312 2734 bus,
339 2713 397 2735 quae
415 2710 467 2729 sunt
484 2706 515 2729 acl
531 2706 638 2735 aliquid,
660 2712 740 2728 rerum
759 2706 879 2734 videatur,
899 2707 947 2734 ipsa
965 2712 1015 2728 esse
1037 2705 1104 2727 simul

256 2749 343 2768 natura.

320 2784 329 2799 3
347 2785 412 2807 Vers.
432 2785 468 2806 255.
487 2797 516 2799 —
535 2785 556 2805 ln
575 2783 664 2806 minori
681 2785 801 2812 respicitur
819 2785 896 2806 (ilossn
910 2782 1071 2807 interlinearis
1083 2784 1104 2804 in

256 2830 351 2846 vversum
370 2824 500 2850 laudatum„
520 2830 578 2852 quae
598 2824 694 2846 liabetur
711 2824 774 2851 opud
792 2825 917 2852 Lyrannm.

320 2863 328 2877 ⁴
347 2864 411 2885 Vers.
430 2864 462 2885 17.
474 2876 502 2878 —
513 2864 573 2885 Alter
587 2864 716 2890 Scripturas*
729 2864 792 2885 locus
805 2867 837 2885 est
857 2864 921 2885 110111,
935 2864 960 2891 7,
974 2864 1018 2885 23:
1033 2863 1104 2885 Video

257 2906 333 2925 autem
352 2903 418 2925 aliam
437 2903 511 2930 legem
530 2903 551 2924 111
570 2902 681 2924 membris
699 2903 766 2930 ineis,
786 2906 953 2930 repugnantem
966 2903 1010 2930 legi
1024 2903 1105 2924 mentis

257 2948 321 2964 meae
340 2945 380 2964 ete.
400 2942 529 2964 LectIOnem
549 2941 612 2971 qnod
629 2941 702 2970 leqcm
714 2943 832 2971 repa-qno!v
843 2943 990 2971 (repnsfnare
1001 2941 1104 2971 aliquem

256 2981 316 3003 idem
335 2981 447 3009 signifieat
465 2988 491 3003 as.-
509 2987 648 3011 oppaqymire
664 2981 781 3010 aliquem,
810 2982 850 3002 ct'r.
873 2981 1004 3008 forconini,
1024 2981 1104 3003 Totius

1162 2549 1233 2571 Latin.
1251 2549 1368 2576 Lexicon),
1387 2555 1446 2577 quae
1464 2549 1566 2570 onmium
1591 2548 1658 2570 codd.
1679 2551 1724 2576 est,
1743 2548 1795 2570 edd.
1819 2549 1840 2575 l,
1859 2549 1871 2569 ‘2
1893 2550 2010 2570 mutarunt

1163 2588 1183 2609 in
1202 2587 1265 2617 qnod
1282 2587 1328 2617 lem*
1343 2589 1473 2617 remanat,
1493 2588 1543 2610 Vnt.
1562 2589 1583 2609 in
1603 2587 1676 2617 [essem.
1694 2588 1866 2617 repnyvmnlem.
1884 2586 1935 2616 lerst‘.

1225 2627 1234 2641 5
1252 2628 1320 2655 Epist.
1340 2628 1352 2649 l.
1372 2627 1422 2650 Cor.
1445 2628 1481 2654 13,
1501 2628 1522 2649 8.
1536 2640 1565 2643 —-
1579 2627 1664 2650 Deinde
1681 2627 1733 2650 edd.
1752 2633 1808 2656 erqo
1825 2626 1926 2654 tristetur,
1946 2626 2010 2656 quod

1163 2666 1203 2689 [lla
1222 2673 1252 2689 (nr
1269 2667 1367 2690 caritate
1384 2668 1440 2690 sunt
1457 2666 1519 2696 [Vnt.
1537 2666 1596 2696 sint]
1623 2666 1764 2696 diliqenda...
1790 2666 1831 2689 sed
1849 2672 1950 2696 corpora
1968 2672 2008 2688 110-

1162 2707 1211 2728 stra
1230 2708 1415 2736 corrumpentia·
1432 2710 1474 2729 ete.

1225 2746 1234 2760 ⁶
1252 2747 1343 2774 Qunest.
1366 2747 1383 2768 1.

1225 2785 1234 2799 ⁷
1252 2786 1315 2807 Vers.
1335 2786 1371 2807 28.

1225 2824 1234 2838 ὃ
1251 2824 1311 2846 Libr.
1330 2825 1343 2846 1.
1362 2831 1380 2846 c.
1400 2824 1436 2846 23.
1455 2831 1475 2846 11,
1495 2825 1530 2846 22.
1551 2824 1607 2846 Vide.
1626 2825 1662 2846 nic
1680 2824 1710 2845 lit.
1728 2824 1836 2851 Magistri,
1855 2829 1873 2845 0.
1896 2823 1913 2845 t.

1224 2863 1234 2877 ‘³
1251 2863 1294 2885 Cir.
1313 2864 1348 2885 lx',
1367 2864 1426 2885 Sent.
1446 2864 1467 2885 d.
1487 2864 1522 2886 -1-9.
1541 2870 1563 2891 p.
1581 2864 1604 2885 lt.
1622 2870 1641 2885 a.
1665 2863 1680 2884 1.
1700 2863 1796 2890 princip,
1809 2869 1829 2884 a.
1852 2863 1868 2883 l.
1885 2869 1905 2891 q.
1929 2863 1945 2884 1.
1959 2869 2007 2891 seq.

1163 2914 1191 2916 —
1211 2902 1251 2923 l'rn
1269 2902 1380 2931 Ailsyibue
1397 2903 1448 2924 cod.
1466 2903 1481 2924 Z
1499 2901 1652 2931 (Ze'll'gyendzmz,

1224 2939 1243 2953 ¹⁰
1262 2941 1318 2962 Vide
1337 2942 1391 2963 intra
1419 2942 1448 2963 lit.
1467 2941 1574 2968 Magistri,
1593 2941 1614 2962 d.
1633 2940 1715 2962 XXlX.
1734 2947 1752 2962 c.
1771 2940 1797 2967 23
1820 2942 1918 2961 attamen
1936 2938 2006 2960 ierim

1161 2979 1282 3002 Ambrosio
1301 2981 1330 3002 1111
1350 2981 1431 3003 tributa
1450 2984 1502 3002 sunt
1520 2979 1637 3007 Origene,
1657 2980 1677 3000 in
1695 2978 1779 3001 Contio.
1794 2979 1870 3000 liomil.
1890 2978 1910 2999 2.
1930 2984 1950 2999 n.
1970 2978 1989 2999 S.
