2166 3366
93 702 225 721 andamentn.

113 1688 141 1706 Ad
155 1687 229 1711 opposi-

230 184 284 213 130

904 178 1156 207 SENTENTIARUM
1178 177 1237 206 LlB.
1261 177 1300 205 111.

1006 303 1168 340 00115110
1190 303 1208 331 1.

524 405 628 433 Utrum
650 403 863 432 concedenclmn
884 402 938 436 sit,
960 406 1105 430 naturam
1127 401 1291 430 humanam
1312 405 1477 429 assumtam
1500 409 1559 429 esse
1580 409 1599 429 α
1620 401 1687 429 Deo.

309 508 387 536 Circa
399 506 522 543 primum
538 505 577 533 sic
590 503 751 541 proceditur
765 505 792 531 et
807 502 967 539 quaeritur,
978 504 1077 529 utrum

229 556 264 585 sit
286 553 511 587 concedendum,
533 552 608 589 quod
630 552 754 580 humana
775 553 876 578 natura
898 549 932 578 sit
953 551 1078 577 assumta

230 611 245 631 a
266 602 332 631 Deo.
356 602 386 630 Et
408 600 483 637 quod
505 600 560 634 sic,
582 599 702 627 videtur.

312 651 336 677 1.
351 648 390 677 Ad
406 647 596 684 Philippenses
611 645 761 674 secundo¹z
779 644 970 680 Semetipsztm
982 641 1080 671 exina-

231 696 315 730 nivit,
336 695 468 734 formam
482 694 562 722 serui
582 692 749 730 acceptetis,-
771 692 819 720 sed
841 691 944 720 veritas
963 693 1080 718 naturae

231 743 384 773 attenditur
398 745 535 779 quantum
550 741 585 769 ad
600 738 743 777 propriam
759 739 893 767 sormam:
909 745 976 774 ergo
998 737 1020 766 si
1041 744 1082 765 as-

231 790 332 819 sumsit
352 789 471 818 formam
493 787 629 821 bominis,
651 786 784 815 assumsit
804 785 926 814 hominis
940 786 1080 812 naturam.

311 839 337 866 Ξ.
354 838 436 871 110111,
452 836 622 873 Augustinus
638 835 672 863 de
687 834 751 862 Fide
766 834 801 862 ad
817 833 929 861 Petrum
941 831 966 859 2;
985 831 1081 859 «Deus

231 886 384 914 humanam
405 887 533 912 naturam
551 882 577 910 in
593 882 728 910 unitatem
744 888 879 918 personae
894 878 1000 916 accepit
1014 890 1042 905 ».

313 932 338 960 3.
361 932 443 965 ltem,
466 930 562 958 nullus
583 932 625 958 est
646 936 731 957 verus
754 928 852 961 homo,
873 927 925 955 nisi
948 933 1014 954 vere
1038 925 1083 953 ha-

233 980 298 1008 beat
318 979 472 1007 humanam
494 979 643 1010 naturam;
665 975 713 1004 sed
729 975 777 1003 Dei
793 974 877 1003 Filius
900 981 984 1002 verus
999 973 1082 1001 homo

234 1030 293 1056 est:
316 1025 488 1063 ergobabet
517 1025 669 1053 humanam
691 1026 822 1051 naturam
845 1022 871 1049 in
894 1029 931 1050 se.
953 1020 1006 1049 Sed
1028 1028 1083 1048 non

234 1074 319 1102 habet
340 1081 401 1102 eam
428 1080 477 1109 per
499 1074 640 1100 aeternam
664 1070 889 1107 generationem:
912 1076 978 1105 ergo
1000 1067 1084 1096 habet

234 1129 283 1158 per
299 1120 511 1149 assumtionem:
528 1119 613 1155 igitur
627 1117 761 1146 assumsit
777 1116 928 1144 humanam
944 1118 1083 1143 naturam.

314 1168 341 1196 [1.
363 1167 446 1201 110111,
469 1166 640 1203 quicumque
661 1167 702 1193 est
723 1163 842 1192 alicuius
872 1162 949 1191 filius
974 1165 1085 1190 natura-

235 1215 285 1250 lis,
308 1213 499 1243 communicat
513 1221 578 1241 011111
593 1221 625 1241 00
648 1212 674 1240 111
696 1210 836 1245 natusest:
860 1210 909 1238 sed
930 1209 978 1238 Dei
1001 1209 1085 1237 Filius

236 1265 278 1291 est
298 1261 419 1297 Virginis
451 1260 526 1288 filius
548 1259 701 1287 naturalis:
724 1266 790 1294 ergo
812 1256 998 1285 communicat
1019 1262 1083 1284 011111

236 1317 268 1338 ea
290 1310 317 1337 in
339 1312 448 1337 natura.
472 1309 523 1335 11111
545 1306 630 1343 igitur
652 1305 727 1333 illam
760 1308 890 1333 naturam
923 1303 1021 1331 babuit
1049 1302 1086 1330 ab

237 1360 371 1389 aeterno,
395 1355 438 1383 vel
460 1363 494 1382 030
528 1357 673 1390 10111ρο1·0;
704 1355 827 1385 00115101,
859 1350 934 1387 quod
966 1358 1020 1378 non
1049 1348 1086 1377 ab

238 1408 371 1437 aeterno,
395 1402 443 1431 sed
466 1410 500 1430 eac
523 1404 655 1437 tenzpore.
686 1399 711 1427 Si
741 1408 775 1427 eac
798 1402 942 1435 tempore,
974 1399 1022 1425 aut
1050 1404 1087 1425 ex

236 1450 364 1488 propria
392 1450 511 1483 virtute,
533 1451 582 1476 aut
603 1455 639 1475 ex
661 1446 781 1479 alteim,-
802 1448 924 1479 constat,
946 1443 1022 1481 quod
1051 1451 1087 1472 ex

239 1499 344 1527 virtute
362 1496 511 1534 proprztm
533 1495 579 1524 sed
603 1494 678 1531 quod
701 1493 801 1530 accipit
822 1493 885 1529 quis
906 1491 1089 1528 11111111ορνο-

237 1546 310 1583 pria
331 1545 433 1574 dicitur
456 1550 617 1572 assumere:
641 1544 727 1570 restat
753 1541 847 1577 igitur,
868 1539 943 1577 quod
964 1539 1089 1567 humana

241 1596 342 1621 natura
364 1592 399 1621 sit
420 1599 436 1619 a
456 1591 513 1619 Deo
535 1592 668 1618 assumta.

321 1640 373 1668 SED
395 1646 521 1667 conum:
547 1638 570 1665 l.
594 1636 681 1665 Omne
697 1635 772 1673 quod
787 1634 958 1668 assumitur,
973 1637 1029 1667 est,
1045 1641 1091 1661 an-

242 1691 355 1725 tequam
377 1687 412 1715 sit
433 1688 610 1717 assumtum3
632 1683 680 1712 sed
702 1683 826 1711 humana
857 1684 958 1710 natura
988 1680 1089 1709 Christi

242 1743 297 1764 non
318 1734 371 1763 fuit
392 1736 455 1762 ante
477 1732 608 1760 unionem
630 1730 718 1767 ipsius
733 1737 797 1758 011111
814 1728 938 1758 Verbo⁴:
954 1736 1021 1765 ergo
1035 1736 1090 1756 non

243 1783 371 1816 videtur,
394 1780 468 1817 quod
491 1778 575 1807 suerit
596 1780 725 1814 assumta·
742 1785 758 1805 a
779 1776 880 1806 Verbo.

322 1830 347 1857 ἰ).
370 1828 453 1861 110111,
486 1833 568 1854 0111110
590 1824 666 1862 quod
687 1823 842 1852 assumitur
863 1822 898 1851 ab
920 1822 1030 1859 aliquo,
1061 1821 1092 1850 fit

243 1876 336 1913 aliquo
359 1874 441 1903 inodo
462 1880 551 1902 unum
575 1880 639 1901 011111
661 1879 705 1905 eo,
728 1879 743 1899 a
765 1879 820 1907 quo
842 1870 1011 1904 assumitur,
1027 1868 1093 1906 quia

243 1922 377 1952 assumtio
398 1921 544 1950 ordinatur
566 1919 602 1948 ad
631 1917 802 1947 unionein⁵z
836 1924 902 1954 ergo
924 1916 944 1945 si
968 1916 1092 1945 humana

243 1973 345 1999 natura
376 1968 530 1997 assumitur
561 1975 577 1995 a
603 1966 674 1999 Deo,
696 1965 727 1993 fit
747 1972 837 1993 unum
859 1972 924 1992 011111
944 1963 1009 1993 Deo.
1039 1963 1091 1992 Sed

245 2025 316 2055 quae
332 2019 396 2045 sunt
411 2015 525 2048 eadem,
541 2022 629 2042 unum
646 2016 735 2050 potest
757 2011 913 2048 praedicari
933 2011 968 2039 de
989 2011 1091 2039 altero:

245 2072 311 2101 ergo
333 2064 456 2091 humana
478 2065 578 2090 natura
599 2063 641 2089 est
662 2060 751 2091 Deus,
773 2062 800 2088 et
821 2067 836 2087 e
862 2066 1015 2092 converso:
1044 2058 1093 2087 sed

245 2111 298 2139 hoc
319 2113 361 2139 est
381 2109 500 2137 falsum:
524 2116 590 2144 ergo
611 2111 638 2136 et
660 2107 745 2140 illud,
765 2114 801 2135 ex
816 2114 872 2143 quo
887 2106 1029 2142 sequitur,
1046 2105 1095 2134 sci-

245 2158 309 2187 11001
330 2157 406 2194 quod
428 2157 551 2184 humana
572 2158 673 2183 natura
695 2154 729 2182 sit
750 2162 766 2181 a
787 2153 843 2182 Deo
864 2156 998 2181 assumta.

326 2204 351 2233 3.
375 2204 456 2237 Item,
478 2210 559 2231 omne
582 2201 656 2239 quod
688 2200 843 2229 assumitur
874 2200 909 2228 ab
937 2199 1031 2236 aliquo
1059 2199 1095 2228 ad

246 2252 395 2285 unionem,
416 2250 536 2287 acquirit
558 2248 756 2285 proprietatem
780 2247 903 2283 aliquam
918 2246 994 2281 eius,
1009 2254 1025 2274 a
1040 2254 1095 2283 quo

247 2299 401 2328 assumitur
423 2300 450 2326 et
471 2296 515 2325 cui
547 2295 644 2324 unitur
657 2306 664 2329 3
686 2294 735 2323 sed
758 2294 881 2322 humana
912 2296 1013 2321 natura
1040 2301 1096 2321 non

247 2345 368 2383 acquirit
388 2344 510 2380 aliquam
533 2342 733 2380 proprietatem
756 2341 845 2377 ipsius
868 2339 951 2369 Verbi
965 2356 1005 2359 ——
1020 2339 1096 2367 nulla

248 2393 321 2422 enim
344 2391 500 2429 proprietas
522 2390 604 2419 Verbi
627 2389 729 2417 dicitur
751 2388 785 2417 de
806 2388 931 2416 humana
946 2390 1097 2415 natura—

1135 508 1202 537 ergo
1224 508 1278 528 non
1301 500 1427 534 videtur,
1449 500 1524 537 quod
1547 500 1606 537 ipsa
1627 508 1643 528 a
1665 499 1757 529 Verbo
1779 499 1827 528 Dei
1845 499 1929 528 fuerit
1944 507 1985 528 as-

1136 551 1237 576 sumta.

1216 595 1242 622 [1.
1266 595 1348 629 110111,
1371 594 1502 623 Boethius
1518 594 1545 622 in
1560 594 1633 623 libro
1652 594 1686 623 de
1701 593 1818 622 Duabus
1832 593 1944 622 Naturis
1959 596 1986 622 01

1139 650 1195 670 11110
1217 649 1334 678 persona
1362 641 1485 670 Christi⁶
1506 642 1582 678 ponit
1603 644 1724 678 quatuor
1746 641 1920 669 definitiones
1941 648 1987 668 na-

1140 692 1236 723 turae,
1258 696 1379 725 quarum
1411 688 1489 716 nulla
1512 688 1621 716 videtur
1643 691 1801 724 competere
1822 686 1986 716 assumtioni
2001 690 2127 732 J'ssssssfffssffg‘ss

1140 736 1268 764 divinae:
1284 743 1350 772 ergo
1366 735 1387 763 si
1404 738 1479 764 recte
1495 738 1522 763 et
1537 734 1708 763 sufficienter
1723 734 1819 763 definit
1841 737 1987 768 naturam,

1140 791 1194 811 non
1214 783 1326 811 videtur
1341 790 1401 811 esse
1417 782 1642 816 concedendum,
1658 782 1733 819 quod
1749 782 1872 810 humana
1887 784 1988 809 natura

1140 830 1175 858 sit
1196 833 1322 858 assumta
1344 838 1359 857 a
1380 830 1445 858 Deo.
1468 829 1547 865 Quod
1569 832 1644 866 patet
1665 828 1850 857 discurrendo
1872 836 1922 865 per
1937 828 1987 857 sin-

1140 877 1220 914 gulas
1242 876 1458 911 notificationes,
1480 884 1599 913 quarum
1616 876 1707 913 prima
1722 879 1781 905 est:
1802 886 1815 902 «
1830 875 1934 904 Natura
1948 878 1990 904 est

1141 932 1239 953 earum
1259 932 1371 958 rernm,
1387 931 1473 960 quae,
1496 931 1559 952 cum
1583 923 1652 958 sint,
1674 931 1787 960 quoquo
1809 923 1892 951 modo
1915 922 1991 951 intel-

1141 972 1215 1000 lectu
1231 972 1291 1008 capi
1307 975 1462 1008 possunt».
1478 970 1531 999 Hoc
1546 970 1629 999 modo
1640 979 1694 999 non
1707 973 1796 1007 potest
1810 970 1913 1006 accipi,
1925 977 1990 998 cum

1142 1019 1262 1048 dicitur:
1287 1019 1411 1047 bumana
1426 1021 1527 1046 natura
1541 1021 1582 1047 est
1598 1021 1735 1052 assumta:
1760 1017 1838 1054 quia,
1860 1017 1882 1046 si
1904 1025 1990 1045 unam

1142 1066 1340 1104 proprietatem
1355 1066 1475 1094 hominis
1491 1065 1535 1094 vel
1550 1069 1659 1102 partem
1674 1065 1864 1099 assumsisset,
1880 1064 1991 1092 videtur

1142 1114 1307 1142 assumsisse
1323 1109 1476 1142 humanam
1499 1118 1639 1141 naturam.
1662 1129 1699 1133 -
1720 1112 1847 1141 Secunda
1868 1111 1992 1140 definitio

1142 1165 1259 1190 naturae
1282 1164 1340 1190 est:
1368 1160 1501 1189 «Natura
1521 1163 1563 1189 est
1584 1159 1629 1188 vel
1651 1159 1725 1197 quod
1740 1167 1836 1196 agere,
1858 1158 1902 1187 vel
1917 1158 1992 1195 quod

1143 1208 1199 1246 pati
1220 1209 1329 1246 potest⁷
1344 1219 1370 1235 n.
1388 1208 1418 1236 Et
1433 1207 1526 1236 adhuc
1542 1207 1594 1235 ista
1615 1205 1767 1235 notificatio
1788 1214 1843 1234 non
1862 1205 1993 1242 competit

1144 1256 1211 1290 sibi,
1234 1256 1299 1293 quia
1321 1255 1477 1284 secundum
1510 1254 1594 1282 istum
1626 1253 1741 1282 modum
1771 1253 1823 1282 sibi
1852 1252 1994 1282 sufficeret

1144 1302 1311 1331 assumsisse
1333 1302 1424 1330 solum
1447 1302 1585 1335 animam,
1614 1301 1650 1329 ad
1682 1301 1733 1329 hoc
1754 1300 1830 1337 quod
1852 1300 1993 1328 diceretur

1144 1350 1311 1379 assumsisse
1334 1349 1486 1377 humanam
1509 1352 1648 1376 naturam.
1670 1364 1708 1367 —
1730 1348 1823 1376 Tertia
1844 1347 1994 1375 notificatio

1145 1401 1204 1426 est:
1233 1397 1365 1425 «Natura
1386 1399 1428 1425 est
1449 1395 1618 1433 principium
1641 1398 1734 1423 motus
1761 1398 1788 1423 et
1817 1394 1917 1431 quietis
1942 1402 1994 1431 per

1146 1453 1192 1478 se,
1214 1447 1241 1473 et
1262 1452 1316 1472 non
1346 1443 1502 1472 secundum
1524 1442 1680 1471 accidensss
1694 1453 1720 1469 ».
1743 1442 1840 1470 Adhuc
1864 1450 1915 1470 nec
1943 1442 1996 1470 ista

1146 1493 1294 1529 competit,
1326 1491 1392 1528 quia
1423 1490 1581 1523 sufficeret,
1603 1490 1625 1518 si
1647 1489 1738 1518 solum
1767 1497 1870 1526 corpus
1891 1496 1997 1517 assum-

1147 1539 1236 1568 sisset.
1258 1556 1297 1560 —-—
1318 1539 1423 1575 Quarta
1454 1537 1604 1566 notificatio
1626 1540 1667 1566 est
1689 1537 1774 1565 haec:
1803 1536 1934 1564 «Natura
1955 1538 1997 1564 est

1148 1593 1378 1623 unamquamque
1399 1592 1459 1614 rem
1482 1584 1635 1613 informans
1656 1583 1784 1620 specifica
1799 1582 1995 1612 differentia».

1148 1633 1201 1662 Sed
1224 1641 1273 1662 nec
1295 1633 1378 1661 etiam
1398 1631 1548 1660 istomodo
1569 1631 1682 1659 videtur
1702 1630 1866 1659 assumtioni
1890 1637 1998 1667 compe-

1149 1684 1223 1715 tere,
1245 1680 1324 1717 quia,
1347 1679 1418 1708 sicut
1439 1679 1505 1707 dicit
1525 1678 1716 1707 Damascenus
1732 1677 1812 1706 tertio
1834 1677 1905 1705 libro
1927 1677 1998 1714 capi-

1149 1727 1208 1756 tulo
1240 1725 1430 1755 undecimo⁰z
1459 1725 1612 1755 «Verbum
1643 1725 1818 1753 incarnatum
1849 1732 1905 1752 non
1936 1732 1997 1753 eam

1150 1782 1222 1811 quae
1254 1774 1330 1802 nuda
1366 1773 1598 1810 contemplatione
1634 1772 1828 1801 consideratur
1865 1771 1999 1800 assumsit

1151 1825 1279 1850 naturam
1291 1837 1330 1841 —-
1341 1829 1395 1849 uon
1410 1820 1484 1849 eniin
1506 1819 1659 1848 incarnatio
1674 1819 1726 1848 hoc
1741 1821 1828 1852 esset,
1850 1818 1899 1847 sed
1924 1817 1998 1846 fictio

1150 1872 1177 1898 et
1199 1869 1325 1906 deceptio
1354 1867 1550 1896 incarnationis
1565 1883 1603 1887 -—
1618 1874 1707 1903 neque
1730 1874 1792 1894 eam
1814 1873 1886 1902 quae
1908 1865 1999 1902 specie

1151 1916 1360 1949 consideratur,
1392 1915 1441 1943 sed
1472 1922 1534 1943 eam
1566 1921 1638 1951 quae
1659 1915 1701 1942 est
1722 1912 1749 1941 in
1771 1916 1863 1941 atomo
1876 1923 1909 1940 »:
1932 1920 1999 1949 ergo

1151 1963 1229 1992 nullo
1251 1962 1333 1991 modo
1361 1961 1473 1991 videtur
1498 1968 1559 1990 esse
1581 1960 1806 1995 concedendum,
1828 1959 1903 1997 quod
1926 1959 2000 1988 Deus

1152 2011 1305 2039 humanam
1328 2012 1459 2037 naturam
1480 2007 1622 2037 assumsit.

1469 2094 1681 2115 CONCLUSIO.

1160 2168 1227 2196 Vere
1248 2170 1273 2195 et
1290 2166 1412 2203 proprie
1434 2166 1589 2204 loquendo,
1612 2165 1730 2193 concedi
1746 2167 1840 2201 potest
1859 2168 1885 2192 et
1906 2163 1999 2197 debet,

1220 2214 1298 2252 quod
1318 2213 1451 2242 hnmana
1473 2216 1586 2241 nazara
1607 2215 1647 2240 est
1668 2220 1688 2240 ct
1709 2212 1767 2240 Deo
1789 2215 1932 2240 assumta.

1233 2292 1412 2320 Rnsronnsso:
1435 2291 1606 2325 Dicendum,
1637 2290 1712 2327 quod
1743 2297 1810 2318 vere
1841 2292 1867 2318 et
1888 2289 2001 2326 proprie

1155 2339 1309 2376 loquendo,
1332 2338 1444 2367 concedi
1466 2341 1557 2375 potest
1578 2340 1605 2366 et
1627 2337 1724 2371 debet,
1750 2337 1904 2365 humanam
1925 2339 2002 2364 natu—

1155 2394 1215 2414 ram
1237 2394 1253 2414 a
1273 2385 1330 2413 Deo
1352 2387 1504 2413 assumtam
1534 2392 1610 2418 esse,
1632 2392 1684 2421 pro
1705 2391 1737 2412 eo
1758 2383 1849 2420 quod,
1871 2383 1943 2412 sicut
1964 2383 2002 2412 di-

314 2562 320 2576 ¹
340 2562 404 2584 Vers.
422 2561 444 2583 7.

312 2602 322 2615 ‘²
339 2601 393 2629 Cap.
412 2602 433 2623 ⁶2.
452 2607 473 2622 n.
496 2599 585 2622 18.Ct1·.
604 2606 623 2621 0.
646 2600 713 2621 16.11.
732 2599 768 2621 60.
787 2599 809 2620 ln
827 2599 956 2621 testimonio
975 2598 1041 2620 allato
1054 2603 1096 2625 pro

251 2640 338 2670 accepit
350 2643 422 2663 textus
440 2640 521 2667 origin.
535 2638 625 2661 exhibet
642 2637 754 2667 suscepit,
769 2640 790 2659 ct
808 2637 885 2666 proin
901 2637 1017 2660 *unitatem
1029 2636 1096 2659 codd.

252 2681 271 2702 K
284 2686 310 2702 aa
328 2679 353 2702 in
370 2678 466 2702 1111111110.

314 2718 323 2733 3
341 2718 385 2741 Csr.
404 2724 472 2745 supra
491 2717 513 2739 d.
532 2716 552 2738 si.
572 2716 626 2738 dnb.
645 2717 666 2737 2.

315 2756 323 2771 ⁴
342 2758 372 2779 De
390 2763 436 2785 qno
453 2756 506 2778 vide
523 2762 593 2783 snpra
611 2755 641 2777 lit.
655 2755 761 2782 Magistri,
779 2754 800 2776 (1.
815 2754 838 2776 ll.
851 2760 869 2775 0.
889 2754 914 2782 3,
932 2756 954 2776 et
970 2752 1097 2776 Commont.

252 2797 274 2819 d.
293 2797 313 2818 3.
332 2802 354 2824 p.
374 2796 395 2817 11.
415 2802 433 2817 a.
453 2796 473 2817 3.
491 2802 514 2823 q.
532 2795 552 2816 2.

316 2835 325 2850 ⁵
342 2835 370 2857 Ut
386 2837 502 2856 ostensum
520 2836 554 2856 est
570 2839 640 2861 snpra
658 2839 678 2855 a.
701 2833 717 2854 1.
736 2839 757 2861 q.
781 2833 797 2854 l.
816 2833 837 2854 in
856 2838 920 2860 corp.

315 2874 325 2888 θ
342 2873 396 2901 Cap.
419 2873 435 2900 l,
453 2872 492 2895 ubi
510 2873 577 2894 etiam
590 2872 619 2894 ab
637 2874 729 2894 auctore
742 2871 879 2899 ostenditur,
898 2874 944 2893 tres
961 2871 1050 2898 priores
1063 2869 1098 2892 de-

254 2913 366 2935 finitiones
384 2913 441 2934 inter
458 2918 482 2934 se
500 2912 591 2933 differre
608 2910 753 2935 offensione,
772 2911 859 2939 quippe
876 2916 930 2932 cum
948 2910 1022 2937 prima
1040 2909 1100 2931 veri-

254 2953 334 2974 ficetur
351 2952 379 2974 de
392 2951 523 2973 snbstantns
543 2954 565 2973 01
577 2950 743 2978 accidentibus,
762 2949 862 2972 secunda
880 2949 909 2971 de
927 2948 1035 2971 omnibus
1047 2947 1100 2970 sub-

254 2992 340 3014 stantiis
359 2991 488 3019 (corporcis
510 2992 530 3012 et
552 2988 721 3017 incorporeis),
744 2989 806 3011 tertia
824 2992 901 3011 antem
922 2988 950 3010 de
967 2987 1099 3010 substantiis

1155 2557 1271 2584 corporcis
1294 2559 1381 2579 tantum
1399 2556 1480 2577 valcat.
1498 2567 1529 2571 —
1546 2555 1615 2577 Paulo
1638 2554 1732 2577 inferius
1754 2560 1796 2582 pro
1818 2553 1898 2584 definit
1916 2553 1966 2576 cod.
1984 2553 2000 2575 N

1155 2594 1265 2626 definivit.

1217 2635 1227 2649 ⁷
1244 2634 1288 2657 Ct'r.
1307 2635 1409 2662 Aristot,
1433 2634 1445 2655 l.
1471 2634 1498 2655 dc
1520 2634 1623 2655 Gencrat
1646 2635 1668 2655 et
1692 2636 1792 2660 corrupt.
1817 2635 1867 2654 text.
1890 2632 1927 2654 53.
1952 2638 2000 2660 seq.

1155 2674 1183 2703 (c.
1202 2674 1242 2702 7.).
1260 2686 1290 2689 -
1307 2674 1363 2695 lutra
1382 2673 1435 2695 odd.
1453 2672 1531 2695 solum
1548 2672 1655 2695 (11ιί711001
1672 2678 1715 2700 pro
1732 2671 1810 2694 solnm
1823 2670 1938 2694 animam.

1217 2712 1227 2727 ⁸
1244 2713 1281 2734 Est
1297 2713 1395 2739 Ariston,
1414 2712 1436 2733 ll.
1456 2712 1522 2739 Phys.
1541 2714 1592 2733 text.
1611 2711 1631 2733 3.

1217 2752 1227 2766 ⁰
1245 2752 1276 2773 De
1294 2751 1347 2773 Fido
1365 2751 1454 2773 orthod.
1471 2763 1503 2767 —-
1519 2751 1542 2772 ln
1555 2751 1687 2772 anctoritate
1705 2750 1799 2777 allegata
1818 2751 1869 2776 post
1880 2754 1941 2778 quae
1953 2754 2002 2777 spe-

1155 2791 1188 2814 cie
1205 2789 1297 2820 [textus
1314 2790 1431 2818 originalis
1448 2796 1508 2819 {June
1525 2789 1549 2812 in
1566 2788 1652 2818 specie,
1673 2788 1724 2810 Vat.
1742 2794 1795 2810 curn
1808 2787 1860 2809 edd.
1883 2788 1900 2815 l,
1920 2788 1932 2808 ‘2
1952 2793 2001 2815 per-

1156 2836 1236 2858 peram
1260 2829 1347 2859 specie,
1372 2829 1450 2859 quae]
1473 2828 1639 2852 consideratur
1663 2830 1735 2850 textus
1757 2827 1875 2855 originalis
1900 2827 2004 2854 adiungit

1155 2875 1204 2892 ‘non
1226 2868 1288 2891 enim
1311 2875 1391 2891 omnes
1413 2874 1527 2898 pei-sonus
1550 2866 1670 2890 assumsit.
1688 2879 1717 2882 —
1740 2866 1808 2888 Paulo
1832 2866 1938 2893 superins
1960 2871 2002 2893 pro

1156 2908 1202 2932 Sed
1218 2914 1260 2931 1100
1277 2907 1346 2930 etium
1365 2908 1432 2930 codd.
1451 2908 1470 2929 K
1481 2908 1495 2928 Ρ
1506 2907 1524 2935 Q
1534 2906 1565 2929 bb
1582 2905 1629 2929 Sed
1639 2911 1681 2928 1100
1697 2904 1788 2933 adhuc,
1803 2905 1854 2927 cod.
1866 2905 1881 2926 F
1899 2903 1946 2927 Sed
1961 2910 2003 2927 1100

1155 2947 1193 2976 in,
1216 2951 1238 2970 01
1256 2946 1354 2969 subinde
1376 2953 1418 2975 pro
1436 2945 1589 2974 assztonlz'o'nz',
1613 2945 1677 2974 quod
1699 2944 1783 2967 habent
1806 2944 1873 2966 codd.
1886 2944 1904 2966 K
1923 2943 1949 2972 <a
1971 2950 2003 2966 se-

1156 2986 1231 3009 cunda
1255 2986 1334 3015 manu)
1350 2986 1364 3008 Ρ
1376 2986 1421 3014 QR
1432 2985 1481 3014 sU,
1500 2985 1550 3007 cod.
1569 2985 1585 3006 Z
1602 2989 1740 3012 assumere;
1755 2984 1777 3005 in
1795 2984 1844 3005 01115
1861 2983 2002 3006 assmntum.

2015 2292 2119 2312 Conclusio.
