2166 3366
171 431 240 448 Prima.

149 851 242 869 Secunda.

177 1462 246 1480 Tertia,

174 2124 249 2145 Quarta.

256 206 313 234 428

255 283 350 311 simus
371 283 406 311 ad
428 282 626 310 attrahendum
649 288 737 317 genus
752 281 925 314 humanum,
937 278 1103 316 prudentis-

255 330 350 358 simus
371 330 405 357 ad
428 328 649 365 expugnandum
672 327 782 364 generis
804 326 918 355 humani
948 326 1103 354 inimicum.

335 376 473 404 Primum
495 374 609 411 quidem
633 374 683 402 fuit
704 373 987 410 (acceptabilissimus
1002 373 1037 401 ad
1050 372 1105 409 pla-

255 424 376 452 candum
394 423 498 456 Deum;
513 425 627 458 propter
643 421 717 458 quod
734 421 800 449 dicit
815 420 961 449 Anselmus
980 419 1104 448 secundo

257 470 317 498 Cm·
334 470 409 497 Deus
424 468 524 501 homo,
540 468 661 505 capitulo
679 468 842 496 undecimo:
857 478 870 493 «
882 467 954 495 Nihil
976 466 1104 503 asperius

255 520 282 545 et
303 515 444 545 difficilius
460 518 550 552 potest
566 515 648 543 homo
665 515 719 551 pati
736 514 771 543 ad
788 514 922 542 honorem
938 513 986 542 Dei
1007 516 1104 550 sponte

255 566 282 592 et
304 571 358 590 non
380 570 415 590 ex
438 562 531 590 debito
547 570 631 599 quam
650 565 776 589 mortem.
793 561 823 589 Et
839 561 1000 589 nullatenus
1016 560 1104 596 magis

256 612 345 646 potest
366 617 395 637 se
417 609 508 645 ipsum
525 608 593 636 dare
609 608 693 636 homo
708 608 780 642 Deo,
795 616 880 645 quam
896 615 959 636 cum
977 615 1005 636 se
1022 606 1104 634 morti

257 655 342 684 tradit
363 655 397 683 ad
420 656 556 683 honorem
578 654 704 691 ipsius».
730 655 759 683 Et
782 655 832 683 hoc
854 658 896 683 est
910 654 985 691 quod
1002 653 1105 682 dicitur

257 703 292 731 ad
316 703 446 739 Ephesios
468 703 565 739 quinto
579 702 602 729 ¹:
633 702 768 730 Tradidit
788 701 974 738 semetipsum
989 700 1105 729 oblatio-

256 758 321 778 ’110111
343 753 367 777 ct
390 748 516 777 hostiam
536 750 594 777 Deo
616 749 646 777 in
668 749 783 777 odorem
807 748 975 777 sucwz'tcttz's.

336 796 468 825 Secundo
490 796 573 824 etiam
597 796 648 824 suit
664 795 948 833 congruentissimus
960 795 995 823 ad
1008 802 1107 822 curan-

257 844 325 872 dum
348 843 489 872 morbum.
512 843 620 871 l³rimus
649 843 722 871 enim
752 843 836 871 homo
864 844 1028 879 peccaverat
1055 848 1105 878 per

257 890 419 928 superbiam
443 894 470 919 et
498 890 592 927 gulam
623 893 649 918 et
678 890 910 923 inobedientiam,
940 888 1011 917 sicut
1040 887 1106 916 dicit

257 930 446 975 Gregorins2,
469 940 496 966 et
518 938 544 965 in
567 937 690 966 secundo
712 937 785 965 libro
806 937 858 965 fuit.
880 939 1039 968 ostensum:
1062 942 1106 962 vo-

258 984 310 1012 luit
332 984 403 1012 enim
426 984 575 1012 assimilari
598 984 654 1012 Deo
676 992 726 1021 per
741 984 872 1012 scientiae
888 980 1105 1015 sublimitatem,

257 1035 370 1068 gustare
393 1031 457 1068 ligni
480 1032 646 1060 suavitatem
669 1035 695 1059 et
718 1031 874 1067 transgredi
899 1029 1038 1067 praecepti
1069 1028 1106 1056 di-

258 1078 313 1106 vini
337 1078 462 1106 limitem.
486 1079 516 1106 Et
536 1078 668 1115 quoniam
684 1078 791 1106 curatio
806 1078 890 1106 habet
905 1077 964 1106 fieri
980 1084 1031 1114 per
1046 1084 1107 1104 con-

258 1125 393 1158 trarium;
416 1125 478 1153 ideo
500 1126 601 1153 modus
623 1124 808 1153 satisfaciendi
836 1123 1107 1160 congruentissimus

258 1171 310 1200 fnit
330 1179 379 1208 per
401 1171 600 1205 abiectionem,
623 1171 845 1199 humiliationem
875 1173 901 1198 et
923 1170 1034 1198 divinae
1063 1177 1108 1197 vo-

259 1218 373 1246 luntatis
395 1218 592 1254 impletionem.
617 1218 647 1245 Et
670 1218 737 1245 haec
764 1217 857 1245 omnia
886 1216 952 1244 satis
982 1216 1108 1244 relucent

259 1265 284 1292 in
308 1265 367 1301 ipsa
389 1264 532 1301 passione;
555 1267 581 1292 et
602 1264 637 1292 de
653 1264 696 1292 his
712 1264 778 1292 dicit
794 1263 940 1300 Apostolus
956 1262 991 1290 ad
1008 1262 1107 1299 Philip-

261 1319 360 1348 penses
382 1311 542 1340 secundo³:
570 1310 747 1338 Hmm'litavic
776 1310 978 1346 semetipsmn,
1008 1308 1108 1346 factus

261 1357 392 1386 obediens
414 1366 504 1395 usquc
525 1358 566 1385 (ul
586 1360 724 1390 mortem,
741 1361 863 1385 mortem
879 1360 977 1385 aulem
1000 1356 1107 1384 crucis.

347 1405 441 1433 Tertio
463 1409 556 1433 autem
586 1405 637 1432 suit
669 1404 891 1442 efficacissimus
912 1404 947 1432 ad
970 1404 1108 1431 attrahen-

261 1452 328 1480 dum
351 1459 439 1488 genus
462 1451 626 1479 humanum.
651 1451 694 1479 llis
716 1451 789 1479 enim
812 1451 878 1479 solis
900 1450 991 1487 passio
1013 1450 1048 1478 ad
1070 1458 1110 1478 sa—

261 1499 347 1527 lutem
371 1498 496 1532 valebat,
519 1498 565 1535 qui
589 1506 665 1527 mera
689 1498 831 1526 voluntate
847 1506 896 1534 per
912 1505 1036 1526 amorem
1053 1497 1109 1526 Deo

260 1545 459 1574 adhaerebant.
482 1545 538 1573 Non
561 1545 634 1573 enim
658 1545 781 1573 decrevit
809 1544 884 1573 Dens
912 1544 993 1572 aliter
1021 1551 1110 1580 genus

261 1593 417 1621 humanum
441 1592 549 1621 salvare
572 1593 622 1621 nisi
640 1592 727 1620 libero
741 1592 748 1606 ⁴
768 1591 918 1620 voluntatis
933 1591 1065 1625 arbitri03
1084 1594 1111 1619 et

262 1640 339 1668 1111110
360 1640 414 1668 alio
436 1640 534 1673 modo,
558 1639 634 1668 salvo
658 1639 808 1667 voluntatis
823 1638 955 1673 arbitrio,
970 1638 1045 1666 Deus
1066 1638 1111 1666 110-

261 1686 363 1714 minem
387 1687 475 1722 magis
502 1686 591 1722 potuit
619 1686 761 1714 attrahere
790 1685 824 1713 ad
854 1693 979 1713 amorem
1010 1692 1110 1718 suum,

260 1741 344 1769 quam
368 1733 530 1761 sustinendo
553 1741 603 1769 pro
624 1741 656 1761 eo
679 1733 770 1761 crucis
792 1732 967 1769 patibulum:
995 1734 1110 1768 propter

262 1780 336 1816 quod
360 1779 462 1808 dicitur
484 1780 592 1807 loannis
613 1779 779 1807 duodecimo
792 1778 817 1806 ⁵:
836 1780 906 1816 Eyo,
922 1779 950 1806 sz'
963 1778 1111 1806 exaltatus

262 1825 348 1863 fitero
369 1835 388 1855 α
410 1830 508 1860 terra,
531 1826 630 1854 onznia
657 1825 776 1854 trullam
805 1826 846 1854 ad
873 1834 917 1854 me
944 1826 1050 1862 ipsum.
1082 1825 1111 1853 Et

263 1873 354 1910 Hugo,
378 1873 411 1901 de
434 1873 522 1901 Arrha
544 1881 662 1909 sponsae
680 1883 706 1900 «:
724 1873 756 1901 Ut
771 1872 931 1901 ostenderet
947 1872 1010 1906 tibi,
1027 1880 1111 1908 quan-

264 1923 323 1948 tum
345 1923 371 1948 te
393 1919 537 1956 diligeret,
560 1928 612 1947 11011
636 1920 686 1947 nisi
711 1919 855 1947 moriendo
870 1927 885 1946 a
902 1922 990 1947 morte
1006 1922 1032 1947 te
1048 1918 1111 1947 libe-

264 1966 351 2000 ravit,
374 1970 404 1994 ut
419 1974 474 1994 non
490 1970 596 1994 tantum
614 1966 723 2003 pietatis
739 1966 912 2002 impenderet
927 1965 1110 1999 beneficium,

266 2020 362 2040 verum
386 2013 468 2040 etiam
491 2013 614 2040 caritatis
637 2015 804 2041 monstraret
826 2012 991 2040 affectum».

345 2059 457 2095 Qum-to
486 2059 568 2087 etiam
591 2059 642 2087 fuit
663 2059 697 2087 ad
722 2059 888 2087 vincendum
915 2059 1110 2087 adversarium

262 2106 521 2143 prdolentissimus.
546 2107 663 2135 Decebat
684 2107 757 2135 0111111
768 2129 774 2140 ,
790 2109 821 2134 111
836 2096 963 2134 Christus
979 2114 1029 2134 sua
1048 2113 1112 2142 pru-

265 2154 358 2182 dentia
372 2157 519 2190 superaret
534 2154 677 2182 diabolum
687 2177 693 2187 ,
710 2154 781 2182 sicut
796 2153 924 2181 diabolus
940 2160 991 2181 sua
1010 2152 1112 2181 astutia

265 2200 373 2237 decepit
396 2200 534 2229 hominem
558 2201 690 2237 primum.
714 2201 827 2237 Propter
850 2200 925 2237 quod
948 2200 1050 2228 dicitur
1066 2199 1111 2228 Iob

265 2248 399 2285 vigesimo
421 2251 500 2275 sexto
514 2248 539 2275 ⁰:
562 2248 728 2275 Prudentia
754 2247 815 2275 etus
841 2247 987 2284 percussit
1014 2254 1112 2283 super-

266 2294 352 2328 bmm
373 2298 399 2323 et
421 2294 649 2331 quadragesimo:
673 2294 815 2331 Numquid
826 2293 937 2330 poteris
952 2301 1054 2329 capere
1080 2292 1113 2320 le-

264 2340 388 2369 viathan
410 2340 517 2368 steiano?
540 2341 654 2377 Propter
690 2341 765 2377 quod
800 2340 903 2369 dicitur
937 2336 1113 2368 distinctione

265 2388 459 2425 praecedenti,
484 2388 606 2425 capitulo
628 2388 718 2424 primo
735 2398 762 2415 «z
786 2388 866 2416 Venit
888 2387 1070 2423 Redemptor,
1086 2389 1113 2414 et

934 201 1187 229 SENTENTIARUM
1208 200 1268 228 [ΑΒ.
1290 200 1330 228 111.

1161 278 1251 307 victus
1273 282 1314 307 est
1336 278 1482 315 deceptor,
1506 278 1621 306 tetendit
1635 277 1674 305 illi
1692 277 1877 314 muscipulam
1894 286 2005 306 crucem

1161 332 1258 359 suam,
1280 325 1374 362 posuit
1395 325 1419 353 ei
1441 325 1519 361 qnasi
1543 333 1634 353 escam
1658 325 1820 361 sanguinem
1843 333 1966 353 suum».

1241 372 1279 399 Ex
1303 371 1346 399 his
1366 375 1486 408 quatuor
1509 371 1663 400 rationibus
1685 372 1751 400 satis
1771 374 1902 408 apparet,
1931 371 2006 408 quod

1161 418 1261 447 modus
1284 419 1334 447 iste
1357 418 1541 447 satisfaciendi
1564 426 1615 455 pro
1637 418 1716 446 nobis
1737 418 1789 446 fuit
1810 418 2007 455 confidentis-

1161 465 1256 493 simus
1277 468 1304 493 01
1324 474 1340 493 a
1361 465 1418 494 Deo
1440 465 1569 493 maxime
1591 465 1797 501 acceptandus.
1814 465 1844 493 Et
1859 465 2009 494 conceden-

1162 512 1214 540 dae
1236 515 1301 540 sunt
1323 512 1458 545 rationes,
1481 520 1552 549 quae
1575 512 1627 540 hoc
1648 512 1807 540 ostendunt.

1244 560 1267 586 l.
1290 559 1328 587 Ad
1351 559 1421 587 illud
1437 567 1503 595 ergo
1518 559 1591 595 quod
1609 559 1700 596 primo
1715 558 1845 587 obiicitur
1861 559 1887 586 in
1903 561 2009 587 contra·
2021 568 2093 595 Salutio
2106 574 2138 592 op-

1164 606 1253 640 rium,
1275 606 1349 643 qnod
1374 613 1489 642 magnae
1504 606 1678 634 crudelitatis
1691 605 1744 634 fuit
1758 605 1899 634 hominem
1915 605 2009 634 iustis·
2022 594 2131 616 mmmm*

1162 654 1264 682 simum
1288 653 1399 681 tradere
1421 653 1519 686 morti;
1542 653 1708 687 dlcendum,
1738 653 1813 690 quod
1841 652 1916 681 Deus
1944 660 2008 681 eum

1163 708 1216 727 nou
1240 699 1355 727 tradidit
1383 698 1539 736 infliycndo
1568 702 1702 732 mortem,
1733 699 1776 727 vel
1801 698 2010 735 praecipiendo
2024 709 2137 727 uelandum.

1163 746 1239 780 aliis,
1260 746 1334 783 quod
1358 746 1409 782 ipsi
1431 754 1495 774 eum
1519 746 1677 780 traderent,
1699 746 1748 774 sed
1768 745 1962 782 permittendo
1984 748 2011 773 et

1164 793 1335 821 voluntatem
1359 793 1446 829 ipsius
1467 792 1645 829 acceptando
1653 803 1663 826 ;
1685 796 1711 821 et
1733 792 1795 821 ideo
1816 792 1894 820 nulla
1916 792 1968 820 fuit
1983 792 2010 820 in

1163 839 1220 868 Deo
1241 839 1408 873 crudelitas,
1430 839 1495 876 quia
1522 847 1575 867 non
1598 839 1763 876 sanguinem
1785 839 1887 868 Christi
1909 838 2010 872 sitivit,

1164 886 1210 915 sed
1236 886 1407 914 voluntatem
1429 886 1489 914 eius
1514 885 1647 922 optimam
1677 885 1844 922 acceptavit,
1873 886 1942 914 haec
1970 889 2013 914 est

1164 942 1275 962 summa
1298 933 1484 970 responsionis
1520 932 1638 961 Anselmi
1675 933 1701 960 in
1738 932 1810 961 libro
1840 932 1900 961 Cur
1935 933 2012 961 Deus

1164 979 1247 1008 ltomo
1261 980 1279 1007 ⁷.
1303 979 1378 1008 Unde
1401 979 1421 1007 si
1445 979 1555 1007 dicatur
1577 979 1727 1016 aliquando
1749 979 1827 1007 Pater
1850 987 1914 1007 eum
1931 979 2013 1007 tradi-

1164 1027 1238 1056 disse
1261 1027 1359 1060 morti,
1380 1026 1423 1054 vel
1446 1026 1589 1055 voluntate
1612 1025 1698 1054 Patris
1719 1033 1818 1062 passus
1834 1033 1910 1060 esse,
1926 1028 1952 1054 et
1967 1025 2014 1054 ali-

1164 1074 1239 1111 quod
1261 1073 1420 1107 consimile,
1443 1073 1525 1101 modo
1549 1073 1702 1109 praemisso
1724 1072 1935 1109 intelligendum
1957 1075 2011 1101 est:

1164 1129 1218 1149 non
1240 1121 1306 1158 quia
1328 1120 1406 1148 Pater
1428 1128 1493 1148 011111
1516 1120 1637 1156 coegerit
1658 1120 1793 1154 invitum,
1809 1120 1858 1148 sed
1874 1119 1940 1157 quia
1955 1128 2014 1148 sus-

1165 1168 1237 1205 cepit
1259 1168 1448 1195 voluutarium
1471 1171 1498 1195 et
1519 1167 1661 1195 devotum.

1245 1216 1271 1242 2.
1293 1215 1330 1243 Ad
1354 1214 1423 1242 illud
1445 1214 1520 1251 quod
1542 1214 1672 1242 obiicitur
1694 1214 1833 1248 secundo,
1862 1214 1936 1250 quod
1967 1213 2015 1241 im-

1166 1262 1241 1299 pium
1258 1265 1300 1290 est
1315 1262 1448 1289 damnare
1465 1261 1638 1289 innocentem
1654 1264 1681 1289 et
1693 1264 1837 1289 nocentem
1849 1260 1997 1289 absolvere
2007 1271 2014 1294 3

1167 1307 1333 1341 dicendum,
1355 1307 1430 1343 qnod
1454 1307 1522 1335 illud
1554 1315 1653 1335 verum
1681 1310 1737 1341 est,
1769 1307 1790 1335 si
1814 1307 1944 1335 innocens
1971 1307 2016 1335 da-

1167 1357 1280 1382 mnatur
1300 1353 1420 1387 invitus;
1436 1353 1485 1382 sed
1497 1353 1519 1381 si
1540 1354 1671 1381 innocens
1682 1353 1748 1382 velit
1769 1361 1798 1381 se
1813 1353 1913 1382 offerre
1928 1356 1955 1382 et
1969 1361 2016 1381 ex-

1167 1401 1291 1438 ponere8
1314 1408 1365 1437 pro
1391 1400 1481 1428 salute
1508 1400 1646 1434 nocentis,
1675 1400 1745 1428 nihil
1773 1400 1918 1436 prohibet,
1947 1399 2014 1437 quiu

1166 1447 1269 1475 oblatio
1290 1448 1350 1475 eius
1372 1447 1472 1475 debeat
1493 1446 1639 1483 acceptarI.
1662 1447 1693 1475 Et
1715 1446 1767 1475 isto
1790 1447 1871 1475 modo
1900 1447 1925 1475 in
1955 1454 2016 1483 pro-

1167 1495 1256 1531 posito
1273 1494 1484 1530 intelligendum
1499 1497 1541 1522 est
1555 1493 1656 1528 fuisse,
1671 1493 1737 1530 quia
1752 1493 1880 1522 Christus
1891 1501 1945 1521 non
1958 1501 2016 1522 coa-

1168 1544 1225 1575 cte,
1248 1541 1295 1570 sed
1319 1541 1476 1569 voluntarie
1499 1549 1550 1578 pro
1572 1541 1661 1570 salute
1683 1545 1779 1569 nostra
1800 1541 1932 1569 sustinuit
1957 1548 2017 1577 pas-

1168 1589 1283 1617 sionem.

1247 1635 1273 1664 3.
1297 1636 1333 1664 :td
1358 1636 1427 1664 illud
1450 1635 1524 1673 quod
1546 1635 1692 1670 obiicitur,
1715 1636 1789 1672 qnod
1811 1635 1886 1664 Deus
1902 1644 1955 1663 non
1972 1635 2017 1664 de-

1170 1683 1287 1712 lectatur
1310 1683 1335 1711 in
1359 1683 1514 1720 perditione
1536 1682 1670 1716 alicuius3
1693 1682 1860 1716 dicendum,
1882 1682 1957 1719 quod
1973 1690 2016 1710 ve-

1169 1738 1232 1758 rum
1255 1733 1311 1764 est,
1334 1730 1408 1767 quod
1425 1730 1499 1758 Deus
1514 1738 1567 1758 non
1584 1729 1739 1758 delectatur
1755 1730 1781 1757 iu
1797 1737 1901 1766 poena,
1922 1737 2018 1758 secun-

1169 1777 1237 1805 dum
1260 1777 1334 1814 quod
1357 1780 1398 1806 est
1419 1777 1550 1805 afflictiva
1572 1780 1598 1804 et
1620 1780 1736 1805 naturae
1752 1776 1930 1813 corruptiva3
1946 1776 2017 1805 dele-

1169 1827 1260 1852 ctatur
1282 1827 1389 1857 tamen,
1411 1827 1437 1852 et
1464 1823 1552 1860 placet
1581 1823 1633 1851 sibi
1662 1823 1766 1859 optima
1795 1823 1937 1857 voluntas,
1967 1831 2017 1860 per

1169 1878 1253 1907 quam
1278 1878 1364 1907 poena
1386 1870 1541 1898 sustinetur
1562 1873 1589 1898 et
1603 1869 1638 1898 ad
1655 1866 1789 1898 honorem
1806 1869 1853 1898 Dei
1870 1869 2017 1898 ordinatur

1169 1921 1196 1945 et
1217 1917 1250 1945 ad
1273 1917 1475 1945 absolutionem
1498 1916 1619 1944 hominis
1640 1916 1689 1944 rei.

1248 1964 1274 1991 [1.
1297 1963 1333 1991 Ad
1358 1963 1426 1991 illud
1457 1963 1531 2000 qnod
1560 1962 1706 1996 obiicitur,
1734 1962 1807 1999 quod
1839 1962 1937 1991 melior
1965 1962 2016 1991 fuit

1170 2010 1226 2038 vita
1247 2010 1347 2038 Christi
1377 2018 1459 2047 quain
1492 2018 1581 2044 mors3
1611 2009 1778 2044 dicendum,
1807 2009 1881 2046 quod
1910 2009 2016 2046 absque

1169 2057 1255 2086 dubio
1277 2064 1377 2085 verum
1399 2060 1455 2090 est;
1483 2060 1574 2085 tamen
1604 2064 1657 2084 non
1686 2057 1829 2093 sequitur,
1859 2056 1933 2093 quod
1962 2064 2016 2084 non

1170 2105 1257 2141 magis
1279 2104 1408 2133 debuerit
1430 2104 1587 2132 satisfacere
1604 2111 1652 2140 per
1675 2107 1792 2132 mortem
1815 2111 1899 2140 quam
1915 2111 1965 2140 per
1981 2104 2018 2132 vi-

1169 2155 1225 2179 tam
1239 2151 1258 2185 ⁹,
1280 2150 1383 2187 duplici
1400 2158 1435 2179 ex
1452 2158 1549 2179 causa:
1566 2150 1688 2187 primum
1708 2150 1838 2187 quidem,
1861 2150 1926 2186 quia
1941 2150 2018 2178 satis·
2030 2160 2084 2178 nano
2097 2159 2130 2178 ‹tu-

1170 2199 1250 2227 1110110
1279 2198 1361 2227 debet
1394 2205 1454 2226 esse
1488 2197 1626 2235 poenalis,
1659 2201 1686 2226 et
1718 2197 1841 2225 maxima
1870 2196 2018 2225 satisfactio
2043 2184 2092 2207 '³¹⁹⁸'

1172 2245 1294 2274 maxime
1316 2245 1455 2281 poenalis;
1478 2244 1601 2273 secundo
1622 2252 1703 2278 vero,
1720 2244 1785 2281 quia
1800 2244 1913 2272 maioris
1932 2244 2019 2281 perfe-

1170 2291 1268 2320 ctionis
1289 2294 1330 2319 est
1352 2290 1423 2319 velle
1446 2291 1515 2318 mori
1538 2291 1573 2319 ad
1596 2291 1730 2319 honorem
1757 2290 1805 2319 Dei
1834 2298 1918 2327 quam
1947 2289 2018 2318 velle

1172 2338 1279 2369 vivere.
1302 2342 1385 2366 etex
1412 2337 1509 2365 maiori
1536 2338 1649 2366 caritate
1678 2337 1803 2374 procedit
1830 2340 1857 2365 01
1887 2337 2018 2365 terminos

1171 2388 1287 2413 naturae
1309 2385 1397 2421 magis
1418 2384 1545 2417 excedit3
1567 2387 1594 2412 et
1616 2384 1677 2412 ideo
1699 2384 1770 2412 ratio
1792 2384 1839 2412 illa
1860 2391 1914 2411 non
1937 2383 2017 2420 cogit.

330 2571 336 2584 1
357 2571 421 2592 Vers.
440 2572 460 2592 ἱ).

326 2609 335 2623 ²
353 2609 413 2631 Libr.
432 2610 469 2631 lx.
488 2609 563 2631 Moral.
582 2615 600 2631 c.
614 2609 635 2630 5.
649 2616 669 2630 u.
683 2609 705 2635 53
726 2608 809 2630 xxxi.
822 2614 841 2630 c.
858 2609 874 2630 1.
888 2614 909 2630 11.
929 2609 949 2635 ’1,
962 2612 983 2630 01
1000 2608 1014 2629 1.
1033 2608 1114 2629 11011111.

267 2649 288 2670 111
307 2649 393 2676 Evang.
413 2649 489 2670 homil.
512 2649 544 2670 te.
564 2655 584 2670 11.
604 2649 624 2670 2.
643 2660 672 2663 —
688 2648 708 2669 ln
727 2648 750 2669 u.
769 2648 829 2669 Sciit.
847 2647 900 2669 vide
918 2647 941 2669 d.
960 2648 996 2669 22.
1015 2654 1034 2669 a.
1053 2648 1074 2668 11.
1092 2654 1113 2675 q.

271 2688 288 2709 l.
305 2694 352 2716 seq.
371 2691 392 2710 cl
411 2688 431 2709 d.
451 2688 487 2709 33.
506 2687 560 2709 dub.
584 2688 600 2709 1.

329 2727 338 2741 ³
358 2728 420 2749 vers.
440 2728 460 2748 8.
478 2739 507 2742 —-
529 2727 596 2748 Paulo
614 2727 721 2753 superins
744 2732 786 2753 pro
808 2725 960 2748 abiectionem
983 2725 1032 2747 Vm.
1056 2724 1116 2754 affli-

268 2766 374 2789 ctionem.
394 2766 463 2788 Paulo
480 2766 574 2787 iuferius
599 2772 640 2793 pro
660 2764 736 2787 Tertio
759 2765 837 2787 aulem
855 2764 922 2786 codd.
941 2766 957 2785 A
969 2765 986 2786 K
998 2764 1041 2792 DQ
1061 2764 1114 2786 Ter-

268 2805 299 2827 lio
317 2805 394 2827 eliam.

332 2844 339 2857 ⁴
358 2843 412 2866 Cod.
432 2846 448 2865 Α
467 2843 513 2866 nise?
529 2843 553 2865 Ῐη
572 2842 654 2870 ἰὶίιΡΓο1
676 2843 725 2865 Vat.
743 2842 790 2865 ruisi
807 2841 899 2864 liberae.
919 2842 986 2863 Paulo
1005 2844 1055 2863 autc
1074 2848 1115 2869 pro

268 2881 368 2905 decrevit
388 2882 450 2904 Deus
469 2882 535 2904 codd.
557 2883 573 2903 G
586 2883 603 2904 li
621 2881 703 2904 decuit.
723 2882 791 2903 Paulo
808 2882 902 2903 inferius
920 2886 962 2908 pro
979 2879 1115 2903 sustinendo

268 2920 321 2942 edd.
339 2920 493 2948 suscipiendo.

329 2958 338 2972 ⁵
358 2959 421 2980 Vcrs.
440 2959 476 2980 32.
488 2971 520 2974 —
532 2960 553 2980 ln
572 2960 701 2981 testimonio
719 2965 744 2980 ex
758 2960 865 2986 llugoue,
883 2958 912 2980 de
925 2959 995 2980 Arrha
1014 2959 1115 2985 animae,

269 2998 334 3019 allato
352 3000 426 3019 textus
443 2999 525 3025 origin.
544 3004 585 3024 pro
605 2997 710 3020 liberarit
728 2998 818 3019 exhibet
836 2997 936 3020 liberare·
953 2997 1033 3020 voluit.

1234 2567 1244 2582 6
1262 2568 1325 2589 Vers.
1348 2568 1424 2589 12.—
1441 2567 1541 2589 Alterum
1565 2567 1686 2592 testimon.y
1710 2572 1735 2587 ex
1760 2566 1797 2588 101]
1821 2565 1856 2587 110.
1879 2565 1946 2592 (edd.
1968 2566 1985 2593 1,
2004 2566 2017 2587 2

1172 2612 1225 2628 cum
1244 2606 1310 2628 codd.
1330 2605 1422 2629 ultimo)
1441 2606 1575 2633 allegatum,
1588 2605 1685 2627 habetur
1701 2604 1732 2627 ibi
1745 2611 1766 2626 v.
1784 2605 1816 2626 19.
1829 2610 1877 2632 seq.
1895 2606 1917 2626 et
1929 2604 1950 2625 in
1963 2604 2018 2626 Vul-

1173 2648 1223 2673 gata
1242 2646 1273 2667 sic
1291 2648 1366 2667 sonat:
1385 2646 1406 2667 ln
1425 2645 1496 2667 oculis
1511 2645 1560 2666 eius
1578 2645 1643 2673 quasi
1661 2645 1729 2666 hamo
1747 2644 1821 2671 capiet
1838 2649 1914 2665 eum...
1932 2643 1965 2664 An
1982 2649 2017 2664 cx-

1143 2699 1145 2704 .
1172 2685 1262 2706 trahere
1280 2684 1365 2711 poteris
1382 2684 1495 2705 leviathan
1514 2684 1582 2705 humo
1600 2685 1641 2705 etc.
1653 2695 1684 2699 —
1696 2682 1758 2705 Circa
1778 2682 1846 2704 11110111
1862 2688 1925 2709 corp.
1944 2687 1986 2709 pro
2002 2687 2016 2703 α

1172 2723 1219 2745 Deo
1237 2723 1287 2745 cod.
1306 2723 1324 2750 Q
1342 2722 1397 2745 ideo.

1236 2761 1245 2776 ⁷
1262 2762 1322 2783 Libr.
1341 2762 1354 2783 1,
1373 2768 1392 2783 c.
1410 2762 1430 2783 9.
1449 2765 1470 2783 01
1492 2762 1529 2789 10,
1549 2767 1590 2783 nec
1608 2767 1652 2782 non
1671 2760 1693 2782 11.
1706 2766 1725 2782 c.
1748 2760 1780 2781 11.
1793 2759 1837 2782 Cl'r.
1854 2759 1910 2781 infra
1929 2758 2016 2780 (1111).3.

1173 2814 1204 2817 —
1222 2802 1333 2829 Superius
1350 2806 1391 2828 pro
1409 2800 1530 2823 traderent
1546 2799 1619 2822 morti
1636 2799 1686 2821 cod.
1705 2798 1735 2820 bh
1753 2798 1890 2821 occiderent.

1237 2840 1246 2854 ⁸
1263 2839 1334 2862 Codd.
1353 2841 1369 2861 Α
1380 2840 1398 2861 R
1411 2839 1426 2860 U
1438 2839 1456 2861 V
1474 2839 1562 2860 addunt
1578 2838 1656 2860 morli.

1237 2879 1246 2892 ⁹
1263 2878 1334 2901 Codd.
1352 2881 1374 2900 et
1390 2878 1442 2900 edd.
1465 2879 1481 2903 1,
1501 2879 1514 2899 2
1532 2879 1638 2900 omittunt
1653 2883 1696 2906 pez·
1713 2877 1812 2898 mortem
1834 2880 1906 2903 quam
1919 2880 1964 2903 per
1984 2874 2018 2897 111-

1175 2919 1223 2941 lam
1241 2921 1263 2939 et
1279 2918 1346 2939 0110111
1365 2923 1409 2939 uon
1423 2920 1473 2939 ante
1491 2916 1567 2945 mugyz's
1585 2915 1700 2942 debuerit,
1720 2915 1742 2935 in
1760 2920 1804 2942 qua
1822 2914 1917 2935 lectione
1938 2914 2016 2936 saltem

1174 2957 1331 2985 supplendum
1349 2960 1383 2979 est
1398 2962 1441 2985 per
1459 2955 1536 2978 vitam..
1550 2956 1718 2977 securisumus
1735 2952 1785 2974 Vat.
