2166 3366
106 707 243 727 Fundamenta.

250 203 304 231 68ss

249 288 301 308 nus
322 283 364 309 est
384 279 555 308 evacuabilis
570 278 682 307 habitus
698 278 760 306 fidei
777 286 861 315 quam
882 277 995 306 habitus
1009 277 1095 305 scien-

247 327 308 355 tiae.
331 327 356 354 Si
379 334 445 363 ergo
467 325 579 354 habitus
601 325 664 353 fidei
687 325 871 353 evacuabitur
904 325 931 353 in
953 327 1027 353 statu
1051 331 1095 361 pa-

248 374 345 407 triae1,
368 373 479 401 videtur
509 372 655 406 similiter,
677 371 751 408 quod
774 374 800 400 et
822 371 934 400 habitus
955 371 1094 399 scientiae.

327 421 352 448 ὃ.
375 420 456 453 item,
479 419 592 447 habitus
614 418 745 447 scientiae
767 421 808 446 est
840 426 889 454 per
919 417 1094 446 collationem

247 474 347 495 causae
368 466 403 495 ad
425 466 555 494 effectum
577 468 604 494 et
626 472 676 502 per
691 465 833 502 quandam
856 464 1095 493 ratiocinationem

247 516 274 542 et
295 513 445 541 decursum
459 513 483 546 ²3
505 512 555 541 sed
577 511 748 548 impossibile
770 515 811 540 est
840 511 867 539 iu
890 511 979 548 patria
1002 510 1097 538 huius-

250 560 322 588 modi
346 560 497 588 decursum
522 559 657 596 reperire:
674 566 740 596 ergo
762 566 874 587 necesse
896 562 946 592 est,
969 558 1095 586 habitum

249 607 379 636 scientiae
401 607 564 643 simpliciter
586 606 644 635 tolli
666 610 693 635 et
714 606 854 635 evacuari.

329 654 382 682 Sur)
404 661 528 682 CONTRA:
554 655 578 681 1.
600 653 747 682 Anselmus
768 653 794 681 in
818 653 888 681 libro
910 653 945 681 de
966 652 1097 680 Similitu-

250 700 398 729 dinibus³z
426 700 532 729 «Tunc
554 700 618 728 iusti
640 703 741 729 cuncta
762 700 864 733 scient,
886 707 958 736 quae
973 699 1048 727 Deus
1063 698 1098 727 se-

249 748 286 776 cit
307 747 435 782 scienda3
457 747 493 775 ibi
517 756 532 775 a
564 747 681 784 singulis
711 754 823 781 omnes,
846 746 881 775 ibi
909 746 944 774 ab
966 745 1097 773 omnibus

249 793 352 830 singuli
374 796 591 830 cognoscentur,
614 801 664 822 nec
692 801 817 830 unquam
849 792 963 820 omnino
985 791 1096 825 latebit,

249 849 305 878 qua
327 840 431 877 patria,
453 849 508 878 qua
528 843 625 877 gente,
647 848 703 877 qua
724 840 810 877 stirpe
831 839 894 876 quis
909 839 1002 868 editus
1024 838 1096 867 situ:

249 888 271 916 si
294 895 360 924 ergo
381 887 478 916 notitia
499 887 597 915 talium
619 887 757 921 manebit,
780 886 868 914 multo
884 886 983 914 fortius
1006 893 1099 914 mane-

251 934 290 963 bit
312 935 440 969 scientia,
460 942 531 971 quae
558 937 600 963 est
632 934 745 962 habitus
777 933 933 970 cognitivus
955 933 1096 961 universa-

250 981 335 1010 lium:
358 990 424 1018 ergo
446 989 498 1010 non
521 981 646 1015 videtur,
668 981 742 1018 quod
765 980 879 1009 scientia
905 979 1097 1016 philosophica

250 1028 352 1057 habeat
372 1028 501 1057 evacuari
524 1028 550 1056 in
575 1027 672 1064 patria.

329 1077 355 1103 2).
378 1075 461 1109 ltem,
493 1075 564 1103 sicut
596 1074 662 1103 dicit
690 1073 912 1111 Philosophus⁴÷
951 1073 1097 1101 «Scientia

251 1131 303 1151 non
326 1123 482 1150 destruitur
497 1121 548 1150 nisi
565 1125 614 1149 aut
635 1124 749 1158 propter
764 1120 971 1157 corruptionem
987 1128 1003 1148 a
1019 1123 1097 1157 parte

250 1169 369 1203 scibilis,
391 1172 439 1197 aut
460 1176 496 1197 ex
519 1171 598 1205 parte
614 1168 713 1202 medii,
735 1171 784 1195 aut
800 1170 914 1204 propter
928 1167 1096 1195 oblivionem

249 1223 265 1244 a
286 1218 365 1252 parte
387 1215 499 1243 scientis
513 1226 540 1249 »3
563 1214 609 1243 sed
627 1214 737 1242 nullum
754 1214 854 1242 horum
872 1214 924 1241 erit
946 1213 972 1241 iu
995 1213 1096 1249 patria:

250 1270 316 1299 ergo
338 1262 416 1290 nullo
448 1262 531 1290 modo
560 1261 686 1295 videtur,
708 1261 781 1298 qnod
816 1260 851 1289 ibi
886 1260 1050 1289 destruatur
1072 1263 1098 1288 et

249 1313 402 1338 evacuetur
423 1309 545 1337 scientia.

329 1356 354 1384 3.
378 1356 460 1389 ltem,
483 1356 611 1384 Christus
626 1358 686 1384 erat
700 1355 934 1392 comprehensor,
956 1358 983 1383 et
1006 1358 1096 1382 tamen

249 1404 432 1432 nihilominus
468 1403 565 1431 habuit
600 1402 743 1431 scientiam
773 1405 976 1439 competentem
1013 1400 1096 1429 statui

248 1451 309 1479 viae
323 1451 346 1484 ⁵3
368 1450 460 1487 Angeli
483 1450 565 1479 etiam
589 1453 653 1479 sunt
672 1449 934 1486 comprehensores,
956 1452 983 1477 et
1005 1451 1096 1476 tamen

249 1497 431 1526 nihilominus
452 1497 555 1525 habent
579 1496 703 1525 habitum
738 1496 883 1530 scientiae,
916 1504 971 1532 quo
1000 1503 1097 1531 cogno-

250 1548 331 1574 scunt
360 1552 404 1573 res
435 1544 460 1572 in
490 1544 604 1581 proprio
634 1551 750 1579 genere:
784 1550 851 1579 ergo
882 1542 972 1579 gloria
1002 1549 1096 1570 secum

249 1591 417 1628 compatitur
449 1590 608 1619 scientiam:
641 1597 708 1626 ergo
740 1597 789 1618 nec
811 1589 931 1618 destruit
959 1596 1009 1617 nec
1037 1596 1098 1616 eva-

249 1640 313 1666 cuat
336 1638 432 1674 ipsam.

327 1685 353 1712 lt.
377 1685 458 1718 ltem,
482 1684 594 1712 maioris
615 1683 757 1719 dignitatis
779 1686 820 1711 est
842 1682 912 1711 scire
934 1682 1097 1718 syllogizare

248 1735 275 1760 et
296 1732 401 1769 aliquid
425 1732 631 1764 demonstrare,
653 1738 737 1768 quam
756 1738 835 1767 posse
851 1730 975 1758 localiter
992 1729 1095 1757 moveri

248 1782 332 1815 atque
354 1778 529 1811 discurrere;
552 1777 600 1806 sed
632 1777 667 1805 ab
701 1777 767 1814 ipsis
790 1776 880 1805 Beatis
907 1785 959 1804 non
984 1776 1097 1804 tolletur

249 1826 358 1862 agilitas
379 1825 414 1854 ad
437 1828 543 1853 motum
558 1825 583 1852 ⁵:
612 1825 697 1861 igitur
731 1832 780 1852 nec
812 1823 925 1852 habitus
947 1823 1097 1859 disponens

249 1872 282 1901 ad
300 1872 522 1908 syllogizandum
538 1875 565 1900 et
580 1870 798 1900 demonstrative
812 1869 918 1906 aliquid
934 1877 1097 1906 cognoscen-

249 1919 329 1947 dum:
353 1926 420 1955 ergo
441 1927 494 1947 non
516 1918 639 1952 videtur,
662 1917 734 1955 quod
759 1916 873 1945 scientia
894 1919 1055 1944 evacuetur.

329 1967 354 1993 5.
377 1965 456 1999 ltem,
479 1965 499 1993 si
523 1965 637 1993 scientia
658 1967 843 1993 evacuaretur
864 1966 891 1990 et
908 1962 1052 1990 tolleretur
1069 1962 1094 1990 in

249 2011 367 2040 transitu
391 2011 425 2040 de
448 2011 499 2039 hac
522 2011 587 2044 vita,
611 2010 696 2047 igitur
718 2013 791 2038 esset
811 2009 1001 2045 computanda
1024 2009 1094 2037 inter

249 2059 321 2087 hona
343 2058 515 2086 transitoria:
533 2057 617 2094 igitur
632 2057 703 2085 sicut
725 2056 960 2093 reprehensibiles
982 2059 1047 2084 sunt
1069 2059 1096 2083 et

248 2104 326 2133 stulti
348 2104 395 2141 qni
419 2104 547 2132 laborant
569 2111 630 2132 esse
652 2103 752 2131 divites
764 2103 781 2137 ⁷,
797 2103 835 2131 sic
852 2102 984 2131 videntur
999 2110 1096 2130 omnes

248 2159 309 2180 esse
330 2151 421 2185 stulti,
435 2151 482 2188 qui
499 2150 625 2179 laborant
647 2158 707 2179 esse
729 2150 861 2183 sclentes‚
883 2157 947 2178 cum
970 2149 1095 2186 aequalis

248 2198 413 2227 conditionis
434 2197 469 2226 sit
490 2197 584 2226 vetula
605 2200 632 2225 et
662 2204 736 2226 unus
756 2196 932 2230 rusticellus,
962 2196 1033 2224 sicut
1054 2199 1095 2224 est

248 2253 323 2274 unus
352 2252 469 2281 magnus
501 2245 636 2278 clericus3
667 2243 767 2281 quodsi
797 2244 847 2272 hoc
876 2243 972 2271 minus
998 2250 1095 2271 conve-

247 2292 355 2321 nienter
388 2291 506 2325 dicitur,
539 2291 666 2325 videtur,
698 2291 773 2327 quod
803 2289 917 2319 selentia
950 2298 1001 2317 non
1035 2297 1096 2317 eva-

248 2343 358 2368 cuetur.

924 199 1176 228 SENTENTIARUM
1199 198 1258 227 LlB.
1282 199 1320 226 ttt.

1467 285 1679 306 CONCLUSIO.

1153 370 1282 399 Scicmz‘u
1304 370 1334 398 iu
1355 370 1458 407 putria
1480 370 1578 408 quoad
1606 368 1738 398 habitum
1766 378 1824 398 uon
1843 369 1997 406 perditur,

1231 417 1282 445 secl
1302 416 1479 453 complctur;
1500 416 1598 454 quoad
1620 424 1707 444 usum
1728 424 1795 444 vero
1817 419 1953 444 mutatur
1973 419 2000 444 et

1232 463 1330 501 quoad
1350 464 1470 491 modum
1492 463 1609 491 omuino
1631 463 1750 491 collitur.

1234 558 1408 586 RusPONneo:
1432 557 1469 586 Ad
1492 557 1700 594 praedictorum
1722 549 1932 593 intelligentiam
1959 559 2001 585 est

1153 605 1319 639 notandum,
1341 605 1416 641 quod
1438 605 1483 633 hic
1504 608 1546 633 est
1567 604 1670 640 triplex
1697 604 1797 632 modus
1822 603 1941 632 dicendi.
1963 619 2002 624 -—

1153 652 1327 688 Quibusdam
1343 652 1416 680 enim
1434 652 1553 686 videtur,
1568 651 1643 688 quod
1660 651 1772 679 habitus
1792 651 1892 679 harum
1917 650 2002 679 scien·
2013 655 2081 679 Opinio
2096 655 2115 674 ¹-

1154 698 1256 727 tiarum
1279 698 1497 735 acquisitarum,
1518 698 1576 726 sive
1599 697 1757 726 liberalium
1780 697 1838 726 sive
1864 697 2000 731 aliarum,

1153 745 1266 773 omnino
1287 748 1459 774 evacuentur
1490 748 1518 773 et
1548 744 1712 781 simpliciter
1741 744 1932 773 destruantur.
1954 743 2001 772 Hic

1154 791 1227 820 enim
1251 791 1363 820 habitus
1385 791 1469 820 habet
1490 791 1727 828 imperfectionem
1751 791 1802 820 sibi
1825 791 1947 819 iunctam
1963 790 2002 819 iu-

1154 838 1363 875 separabiliter3
1385 842 1411 867 et
1433 839 1495 867 ideo
1517 838 1540 867 ei
1563 838 1636 867 alius
1667 837 1780 866 habitus
1813 838 1894 874 longe
1914 838 2001 875 perfe-

1154 886 1223 914 ctior
1245 885 1391 920 succedet,
1414 893 1467 914 non
1489 885 1581 914 solum
1604 885 1650 913 ille
1681 893 1737 922 quo
1763 884 1826 921 quis
1855 888 2001 921 cognoscet

1153 933 1247 961 omnia
1261 933 1287 961 in
1303 933 1395 961 Verbo
1412 932 1525 970 limpide
1540 936 1566 961 et
1580 935 1691 969 aperte,
1708 932 1756 960 sed
1772 932 1854 960 etiam
1875 929 2001 966 habitus,

1154 981 1200 1018 qui
1224 981 1277 1009 erit
1299 988 1348 1017 per
1363 980 1470 1017 species
1484 983 1510 1008 et
1533 979 1730 1008 similitudines
1752 979 1875 1007 universi
1896 978 2002 1007 ordinis

1154 1035 1303 1056 causarum
1328 1027 1440 1061 mundi3
1463 1027 1509 1064 qui
1533 1027 1616 1055 datus
1636 1026 1688 1054 fuit
1710 1026 1776 1062 ipsis
1797 1025 1943 1062 spiritibus
1957 1033 2003 1054 an·

1154 1074 1248 1111 geticis
1277 1077 1304 1102 et
1335 1074 1448 1102 dabitur
1480 1073 1611 1102 omnibus
1633 1072 1823 1110 gloriticatis⁸‚
1846 1080 1895 1109 per
1916 1079 2000 1109 quem

1154 1125 1246 1150 cetera
1268 1124 1447 1158 cognoscent,
1474 1121 1557 1149 etiam
1590 1121 1687 1149 eadem
1718 1120 1793 1156 ipsa,
1825 1127 1897 1157 quae
1918 1119 2001 1149 modo

1154 1171 1340 1204 cognoscunt,
1363 1168 1450 1196 multo
1472 1167 1656 1196 excellentius
1677 1171 1761 1204 atque
1783 1166 1912 1195 nobilius.
1935 1166 2003 1195 Alio-

1155 1214 1221 1251 quin
1243 1214 1265 1242 si
1288 1222 1340 1242 non
1365 1214 1480 1242 daretur
1502 1214 1541 1242 eis
1563 1213 1635 1242 alius
1657 1214 1770 1242 habitus
1785 1221 1874 1241 novus
1889 1213 1924 1241 ab
1940 1213 2001 1246 isto,

1154 1269 1208 1289 non
1230 1264 1303 1289 esset
1325 1261 1350 1289 in
1373 1261 1463 1289 Beatis
1486 1269 1579 1289 rerum
1595 1264 1752 1290 creatarum
1770 1260 1925 1289 secundum
1941 1267 2002 1297 pro-

1154 1307 1248 1344 prium
1271 1315 1358 1344 genus
1380 1308 1502 1344 perfecta
1522 1307 1657 1344 cogniti03
1679 1307 1754 1344 quod
1786 1310 1882 1335 contra
1904 1306 2002 1344 verita—

1155 1358 1210 1382 tem
1232 1357 1274 1382 est
1294 1357 1321 1382 et
1342 1357 1438 1382 contra
1460 1353 1629 1382 Anselmum.
1654 1354 1683 1381 Et
1715 1353 1754 1381 sic
1780 1353 1950 1386 concedunt,
1974 1352 2001 1380 in

1156 1401 1244 1438 patria
1266 1401 1322 1429 tolli
1346 1401 1430 1429 istum
1455 1400 1580 1429 habitum
1604 1400 1734 1429 scientiae
1754 1403 1867 1437 propter
1889 1399 2001 1428 nobilio-

1154 1456 1213 1477 rem
1238 1448 1362 1476 habitum
1386 1447 1638 1484 supervenientem.
1650 1463 1688 1466 —
1705 1447 1735 1474 Et
1752 1447 1813 1475 licet
1831 1447 1898 1474 haec
1917 1446 2001 1475 scien-

1155 1495 1192 1523 tia
1213 1495 1393 1529 destruatur,
1415 1503 1468 1522 non
1494 1498 1584 1522 tamen
1607 1494 1711 1522 frustra
1734 1493 1841 1521 laborat
1866 1493 1912 1530 qui
1935 1501 1996 1521 eam

1154 1542 1288 1579 acquirit,
1320 1541 1451 1579 quoniam
1481 1549 1531 1578 per
1563 1541 1649 1578 ipsam
1685 1540 1884 1568 manuducitur
1918 1540 2000 1568 bomo

1154 1590 1187 1618 ad
1211 1589 1395 1626 cognitionem
1418 1588 1464 1616 Dei
1488 1592 1515 1617 et
1536 1588 1570 1616 ad
1587 1587 1789 1625 promotionem
1812 1587 1892 1621 fidei,
1914 1590 1940 1615 et
1963 1587 1999 1615 ita

1154 1637 1189 1665 ad
1210 1640 1391 1673 augmentum
1415 1635 1506 1663 meriti
1539 1638 1566 1663 et
1598 1643 1647 1672 per
1677 1641 1850 1671 consequens
1871 1634 1906 1662 ad
1928 1641 2002 1662 com-

1155 1684 1326 1721 plementum
1350 1682 1474 1719 praemii.
1492 1683 1522 1710 Et
1541 1685 1705 1719 propterea,
1727 1681 1798 1710 sicut
1819 1689 1872 1710 non
1895 1681 2000 1710 frustra

1154 1729 1242 1758 credit
1264 1729 1380 1766 aliquis,
1407 1728 1468 1757 licet
1502 1728 1571 1756 fides
1603 1731 1755 1757 evacuetur
1789 1728 1814 1756 in
1836 1728 1940 1764 patria3
1962 1728 2001 1757 sic

1153 1777 1236 1805 etiam
1259 1784 1312 1804 non
1335 1776 1439 1804 frustra
1461 1775 1594 1809 addiscit,
1617 1775 1679 1803 licet
1695 1775 1746 1808 ibi,
1763 1779 1793 1803 nt
1808 1775 1919 1809 dicunt,
1933 1775 2001 1803 sim—

1151 1823 1267 1860 pliciter
1288 1826 1446 1850 evctcuetur
1469 1822 1519 1850 ista
1541 1822 1664 1850 scientia.

1232 1869 1296 1897 Aliis
1317 1872 1411 1896 autem
1442 1868 1523 1896 aliter
1553 1868 1663 1896 videtur
1695 1867 1845 1896 dicendum
1868 1875 1942 1902 esse,
1965 1868 2001 1896 vi—
2013 1877 2081 1901 Opinio
2093 1877 2114 1895 2.

1153 1916 1252 1945 delicet
1281 1916 1355 1952 quod
1385 1915 1497 1943 scientia
1530 1924 1589 1943 ηοη
1620 1915 1738 1943 omm'uo
1770 1918 1931 1943 evacuetur.
1956 1915 2000 1944 Est

1153 1963 1225 1992 enim
1250 1963 1284 1991 ihi
1317 1962 1494 1991 considerare
1521 1961 1651 1990 habitum
1673 1955 1711 1990 'et
1741 1970 1837 1989 usuum.
1860 1962 1887 1989 ln
1911 1962 1999 1998 patria

1152 2014 1245 2038 autem
1268 2009 1375 2037 tollitur
1398 2013 1534 2046 quantum
1557 2009 1591 2037 ad
1614 2017 1717 2042 usum,
1747 2009 1793 2046 qui
1817 2009 2000 2045 imperfectio-

1152 2056 1194 2085 nis
1216 2060 1265 2090 est.
1298 2060 1324 2084 et
1355 2060 1446 2084 manet
1478 2059 1614 2092 quantum
1638 2056 1671 2084 ad
1696 2055 1842 2089 habitum,
1864 2055 1910 2093 qui
1934 2056 1998 2084 facit

1152 2104 1184 2131 ad
1209 2103 1296 2140 ipsius
1317 2103 1425 2131 animae
1447 2103 1575 2131 decorem
1592 2106 1619 2131 et
1633 2102 1860 2139 pulcritudinem.
1883 2103 1908 2131 Si
1924 2103 1997 2131 enim

1152 2150 1305 2178 manebuntv
1326 2150 1362 2177 ibi
1385 2149 1527 2178 cicatrices
1555 2149 1705 2178 vulnerum
1740 2153 1767 2178 et
1788 2154 1868 2178 notae
1899 2150 1998 2186 cogita-

1151 2197 1257 2225 tionum
1271 2196 1281 2209 ⁹
1302 2197 1337 2225 ad
1360 2196 1628 2225 commendationem
1644 2197 1735 2225 meriti
1751 2201 1778 2225 et
1793 2196 1997 2225 decorationem

1152 2243 1335 2276 merentium3
1368 2242 1455 2279 magis
1488 2243 1651 2272 rationabile
1680 2243 1805 2275 videtur.
1837 2243 1910 2280 quod
1945 2250 1999 2271 ma-

1151 2294 1234 2318 neant
1251 2290 1285 2317 ibi
1303 2290 1415 2318 habitus
1430 2291 1626 2324 scientiarum,
1648 2298 1719 2327 quae
1742 2290 1846 2320 faciunt
1860 2290 1893 2318 ad
1912 2290 1998 2327 ipsius

1152 2336 1261 2365 animae
1283 2336 1411 2365 decorem
1435 2341 1461 2365 et
1482 2341 1622 2365 ornatum.

312 2449 319 2463 ¹
339 2449 396 2471 Vide
413 2455 482 2477 supra
501 2456 523 2477 q.
545 2449 562 2471 l.

311 2488 319 2502 ‘2
337 2488 381 2510 Cir.
400 2488 497 2515 Ariston,
517 2488 530 2509 l.
549 2488 634 2509 Foster.
653 2494 672 2509 c.
691 2487 804 2509 ‘L—PrO
821 2486 961 2514 decursum,
982 2486 1045 2514 qnod
1058 2492 1095 2507 vo-

248 2528 357 2550 cabulum
375 2533 456 2549 omnes
473 2527 540 2549 codd.
560 2528 596 2549 liic
612 2530 634 2549 ct
651 2527 706 2548 int'rn
726 2527 811 2554 passim
834 2526 954 2552 adhibent,
981 2525 1033 2547 ortu.
1060 2525 1096 2546 liic

248 2569 269 2588 ct
286 2572 355 2593 saepe
372 2564 520 2593 discursum,
540 2571 586 2594 qno
605 2566 701 2587 termino
720 2565 822 2587 technico
836 2565 973 2592 posteriores
991 2566 1095 2586 auctores

248 2605 402 2627 communiter
419 2607 520 2626 utuntur.

311 2644 321 2658 ³
337 2644 392 2671 (lap.
410 2643 446 2665 59.
466 2644 487 2665 ln
506 2646 565 2666 textu
583 2644 665 2671 origin.
684 2646 735 2671 post
751 2642 845 2665 scienda
863 2642 967 2664 additum
985 2645 1030 2663 cst:
1047 2642 1094 2663 (aiu

248 2688 276 2705 eu¹
293 2688 353 2711 quun
370 2682 498 2711 praeterita
516 2683 583 2709 sunt,
603 2688 675 2711 quam
694 2688 722 2704 ea.
739 2688 800 2711 quun
816 2680 969 2710 postmodum
986 2681 1043 2703 sunt
1058 2679 1096 2708 su-

248 2722 319 2748 tum,-
337 2721 420 2743 deinde
437 2721 504 2742 etiam
523 2727 565 2748 pro
582 2726 624 2743 uec
638 2726 744 2750 uuquam
760 2720 880 2742 exhibetur
892 2726 933 2742 nec
945 2724 1095 2749 quemquam.

249 2772 278 2775 ᾔ
296 2760 363 2782 Liber
380 2760 408 2781 ‹lc
427 2759 618 2781 Similitudinibus
636 2760 692 2781 salso
710 2759 817 2781 tribuitur
835 2759 956 2786 Ansclmo5
974 2761 1008 2780 est
1021 2758 1096 2785 potius

248 2798 353 2820 fladinz—,ri
372 2800 403 2826 (4,-
425 2799 508 2826 1121),
527 2799 626 2820 Ansetmi
644 2798 750 2826 discipuli
768 2801 789 2819 ot
807 2798 881 2820 amici.
898 2809 929 2813 —
952 2797 982 2818 De
1003 2797 1095 2818 scientia

248 2840 272 2859 ut
290 2837 367 2859 habitu
386 2838 503 2865 cognitive
522 2838 687 2859 universatium
705 2837 758 2859 vide
776 2837 872 2864 Aristot„
894 2836 907 2858 l.
927 2837 1010 2858 Poster.
1026 2841 1044 2857 c.
1059 2834 1094 2856 ³24.

249 2876 278 2901 (c.
297 2877 354 2904 st),
374 2877 396 2898 ll.
414 2884 432 2898 c.
455 2877 488 2898 l8.
502 2877 531 2903 (c.
548 2876 604 2903 15.);
617 2876 653 2898 Vl.
672 2877 741 2898 lithic.
754 2883 773 2898 c.
787 2877 807 2898 3.
821 2879 842 2898 et
859 2877 884 2903 (ὃς
899 2876 912 2897 l.
926 2875 1023 2902 tttetapti.
1036 2880 1054 2896 e.
1078 2875 1094 2895 l.

311 2914 320 2929 ⁴
338 2915 503 2937 Sententialiter
520 2915 534 2937 l.
554 2916 637 2937 l'oster.
655 2921 674 2937 c.
693 2916 714 2937 6.
732 2907 817 2937 Cri-jic—
831 2914 971 2937 l’raedicani.
985 2920 1003 2935 c.
1016 2913 1043 2936 (Ie
1055 2913 1095 2936 llis

248 2959 308 2982 quur*
325 2953 356 2976 ud
366 2953 457 2982 aliquid
467 2962 476 2981 ,·
493 2954 545 2976 Vlll.
564 2954 643 2981 Topic.
661 2960 680 2976 c.
699 2955 724 2980 -Z;
742 2954 781 2976 cfr.
800 2955 868 2976 otiam
886 2953 914 2975 de
931 2952 1053 2980 Longitud.
1074 2956 1096 2974 ct

248 2991 330 3013 brevit.
350 2993 416 3018 vitae,
429 2998 448 3014 c.
463 2993 488 3020 2,
507 2998 548 3014 noc
566 2998 609 3014 non
628 2993 756 3020 Fragment.
776 2992 804 3014 de
821 2992 888 3014 divis.
901 2992 937 3014 66,

1215 2446 1224 2461 5
1243 2446 1300 2468 Vide
1318 2453 1386 2474 snpra
1406 2447 1427 2468 d.
1449 2447 1481 2469 tt..
1500 2454 1520 2469 a.
1539 2447 1559 2469 3.
1578 2454 1599 2476 q.
1623 2448 1639 2469 Ι.
1659 2447 1689 2469 De
1707 2448 1835 2475 cognitione
1858 2447 1997 2475 Angelorum

1153 2485 1205 2507 vide
1224 2485 1245 2507 ll.
1264 2486 1323 2507 Sunt.
1342 2486 1364 2507 d.
1383 2486 1403 2507 3.
1423 2492 1444 2513 p.
1464 2487 1486 2508 ll⁴
1505 2493 1524 2508 a.
1543 2487 1562 2508 2.
1581 2493 1603 2514 q.
1626 2487 1643 2508 l.
1661 2490 1682 2508 ct
1699 2485 1721 2507 d.
1744 2485 1760 2508 ί.
1779 2492 1798 2507 a.
1817 2487 1837 2508 3.
1855 2493 1877 2514 q.
1899 2487 1916 2508 l.
1934 2493 1982 2515 seq.

1215 2524 1224 2538 ὃ
1241 2524 1285 2545 (Ἰν.
1305 2525 1339 2546 lx'.
1364 2526 1423 2547 Seni.
1443 2525 1463 2547 d.
1484 2525 1518 2547 to.
1538 2532 1559 2552 p.
1579 2525 1600 2547 tt.
1619 2532 1638 2547 a.
1657 2526 1677 2547 2.
1697 2526 1793 2552 princip.
1812 2531 1831 2547 a.
1852 2525 1870 2547 lt.
1889 2531 1911 2554 q.
1933 2526 1950 2547 l.
1967 2538 1999 2541 —

1153 2563 1174 2584 tn
1189 2563 1242 2585 cdd.
1263 2565 1285 2591 t,
1305 2565 1316 2585 2
1334 2565 1366 2586 sic
1383 2564 1539 2586 conclinlitnr:
1557 2570 1613 2594 erqo
1625 2570 1671 2587 nou
1686 2563 1778 2587 ridetur
1789 2563 1957 2591 ecacuundus;
1975 2565 1997 2586 in

1154 2602 1203 2624 Vnt.
1215 2608 1271 2631 cryc
1283 2608 1330 2625 uon
1345 2602 1436 2625 ridetur
1447 2602 1611 2631 eracuamlus,
1626 2604 1647 2625 el
1658 2602 1691 2625 sic
1703 2608 1751 2625 nou
1764 2602 1868 2625 ridetur.
1880 2602 1944 2632 quod
1954 2607 1998 2625 etc.

1215 2641 1224 2655 ⁷
1242 2642 1286 2663 (Isr.
1305 2642 1318 2663 l.
1337 2642 1396 2664 Tim.
1409 2643 1435 2669 G,
1449 2643 1469 2664 9.
1484 2654 1513 2657 —
1526 2642 1593 2664 Paulo
1611 2642 1717 2669 superins
1736 2648 1777 2669 pro
1793 2641 1866 2670 iqitui·
1877 2643 1936 2664 esset
1947 2642 1997 2664 cod.

1153 2681 1171 2702 Ι(
1184 2679 1260 2709 {uitur
1270 2680 1363 2703 ridetur
1374 2687 1429 2703 esse,

1215 2719 1224 2734 Β
1242 2719 1313 2742 Codri,
1332 2720 1388 2742 Xan
1411 2720 1592 2750 motusic-aruris,
1616 2720 1666 2742 Vnt.
1691 2719 1860 2749 qlorificrzndls.
1883 2720 1932 2742 Mox
1956 2726 1999 2748 pro

1152 2758 1233 2781 eudem
1250 2758 1301 2788 ipsu
1319 2759 1369 2781 cod.
1388 2760 1403 2780 Z
1421 2758 1478 2782 ltaac
1494 2759 1582 2782 eudem.
1602 2760 1694 2781 interius
1711 2762 1762 2780 ante
1778 2758 1881 2787 perfectu
1897 2758 1996 2788 couniti«)

1153 2797 1204 2819 cod.
1218 2798 1234 2819 U
1247 2799 1351 2820 intel-licit
1360 2798 1460 2827 propriu
1473 2799 1500 2820 et⁴

1215 2836 1223 2850 ⁰
1241 2837 1338 2863 Aristot„
1352 2837 1365 2858 l.
1377 2837 1499 2859 Pei-iherin.
1513 2844 1531 2859 c.
1549 2837 1553 2858 l
1565 2843 1571 2859 :
1584 2838 1640 2859 Sunt
1652 2843 1708 2864 ergo
1720 2843 1745 2858 ca
1759 2843 1818 2865 qnae
1830 2839 1882 2858 sunt
1894 2838 1915 2858 in
1928 2843 1996 2863 voce.

1152 2881 1231 2897 earum
1250 2882 1309 2903 quac
1322 2878 1373 2898 sunt
1385 2877 1406 2898 in
1424 2877 1498 2898 anima
1518 2877 1650 2903 passionum
1664 2880 1741 2902 notae,
1754 2879 1775 2897 ct
1787 2882 1812 2897 ca
1826 2882 1885 2904 quae
1896 2875 1999 2898 scribun-

1153 2917 1200 2940 tur„
1219 2920 1298 2936 eornm
1317 2921 1377 2943 quac
1394 2918 1446 2937 sunt
1458 2916 1479 2936 in
1492 2921 1549 2937 voce
1561 2917 1602 2937 cte.
1614 2927 1646 2930 —
1658 2914 1717 2936 Loco
1729 2914 1897 2943 coffl'talionmn
1909 2915 1930 2936 in
1944 2921 1996 2936 non-

1153 2953 1219 2975 nullis
1231 2953 1297 2975 codd.
1311 2953 1471 2983 coqm'tionnm
1483 2955 1593 2981 scriptum
1612 2953 1714 2980 videtum
1729 2954 1777 2975 Vnt.
1796 2953 1863 2975 habet
1881 2953 1997 2982 operatio-

1152 2997 1218 3013 num.
1232 2992 1283 3014 Post
1296 2998 1367 3020 pauca
1381 2999 1422 3020 pro
1435 2998 1495 3022 quae
1506 2991 1599 3021 faciunt
1609 2992 1676 3014 codd.
1687 2993 1702 3014 A
1712 2992 1728 3013 H
1738 2992 1767 3014 lL
1776 2992 1792 3014 U
1802 2992 1819 3013 V
1830 2998 1890 3021 quae
1898 2991 1996 3021 faciant.
