2166 3366
123 805 247 828 Augustinus.

259 206 315 236 838

259 284 382 316 interest,
394 291 447 318 quo
460 283 563 314 animo,
584 286 610 309 et
629 282 662 308 de
681 282 781 316 quibus
800 282 881 308 rebus
901 282 1015 316 quisque
1036 289 1107 308 meu-

258 327 346 353 tiatur.
367 327 424 353 Non
451 326 520 352 cuim
547 325 586 352 sic
613 328 708 359 peccat
732 325 777 359 qui
804 324 979 356 consulendi,
1006 327 1034 351 ut
1059 325 1104 359 qui

258 369 371 395 nocendi
392 368 528 395 voluntate
542 368 679 400 mentitum
706 375 755 394 uec
776 370 877 394 tantum
891 370 970 393 nocet
989 367 1033 401 qui
1050 367 1105 393 via-

258 416 342 439 torem
357 411 508 438 mentiendo
523 411 549 437 iu
563 411 670 437 ‹IIverso
691 411 785 437 itinere
799 411 894 442 mittit,
915 413 1043 445 quantum
1058 410 1103 445 qui

259 455 327 480 viam
349 454 418 480 vitae
438 453 578 480 mendacio
597 453 764 487 depravat».

623 539 684 566 Car.
704 540 733 566 V.

288 625 365 658 Quod
384 634 462 652 omne
479 625 652 652 mendacium
669 629 807 660 peccalum
825 625 876 656 sic,
896 625 951 652 sive
969 624 1075 660 prosit,

529 668 584 695 sive
602 676 678 699 non,
698 673 721 695 ec
740 677 830 704 quare.

332 767 343 779 «
357 756 438 782 Porro
459 763 537 782 omne
557 755 726 782 mendacium
743 755 803 782 ideo
823 755 967 782 dicendum
988 758 1028 781 est
1047 762 1105 782 esse

259 801 416 832 peccatum,
441 798 505 832 quia
530 798 582 825 hoc
609 798 689 825 debet
707 798 780 833 loqui
808 799 903 830 homo,
923 798 996 833 quod
1015 798 1104 825 auimo

257 842 338 875 gerit,
358 842 415 868 sive
441 841 506 868 illud
533 849 627 868 verum
653 842 698 873 sit,
718 842 774 868 sive
800 844 920 876 putetur,
941 845 966 868 et
990 849 1042 868 non
1062 841 1103 868 sit.

258 885 345 912 Verba
365 885 435 912 enim
461 885 521 911 ideo
541 889 603 912 sunt
623 885 757 918 instituta,
778 893 829 911 nou
851 888 880 911 ut
901 892 949 919 per
968 892 999 911 ea
1019 885 1106 911 homi-

257 935 304 955 nes
324 928 437 954 invicem
459 928 559 960 fallant,
580 928 626 955 scd
646 931 676 955 ut
695 936 743 962 per
762 935 793 955 ea
814 929 839 954 in
859 928 969 955 alterius
983 928 1105 954 notitiam

256 978 319 997 suas
337 971 514 1004 cogitationes
534 971 626 998 serant.
646 971 743 998 Verbis
763 979 825 1005 ergo
845 971 882 998 uti
904 971 937 998 ad
958 971 1104 1003 fallaciam,

256 1022 307 1040 non
328 1014 361 1041 ad
380 1014 452 1048 quod
467 1017 527 1040 sunt
541 1014 675 1046 instituta,
690 1017 831 1048 peccatum
846 1017 892 1041 est.
907 1029 942 1034 -·
954 1013 1010 1040 Nec
1024 1014 1103 1040 etiam

256 1057 316 1084 ideo
337 1057 422 1084 ullum
442 1057 613 1084 mendacium
634 1057 782 1091 putandum
801 1060 840 1083 est
859 1064 910 1083 non
931 1064 989 1084 esse
1008 1064 1104 1091 pecca-

256 1104 326 1132 tum,
346 1100 409 1135 quia
429 1107 572 1134 possumus
602 1100 682 1126 alicui
711 1100 856 1134 aliquando
883 1099 1008 1133 prodesse
1031 1107 1104 1126 meu-

256 1143 354 1170 tieudo.
375 1144 519 1170 Possumus
539 1143 624 1175 euim,
645 1146 674 1169 ut
693 1143 861 1177 praedictum
882 1146 937 1174 est,
952 1145 977 1169 et
991 1142 1103 1169 Iurando

256 1190 282 1213 et
301 1186 478 1213 adulterando
506 1186 673 1220 prodesse».
699 1186 892 1212 «Mendacium
918 1192 1027 1220 quoque
1051 1193 1103 1212 non

256 1232 318 1256 tunc
339 1233 439 1256 tantum
455 1237 527 1262 esse,
542 1236 685 1263 possumus
699 1229 803 1262 dicere,
817 1228 925 1263 quaudo
939 1228 1037 1263 aliquis
1050 1229 1105 1255 lae-

255 1273 334 1299 ditur.
355 1272 420 1299 Cum
441 1273 510 1299 enim
530 1280 544 1299 a
564 1273 665 1299 sciente
684 1272 783 1298 dicitur
802 1272 909 1303 salsum,
932 1272 1103 1299 mendacium

255 1320 308 1349 est,
336 1317 392 1342 sive
419 1316 479 1350 quis
502 1316 559 1342 swe
587 1322 665 1342 nemo
694 1315 834 1342 laedatur¹
856 1326 879 1341 ι.
906 1330 942 1335 -
970 1315 1040 1342 Ecce
1070 1323 1103 1342 ex

254 1359 297 1385 his
317 1362 431 1391 constat,
451 1366 530 1385 omne
551 1359 720 1385 mendacium
741 1365 798 1385 esse
819 1362 969 1392 peccatum.
989 1358 1047 1385 Non
1067 1362 1104 1385 ta-

255 1410 314 1429 men
335 1402 368 1428 de
388 1402 458 1428 omni
480 1402 618 1428 mendacio
639 1401 826 1436 accipiendum
847 1404 887 1428 est
906 1401 984 1428 illud:
1004 1401 1104 1428 Perdes

255 1453 346 1472 omncs
361 1444 410 1481 qui
422 1445 572 1481 loquuntur
590 1444 763 1472 mendacium
772 1455 784 1476 ,·
799 1452 848 1471 nec
863 1444 945 1471 illud:
968 1444 1018 1476 Os,
1032 1444 1105 1480 quod

254 1488 401 1519 mentitur,
421 1487 517 1515 occidit
536 1487 679 1520 animam;
699 1495 748 1515 nec
767 1495 846 1514 omne
863 1487 1033 1514 mendacium
1053 1488 1103 1514 isto

254 1534 400 1565 praecepto
410 1530 549 1565 prohiberi
564 1531 684 1564 videtur,
698 1538 748 1557 nec
762 1530 909 1565 praemissa
923 1530 1104 1565 descriptione

255 1574 424 1601 mendacium
444 1573 497 1600 ioci
516 1574 624 1600 includi.

935 205 1187 235 SENTENTIARUM
1208 205 1267 234 LIB.
1289 206 1329 234 Ill.

1527 282 1586 309 CAP.
1607 283 1650 310 VI.

1207 368 1241 395 In
1259 368 1356 404 quibus
1375 367 1454 396 rebus
1475 377 1535 396 cum
1552 368 1674 404 periculo
1694 373 1819 400 erratur,
1837 370 1881 396 vel
1901 378 1964 398 iton.

1234 454 1299 481 Illud
1329 455 1408 481 etiam
1437 454 1575 481 sciendum
1605 458 1658 487 est,
1678 451 1751 490 quod
1775 466 1786 478 ιι
1801 455 1826 481 in
1846 456 2008 490 quibusdam

1162 497 1243 524 rebus
1270 505 1368 532 mitono
1398 497 1482 530 malo,
1503 498 1529 524 iu
1550 498 1711 532 quibusdam
1729 506 1832 533 parvo,
1854 499 1879 525 in
1899 499 2011 533 quibus—

1163 540 1224 566 dam
1244 540 1321 566 millo
1342 540 1456 567 fallimur
1467 541 1476 554 ²
1490 552 1514 566 ι).
1541 552 1551 564 ιι
1566 541 1593 567 Iu
1614 541 1713 575 quibus
1726 542 1807 568 rebus
1821 542 1886 568 nihil
1900 542 2010 569 interest

1163 583 1196 609 ad
1216 583 1411 617 capessendum
1425 584 1470 609 Dei
1491 590 1615 617 reguum,
1630 587 1718 610 utrum
1733 584 1886 617 credantur,
1900 592 1933 611 an
1948 593 2009 618 non,

1163 626 1204 652 vel
1225 629 1313 652 utrum
1334 634 1397 653 vera
1417 630 1558 661 putentur,
1578 635 1611 654 an
1630 628 1709 661 falsa,
1724 629 1780 655 sive
1794 629 1854 660 sint,
1868 629 1924 655 sive
1940 636 2008 662 non;

1164 669 1189 695 in
1209 669 1251 695 his
1271 677 1376 701 errare,
1394 670 1421 696 id
1442 673 1482 696 est
1507 670 1579 697 aliud
1597 678 1647 705 pro
1669 671 1721 698 alio
1740 674 1850 706 putare,
1870 679 1922 698 non
1942 672 2010 698 arbi-

1162 713 1288 739 trandum
1308 716 1347 739 est
1366 720 1425 739 esse
1444 716 1602 747 peccatum3
1618 714 1659 740 vel
1673 714 1694 740 si
1709 718 1762 745 est,
1776 715 1915 741 minimum
1929 718 2010 749 atque

1163 755 1327 782 levissimum
1341 767 1365 783 ιι.
1392 767 1402 778 ιι
1416 756 1448 782 Et
1467 759 1529 783 suut
1548 763 1625 789 vera,
1645 757 1769 791 quamvis
1788 764 1840 784 nou
1860 757 2009 790 videantur,

1163 806 1232 832 quae
1252 799 1301 825 nisi
1321 799 1478 831 credantur,
1493 799 1526 825 ad
1542 799 1621 825 vitam
1637 802 1771 826 aeternam
1787 807 1838 827 uon
1852 803 1940 835 potest
1953 808 2011 835 per-

1163 841 1246 868 veniri
1262 852 1285 868 ».
1311 842 1367 868 «Et
1386 842 1449 868 licet
1468 849 1544 868 error
1572 843 1689 869 maxima
1719 850 1784 870 cura
1813 844 1950 871 cavendus
1975 844 2009 870 sit

1162 892 1214 911 non
1235 885 1314 911 modo
1334 885 1359 911 in
1380 885 1543 916 maioribus,
1556 885 1604 912 sed
1618 886 1697 912 etiam
1713 886 1738 912 in
1753 886 1902 913 minoribus
1915 886 2009 919 rebus,

1162 935 1212 954 nec
1232 928 1280 954 uisi
1302 935 1391 954 rerum
1412 928 1560 962 ignorantia
1575 928 1659 962 possit
1673 929 1774 961 errari;
1795 936 1846 956 non
1866 932 2008 956 esttamen

1162 978 1344 1006 consequens,
1359 974 1388 998 ut
1401 971 1528 997 continuo
1548 974 1633 1001 erret,
1653 971 1776 1006 quisquis
1796 972 1898 1006 aliquid
1912 972 2009 1003 nescit,

1162 1015 1208 1042 sed
1229 1015 1352 1050 quisquis
1371 1021 1400 1041 se
1419 1013 1555 1040 existimat
1573 1015 1643 1041 scIre
1664 1014 1736 1049 quod
1758 1015 1849 1041 nescit.
1869 1016 1919 1042 Pro
1945 1023 2009 1042 vero

1162 1059 1231 1085 enim
1252 1058 1386 1093 approbat
1404 1058 1514 1089 salsum,
1534 1058 1606 1092 quod
1627 1061 1667 1084 est
1686 1058 1785 1084 erroris
1798 1058 1946 1093 proprium.
1961 1059 2009 1086 Ve-

1162 1105 1325 1132 rumtamen,
1338 1101 1364 1128 in
1378 1109 1431 1135 qua
1450 1108 1480 1128 re
1496 1101 1619 1135 quisquis
1633 1104 1717 1134 erret,
1732 1101 1842 1128 interest
1855 1101 2009 1136 pIurImum.

1160 1144 1227 1171 Sunt
1252 1144 1321 1170 enim
1342 1151 1411 1178 quae
1431 1144 1534 1170 nescire
1554 1144 1588 1170 sit
1608 1143 1703 1170 melius
1724 1151 1804 1178 quam
1823 1144 1901 1171 scire.
1926 1144 2008 1177 Item,

1162 1186 1296 1213 nonnullis
1313 1194 1406 1212 errare
1420 1186 1520 1220 profuit
1539 1186 1700 1220 aliquando,
1719 1186 1765 1213 sed
1786 1186 1813 1212 in
1833 1187 1876 1213 via
1894 1186 2008 1222 pedum,

1161 1237 1213 1256 nou
1234 1230 1259 1255 in
1282 1229 1324 1255 via
1342 1237 1488 1256 morum».

1233 1272 1305 1298 Solet
1324 1272 1417 1306 quaeri
1438 1272 1471 1298 de
1491 1272 1584 1304 Iacob,
1606 1272 1651 1306 qui
1671 1279 1700 1299 se
1720 1272 1787 1298 dixit
1800 1280 1858 1299 esse
1872 1273 1951 1306 Esau,
1965 1273 2009 1300 ali-

1163 1318 1202 1342 ter
1221 1315 1310 1342 animo
1330 1315 1460 1347 sentiens,
1480 1318 1569 1342 utrum
1590 1316 1715 1342 mentitus
1734 1316 1774 1342 sit.
1795 1316 1833 1342 De
1852 1316 1904 1343 Iioc
1923 1315 2142 1351 Augu-Aussufflffl-

1161 1358 1267 1385 stinus‘³
1287 1358 1339 1385 ait:
1364 1358 1468 1384 «Iacob
1488 1357 1561 1392 quod
1581 1361 1666 1385 matre
1686 1358 1748 1385 fecit
1767 1361 1891 1392 auctore,
1917 1362 1945 1386 ut
1965 1359 2008 1386 sal·
2020 1359 2102 1377 Dubium
2114 1359 2133 1377 4-

1161 1401 1228 1427 leret
1248 1404 1366 1435 patrem,
1379 1401 1400 1427 si
1416 1401 1557 1435 diligenter
1576 1401 1743 1433 attendatur,
1763 1402 1870 1429 videtur
1884 1410 1935 1429 non
1950 1410 2008 1430 esse

1162 1443 1350 1476 mendacium,
1369 1444 1415 1471 sed
1435 1444 1592 1478 mysterium
1606 1455 1630 1470 ».
1659 1444 1814 1471 Intendebat
1839 1445 1909 1472 enim
1930 1447 2008 1473 matri

1161 1487 1285 1521 obedire,
1305 1494 1374 1522 quae
1387 1495 1436 1522 per
1449 1487 1577 1521 Spiritum
1592 1491 1704 1515 noverat
1716 1489 1882 1523 mysterium.
1903 1489 1935 1515 Et
1948 1490 2008 1517 ideo

1162 1533 1272 1564 propter
1292 1530 1421 1557 familiare
1440 1531 1583 1557 consilium
1603 1531 1719 1565 Spiritus
1737 1531 1837 1564 sancti,
1857 1532 1929 1566 quod
1956 1539 2009 1559 ma-

1162 1576 1202 1600 ter
1221 1577 1378 1608 acceperat,
1399 1581 1412 1600 a
1433 1574 1573 1601 mendacio
1593 1577 1738 1601 excusatur
1757 1574 1843 1601 Iacob.

485 1676 925 1725 COMMENTARIUS
960 1676 1021 1724 IN
1054 1676 1494 1748 DISTINOTIONEM
1527 1676 1775 1725 XXXVIII.

1012 1780 1057 1813 De
1082 1780 1250 1814 mendacio.

680 1874 836 1903 Sciendum
859 1878 972 1908 tamen,
995 1874 1055 1903 tria
1077 1883 1136 1902 csse
1155 1883 1265 1912 genera
1287 1874 1507 1902 mendaciorum
1531 1877 1582 1903 etc.

989 1961 1111 1989 DIVISIO
1133 1961 1270 1990 TEXTUS.

334 2048 425 2085 Supra
439 2048 494 2085 egit
508 2048 636 2085 Magister
651 2048 686 2077 de
701 2048 874 2085 expositione
890 2048 1101 2082 mandatorum,

256 2096 283 2124 in
305 2096 357 2124 hac
378 2103 445 2124 vero
473 2099 552 2132 parte
574 2095 691 2124 intendit
712 2103 795 2132 agere
817 2095 852 2123 de
873 2095 1101 2132 obliquitatibus,

244 2144 327 2179 ‘quae
349 2142 403 2170 illis
426 2142 564 2171 mandatis
585 2145 765 2179 opponuntur
780 2146 807 2170 et
822 2150 871 2178 per
887 2142 933 2170 illa
956 2142 1103 2178 probiben-

255 2192 310 2218 tur.
332 2189 472 2218 Dividitur
493 2193 587 2218 autem
617 2197 682 2226 pars
704 2190 755 2217 ista
778 2189 804 2217 in
826 2189 906 2217 duas.
929 2189 956 2217 In
979 2197 1101 2226 quarum

255 2237 346 2273 prima
367 2236 534 2265 determinat
555 2237 589 2265 de
611 2236 764 2265 mendacio.
787 2236 813 2264 In
836 2236 959 2265 secunda
981 2236 1015 2265 de
1043 2244 1103 2273 per-

255 2283 343 2318 iurio,
366 2283 439 2311 ibi¹:
461 2282 547 2311 szc
569 2283 602 2311 cle
620 2283 756 2320 periurio
778 2283 940 2311 videamus.

335 2330 425 2358 Prima
453 2333 546 2359 autem
576 2338 657 2367 pars,
681 2330 707 2358 in
729 2339 784 2367 qua
806 2330 861 2367 agit
883 2330 918 2359 de
940 2331 1101 2365 mendacio,

255 2377 389 2406 dlviditur
412 2378 439 2405 in
460 2381 554 2414 partes
576 2381 641 2407 tres.
665 2378 691 2406 In
714 2386 835 2415 quarum
858 2378 949 2414 prima
971 2377 1100 2406 determi-

254 2428 302 2453 nat
323 2425 357 2453 de
379 2424 524 2462 speciebus
541 2427 568 2453 et
583 2424 746 2453 differentiis
769 2425 913 2453 mendacii.
936 2425 963 2453 In
980 2425 1102 2454 secunda

255 2471 435 2507 determinat,
466 2472 533 2508 quid
556 2472 590 2500 sit
611 2472 806 2505 mendacium,
829 2475 855 2500 et
876 2472 943 2508 quid
972 2472 1102 2503 mentiri.

256 2518 309 2546 ibi:
337 2518 392 2546 Hic
412 2518 570 2546 videndum
592 2522 648 2552 cst,
671 2518 742 2556 quid
769 2519 808 2547 sit
835 2518 1050 2547 nzcndctcimffl.
1072 2518 1100 2546 In

255 2564 336 2592 tertia
357 2572 424 2592 vero
446 2564 613 2593 determinat
635 2565 669 2593 de
695 2565 739 2593 his
767 2573 839 2601 quae
867 2566 901 2593 ad
926 2565 1101 2593 mendacium

255 2614 480 2647 consequuntur,
503 2611 558 2640 ibi:
582 2611 659 2639 Illud
680 2612 767 2639 etiam
788 2611 956 2645 sciendum,
979 2611 1056 2649 quod
1071 2611 1102 2639 iit

254 2657 432 2695 quibusdam
454 2658 540 2686 rebus
562 2662 613 2687 etc..

333 2704 425 2733 Prima
447 2713 512 2741 pars
533 2704 668 2733 dividitur
692 2705 718 2733 in
733 2708 827 2742 partes
842 2705 920 2733 duas.
937 2705 965 2733 In
981 2713 1102 2741 quarum

1159 2048 1251 2085 prima
1266 2048 1342 2085 ponit
1358 2048 1550 2077 trimembrem
1572 2048 1737 2077 divisionem
1760 2049 1905 2078 mendacii.
1921 2050 1949 2078 In
1966 2058 2006 2079 56-

1160 2095 1252 2124 cunda
1274 2103 1341 2123 vero
1362 2095 1507 2132 subiungit
1527 2095 1610 2124 aliam
1640 2096 1804 2125 divisionem
1833 2099 1894 2125 octo
1923 2104 2008 2126 mem-

1160 2142 1275 2170 brorum
1287 2164 1293 2175 ,
1315 2141 1351 2170 ibi
1366 2152 1372 2169 :
1396 2141 1551 2170 Sciendum
1566 2146 1607 2170 est
1621 2142 1726 2175 etiam,
1743 2146 1804 2171 octo
1819 2152 1878 2171 esse
1896 2152 2007 2181 genera

1159 2188 1313 2217 mendacii.

1239 2235 1370 2264 Similiter
1392 2235 1515 2264 secunda
1537 2244 1602 2272 pars
1628 2236 1789 2273 principalis
1814 2236 1950 2265 dividitur
1978 2237 2004 2265 Iu

1160 2282 1239 2311 duas.
1261 2282 1289 2310 In
1318 2290 1438 2319 quarum
1461 2282 1552 2318 prima
1573 2282 1741 2310 determinat
1763 2283 1906 2320 Magister,
1935 2283 2004 2320 quid

1161 2329 1195 2358 sit
1218 2329 1409 2363 mendacium,
1436 2332 1463 2357 ct
1484 2329 1550 2365 quid
1575 2329 1684 2357 mentiri
1707 2330 1863 2358 secundum
1885 2338 1953 2358 rem.
1976 2330 2006 2359 In

1161 2376 1283 2405 secunda.
1306 2384 1371 2404 vero
1397 2375 1579 2409 determinat,
1608 2376 1676 2412 quid
1705 2376 1740 2404 sit
1769 2377 1923 2405 secundum
1947 2377 2004 2405 vitii

1160 2422 1381 2457 deformitatem,
1404 2422 1439 2450 ibi
1453 2432 1458 2449 1
1484 2422 1566 2457 Quod
1580 2431 1646 2450 vero
1663 2431 1745 2450 omne
1766 2423 1951 2451 mendacium
1966 2424 2006 2452 sit

1157 2474 1310 2506 peecatum
1332 2473 1382 2498 etc.

1239 2517 1370 2545 Similiter
1392 2516 1472 2544 tertia
1494 2524 1559 2553 pars
1580 2516 1715 2545 dividitur
1737 2517 1765 2544 in
1787 2517 1866 2545 duas.
1889 2517 1916 2545 In
1939 2526 2005 2554 qua-

1159 2573 1223 2592 rum
1246 2565 1336 2601 prima
1361 2563 1495 2597 ostendit,
1525 2564 1600 2600 quod
1622 2572 1676 2592 non
1698 2564 1788 2593 omnis
1810 2565 1935 2601 deceptio
1964 2569 2005 2594 est

1160 2611 1284 2648 aequaliS
1306 2610 1450 2648 periculi³.
1474 2611 1501 2638 In
1523 2611 1646 2639 secunda
1665 2619 1731 2639 vero
1753 2611 1884 2648 inquirit,
1907 2615 2004 2640 utrum

1160 2658 1239 2686 Iacob
1261 2657 1392 2686 mentitus
1414 2657 1513 2691 fuerit,
1546 2657 1598 2686 ibi:
1629 2657 1705 2685 Solet
1724 2657 1812 2686 etiam
1840 2658 1946 2696 quaeri
1971 2658 2007 2686 de

1160 2704 1246 2733 Iacob
1268 2708 1318 2732 etc.

319 2806 324 2820 ¹
343 2809 446 2835 August„
464 2808 495 2829 III.
508 2808 638 2836 Quaestion.
651 2808 672 2829 in
692 2808 835 2830 I'cntatcucli.
849 2808 880 2833 (In
894 2808 975 2836 Levit.)
989 2815 1010 2836 q.
1025 2808 1061 2829 68.
1072 2821 1102 2823 —

256 2845 312 2867 Infra
325 2846 366 2867 Ioci
380 2847 510 2874 Scripturae
527 2850 580 2869 sunt
598 2848 631 2869 1)5.
647 2847 667 2873 5,
680 2847 706 2874 7;
725 2847 777 2874 Sap.
801 2847 817 2874 I,
840 2847 873 2868 II.

318 2884 326 2898 ‘³
344 2885 448 2913 August„
462 2886 574 2907 Eut-hirid.
593 2892 612 2907 c.
629 2887 661 2908 19.
676 2892 695 2907 Π.
710 2886 734 2913 (ὃς
754 2886 870 2908 secundus
882 2886 946 2908 locus
958 2886 1012 2907 ibid.
1031 2892 1050 2908 (1.
1064 2887 1100 2907 ²21.

257 2927 277 2942 u.
290 2921 315 2949 7,
329 2924 407 2945 tertius
419 2923 473 2945 ibid.
486 2930 504 2946 c.
519 2925 555 2946 20.
572 2931 592 2946 n.
606 2925 632 2952 7;
646 2928 741 2952 quartus
758 2924 812 2946 ibid.
826 2931 844 2947 c.
862 2924 894 2946 17.
909 2931 929 2946 n.
942 2925 963 2946 5.

318 2959 327 2974 3
345 2960 426 2983 Contra
439 2962 540 2984 IlIcndac.
553 2963 582 2984 ad
600 2963 705 2985 Consent.
719 2969 737 2985 c.
755 2964 787 2985 10.
801 2970 822 2985 η.
836 2963 877 2990 24ς
891 2964 932 2985 cfr.
944 2964 998 2985 Gen.
1013 2964 1049 2991 27,
1067 2965 1099 2986 ta.

257 3003 321 3026 seqq.
334 3010 363 3013 —
376 2999 485 3026 Superius
498 3004 549 3027 post
560 3001 617 3023 solet
629 3002 681 3023 edd.
695 3002 807 3029 plurimae
820 3001 907 3024 addunt
920 3002 997 3024 eliam.

1373 2799 1468 2829 Nom:
1485 2806 1522 2829 AD
1541 2806 1787 2830 COMMENTARIUM.

1222 2885 1227 2899 ¹
1247 2886 1335 2907 Scilicet
1352 2886 1407 2907 insi-a
1427 2886 1448 2907 d.
1467 2885 1574 2907 XXXIX.

1220 2924 1229 2938 ἵ
1246 2924 1302 2946 Edd.
1315 2924 1362 2946 ihi:
1380 2924 1477 2947 Mrntz'ri
1489 2930 1543 2947 vero
1555 2925 1595 2947 est.

1219 2962 1228 2977 3
1247 2963 1295 2984 Vat.
1313 2963 1409 2990 peccati.
