2166 3366
20 1961 96 1989 Quaest.
111 1963 138 1980 in-

21 1985 92 2004 cidens.

870 157 953 185 DtsT.
975 157 1039 186 Vttl.
1061 157 1169 186 DUBIA.

146 234 250 271 posito,
272 234 337 271 quia
358 234 486 262 Christus
507 234 663 263 secundum
685 234 837 263 humanam
859 238 988 263 naturam

147 281 283 318 posterior
305 284 346 309 est
361 281 488 317 Virgine,
503 289 575 317 qnae
591 281 683 317 ipsum
699 281 832 317 concepit.
854 281 878 309 Si
895 285 989 310 autem

146 327 317 364 simpliciter
343 328 526 365 intelligatur,
558 327 642 356 habet
663 327 821 356 instantiam
844 327 870 356 in
893 336 990 365 propo-

147 373 214 408 sito,
235 374 301 411 quia
331 374 459 403 Christus
490 373 574 402 habet
604 374 631 402 in
654 381 683 402 se
706 373 778 402 duas
799 377 929 409 naturas,
951 382 989 403 se-

1834 160 1888 187 197

1046 236 1171 264 cundum
1192 243 1313 273 quarum
1335 244 1419 264 unam
1441 236 1581 273 praecedit
1598 239 1652 265 tam
1668 240 1796 265 naturam
1820 244 1893 265 crea-

1047 286 1101 310 tam
1125 290 1208 319 quam
1231 282 1383 311 1natern:1le
1406 283 1583 320 principium.
1606 283 1654 312 Ubi
1676 287 1770 311 autem
1793 283 1893 311 instan-
1906 290 2020 309 Notandum.

1046 328 1083 356 tia
1104 332 1146 357 est
1168 329 1194 356 in
1216 329 1373 366 proposito,
1396 329 1432 357 ita
1453 330 1528 366 quod
1551 338 1604 358 non
1632 330 1658 358 in
1687 329 1756 365 alio,
1778 330 1892 359 ferenda

1046 378 1088 403 est
1109 375 1264 404 secundum
1286 375 1509 413 philosophicum
1533 376 1731 405 documentum
1746 376 1763 404 ¹.

726 484 824 513 DUBlA
846 484 939 512 cinca
961 484 1127 513 LITTERAM
1149 485 1310 513 tnGtSTnt.

509 593 577 622 Due.
606 594 623 622 l.

225 687 253 716 In
275 690 354 724 parte
375 687 427 716 ista
443 690 508 716 sunt
529 687 705 724 quaestiones
726 687 800 716 circa
816 687 950 721 litteram,
965 690 992 715 et

148 734 238 772 primo
259 734 405 771 quaeritur
419 734 454 763 de
476 734 528 762 hoc
544 733 618 771 quod
634 733 748 763 dicitur:
765 734 829 767 Res,
845 742 919 772 quae
933 742 992 762 non

147 784 188 810 est
209 781 242 809 de
262 781 354 809 Patre
372 781 489 818 ῃθηὶῑα,
511 789 570 809 non
597 780 713 809 videtur
734 781 768 809 cle
789 780 882 809 Matre
909 784 990 809 nata.

146 828 200 857 Sed
221 831 336 856 eontra:
354 828 476 856 Humana
499 831 600 856 natura
615 835 667 855 non
683 830 725 856 est
739 835 774 856 ex
791 827 870 856 Patre
884 827 991 864 genita,

147 883 214 912 ergo
229 883 282 903 non
298 878 339 903 est
360 875 394 903 de
410 875 495 903 Matre
517 877 589 903 nata.
602 891 641 895 —
655 875 735 909 Item,
751 874 878 903 Christus
897 882 992 903 secun-

147 922 271 951 cundum
293 921 445 950 humanam
468 925 597 950 naturam
625 925 803 958 «conceptus
824 924 866 950 est
887 921 920 950 de
936 921 992 957 Spi-

149 968 205 996 ritu
233 972 328 997 sancto
353 971 380 996 et
406 971 488 997 natus
510 976 546 997 ex
573 968 658 997 illaria
679 968 832 1005 Virgine»,
854 968 891 996 ita
916 967 989 1005 quod

148 1014 268 1051 Spiritus
288 1019 401 1044 sanctus
422 1023 476 1043 non
499 1018 541 1044 est
561 1015 622 1044 eius
645 1018 735 1052 pater,
762 1015 825 1043 licet
846 1015 930 1051 Virgo
957 1014 993 1043 sit

147 1061 208 1090 eius
223 1064 312 1090 mater
325 1062 346 1090 ²:
369 1070 436 1098 ergo
450 1070 504 1090 non
528 1062 638 1090 videtur
654 1061 814 1099 praedictus
835 1069 928 1090 sermo
950 1069 993 1089 ve-

149 1108 258 1137 ritatem
280 1109 391 1137 habere.

226 1156 403 1184 Respoxnaoz
427 1155 596 1190 Dicendum,
619 1155 693 1192 quod
719 1155 847 1192 Magister
868 1155 993 1192 loquitur

126 1218 130 1220 Δ
149 1202 183 1231 de
204 1202 250 1231 illa
271 1202 426 1237 nativitate,
448 1210 503 1240 qua
526 1211 570 1232 res
597 1203 691 1239 aliqua
712 1202 814 1231 dicitur
843 1202 933 1236 nasci,
956 1202 993 1230 ita

146 1249 221 1286 quod
237 1249 359 1278 vindicat
373 1249 422 1278 sibi
446 1249 643 1286 proprietatem
660 1249 718 1278 sive
740 1249 991 1278 denominationem

147 1296 295 1325 filiationis.
318 1296 371 1325 l-loc
392 1300 485 1324 autem
508 1304 561 1324 non
591 1296 674 1324 habet
696 1296 819 1324 humana
840 1299 941 1324 natura
966 1295 992 1323 in

147 1342 272 1377 Christo;
294 1346 321 1372 et
343 1343 404 1372 ideo
425 1351 479 1372 non
502 1347 544 1372 est
565 1346 640 1372 recta
655 1343 784 1372 instantia
805 1346 901 1371 contra
923 1342 992 1371 illud

147 1389 221 1427 quod
244 1389 310 1418 dicit
332 1390 461 1427 Magister
482 1390 508 1418 in
532 1390 623 1419 littera
635 1390 654 1418 ³.

513 1483 581 1512 Dua.
603 1484 633 1512 lt.

228 1577 293 1606 ltem
315 1577 463 1614 quaeritur
484 1577 518 1606 de
534 1577 586 1606 hoc
607 1577 681 1614 quod
704 1577 784 1605 dicit:
813 1577 905 1605 Unam
921 1577 994 1605 nati-

148 1624 267 1652 vitatem
281 1633 315 1652 er
339 1625 429 1652 Patre
444 1633 636 1658 veneramur,
658 1633 733 1662 quae
757 1628 797 1652 est
818 1633 913 1661 snpra
928 1633 995 1652 cau-

148 1679 228 1704 sam,
250 1671 413 1704 rationem,
436 1674 548 1708 tempus
569 1674 595 1699 et
620 1675 772 1699 naturum.
795 1671 847 1700 Sed
870 1674 993 1699 contra:

149 1717 294 1746 Generatio
316 1717 372 1745 Filii
395 1717 443 1746 Dei
465 1725 501 1746 ex
524 1717 602 1746 Patre
624 1721 665 1746 est
680 1718 821 1753 generatio
843 1717 979 1746 naturalis
987 1728 993 1752 3

149 1764 197 1793 sed
220 1765 361 1801 generatio
383 1764 520 1793 naturalis
541 1767 582 1793 est
598 1764 752 1793 secundum
776 1768 918 1798 naturam,
940 1773 994 1793 non

150 1818 235 1848 supra
250 1814 404 1851 naturam:
427 1819 493 1848 ergo
515 1814 581 1839 etc:
604 1819 670 1848 ergo
692 1811 792 1839 falsum
816 1811 897 1845 dicit,
920 1811 994 1848 quod

149 1858 184 1886 stt
203 1865 285 1894 supra
310 1861 449 1886 naturam.

228 1905 308 1932 luxta
330 1904 382 1933 lioc
404 1904 562 1942 quaeritur:
585 1912 669 1941 penes
691 1913 762 1942 quae
784 1905 996 1942 distinguuntur

151 1950 198 1979 illa
212 1954 346 1988 quatuor,
361 1959 433 1988 quae
449 1952 474 1980 in
497 1952 661 1980 auctoritate
681 1954 896 1989 proponuntur?
920 1952 997 1980 Vide—

150 2001 195 2026 tur
216 1998 303 2032 enim,
325 1998 400 2035 quod
422 2006 476 2026 non
499 1998 533 2027 sit
555 1998 606 2027 nisi
630 1998 779 2027 verborum
800 1999 956 2027 inculcatio.

229 2045 401 2073 Respoxnsso:
419 2045 586 2079 DIcendum,
601 2045 676 2082 quod
697 2049 810 2074 natura
831 2054 885 2074 non
900 2046 997 2082 accipi-

150 2094 196 2119 tur
211 2091 248 2119 ita
263 2092 457 2126 communiter,
473 2092 520 2120 sed
538 2100 588 2129 pro
603 2096 704 2120 natura
719 2096 837 2125 erectum
853 2092 927 2121 unde
942 2100 995 2120 non

150 2138 210 2167 vult
231 2138 343 2173 dicere,
365 2139 438 2176 quod
462 2139 604 2175 generatio
627 2139 683 2167 Filii
706 2139 741 2167 sit
762 2147 847 2176 supra
866 2143 996 2168 naturam

149 2189 311 2218 aeternam,
326 2193 397 2222 quae
413 2189 453 2213 est
469 2188 569 2213 natura
583 2189 742 2219 naturam,
755 2185 802 2214 sed
819 2194 905 2223 super
921 2189 998 2214 natu-

151 2240 210 2260 ram
227 2235 372 2265 ονεαιαπι,
388 2240 459 2269 quae
477 2232 621 2261 consuevit
635 2232 688 2261 dici
705 2235 805 2260 natura
821 2236 965 2261 naturam,
978 2233 996 2260 ⁴.

1128 595 1159 623 Et
1181 598 1256 629 nota,
1279 595 1352 632 quod
1382 596 1433 624 ista
1455 599 1576 633 quatuor
1604 597 1816 634 distinguuntur
1837 597 1890 631 sic,
1911 603 1947 636 ,Aq
1960 605 2032 626 quaest-

1048 644 1080 669 ut
1102 649 1196 669 causa.
1218 641 1356 670 reseratur
1374 642 1408 671 ad
1425 646 1554 671 naturam
1577 644 1743 680 angelicam,
1764 644 1843 672 ratio
1858 644 1893 673 ad
1910 626 2033 645 'mmmm'

1048 691 1179 716 naturam
1203 689 1367 723 numanam,
1390 693 1501 726 tempus
1522 690 1555 718 ad
1578 690 1707 718 virtutem
1731 691 1893 725 caelestem,

1048 738 1075 764 et
1096 739 1207 763 natura
1231 735 1266 763 ad
1288 735 1418 764 virtutem
1434 736 1442 749 ⁵
1466 736 1603 765 inferioris
1625 741 1785 771 creaturae,
1807 742 1838 766 ut
1859 738 1894 766 sit

1049 789 1162 810 sensus:
1186 782 1327 818 generatio
1343 782 1389 810 illa
1411 786 1452 811 est
1473 791 1559 820 supra
1576 791 1715 817 eausam,
1737 784 1764 812 id
1786 788 1827 812 est
1843 785 1895 812 vir-

1049 830 1137 856 tutem
1159 827 1331 864 angelicam3
1352 832 1378 856 et
1400 828 1559 863 rationem,
1580 829 1605 857 id
1630 833 1670 858 est
1693 830 1822 858 virtutem
1846 830 1896 858 liu-

1050 882 1177 908 manam3
1199 878 1226 903 et
1247 879 1377 912 tempus,
1399 875 1427 904 id
1449 879 1490 904 est
1517 876 1704 913 operationem
1728 877 1893 911 caelestem3

1049 924 1076 949 et
1097 924 1255 955 naturam,
1278 922 1304 950 id
1327 925 1368 950 est
1390 922 1522 951 virtutem
1546 922 1826 951 inferiorern—Vel
1848 923 1973 951 ali-Amet.

1050 969 1111 1001 ter,
1133 971 1164 996 ut
1185 976 1278 995 caiisa
1307 968 1445 996 reseratur
1473 969 1506 996 ad
1537 969 1669 997 virtutem
1697 973 1839 1005 agentem,
1868 972 1894 998 et

1050 1013 1129 1042 ratio
1144 1014 1178 1042 ad
1201 1014 1352 1050 potentiam
1367 1018 1575 1051 agnoscentem,
1597 1018 1624 1043 et
1640 1019 1750 1052 tempus
1771 1016 1804 1044 ad
1821 1024 1894 1044 men-

1050 1068 1145 1089 suram
1162 1061 1338 1095 limitantem,
1361 1065 1388 1090 et
1402 1066 1514 1090 ηιιιῑινα
1535 1062 1570 1091 ad
1590 1062 1664 1090 modi
1685 1063 1818 1100 operandi
1834 1071 1895 1091 con-

1050 1108 1227 1137 suetudinem
1241 1108 1259 1136 ⁶.

1408 1227 1474 1255 Due.
1498 1227 1537 1255 ΙΙΙ.

1130 1344 1196 1372 Item
1219 1344 1364 1380 quaeritur
1385 1344 1419 1372 de
1441 1344 1493 1372 hoc
1519 1344 1593 1381 quod
1616 1344 1694 1378 dicit,
1717 1344 1789 1381 quod
1816 1343 1896 1372 Cltri-

1050 1394 1114 1418 stus
1135 1394 1225 1418 natus
1246 1395 1287 1418 est
1307 1389 1390 1418 homo
1412 1400 1447 1418 esc
1468 1390 1590 1418 muliere
1611 1391 1640 1418 in
1658 1394 1782 1427 tempore
1802 1399 1896 1419 eonce-

1048 1437 1167 1474 ptionis.
1191 1437 1307 1466 Videtur
1328 1438 1401 1466 enim
1424 1437 1524 1466 falsum
1546 1437 1652 1471 dicere,
1674 1437 1739 1474 quia
1754 1437 1896 1474 conceptio

1052 1484 1099 1513 illa
1120 1493 1172 1513 non
1196 1484 1247 1513 suit
1269 1484 1294 1512 in
1316 1487 1452 1521 tempore,
1474 1484 1522 1513 sed
1546 1485 1572 1513 in
1590 1485 1710 1513 instanti.
1725 1501 1764 1505 —
1778 1485 1858 1519 Item,
1874 1485 1896 1514 si

1052 1531 1194 1568 conceptio
1216 1539 1266 1560 sua
1288 1531 1339 1559 suit
1361 1531 1458 1559 similis
1481 1534 1591 1559 nostrae
1613 1534 1748 1568 quantum
1774 1531 1809 1559 ad
1831 1535 1897 1560 tem-

1052 1586 1120 1614 pus,
1142 1585 1208 1614 ergo
1227 1586 1280 1605 non
1297 1578 1407 1606 videtur
1426 1585 1524 1606 verum
1544 1578 1617 1614 quod
1641 1578 1796 1615 subiungit,
1821 1578 1896 1615 quod

1052 1624 1104 1652 suit
1125 1633 1220 1661 supra
1242 1624 1328 1661 legem
1349 1628 1468 1652 nostrae
1489 1625 1689 1661 conceptionis.

1132 1671 1310 1699 Reseonosso:
1334 1671 1501 1705 Dicendum,
1524 1672 1597 1708 quod
1620 1672 1761 1708 conceptio
1782 1671 1898 1708 duplici·
1910 1678 1982 1705 Duplex
1995 1684 2038 1697 eon-

1052 1721 1094 1747 ter
1115 1718 1259 1755 accipitur.
1282 1718 1339 1747 Uno
1362 1719 1444 1747 modo
1466 1718 1568 1747 (licitur
1591 1718 1735 1755 conceptio
1757 1719 1816 1755 ipsa
1838 1727 1898 1755 ope·
1909 1704 1978 1726 ⁰⁹p²¹⁰'

1053 1765 1131 1792 ratio
1152 1768 1280 1793 naturae
1302 1765 1328 1793 in
1350 1764 1515 1793 formatione
1538 1765 1663 1801 corporis
1678 1773 1767 1802 usqne
1782 1765 1816 1793 ad
1839 1773 1898 1793 sus-

1053 1811 1208 1848 ceptionem
1232 1812 1348 1840 animae.
1369 1811 1426 1840 Alio
1443 1812 1524 1839 modo
1540 1811 1642 1840 dicitnr
1657 1812 1801 1848 conceptio
1817 1812 1898 1849 [usqe

1054 1858 1079 1886 in
1103 1858 1254 1887 nutritione
1276 1862 1303 1887 et
1324 1858 1491 1895 perfectione
1520 1859 1645 1896 corporis
1668 1867 1756 1896 usqne
1782 1859 1816 1887 ad
1839 1868 1900 1896 par-

1054 1909 1113 1934 tum
1135 1910 1162 1934 et
1183 1914 1328 1942 egressum
1351 1906 1438 1943 ipsius
1460 1906 1494 1934 de
1519 1909 1623 1934 ventre.
1646 1906 1671 1934 Si
1694 1906 1778 1942 igitur
1801 1906 1898 1942 primo

1055 1953 1137 1981 modo
1164 1952 1273 1981 dicatur
1301 1953 1456 1990 conceptio,
1484 1953 1523 1981 sic
1545 1952 1645 1981 Christi
1675 1953 1816 1989 conceptio
1844 1961 1899 1980 non

1054 1999 1107 2027 suit
1124 1999 1285 2028 seeundum
1300 2008 1365 2034 nos,
1387 2000 1436 2028 sed
1451 2008 1545 2036 supra
1570 2008 1634 2033 nos,
1650 2008 1699 2028 nec
1718 1999 1769 2028 snit
1792 2000 1818 2027 in
1835 2003 1900 2027 tem-

1054 2054 1136 2082 pore,
1157 2046 1206 2074 sed
1228 2046 1255 2074 in
1278 2046 1397 2075 instanti.
1420 2047 1445 2074 Si
1468 2049 1561 2075 autem
1583 2046 1708 2074 seeundo
1724 2046 1806 2074 modo
1828 2046 1899 2074 dica-

1054 2095 1101 2121 tur
1130 2093 1272 2130 conceptio
1300 2093 1396 2130 laroc,
1426 2093 1464 2122 sic
1486 2094 1537 2121 suit
1558 2093 1716 2121 secundnm
1740 2101 1805 2125 nos,
1834 2093 1899 2130 quia

1055 2147 1156 2168 novem
1179 2140 1322 2168 mensibus
1342 2141 1466 2168 nutritus
1481 2140 1532 2168 t'nit
1553 2143 1580 2168 et
1601 2140 1688 2169 crevit
1704 2140 1729 2168 in
1753 2143 1832 2168 utero
1849 2140 1899 2167 Ma-

1055 2186 1120 2219 tris,
1142 2189 1173 2214 ut
1195 2186 1240 2214 alii
1264 2187 1404 2220 homines,
1427 2190 1575 2223 antequam
1599 2189 1767 2215 nasceretur.
1796 2187 1825 2215 Et
1848 2187 1898 2214 lioc

1055 2232 1240 2261 sufficientius
1262 2233 1387 2261 habitum
1410 2236 1452 2261 est
1473 2241 1559 2270 snpra
1572 2233 1590 2260 ⁷.

214 2388 220 2403 ¹
241 2389 281 2411 Vel
299 2389 348 2411 aliis
365 2389 456 2411 verbis:
474 2389 513 2411 uhi
532 2392 607 2412 autem
634 2391 770 2418 proponitur
788 2397 836 2418 res,
854 2397 913 2419 quae
931 2391 996 2413 unica

151 2431 184 2450 vsi
202 2428 223 2450 in
242 2434 284 2450 sno
302 2434 398 2456 genere,
417 2434 444 2450 ex
461 2427 513 2457 ipsa.
540 2431 613 2456 potest
637 2432 659 2451 et
684 2429 753 2452 debet
770 2430 822 2452 terri
840 2431 955 2457 instantia,
974 2433 998 2451 nt

151 2468 218 2489 etiam
237 2467 326 2489 Aristot.
352 2467 425 2489 docet.
451 2467 506 2489 Nam
534 2467 587 2490 Vltl.
615 2468 701 2496 Topic.‚
728 2469 845 2491 insinuans
870 2470 932 2491 locos
948 2470 997 2491 sive

151 2506 292 2530 documenta
310 2507 359 2530 (cfr.
377 2506 399 2528 Β,
418 2506 510 2534 Albert.y
526 2506 653 2529 Comniz-nt.
679 2508 700 2529 in
720 2508 773 2530 Vlll.
792 2508 871 2535 Topic.
891 2512 916 2530 tr.
943 2509 959 2530 l.
978 2514 996 2530 (τ.

153 2545 191 2574 2.),
210 2551 236 2567 ex
254 2545 339 2573 quibus
356 2548 401 2567 tam
420 2546 458 2574 qni
482 2546 578 2573 opponit
600 2545 744 2575 (interrogat)
761 2552 831 2575 quam
849 2547 888 2575 qui
906 2553 998 2574 respon-

152 2584 191 2606 ‹let
207 2587 342 2612 argumenta
361 2584 499 2612 depromere
517 2585 601 2612 possit,
627 2586 685 2607 inter
703 2585 765 2607 loros
790 2585 936 2613 respondenti
954 2592 998 2607 ser-

152 2623 240 2644 vientes
257 2622 285 2649 (r.
300 2623 330 2649 2.)
348 2622 423 2644 locum
437 2623 500 2644 ant-rt
513 2622 540 2645 de
557 2622 684 2651 instantia,
704 2623 831 2645 admont-ns
848 2624 927 2645 simul:
944 2632 953 2642 α
967 2623 999 2645 Es-

154 2661 302 2689 flagitandum
321 2664 408 2689 antem,
428 2662 544 2684 instantias
562 2668 605 2684 non
625 2663 645 2684 in
663 2662 765 2691 eoquod
784 2663 920 2690 proponitur
932 2663 998 2689 serre,

154 2701 194 2722 nisi
214 2707 288 2723 unum
307 2703 393 2723 tantum
417 2702 444 2722 sit
468 2701 613 2728 huiusmodi,
632 2705 655 2723 nt
672 2701 769 2724 dualitas
786 2703 875 2730 pai-inm
895 2707 999 2723 immoro-

153 2745 205 2761 rum
224 2740 287 2761 solus
305 2740 394 2767 primns
411 2739 445 2769 [in
465 2746 511 2768 qno
529 2746 581 2762 casn
601 2741 678 2762 instari
695 2743 768 2768 potest
786 2743 862 2762 contra
885 2746 937 2761 vum
960 2739 999 2768 qni

154 2778 284 2800 intinctione
301 2784 327 2800 vx
341 2779 389 2800 aliis
407 2779 509 2800 numi-ris
527 2779 619 2807 probat,
633 2778 746 2801 binarium
760 2786 803 2800 non
816 2785 865 2800 csse
878 2776 999 2806 puimnm]

153 2817 208 2838 Nam
221 2819 318 2846 oportet,
331 2820 353 2840 et
365 2824 417 2839 enm
431 2818 469 2846 qni
484 2818 561 2845 instat,
576 2818 596 2840 in
615 2818 685 2840 altero
698 2817 779 2847 [qnam
793 2819 813 2839 in
828 2816 957 2846 proposito]
970 2817 1000 2838 in-

154 2856 258 2877 stantiam
277 2856 359 2878 inferre
371 2860 410 2878 aut
427 2856 514 2884 ‹lim-ro,
528 2856 590 2885 qnod
603 2856 646 2879 hoc
663 2856 739 2879 solum
759 2857 801 2877 talo
812 2860 846 2878 cst
856 2865 876 2878 n.
890 2868 919 2871 —-
932 2855 999 2876 l‘anlo

154 2895 260 2921 sopor-ius
286 2901 328 2922 pro
353 2894 486 2917 mttlermtle
511 2895 578 2917 codd.
596 2896 612 2916 Λ
627 2896 644 2916 (i
660 2895 677 2916 Υ
691 2895 706 2916 Z
732 2894 871 2922 ιιιιιιννίιιῖε,
899 2894 949 2916 cod.
968 2894 999 2916 bl)

155 2933 272 2955 nanu-alr.
290 2945 321 2949 —
339 2933 396 2955 vine
414 2934 517 2955 scholion
535 2933 563 2955 ad
582 2933 757 2961 prinei-cdvntswn
776 2936 863 2961 quaest.

1117 2390 1126 2404 ‘²
1143 2389 1187 2412 Cl'r.
1206 2396 1275 2418 supra
1294 2390 1316 2412 d.
1335 2389 1354 2412 6.
1373 2396 1392 2412 a.
1415 2390 1431 2411 1.
1450 2396 1472 2418 q.
1491 2390 1512 2412 ⁴2.
1529 2402 1560 2405 —
1572 2390 1613 2411 Pro
1626 2390 1697 2412 nolus
1709 2396 1739 2412 (ἀ)
1755 2389 1834 2413 Marta
1851 2389 1899 2412 Vn·-

1054 2428 1119 2459 yine,
1139 2428 1202 2457 qnod
1220 2429 1241 2450 in
1260 2428 1339 2456 Symb.
1357 2429 1435 2456 Apost.
1453 2428 1561 2455 liabetur,
1574 2428 1638 2450 mnlti
1650 2428 1717 2451 codd.
1731 2429 1801 2451 nolus
1812 2428 1839 2451 [le
1851 2429 1899 2452 Ma-

1056 2468 1093 2491 ria
1114 2468 1215 2497 Virssine.

1117 2507 1126 2522 ³
1144 2508 1183 2529 llic
1200 2514 1218 2529 c.
1241 2507 1258 2529 1,
1278 2506 1334 2528 Vidi·
1352 2513 1421 2534 snpra
1440 2514 1459 2528 a.
1482 2507 1498 2528 l.
1517 2513 1539 2535 q.
1562 2507 1578 2528 l.

1118 2545 1126 2559 ⁴
1145 2546 1204 2567 llam:
1221 2546 1322 2567 nalurm‘
1339 2544 1451 2566 distinctio
1469 2544 1643 2567 fundamentum
1661 2547 1693 2567 est
1707 2546 1774 2567 totins
1786 2545 1835 2567 libri
1848 2552 1899 2567 con-

1056 2584 1155 2606 demnati
1174 2584 1283 2611 Erigonae
1306 2583 1333 2606 tle
1352 2583 1467 2605 Dirixiotte
1484 2585 1586 2606 milen-ne
1603 2583 1651 2611 (vir.
1671 2584 1692 2605 ll.
1711 2585 1770 2606 Sont.
1789 2584 1811 2606 (l.
1836 2585 1853 2606 1.
1877 2591 1898 2613 ι).

1057 2624 1069 2645 Ι.
1088 2630 1108 2645 a.
1127 2624 1147 2644 3.
1165 2629 1187 2651 q.
1206 2623 1226 2644 ⁶2.
1239 2623 1260 2644 in
1273 2622 1376 2649 scholio).
1395 2621 1478 2643 Eadem
1494 2623 1593 2649 tangitur
1604 2623 1671 2644 etiam
1684 2622 1712 2645 ab
1731 2624 1833 2651 August„
1848 2623 1897 2645 XV.

1056 2662 1084 2684 <le
1103 2661 1165 2683 Trin.
1184 2668 1202 2683 r.
1225 2661 1241 2682 l.
1260 2667 1280 2682 n.
1303 2661 1324 2682 l:
1345 2660 1426 2682 «Deus
1443 2664 1476 2683 est
1495 2664 1586 2688 natura,
1605 2661 1689 2683 scilicet
1701 2668 1744 2683 non
1763 2664 1845 2689 creata,
1857 2662 1898 2684 scd

1057 2700 1151 2722 creatrix
1163 2708 1182 2721 n.
1200 2699 1244 2721 (Isr.
1263 2699 1291 2721 ibi
1317 2699 1374 2721 Xtv.
1392 2705 1411 2721 c.
1438 2700 1458 2721 9.
1487 2706 1508 2721 ιι.
1531 2699 1562 2721 12.
1588 2702 1610 2722 et
1628 2699 1649 2721 ll.
1668 2699 1696 2721 (le
1714 2701 1793 2722 Anima
1812 2703 1833 2722 et
1850 2701 1900 2723 eins

1057 2739 1157 2766 origine,
1175 2745 1193 2760 r.
1212 2739 1232 2759 3.
1252 2745 1271 2759 n.
1290 2737 1311 2759 5.

1119 2777 1128 2791 ⁵
1145 2776 1216 2799 codd.
1235 2777 1250 2798 N
1263 2777 1279 2798 Υ
1298 2776 1421 2799 subiti-tunt
1437 2776 1574 2806 inferiorem
1592 2777 1633 2800 rel.

1119 2815 1128 2830 ὓ
1146 2816 1190 2838 Ct'r.
1209 2816 1236 2838 (le
1255 2816 1297 2838 lior
1315 2815 1386 2838 dnbio
1405 2816 1461 2838 t‘etr.
1479 2823 1490 2838 a
1513 2816 1565 2839 Tar.
1583 2820 1605 2839 et
1627 2817 1732 2840 llil-hard.
1751 2825 1761 2840 n
1780 2818 1845 2846 Men„
1864 2819 1900 2841 liic

1057 2856 1115 2877 circa
1134 2855 1162 2876 lit⁴

1119 2894 1129 2908 ⁷
1148 2894 1199 2916 nist.
1218 2894 1238 2916 3.
1257 2901 1279 2922 p.
1298 2894 1320 2916 ll.
1339 2901 1358 2916 a.
1377 2894 1397 2916 a.
1416 2901 1437 2923 (1.
1456 2895 1476 2916 2.
