2166 3366
56 619 126 638 Tertia.

48 1042 124 1066 Quarta.

699 207 782 235 DtST.
806 207 918 235 XXXVI.
940 207 1012 236 ART.
1037 207 1152 236 UNlCUS
1175 207 1311 244 QUAEST.
1333 207 1350 235 1.

141 286 178 314 ita
199 286 347 323 perficiens
369 293 428 313 eam
453 286 478 313 in
501 293 560 313 esse
580 285 707 314 seeundo
729 285 778 314 dat
800 285 837 313 illi
854 285 989 322 integram

140 333 354 370 perfectionem.
377 340 427 370 per
448 340 532 370 quam
555 336 582 361 et
604 332 629 360 in
652 332 700 360 illo
722 340 781 360 esse
804 340 916 361 manere
933 340 992 369 pos-

140 380 174 409 sit
196 383 222 409 et
244 379 362 416 singulis
383 379 457 407 vitiis
478 379 601 407 obviare.
624 379 687 407 Ideo
709 379 877 407 conveniens
897 383 938 407 est
953 379 992 407 ‹li-

140 428 220 456 vinae
236 427 371 463 largitati,
387 435 450 455 cum
466 426 604 463 gratificat
619 426 759 454 hominem
770 449 777 460 ‚
799 426 990 454 diversitatem

141 475 294 507 virtutum.
317 474 343 502 in
366 474 470 511 quibus
491 473 617 502 consistit
638 473 777 502 rectitudo
799 474 883 502 vitae.
898 473 989 502 eidem

140 522 274 551 tribuere.

219 569 306 597 Causa
329 571 422 596 autem
451 566 592 604 formalis
620 567 744 604 ipsarum
772 567 908 595 virtutum
932 575 991 603 gra-

140 615 275 644 tuitarum
298 618 340 644 est
361 615 421 652 ipsa
447 614 494 643 Dei
517 615 622 651 gratia,
644 622 716 651 quae
738 614 855 643 virtutes
884 618 991 642 ceteras

139 665 275 700 quantum
298 662 333 690 ad
356 662 470 690 habitus
491 661 542 690 sibi
566 661 722 690 substratos
745 661 853 698 perficit
868 664 895 689 et
910 661 991 689 infor-

140 713 212 744 mat,
227 713 254 738 et
270 709 322 738 hoc
337 716 388 746 per
403 717 481 737 suam
495 708 728 745 praesidentiam
744 713 772 737 et
787 708 972 745 influentiam
982 731 989 741 ,

139 764 190 794 per
211 764 296 794 quam
318 757 439 784 animam
463 756 527 784 facit
548 759 656 792 gratam
673 760 700 784 et
714 759 851 793 quantum
868 756 901 783 ad
919 763 948 784 se
963 759 991 783 et

139 807 275 842 quantum
298 803 332 831 ad
354 803 415 831 eius
430 803 575 840 potentias.
592 803 668 831 Unde
683 803 749 839 quia
764 803 811 830 illa
826 803 915 839 gratia
930 810 991 830 con-

139 851 267 879 formiter
288 858 318 879 se
340 850 423 878 habet
444 850 479 878 ad
502 857 600 878 omnes
620 850 757 882 vi1·tutes;
780 857 816 878 ex
838 857 894 886 quo
907 849 914 863 ¹
931 849 990 886 ipsa

139 897 276 932 habetur,
298 901 347 926 aut
374 897 516 934 quaelibet
537 897 628 925 virtus
649 897 786 931 habetur,
808 900 857 925 aut
885 896 990 929 nulla,-

138 947 166 973 et
186 943 249 972 ideo
270 951 382 972 necesse
404 947 461 978 est,
484 944 602 972 virtutes
624 951 685 972 esse
706 951 856 971 connexas.

217 991 307 1019 Causa
329 994 422 1019 autem
451 990 553 1027 finalis
574 991 712 1019 virtutum
735 993 776 1019 est
798 990 857 1027 ipsa
885 989 988 1026 gloria,

139 1046 211 1075 quae
232 1038 347 1066 veniens
376 1038 402 1066 in
435 1038 556 1066 animam
583 1038 708 1074 undique
730 1041 757 1066 et
778 1037 859 1074 plene
880 1036 990 1074 perficit

139 1093 219 1117 eam:
240 1089 267 1114 et
289 1085 351 1114 ideo
366 1093 478 1114 necesse
493 1088 550 1120 est,
566 1085 640 1122 quod
657 1093 707 1122 per
724 1085 842 1122 gratiam
864 1084 989 1122 undique

137 1132 322 1169 disponatur.
352 1132 406 1161 Nisi
429 1132 502 1161 enim
530 1132 679 1168 praecedat
706 1131 848 1161 sufficiens
870 1131 990 1169 disposi-

138 1179 194 1214 tio,
223 1187 277 1208 non
307 1179 451 1208 inducitur
479 1179 620 1216 perfectio.
643 1179 759 1208 Necesse
788 1182 829 1208 est
858 1187 924 1216 ergo
946 1187 990 1208 ne-

136 1226 264 1256 cessitate
284 1226 389 1262 sinis-⁸²,
411 1233 508 1254 omnes
528 1226 664 1263 potentias
682 1226 792 1255 animae
817 1226 912 1263 perfici
939 1233 989 1263 per

136 1274 256 1303 virtutes
277 1273 429 1311 gratuitas,
450 1276 481 1302 ut
502 1273 618 1302 idoneae
640 1274 694 1302 sint
723 1276 749 1302 et
777 1273 928 1311 dispositae
953 1273 988 1302 ad

137 1321 341 1358 susceptionem
372 1320 486 1357 gloriae.
508 1337 547 1341 ——
569 1321 600 1349 Et
626 1321 665 1349 sic
694 1324 784 1358 patet,
813 1321 887 1358 quod
919 1321 989 1349 ratio

136 1368 318 1397 connexionis
344 1368 482 1397 virtutum
511 1368 699 1405 gratuitarum
722 1368 845 1396 sumitur
866 1375 902 1396 ex
924 1376 990 1404 qua-

136 1415 258 1452 druplici
287 1423 388 1452 genere
417 1423 537 1449 causae3
561 1415 634 1443 unde
656 1418 684 1443 et
706 1415 827 1443 rationes
850 1415 901 1442 hoc
929 1422 990 1451 pro-

137 1462 235 1490 bantes
256 1466 322 1490 sunt
343 1461 545 1490 concedendae.

219 1510 243 1536 1.
265 1509 302 1537 Ad
325 1509 395 1537 illud
424 1516 491 1537 vero
513 1509 587 1546 quod
614 1509 706 1546 primo
727 1508 857 1537 obiicitur
879 1508 906 1537 in
929 1517 990 1537 con-

7 1558 124 1607 {3223AEss
137 1556 256 1584 trarium
279 1556 314 1584 de
337 1555 452 1584 Clari-sto
473 1558 500 1584 et
522 1555 639 1589 Βεαίῖῖε,
662 1555 688 1584 in
703 1555 807 1592 quibus
823 1563 876 1583 non
892 1559 934 1584 est
949 1563 990 1583 re-

136 1603 230 1640 perire
251 1603 383 1631 virtutem
407 1603 465 1639 spei
488 1610 538 1631 nec
561 1602 644 1636 fidei3
667 1602 720 1630 iam
745 1605 820 1639 patet
845 1602 989 1639 responsio

139 1657 175 1678 ex
199 1650 242 1678 his
263 1657 334 1687 quae
356 1650 428 1678 dicta
457 1652 536 1677 sunt:
559 1649 691 1686 quoniam
714 1649 766 1677 hae
789 1649 907 1677 virtutes
929 1657 990 1686 pro-

138 1700 200 1734 pter
222 1697 459 1734 imperfectionem
482 1696 533 1725 sibi
556 1696 718 1725 annexam³
748 1704 776 1725 se
805 1705 858 1725 non
881 1704 990 1733 compa-

137 1744 247 1774 tiuntur
268 1752 332 1773 cum
355 1747 429 1773 statu
450 1743 564 1781 gloriae.
587 1744 785 1772 Verumtamen
808 1752 844 1773 ex
867 1744 919 1772 lioc
933 1751 988 1772 non

137 1791 300 1828 infringitur
328 1791 465 1820 connexio
494 1791 649 1825 virtutum,
677 1799 729 1828 pro
757 1798 789 1819 eo
815 1791 889 1828 quod
913 1791 988 1827 ipsae

137 1838 199 1868 aliis
221 1839 373 1867 virtutibus
393 1841 598 1867 connectuntur
619 1838 645 1866 in
668 1841 741 1867 statu
763 1838 849 1871 victe,-
871 1838 897 1866 in
913 1841 987 1867 statu

138 1893 205 1914 vero
224 1885 344 1922 patriae
365 1885 424 1914 loco
447 1885 572 1922 ipsarum
588 1885 667 1914 dotes
682 1885 722 1914 eis
737 1885 988 1922 correspondentes

137 1940 201 1961 cum
223 1932 286 1961 aliis
307 1932 476 1966 virtutibus,
498 1939 570 1969 quae
586 1931 623 1960 ibi
639 1935 819 1969 permanent,
841 1932 989 1961 connexio-

136 1986 201 2008 nem
223 1978 334 2007 habent.

217 2026 243 2053 ²2.
265 2024 304 2053 Ad
326 2024 395 2053 illud
425 2024 499 2061 quod
525 2024 656 2053 obiicitur
677 2024 711 2053 de
733 2024 934 2053 innocentibus
961 2027 989 2053 et

137 2071 321 2109 εοηίῑιῃαιῖε,
343 2071 397 2100 iam
420 2075 495 2108 patet
516 2071 678 2108 responsio:
700 2071 832 2108 quoniam
849 2072 988 2109 poeniten-

137 2118 196 2147 tia*
218 2121 245 2147 et
268 2118 412 2155 virginitas
434 2125 488 2146 non
511 2121 619 2146 tantum
642 2117 759 2146 habitus
783 2118 918 2147 virtutum
941 2127 988 2147 no-

138 2165 258 2200 minant,
280 2165 329 2193 sed
350 2164 434 2194 etiam
455 2168 569 2198 status,
585 2165 693 2193 ratione
708 2173 846 2202 quorum,
863 2168 894 2194 ut
909 2173 985 2202 prae-

1840 207 1898 235 793

1049 285 1153 314 dictum
1177 289 1233 320 est,
1255 294 1308 314 non
1339 287 1496 315 necessaria
1524 289 1565 315 est
1594 286 1731 315 connexio
1760 285 1897 314 virtutum

1048 333 1252 369 gratuitarum,
1275 341 1325 370 pro
1347 340 1379 360 eo
1400 333 1475 370 quod
1499 333 1524 361 in
1555 333 1674 362 diversis
1700 333 1819 362 statibus
1849 333 1900 361 sal-

1050 380 1107 407 vari
1132 383 1221 417 potest
1241 380 1361 408 essentia
1383 380 1488 417 gratiae
1510 384 1537 409 et
1559 381 1705 409 virtutum.

1128 427 1153 455 3.
1174 428 1211 456 Ad
1245 427 1313 456 illud
1341 428 1415 464 quod
1448 428 1579 456 obiicitur
1611 428 1645 456 de
1676 428 1898 465 perseverantia,

1049 482 1120 511 quae
1143 482 1195 502 non
1219 478 1260 502 est
1282 474 1308 502 in
1321 474 1501 510 praescitis.-
1523 475 1689 509 dicendum,
1710 475 1784 512 quod
1804 484 1898 512 perse-
1912 481 2043 522 Triplextper-

1050 520 1184 548 vei-amm
1206 521 1308 549 dicitur
1330 521 1484 557 tripliciter.
1508 522 1564 550 Uno
1587 522 1669 550 modo
1684 522 1787 550 dicitur
1808 509 2025 559 perse-smmum

1049 567 1174 595 verantia
1196 567 1325 595 voluntas
1346 568 1504 604 perferendi
1526 569 1669 605 passiones
1691 569 1749 597 sine
1772 569 1900 597 defectio-

1049 622 1101 644 ne:
1117 618 1142 643 et
1159 614 1196 642 sic
1212 617 1251 642 est
1268 614 1374 651 species
1397 615 1566 644 fortitudinis
1577 617 1594 643 ⁵.
1617 616 1674 644 Alio
1697 617 1779 645 modo
1796 616 1899 645 dicitur

1048 661 1258 697 perseverantia
1272 661 1445 697 propositum
1464 663 1661 698 perseverandi
1679 663 1704 691 in
1722 663 1793 691 bono
1810 672 1898 700 usque

1049 708 1074 736 in
1099 708 1202 740 tinem;
1223 711 1250 736 et
1272 708 1311 736 sic
1333 712 1374 737 est
1395 709 1516 737 conditio
1531 718 1642 738 annexa
1661 710 1775 739 cuilibet
1791 711 1898 740 virtuti.

1048 755 1141 783 Tertio
1163 755 1246 783 modo
1267 755 1370 783 dicitur
1398 757 1607 792 perseverantia
1635 757 1806 785 continuatio
1834 758 1898 786 honi

1048 809 1138 838 usque
1160 802 1186 829 in
1209 801 1312 836 finemg
1341 805 1368 830 et
1394 802 1444 830 hoc
1469 803 1550 831 modo
1572 811 1626 831 nou
1649 807 1690 832 est
1712 812 1812 833 nomen
1841 805 1899 833 vz'r-

1049 848 1135 881 totis,
1157 848 1204 877 sed
1228 848 1321 885 potius
1342 852 1438 877 scacos
1453 851 1648 887 consequentis
1670 851 1704 879 ad
1728 859 1825 880 omnes
1848 852 1900 879 vir-

1048 898 1130 924 tutes.
1153 896 1183 924 Et
1205 896 1305 932 primis
1326 896 1439 933 quidem
1462 897 1574 925 (luobus
1596 898 1687 926 modis
1702 898 1786 926 habet
1802 906 1900 927 conne-

1047 942 1082 970 cti
1105 942 1167 971 aliis
1195 943 1348 971 virtutibus
1370 947 1397 972 et
1419 944 1560 980 reperitur
1583 945 1609 972 in
1632 945 1712 973 iustis
1734 946 1898 982 praescitis;

1048 989 1099 1017 lioc
1120 993 1214 1018 autem
1238 990 1319 1019 tertio
1341 991 1424 1019 modo
1447 991 1473 1019 in
1496 992 1641 1028 praescitis
1670 1000 1724 1020 non
1757 993 1898 1030 reperitur

1047 1044 1097 1065 nec
1119 1038 1277 1066 necessario
1298 1037 1359 1066 aliis
1389 1038 1524 1074 nectitur,
1547 1039 1614 1075 quia
1638 1039 1749 1068 virtutis
1771 1048 1825 1068 non
1855 1049 1899 1069 no—

1047 1084 1135 1113 minat
1155 1083 1305 1119 habitum,
1328 1085 1376 1114 sed
1401 1085 1488 1122 magis
1510 1090 1726 1123 consequentem
1748 1091 1867 1116 statum.

1126 1132 1153 1160 [ι.
1175 1132 1213 1160 Ad
1236 1131 1305 1161 illud
1335 1133 1410 1170 quod
1432 1132 1571 1167 obiicitur,
1587 1134 1661 1170 quod
1679 1134 1792 1163 habitus
1813 1135 1900 1164 virtu-

1048 1181 1107 1206 tum
1127 1178 1314 1215 gratuitarum
1336 1183 1401 1208 sunt
1416 1179 1520 1208 diversi
1537 1180 1707 1215 formaliter3
1731 1181 1898 1217 dicendum,

1047 1225 1122 1262 quod
1145 1226 1274 1262 quamvis
1295 1226 1449 1255 formaliter
1471 1227 1635 1256 dividantur
1650 1231 1786 1265 quantum
1802 1229 1837 1257 ad
1853 1229 1899 1258 ha—

1047 1272 1122 1301 bitus
1143 1272 1325 1307 substratos,
1341 1277 1448 1308 tamen,
1464 1274 1490 1302 in
1513 1277 1649 1311 quantum
1670 1276 1801 1313 yrsttuz'tz'
1821 1280 1898 1311 sunt.

1047 1321 1255 1349 communicant
1277 1321 1304 1349 in
1327 1321 1386 1358 ipsa
1414 1322 1519 1358 gratia,
1541 1330 1613 1359 quae
1635 1326 1676 1351 est
1698 1323 1823 1352 omnium
1847 1325 1900 1352 vir-

1047 1370 1139 1396 tutum
1169 1367 1357 1404 gratuitarum
1387 1368 1538 1405 perfectiva
1561 1369 1586 1397 in
1609 1377 1669 1398 esse
1694 1370 1817 1407 gratuito
1828 1371 1845 1399 ⁶.
1868 1372 1899 1400 Et

1047 1413 1109 1442 ideo
1131 1414 1202 1442 ratio
1224 1414 1271 1442 illa
1291 1422 1346 1442 non
1373 1415 1462 1451 cogit:
1486 1416 1634 1452 quoniam,
1656 1417 1706 1445 etsi
1729 1417 1755 1445 in
1779 1418 1900 1447 formali-

1048 1460 1100 1489 bus
1119 1461 1254 1497 proprz'z's
1276 1461 1501 1498 distinguantur,
1524 1465 1615 1491 tamen
1639 1463 1665 1491 in
1687 1463 1796 1492 formali
1826 1473 1900 1493 com-

1046 1508 1149 1541 muni,
1171 1508 1278 1537 ratione
1300 1509 1381 1537 cuius
1404 1509 1506 1538 habent
1528 1515 1588 1539 esse
1611 1511 1733 1547 gratuiti,
1749 1512 1897 1540 uniuntur.

1127 1556 1152 1583 5.
1174 1555 1212 1583 Ad
1234 1555 1305 1584 illud
1320 1556 1394 1592 quod
1415 1556 1545 1585 obiicitur
1567 1557 1601 1585 de
1624 1558 1830 1595 comparati0ne
1853 1559 1899 1587 ha-

1046 1601 1157 1630 bituum
1179 1605 1206 1630 et
1227 1605 1361 1636 actuum;
1384 1603 1549 1638 dicendum,
1565 1604 1640 1641 quod
1660 1613 1713 1633 non
1736 1608 1778 1634 est
1794 1606 1897 1640 simile,
1912 1609 2026 1629 Notandum·

1046 1656 1097 1685 pro
1118 1656 1151 1677 eo
1172 1649 1246 1685 quod
1269 1657 1404 1686 eyressus
1424 1654 1546 1678 actuum
1568 1654 1610 1679 est
1629 1651 1806 1681 voluntarius
1821 1656 1848 1681 et
1862 1653 1898 1681 al)

1046 1695 1153 1724 arbitrii
1167 1695 1311 1730 libertate,
1327 1696 1505 1725 introductio
1518 1706 1585 1726 vero
1597 1697 1751 1727 habituum
1765 1699 1790 1727 in
1808 1699 1896 1736 ipsam

1045 1743 1167 1771 animam
1183 1746 1226 1771 est
1240 1751 1255 1771 a
1271 1743 1365 1771 divina
1381 1743 1528 1781 largitate;
1551 1745 1680 1774 voluntas
1701 1750 1795 1775 autem
1807 1747 1816 1761 ⁷
1838 1754 1897 1784 spe-

1046 1789 1153 1817 cialiter
1175 1790 1332 1827 applicatur
1348 1790 1383 1819 ad
1399 1799 1487 1819 unum
1504 1791 1625 1827 bonum,
1647 1793 1741 1821 divina
1765 1801 1830 1822 vero
1846 1794 1897 1823 lar-

1045 1837 1116 1872 gitas
1138 1836 1258 1874 complet
1280 1840 1385 1865 totum:
1409 1838 1470 1866 ideo
1485 1846 1540 1867 non
1555 1839 1692 1876 sequitur,
1711 1840 1785 1877 quod
1802 1849 1898 1878 quam-

1045 1883 1088 1912 vis
1109 1887 1189 1912 actus
1214 1883 1300 1912 unius
1329 1885 1441 1913 virtutis
1463 1886 1600 1922 gratuitae
1622 1887 1657 1915 ab
1678 1887 1767 1916 altero
1789 1895 1897 1925 separe-

1045 1933 1107 1965 tur,
1128 1934 1244 1967 propter
1266 1931 1318 1959 hoc
1340 1931 1468 1960 similiter
1490 1932 1602 1962 habitus
1624 1933 1660 1962 ab
1682 1934 1789 1963 habitu.

1124 1978 1150 2005 (3.
1172 1978 1211 2006 Ad
1234 1978 1304 2006 illud
1326 1979 1400 2015 quod
1424 1979 1523 2008 ultimo
1545 1980 1691 2015 obiicitur,
1707 1982 1782 2011 unde
1804 1983 1898 2012 veniat

1045 2025 1183 2053 connexio
1205 2025 1370 2058 habituum
1392 2026 1446 2054 iam
1462 2030 1538 2063 patet
1556 2029 1716 2064 responsio:
1733 2029 1808 2057 venit
1822 2030 1895 2058 enim

1045 2079 1081 2099 ex
1103 2072 1282 2109 quadruplici
1303 2080 1404 2109 genere
1426 2081 1542 2108 causae,
1559 2074 1631 2103 sicut
1646 2075 1820 2112 praedictum
1837 2080 1894 2110 est3

1048 2126 1097 2147 nec
1118 2122 1160 2148 est
1173 2119 1264 2148 simile
1279 2119 1313 2148 de
1335 2119 1405 2152 itus.
1427 2120 1454 2148 in
1470 2121 1573 2158 quibus
1589 2122 1671 2151 instat
1686 2123 1704 2157 ⁸,
1727 2123 1798 2152 sicut
1813 2132 1897 2161 appa-

1047 2169 1090 2194 ret
1111 2166 1146 2195 de
1167 2174 1205 2195 se.

884 2257 1146 2293 SOHOLION.

202 2348 216 2370 Ι.
234 2348 342 2376 Quaestio
360 2349 416 2370 haec
432 2349 480 2376 agit
496 2347 525 2370 de
542 2347 666 2370 virtutibus
677 2347 791 2377 qratuitis
803 2348 896 2376 proprie
909 2347 986 2375 dictis,

137 2390 251 2416 quatemus
261 2388 407 2409 nominantur
418 2394 430 2409 a
444 2388 515 2415 gratia
528 2388 626 2416 =oratum
638 2387 736 2417 facit-nte
746 2387 805 2415 (sive
814 2387 988 2414 sanctificante),

138 2432 182 2448 noo
200 2432 212 2447 a
230 2426 302 2453 gratia
319 2425 396 2455 urnii-9
415 2426 484 2453 dnm,
504 2427 558 2455 quia
577 2427 619 2448 fiac
637 2433 681 2448 uon
700 2429 753 2448 suut
770 2426 882 2453 gratidtnc
899 2425 986 2454 simpla·

137 2465 195 2488 citer·
212 2472 254 2487 nec
271 2466 436 2487 connexionem
455 2465 546 2487 habent.
564 2465 666 2487 Illarum
687 2468 763 2487 autom
782 2465 892 2486 connexio
910 2464 986 2486 intelli⁴

139 2505 199 2532 gitur
211 2504 288 2533 quoad
301 2503 420 2531 lmbitnm,
437 2510 480 2526 non
499 2504 576 2532 quoad
596 2510 665 2526 usum
677 2505 726 2526 sivo
745 2507 821 2525 actum
840 2503 890 2531 (cfr.
909 2504 944 2525 liic
957 2503 985 2525 ad

202 2618 207 2632 ¹
227 2617 300 2639 (Iodd.
318 2618 335 2638 G
347 2617 363 2639 Η
375 2617 391 2639 Ι(
403 2617 420 2638 Υ
431 2624 456 2638 aa
475 2620 497 2638 ot
513 2616 566 2638 cdd.
589 2617 609 2643 Ι,
628 2617 641 2638 2
653 2616 756 2639 subdunt
772 2618 804 2644 et,
824 2618 872 2640 Vat.
891 2617 968 2640 elium.

201 2657 210 2672 2
227 2656 270 2678 (tna
290 2657 387 2681 Aristot..
406 2656 427 2678 ΙΙ.
447 2656 513 2683 Phys.
533 2659 582 2677 text.
601 2657 637 2678 87.
656 2663 719 2684 ‚si-qq.
738 2657 766 2679 (ι’.
784 2658 823 2685 (k).

202 2695 212 2710 ‘³
228 2696 274 2717 Nou
294 2696 359 2722 pauci
377 2695 444 2716 codd.
463 2701 602 2716 cotinusam.

201 2735 209 2749 ⁴
229 2736 277 2756 Vat.
295 2733 435 2756 iniiocenlitt.
449 2746 477 2749 e<
495 2735 592 2761 nisum,
611 2734 646 2755 tv.
666 2734 734 2756 Ι-ἰίΙιίυ,
753 2741 772 2756 c.

138 2774 174 2795 clia
187 2780 270 2801 agen-⁴,
283 2773 391 2799 ostendit,
409 2778 460 2794 canl
477 2773 527 2794 viro
545 2772 619 2799 probo
637 2773 663 2796 (i.
676 2780 695 2794 c.
714 2773 752 2801 qui
765 2776 848 2800 sponte
867 2780 984 2801 nunquam

791 2736 810 2756 ἱ),
829 2734 858 2755 dn
876 2741 986 2756 vert-cun·

139 2813 197 2834 malc
214 2814 272 2840 agit)
286 2819 329 2834 non
343 2813 477 2838 convenire,
495 2816 515 2833 ct
534 2812 659 2833 rotwludit:
672 2813 783 2840 Quocirca
803 2812 941 2833 vvrocnodtn
954 2819 985 2834 ι’]-

138 2851 268 2874 conditione
286 2851 379 2879 probata
399 2858 435 2873 ros
452 2855 496 2876 cst:
516 2851 532 2871 si
551 2852 611 2872 voitu
629 2849 734 2879 [protum
752 2851 788 2872 vii·
806 2851 876 2879 niolo}
894 2855 983 2879 ageri-t,

138 2890 291 2913 arionem-ervi.

201 2930 272 2952 ⁵(1sr.
290 2936 359 2957 supra
379 2936 431 2957 pag.
449 2929 508 2952 Tit-2.
529 2933 579 2951 nota
602 2930 623 2955 1,
642 2929 680 2950 ubi
704 2930 771 2950 ctiam
793 2930 813 2950 in
838 2929 915 2951 vni-bis-
936 2930 984 2952 iti-r-

140 2968 203 2990 nni-di
222 2969 300 2990 turtius
320 2968 403 2990 modus
426 2969 610 2996 [torst-veranum·
634 2969 767 2990 insinuatur.
786 2968 830 2990 (tir.
855 2969 922 2990 vilan}
941 2971 984 2990 Λιι-

140 3010 207 3033 guse,
226 3007 253 3028 du
272 3007 334 3028 [tono
359 3008 553 3034 perseia-rantiao,
577 3015 596 3028 ν.
623 3007 639 3028 1.
659 3014 679 3028 n.
708 3007 724 3028 1.
744 3007 774 3027 [Ji—
795 3007 897 3028 ssu-oudo
915 3007 984 3028 niodo

266 3058 290 3080 S.
309 3058 396 3081 [tonnis.
414 3071 445 3074 —
462 3058 528 3080 'sonu
547 3058 577 3079 tlt.

1042 2347 1074 2375 ὃ.)
1101 2360 1131 2363 ——
1157 2348 1199 2370 Pro
1227 2348 1377 2375 explicatione
1404 2349 1564 2371 nonnullarum
1592 2350 1732 2372 locutionum
1758 2352 1798 2373 cfr.
1824 2358 1894 2380 supra

1042 2387 1144 2409 scholion
1163 2387 1191 2408 ad
1210 2387 1231 2408 d.
1251 2388 1288 2409 33.
1306 2394 1327 2416 q.
1341 2388 1362 2409 5.
1376 2400 1405 2402 —
1419 2388 1440 2409 ln
1453 2388 1566 2411 solutione
1584 2390 1737 2412 communiter
1755 2393 1895 2414 conveniunt

1043 2427 1130 2455 antiqui
1156 2426 1304 2454 Scliolastici3
1331 2426 1359 2448 illi
1386 2430 1476 2454 autciu,
1495 2428 1534 2456 qui
1552 2434 1605 2449 cum
1624 2429 1691 2450 scoto
1709 2435 1753 2451 nou
1772 2430 1895 2453 admittunt

1043 2465 1139 2487 virtutos
1158 2465 1255 2486 moi-atos
1273 2471 1314 2492 por
1331 2472 1355 2487 so
1373 2466 1459 2487 infusas
1477 2466 1526 2494 (cfr.
1545 2467 1581 2489 cit.
1600 2467 1727 2496 scholion),
1753 2469 1895 2497 rcstriugunt

1043 2504 1102 2525 lianc
1119 2504 1284 2525 coniwxioncin
1310 2504 1421 2526 virtutum
1443 2504 1607 2533 armemini-mn
1625 2506 1653 2528 ad
1673 2507 1768 2529 virtutes
1786 2509 1894 2535 theologi-

1043 2617 1096 2639 vido
1115 2618 1211 2645 Ariston,
1231 2618 1253 2639 ΙΙ.
1267 2618 1334 2640 l-Ittiic.
1348 2624 1367 2640 c.
1390 2618 1411 2644 i.
1425 2618 1462 2641 uin·
1482 2620 1576 2642 virtuosi
1589 2627 1639 2642 csse
1658 2621 1810 2648 prandii-atur,
1829 2623 1892 2651 quod

1047 2665 1056 2675 ιι
1069 2656 1142 2678 stabili
1160 2660 1228 2685 atquo
1241 2657 1376 2679 immutabili
1389 2658 1470 2680 :iuveni
1485 2659 1603 2686 praedito<
1615 2662 1667 2687 agat
1680 2669 1700 2682 n.
1713 2660 1757 2682 Csr.
1772 2660 1825 2683 ibid.
1849 2662 1891 2685 vlt.

1043 2702 1061 2717 c.
1076 2696 1096 2717 ἢ,
1109 2702 1156 2724 seq.
1169 2708 1200 2712 —
1212 2696 1305 2718 interius
1318 2703 1359 2724 pro
1371 2696 1403 2719 m!
1414 2703 1495 2719 omnips
1508 2697 1604 2720 vii-tultus·
1616 2699 1667 2721 cod.
1683 2700 1698 2720 A
1712 2699 1744 2721 od
1755 2706 1835 2722 omnes
1851 2700 1892 2723 Ιιη-

1043 2733 1104 2756 titus
1122 2734 1228 2762 virtutis,
1248 2739 1269 2757 ot
1287 2742 1328 2763 pro
1346 2736 1452 2758 connecti
1463 2736 1516 2759 aliis
1530 2737 1654 2759 rit-tuli'lms
1669 2738 1729 2760 idom
1744 2739 1793 2761 rod.
1808 2740 1823 2761 A
1837 2746 1892 2762 cou-

1043 2773 1180 2796 vtviienti'um
1199 2780 1252 2797 cittii
1272 2773 1325 2796 ullis
1344 2773 1476 2797 virtutihus.
1495 2775 1597 2797 snhnntv
1616 2783 1658 2804 pro
1675 2776 1698 2798 iu
1717 2776 1784 2799 iustis
1803 2778 1852 2799 Vnt.
1867 2777 1890 2800 io

1042 2812 1130 2834 mullis.

1104 2851 1114 2865 ⁶
1130 2852 1174 2874 (Isr.
1193 2852 1248 2874 iufra
1267 2860 1288 2881 ‘l-
1307 2854 1327 2874 ti.
1346 2856 1365 2873 ot
1384 2859 1454 2881 supr-¹1
1473 2854 1494 2876 d.
1514 2855 1549 2876 27.
1568 2862 1587 2877 a.
1610 2856 1626 2877 1,
1645 2863 1666 2883 ¹1-
1691 2856 1711 2877 3.
1730 2856 1759 2878 ad
1787 2857 1804 2878 l.
1822 2860 1843 2879 ct
1868 2857 1890 2878 d.

1043 2891 1079 2912 33.
1098 2897 1119 2919 q.
1138 2891 1158 2912 Γ».
1178 2892 1287 2914 scholion.

1104 2929 1113 2943 ⁷
1131 2930 1202 2952 ίΪυιΙιΙ.
1222 2931 1237 2952 Α
1251 2931 1334 2953 ΗΖΝ»
1352 2932 1473 2954 sotim-toni
1492 2934 1582 2954 ntislm.

1104 2969 1113 2983 ‘¹
1132 2970 1222 2991 l'luriuii
1240 2970 1307 2992 codd.
1325 2972 1385 2997 alost·
1404 2978 1534 2998 perpet-aui.

1721 3064 1760 3085 too
