2166 3366
133 567 248 587 Notandum.

122 1903 258 1922 Fundamenta.

262 203 319 231 782

340 282 366 309 2.
388 279 426 308 Ad
449 279 519 307 illud
544 277 619 315 quod
641 277 787 310 obiicitur,
810 275 885 313 quod
907 275 1047 304 consiliari
1069 279 1111 304 est

262 327 430 364 ignorantis,
451 326 523 354 sicut
545 324 611 353 dicit
631 324 836 356 Damascenus3
852 322 1019 356 dicendum,
1034 322 1110 358 quod

262 375 331 403 illud
360 378 402 402 est
430 379 545 405 verum,
574 374 658 408 prout
687 370 843 398 consiliari
870 370 945 398 idem
971 373 1013 398 est
1034 369 1110 406 quod

262 420 417 449 eonsilium
445 418 609 457 inquirere,
639 426 693 446 non
722 421 816 445 autem
846 420 929 452 prout
955 415 1112 444 consiliari

261 468 335 496 idem
363 470 405 495 est
426 465 500 503 quod
526 465 553 493 in
579 464 676 493 arduis
697 463 832 501 eligendis
854 463 990 500 diriqere.
1015 462 1044 490 Et
1059 462 1111 491 hoc

262 514 346 542 modo
367 512 523 541 consiliari
548 514 589 540 est
617 515 696 540 actus
717 510 805 547 ipsius
827 510 933 539 consilii
955 512 982 538 et
1003 509 1055 537 fuit
1083 509 1111 537 in

262 561 390 593 Christo3
412 563 440 588 et
459 559 614 587 secundum
639 558 722 586 istum
745 557 860 585 modum
881 557 974 585 divina
997 556 1111 593 disposi-

263 608 300 635 tio
322 607 349 635 in
371 606 414 634 his
429 614 500 643 quae
516 608 623 633 secreta
644 608 724 638 sunt,
746 603 902 632 consilium
917 603 1075 640 appellatur
1091 603 1109 630 ¹.

342 653 367 682 3.
389 653 428 681 Ad
443 652 513 681 illud
529 652 603 689 quod
619 651 764 685 obiicitur,
783 651 857 688 quod
874 651 946 679 sicut
959 650 1111 679 addiscere

262 708 292 729 se
314 700 398 729 babet
418 700 454 728 ad
475 699 568 732 seire,
591 699 628 727 ita
649 698 805 726 consiliari
825 698 860 726 ad
875 697 978 735 eliyere
990 708 999 730 ;
1021 697 1112 725 dicen-

262 748 347 782 dum,
369 747 444 784 quod
473 754 572 775 verum
598 749 652 780 est,
675 746 830 774 secundum
852 745 926 782 quod
944 744 1110 773 consiliatio

262 795 335 823 idem
358 797 400 823 est
420 794 495 831 quod
527 793 633 822 consilii
656 792 816 830 inquisiti03
838 792 992 821 secundum
1016 795 1109 820 autem

262 842 337 879 quod
353 840 518 870 consiliatio
534 840 607 869 idem
629 843 671 868 est
692 839 767 876 quod
783 839 903 868 discreta
925 842 951 867 et
968 842 1043 867 recta
1058 839 1111 867 dis—

261 888 361 926 positio
389 892 415 917 et
443 888 596 921 ordinatio,
618 887 657 915 sic
683 895 736 915 non
766 894 795 915 se
825 886 909 915 habet
937 886 983 914 illo
1012 886 1109 920 modo,

262 936 327 973 qnia
348 935 411 964 talis
442 934 587 971 dispositio
612 934 711 971 regula
732 937 773 962 est
794 937 821 962 et
843 933 1012 970 principium
1037 936 1111 962 recte

262 982 398 1019 eligendi,
419 985 447 1010 et
467 981 530 1010 ideo
544 984 623 1009 actus
638 983 679 1009 est
694 980 758 1008 doni
775 980 903 1017 perfecti;
919 983 946 1008 et
961 980 1012 1008 hoc
1028 979 1111 1007 modo

262 1028 435 1065 accipiendo,
457 1036 511 1056 non
533 1030 575 1056 est
603 1027 693 1056 simile
722 1027 795 1055 inter
823 1026 981 1054 consiliari
1007 1030 1034 1055 et
1062 1026 1112 1054 ad-

262 1075 380 1104 discere.

340 1123 367 1151 lt.
388 1122 427 1150 Ad
450 1121 518 1150 illud
541 1121 617 1158 quod
638 1121 784 1155 obiicitur,
809 1121 882 1157 quod
907 1120 1055 1149 consilium
1070 1128 1113 1148 or-

261 1169 338 1198 dinat
359 1169 395 1197 ad
416 1176 448 1197 ea
469 1176 541 1205 quae
563 1171 628 1196 sunt
650 1167 925 1204 supererogationis3
948 1167 1110 1201 dicendum,

261 1216 336 1253 qnod
358 1215 421 1244 licet
443 1215 490 1243 illa
511 1222 584 1252 quae
605 1217 671 1243 sunt
685 1213 954 1251 supererogationis,
970 1213 997 1241 in
1013 1221 1042 1241 se
1057 1214 1112 1241 sint

939 197 1191 226 SENTENTIARUM
1213 197 1272 226 Ltss.
1296 198 1336 225 ΙΙΙ.

1168 275 1240 303 bona
1261 278 1287 304 et
1309 276 1398 312 magis
1419 275 1510 309 bona;
1532 276 1560 304 in
1575 275 1615 304 eis
1630 278 1723 303 tamen
1737 275 1846 304 facilius
1867 275 1960 304 deficit
1978 276 2016 304 in-
2029 282 2140 302 Notandum.

1169 322 1287 351 firmitas
1315 325 1425 356 nostra,
1455 322 1506 350 nisi
1534 322 1648 350 iuvetur
1675 330 1725 359 per
1751 322 1874 351 divinam
1897 323 2014 359 gratiam

1169 372 1224 397 tam
1247 369 1274 397 in
1296 369 1471 405 empedieizdo
1484 368 1492 381 ²
1515 377 1598 405 quam
1623 369 1648 397 in
1675 368 1803 406 eliqendo
1825 378 1909 406 quam
1931 371 2013 399 etiam

1169 416 1195 443 in
1217 415 1417 453 exsequendo;
1444 416 1520 444 unde
1550 415 1629 443 multi
1652 416 1794 452 refugiunt
1815 421 1842 445 et
1862 417 2015 446 abhorrent

1169 462 1228 498 ipsa
1249 462 1364 490 consilia
1386 462 1444 490 [esu
1467 462 1585 495 Christi,
1600 462 1647 499 qui
1665 464 1756 490 tamen
1772 470 1832 491 esse
1855 467 1972 500 possunt
1986 464 2013 492 in

1168 511 1242 537 statu
1274 509 1403 537 iustitiae.
1427 509 1457 537 Et
1479 512 1625 545 propterea
1647 512 1776 545 respectu
1799 509 1895 538 talium
1918 518 2017 547 oppor-

1169 559 1268 583 tunum
1291 558 1332 583 est
1353 556 1459 583 donum
1485 556 1591 584 consilii
1614 556 1689 584 ultra
1709 556 1815 584 donum
1838 557 1968 585 scientiae
1989 560 2016 586 et

1167 602 1300 631 virtutem
1324 603 1490 639 prudentiae
1511 606 1538 631 et
1559 603 1686 639 regulam
1708 603 1782 631 fidei.

1248 651 1273 678 ὃ.
1295 649 1334 678 Ad
1363 649 1432 678 illud
1454 657 1520 678 vero
1542 650 1617 687 quod
1646 650 1744 679 ultimo
1765 651 1911 684 obiicitur,
1940 651 2016 688 quod

1168 696 1309 724 consiliari
1330 699 1372 725 est
1392 700 1471 725 actus
1494 697 1582 733 ipsius
1603 697 1789 734 prudentiae;
1811 697 1866 725 iam
1886 700 1962 734 patet
1976 705 2017 726 re-

1168 743 1288 780 sponsio.
1310 743 1394 772 Aliter
1415 743 1488 772 enim
1511 747 1553 771 est
1575 744 1663 780 ipsius
1692 744 1859 780 prudentiae
1887 747 1946 772 tum
1976 752 2018 773 ra-

1169 791 1241 819 tione
1268 790 1366 819 obiecti
1401 794 1459 818 tum
1488 790 1570 819 etiam
1600 790 1706 819 ratione
1738 791 1832 825 modi,
1861 799 1946 828 quam
1980 792 2015 820 sit

1169 837 1257 874 ipsius
1278 837 1343 865 doni
1365 837 1480 865 consilii.
1510 837 1555 866 Est
1583 837 1679 865 enim³
1710 837 1798 866 multo
1824 838 2016 867 excellentiori

1169 884 1267 918 modo,
1289 887 1348 912 tum
1371 884 1437 921 quia
1458 892 1506 918 ea,
1528 884 1602 913 circa
1621 892 1692 921 quae
1715 888 1860 920 versatur,
1882 888 1948 914 sunt
1962 893 2018 914 ma—

1169 931 1210 968 gis
1231 931 1322 959 ardua
1340 930 1369 959 'et
1391 931 1572 965 excellentia,
1595 935 1655 959 tum
1677 932 1759 960 etiam
1776 932 1842 969 quia
1857 940 1956 969 regere
1971 933 2017 961 ha-

1169 978 1215 1006 bet
1236 978 1392 1006 secundum
1420 978 1557 1014 principia
1578 978 1695 1012 altiora3
1717 982 1744 1007 et
1766 979 1828 1007 ideo
1850 979 1955 1007 donum
1985 979 2017 1007 il-

1169 1025 1217 1053 lud
1233 1025 1345 1053 nomine
1360 1024 1476 1053 consilii
1488 1025 1569 1053 valde
1584 1025 1696 1062 proprie
1711 1028 1849 1054 censetur.
1865 1042 1904 1046 —
1918 1026 1958 1054 Ex
1974 1026 2017 1055 his
2030 1037 2086 1056 Nota.

1168 1072 1253 1109 igitur
1275 1072 1452 1100 manifestum
1475 1075 1532 1105 est⁷
1553 1072 1617 1108 quis
1638 1072 1673 1100 sit
1694 1072 1779 1101 buius
1801 1072 1865 1100 doni
1880 1076 1974 1107 aetus,
1990 1076 2017 1102 et

1169 1119 1244 1156 quod
1266 1119 1424 1152 obiectum,
1446 1122 1473 1147 et
1494 1127 1566 1156 quae
1588 1118 1752 1157 differentia
1779 1120 1866 1157 ipsius
1889 1124 2016 1157 respectu

1169 1166 1289 1194 aliorum
1313 1165 1476 1200 habituum,
1498 1169 1525 1194 et
1546 1174 1633 1203 quare
1656 1166 1738 1195 etiam
1761 1167 1800 1195 sic
1821 1167 1988 1196 nominetur
2000 1167 2017 1196 ⁴.

1034 1312 1198 1349 QUAESTlO
1220 1312 1250 1340 V.

444 1413 549 1442 Utrum
570 1416 656 1441 actus
677 1412 748 1440 doni
767 1411 955 1449 fortitudinis
977 1411 1119 1439 consistat
1135 1410 1345 1448 principaliter
1366 1410 1449 1439 eirca
1468 1411 1621 1448 passiones
1644 1411 1832 1445 tolerandas,

847 1471 887 1491 (ιη
909 1463 992 1491 cirea
1013 1461 1189 1499 cupiditales
1211 1462 1424 1499 reprimendas.

341 1563 442 1600 Quinto
464 1562 625 1600 quaeritur,
647 1562 711 1599 quis
732 1562 767 1591 sit
788 1565 867 1590 actus
889 1561 1023 1598 proprius
1043 1561 1109 1589 doni

262 1610 448 1644 fortitudinis⁷
470 1613 497 1638 et
517 1609 593 1647 quod
615 1609 676 1638 eius
697 1608 853 1642 obiectum;
869 1611 895 1637 et
910 1612 952 1637 est
966 1608 1109 1645 quaestio,

264 1661 360 1686 utrum
383 1660 462 1685 actus
483 1656 547 1685 doni
570 1655 741 1684 fortitudinis
763 1655 955 1692 principaliter
977 1655 1110 1684 consistat

264 1705 338 1733 circa
359 1704 502 1741 passiones
533 1703 708 1737 tolerandas,
729 1710 764 1731 an
786 1702 860 1731 circa
881 1702 1048 1739 cupiditates
1070 1709 1110 1730 re-

261 1751 432 1788 primendas.
457 1750 486 1779 Et
507 1750 580 1788 quod
604 1749 795 1787 principaliter
816 1749 851 1777 sit
873 1749 947 1778 circa
969 1749 1111 1786 passiones

263 1798 438 1832 tolerandas,
461 1797 607 1830 videtum,

345 1846 368 1873 1.
391 1844 482 1872 Primo
504 1852 553 1880 per
575 1843 738 1880 Gregorium
754 1843 773 1877 ⁵,
788 1843 834 1880 qui
851 1843 918 1871 dicit
932 1850 1017 1879 super
1038 1842 1112 1879 prin—

264 1891 368 1927 cipium
394 1891 455 1924 tob,
485 1890 560 1927 quod
589 1889 835 1918 fortitudinis-doni
864 1893 905 1917 est
933 1889 1001 1917 dare
1031 1888 1112 1925 trepi-

264 1938 340 1967 danti
363 1937 559 1967 confidentiam
573 1948 579 1970 ;
595 1936 643 1965 sed
659 1936 807 1973 trepidatio
824 1935 946 1963 maxime
961 1938 1011 1969 est,
1027 1943 1112 1972 quan-

265 1986 300 2014 do
312 1985 438 2013 imminet
452 1984 608 2021 periculum
625 1983 801 2020 passionum:
817 1990 884 2019 ergo
900 1982 1020 2016 videtur,
1035 1981 1109 2018 quod

265 2032 338 2061 circa
366 2030 527 2060 huiusmodi
558 2030 681 2058 maxime
709 2029 841 2058 consistat
868 2032 946 2057 actus
974 2028 1112 2057 fortitudi-

264 2078 395 2107 nis-doni.

343 2126 369 2153 2.
392 2125 474 2158 item,
496 2123 645 2157 fortitudo,
665 2123 723 2152 sive
739 2123 848 2152 dIcatur
864 2123 968 2151 donum
985 2123 1043 2150 sive
1059 2122 1112 2150 vir-

265 2176 318 2206 tus,
334 2172 446 2209 respicit
461 2171 610 2208 potentiam
628 2171 795 2199 irascibilem
812 2174 945 2206 tanquam
962 2169 1109 2207 proprium

264 2218 460 2251 subiectum⁰3
482 2217 530 2246 sed
561 2216 682 2254 potentia
711 2216 859 2245 irascibilis
881 2216 969 2253 magis
998 2216 1111 2253 proprie

264 2265 377 2302 respicit
398 2264 558 2301 passionum
589 2263 782 2292 sustinentiam
808 2271 895 2300 quam
925 2263 1111 2300 cupiditatum

264 2312 468 2349 repressionem
491 2314 518 2340 et
539 2311 750 2340 abstinentiam:
782 2310 893 2339 videtur
922 2318 1004 2346 ergO,
1036 2310 1111 2346 quod

263 2363 342 2388 actus
364 2358 524 2396 principalis
546 2358 610 2387 doni
630 2357 802 2386 fortitudinis
817 2357 949 2385 consistat
964 2357 1038 2385 circa
1054 2364 1113 2393 pas-

263 2408 373 2436 sionum
396 2406 580 2435 tolerantiam.

1247 1560 1272 1588 3
1295 1560 1378 1594 item,
1401 1560 1452 1589 hoc
1474 1561 1566 1598 ipsum
1589 1561 1746 1590 ostenditur
1768 1569 1818 1599 per
1837 1563 2018 1600 comparatio-

1170 1615 1232 1636 nem
1254 1607 1290 1636 ad
1312 1608 1372 1636 eius
1394 1608 1571 1645 oppositum:
1594 1608 1675 1646 quia,
1698 1609 1769 1638 sicut
1788 1609 1915 1647 largitas
1936 1618 2018 1647 oppo-

1168 1655 1245 1683 nitur
1266 1655 1401 1683 avaritiae
1422 1658 1449 1683 et
1470 1655 1631 1692 cupiditati,
1647 1655 1685 1684 sic
1700 1654 1845 1693 fortitudo
1867 1657 2018 1695 opponitur

1169 1700 1430 1738 pusillanimitati⁷3
1459 1701 1508 1730 sed
1531 1701 1747 1738 pusillanimitas
1769 1703 1923 1732 attenditur
1944 1703 2018 1732 circa

1169 1748 1263 1784 fugam
1287 1748 1462 1785 passionum:
1484 1756 1551 1785 ergo
1573 1749 1686 1777 videtur
1708 1752 1836 1784 econtra,
1852 1750 1927 1787 quod
1943 1750 2018 1778 sorti-

1169 1794 1358 1823 tudo-donum
1374 1794 1506 1823 consistat
1520 1795 1594 1823 circa
1609 1795 1770 1831 passionum
1793 1796 1996 1825 sustinentiam.

1247 1841 1274 1869 [ι.
1296 1841 1378 1875 Item,
1402 1841 1453 1870 boc
1474 1842 1566 1878 ipsum
1589 1842 1745 1871 ostenditur
1764 1850 1815 1880 per
1836 1844 2017 1880 comparatio-

1169 1896 1231 1916 nem
1254 1888 1289 1916 ad
1311 1888 1437 1916 habitum
1461 1889 1773 1918 fortitudinis-virtutis:
1794 1890 1859 1926 quia
1874 1890 2019 1919 fortitudo-

1169 1934 1273 1963 donum
1296 1938 1389 1962 actum
1412 1938 1439 1963 et
1460 1935 1599 1964 obiectum
1622 1935 1705 1964 debet
1727 1936 1831 1965 habere
1853 1936 1880 1964 in
1902 1937 2017 1970 maiori.

1169 1982 1213 2010 vel
1234 1981 1332 2010 saltem
1357 1982 1381 2010 in
1405 1985 1480 2010 tanta
1509 1982 1676 2011 excellentia
1704 1986 1731 2011 et
1755 1983 1911 2018 arduitate,
1933 1992 2018 2021 quan-

1168 2034 1224 2057 tam
1253 2032 1294 2058 est
1321 2029 1445 2065 reperire
1474 2029 1545 2058 clrca
1581 2029 1938 2065 fortitudinem-virtutem3
1968 2031 2017 2060 sed

1170 2075 1293 2103 maxima
1314 2075 1440 2103 arduitas
1461 2075 1585 2104 consistit
1600 2076 1673 2105 circa
1688 2076 1848 2113 passiones:
1864 2084 1931 2114 ergo
1952 2084 2017 2106 cum

1168 2122 1241 2151 circa
1264 2122 1325 2151 illas
1347 2122 1478 2151 consistat
1500 2122 1740 2151 fortitudo-virtus
1754 2123 1771 2157 Β,
1795 2123 1907 2152 videtur
1929 2124 2017 2153 multo

1168 2169 1282 2203 fortius,
1305 2169 1380 2206 quod
1396 2173 1475 2198 actus
1497 2169 1561 2198 doni
1584 2170 1755 2198 fortitudinis
1776 2170 1951 2205 attendatur,
1973 2171 2017 2199 vel

1168 2217 1301 2245 consistat
1322 2217 1348 2245 in
1371 2217 1549 2254 aggressione
1571 2221 1596 2245 et
1620 2217 1766 2246 tolerantia
1789 2218 1958 2254 passionum.

1249 2264 1274 2291 3'.
1304 2264 1385 2297 item,
1408 2263 1480 2292 inter
1501 2271 1598 2292 omnes
1613 2267 1692 2292 actus
1714 2264 1871 2293 meritorios
1893 2265 2017 2293 maxima

1169 2313 1211 2338 est
1232 2309 1383 2338 difficultas
1405 2310 1478 2339 circa
1499 2310 1642 2346 passiones
1664 2311 1858 2344 sustinendas,
1880 2315 1907 2340 et
1929 2311 2017 2348 magis

1169 2356 1205 2385 ad
1227 2357 1279 2385 hoc
1301 2356 1385 2393 inepti
1408 2360 1434 2385 et
1455 2356 1558 2385 infirmi
1582 2365 1699 2385 sumus:
1722 2365 1788 2394 ergo
1813 2358 1834 2386 si
1858 2358 1930 2386 dona
1952 2358 2017 2387 data

1171 2407 1236 2432 sunt
1257 2404 1337 2432 nobis
1365 2404 1399 2432 ad
1426 2404 1635 2441 expediendum
1665 2408 1691 2433 et
1720 2408 1816 2433 contra
1838 2405 2014 2435 infirmitates

328 2564 335 2578 ¹
354 2565 409 2592 pr.
431 2565 452 2592 l,
474 2564 512 2585 ll:
532 2564 553 2585 ln
572 2569 618 2592 quo
636 2564 704 2585 etiam
723 2568 745 2584 ct
772 2569 813 2584 nos
839 2566 899 2584 sorte
925 2563 999 2584 vocati
1017 2568 1111 2588 sumus,

265 2603 426 2632 praedestinati
443 2603 571 2625 secundum
598 2603 743 2630 propositum
770 2602 819 2623 eius
842 2602 881 2630 qni
907 2603 1017 2629 operatur
1035 2602 1112 2623 omnia

264 2642 392 2665 secundum
410 2642 530 2664 consilium
549 2642 672 2664 voluntatis
690 2647 752 2663 suae.
776 2640 821 2662 Ct'r.
840 2641 853 2662 1,
872 2641 932 2662 Sent.
951 2640 972 2662 d.
996 2640 1028 2662 20.
1052 2647 1071 2662 a.
1091 2640 1111 2662 3.

264 2688 286 2710 q.
308 2682 325 2703 l.
343 2682 365 2702 in
382 2687 445 2708 corp.
462 2692 494 2697 --
511 2680 579 2702 Paulo
596 2681 704 2708 superius
722 2682 773 2707 post
790 2680 812 2701 et
827 2678 956 2702 seeundum
976 2678 1035 2701 bene
1047 2679 1112 2700 multi

265 2720 332 2742 codd.
350 2721 452 2742 inserunt
469 2718 547 2741 etiam.
935 2721 942 2724 ·’

326 2759 335 2772 ‘2
352 2758 408 2781 Cod.
427 2759 442 2780 N
461 2757 611 2788 exponendo,
640 2758 690 2780 cod.
710 2759 726 2779 :x
745 2757 894 2786 experiendo.
922 2758 991 2779 Paulo
1017 2758 1111 2779 inferius

265 2803 307 2825 pro
324 2798 484 2826 opportunum
501 2797 552 2819 cod.
570 2796 602 2819 bb
620 2800 641 2819 et
657 2796 710 2818 cdd.
733 2797 750 2824 l,
769 2797 782 2818 2
800 2795 922 2825 optimum..

327 2836 337 2850 ³
354 2835 409 2858 Cod.
427 2836 443 2857 Z
460 2836 552 2863 supplet
573 2834 672 2859 consilii.
699 2835 762 2857 Circa
790 2834 858 2857 finem
884 2835 952 2856 huius
977 2837 1064 2863 quaest.
1090 2837 1112 2856 et

266 2874 351 2901 pluries
368 2875 389 2895 in
407 2878 495 2902 quaest.
512 2880 560 2903 seq.
580 2880 622 2902 pro
640 2875 660 2896 et
678 2873 742 2903 quod
758 2872 874 2896 obiectum
891 2873 944 2895 edd.
962 2874 983 2895 el
1000 2872 1058 2902 quid
1074 2872 1110 2895 ob-

266 2911 357 2935 lectum.

329 2950 337 2964 ⁴
356 2951 415 2973 Vide
431 2952 532 2974 scholion
550 2952 579 2974 ad
598 2952 772 2979 praecedentem
792 2955 879 2980 quaest.

328 2989 337 3003 ⁵
354 2989 414 3011 Libr.
432 2990 444 3011 l.
464 2991 540 3012 Moral.
558 2996 577 3013 c.
596 2991 632 3012 32.
651 2997 671 3012 n.
692 2991 732 3018 Η,
750 2997 820 3018 snper
839 2990 876 3013 lob
900 2991 916 3018 ly
936 2990 960 3018 4,
978 2992 1020 3012 ait:
1040 2990 1111 3013 Forti-

1170 2562 1225 2584 tmlo
1242 2561 1266 2584 in
1284 2562 1320 2584 [lie
1337 2568 1380 2585 suo
1398 2561 1531 2585 matriniam
1548 2561 1615 2591 lircil,
1636 2563 1702 2590 qnia.
1721 2562 1775 2583 (lum
1794 2562 1891 2584 adversa
1911 2568 1955 2584 non
1968 2568 2016 2584 mc-

1170 2602 1222 2628 tuit,
1241 2601 1362 2629 trepidanti
1381 2603 1450 2623 menti
1468 2601 1532 2623 cibos
1549 2601 1699 2623 confidentiae
1717 2602 1819 2629 apponit.
1838 2614 1867 2617 —
1886 2602 1927 2624 Pro
1944 2607 2016 2630 super

1169 2640 1311 2669 principium
1331 2640 1370 2663 lob
1388 2641 1455 2662 codd.
1474 2641 1491 2662 H
1504 2641 1523 2662 K
1534 2641 1549 2661 Z
1567 2646 1639 2669 super
1653 2639 1761 2669 primum
1779 2639 1825 2662 lob.

1232 2679 1241 2693 ⁶
1259 2678 1304 2702 cau
1321 2686 1392 2707 supra
1411 2680 1432 2702 d.
1450 2678 1487 2701 34.
1506 2685 1526 2707 p.
1547 2680 1560 2701 l.
1579 2685 1599 2701 a.
1618 2680 1638 2700 2.
1657 2685 1678 2707 q.
1702 2680 1718 2701 1.
1737 2680 1758 2700 in
1777 2685 1840 2707 corp.
1858 2679 1903 2707 (via
1923 2682 2013 2707 quarta)

1169 2721 1191 2740 ct
1208 2718 1230 2740 d.
1248 2718 1285 2740 33.
1304 2724 1325 2746 q.
1347 2718 1365 2740 st.
1383 2719 1405 2739 in
1423 2724 1486 2745 corp.
1505 2718 1604 2745 (primus
1623 2718 1715 2745 modus)
1734 2724 1775 2740 nec
1792 2724 1836 2739 non
1855 2718 1875 2739 d.
1900 2718 1936 2739 26.
1954 2724 1974 2739 a.
1993 2718 2013 2739 ⁵2.

1169 2764 1191 2785 (1.
1210 2757 1235 2783 5,
1255 2757 1293 2779 ubi
1311 2760 1332 2779 et
1349 2756 1428 2779 minor
1444 2757 1578 2778 insinuatur.
1598 2769 1627 2772 ⁴
1646 2757 1667 2778 ln
1694 2756 1737 2778 fine
1763 2763 1812 2784 arg.
1838 2762 1880 2784 pro
1903 2756 2017 2779 consistat

1169 2796 1233 2818 multi
1251 2796 1319 2818 codd.
1337 2795 1449 2819 consistit.

1230 2835 1240 2849 ⁷
1259 2835 1315 2857 Vide
1333 2841 1401 2862 supra
1421 2841 1472 2863 pag.
1490 2835 1547 2861 736,
1566 2837 1617 2856 nota
1636 2835 1657 2856 8.
1674 2846 1706 2850 —-
1723 2834 1744 2856 ln
1764 2834 1807 2855 [ine
1825 2840 1872 2861 arg.
1887 2840 1929 2861 pro
1946 2833 2015 2857 susti-

1168 2874 1272 2897 nentiam.
1290 2874 1342 2896 edd.
1361 2873 1518 2896 tolerantiam.

1231 2913 1240 2927 Β
1257 2912 1301 2935 Cl'r.
1319 2919 1388 2940 supra
1407 2913 1429 2934 d.
1448 2913 1484 2935 33.
1502 2912 1557 2934 dub.
1576 2912 1596 2934 3.
1613 2924 1645 2928 —
1663 2912 1703 2933 Pro
1721 2911 1761 2934 sed
1779 2911 1885 2934 maxima
1903 2911 1956 2934 cdd.
1974 2911 2016 2934 secl

1167 2951 1283 2979 mawime,
1302 2951 1352 2974 cod.
1372 2952 1390 2973 M
1407 2951 1447 2974 sed
1459 2951 1548 2980 turmis,
1564 2954 1587 2973 et
1602 2951 1709 2977 superius
1722 2956 1763 2977 pro
1778 2952 1892 2980 quantam
1911 2952 1943 2973 esl
1962 2950 2013 2972 cod.

1168 2991 1184 3012 Α
1196 2990 1212 3012 N
1230 2992 1320 3019 quanta
1333 2991 1373 3013 est.
