2166 3366
0 1783 35 1804 vad
47 1784 122 1808 opposi-

40 1810 85 1827 tum.

733 223 815 250 DIST.
839 222 904 251 xlv.
925 223 997 251 ΑΒΓ.
1020 221 1060 250 111.
1081 222 1217 258 QUAEST.
1240 221 1279 249 [ΙΙ.

214 304 240 331 5.
261 302 298 331 Ad
323 302 392 330 illud
424 301 499 339 quod
530 301 675 334 obiicitur,
696 300 771 337 quod
793 308 892 329 sensus
919 300 980 329 eius

134 353 244 387 poterat
264 356 430 386 componere
451 351 479 377 et
499 351 612 381 tenere;
634 347 800 380 dicendum,
819 347 893 384 quod
910 347 979 375 illud

134 405 188 425 non
210 395 274 424 facit
296 395 449 433 profectum
467 395 493 423 in
509 394 663 431 cognitione
684 393 908 431 speculationis,
930 393 979 422 sed

134 443 161 471 in
184 442 338 479 cognitione
359 440 596 478 experimentali,
618 440 749 477 quoniam
773 440 818 468 illa
835 448 905 477 quae
922 447 980 468 sen-

135 497 183 519 sus
208 488 402 525 componebat,
433 491 482 516 aut
513 487 669 520 dividebat,
700 487 775 524 apud
808 486 978 515 intellectum

134 540 214 565 erant
235 536 323 572 magis
343 535 467 572 cognita,
488 542 542 563 non
564 534 654 563 solum
674 538 810 571 quantum
833 534 867 562 ad
889 541 980 562 essen-

135 584 202 617 tias,
223 583 271 611 sed
293 583 376 611 etiam
398 584 534 619 quantum
556 581 590 609 ad
613 580 834 618 comparationes
848 581 869 614 ¹,
885 588 980 609 secun-

135 621 203 660 du'rn
225 638 295 667 quas
316 629 529 666 compositiones
544 631 570 657 et
586 628 735 657 divisiones
750 631 866 664 possunt
881 627 980 655 forma-

1825 220 1880 249 323

1038 299 1101 328 liter
1123 299 1233 327 variari.
1256 299 1333 328 Unde
1354 307 1435 328 secus
1454 303 1495 328 est
1516 299 1550 328 de
1572 299 1726 336 cognitione
1742 307 1838 328 rerum
1854 299 1880 327 in
1896 310 2009 329 Notandum.

1037 347 1146 375 Christo
1167 349 1194 375 et
1216 346 1242 374 in
1264 354 1442 383 quocumque
1463 346 1572 383 Angelo.
1591 346 1684 383 Angeli
1699 346 1772 374 enim
1788 349 1882 382 potue-

1036 397 1102 421 runt
1134 393 1268 430 proficere
1290 392 1316 420 in
1339 393 1493 430 cognitione
1518 401 1613 421 rerum
1636 392 1828 430 componendo
1856 396 1883 421 et

1036 440 1186 468 dividendo
1207 443 1234 468 et
1255 440 1436 474 conterendo,
1468 439 1551 468 etiam
1573 440 1727 476 cognitione
1749 439 1882 476 simplicis

1036 486 1163 520 notitiae,
1186 486 1314 523 quamvis
1330 495 1382 514 non
1399 486 1555 523 reciperent
1570 494 1656 515 novas
1671 487 1791 523 species:
1806 486 1882 514 Chri-

1036 537 1095 562 stus
1116 540 1183 561 vero
1206 533 1337 563 minime,
1358 537 1473 569 propter
1494 533 1657 569 cognitionis
1679 532 1880 569 plenitudinem

1035 583 1062 608 et
1082 579 1295 616 perfectionem,
1324 587 1407 616 quam
1437 579 1531 608 decuit
1551 579 1672 608 animam
1695 580 1755 608 eius
1778 579 1881 608 habere

1035 635 1051 655 a
1072 626 1208 663 principio
1228 633 1296 654 suae
1317 626 1490 654 conditionis.

874 725 1133 762 SOHOLION.

197 821 212 843 l.
229 819 295 848 Quod
313 819 415 842 Christus
432 824 476 840 non
494 818 592 846 potum-tt
604 817 715 845 proficere
733 818 754 839 in
772 817 863 839 scientia
882 815 974 845 infusa,

134 859 213 882 saltem
230 858 308 887 quoad
325 857 439 884 habitum,
458 858 515 878 inter
528 862 609 878 omncs
626 859 727 883 constat;
746 856 812 883 item,
830 855 892 883 quod
911 854 977 882 prosi-

134 903 185 920 cere
198 897 297 924 potuerit
312 895 440 918 secundum
453 895 569 916 scientiam
582 893 797 923 emperimentalem,
811 897 924 922 quatenus
936 898 978 920 per

134 941 202 958 usum
219 940 328 957 sensuum
347 934 416 956 multa
435 940 493 955 nova
511 936 618 961 expertus
635 933 662 955 sit
680 935 701 954 et
718 933 820 955 intuitive
836 932 977 959 cognoverit.

133 973 192 997 Cum
208 977 285 996 autem
303 973 428 995 intellectus
445 973 560 994 humanus
577 978 619 994 usu
637 977 747 993 sensuum
764 971 867 999 acquirat
890 971 978 998 species

134 1013 297 1041 intelligibiles,
316 1016 338 1035 ct
349 1012 402 1034 inde
414 1011 517 1034 habitum
535 1011 741 1033 demonstrativum
758 1010 807 1032 sivc
825 1011 977 1038 cognitionem

133 1052 297 1075 abstractivam
314 1050 458 1074 habitualem
468 1059 476 1077 ;
494 1052 563 1072 restat
580 1050 694 1078 quaestio,
707 1052 783 1071 utrurn
796 1048 899 1071 Christus
911 1049 977 1071 talem

133 1089 239 1114 habitum
256 1091 362 1112 scientiae
380 1090 474 1111 naturali
492 1088 562 1110 modo
580 1089 741 1116 acquisiverit,
762 1090 783 1109 et
800 1088 833 1110 sic
850 1089 977 1115 profecerit.

134 1129 243 1157 Negative
261 1128 401 1156 respondent
417 1134 470 1150 cum
488 1128 510 1149 S.
529 1128 613 1149 Bonav.
631 1127 691 1148 Alex.
710 1127 757 1148 Hal.
775 1127 806 1155 (S.
825 1133 847 1154 p.
866 1127 896 1148 ΙΙΙ.
914 1133 944 1148 m.
957 1127 978 1149 2.

134 1169 194 1190 circa
212 1167 301 1195 finem),
315 1167 371 1189 Petr.
384 1173 396 1189 a
415 1167 479 1193 Tan,
498 1167 534 1188 hic
551 1173 570 1188 a.
589 1165 616 1191 5,
636 1165 741 1188 Richard.
759 1172 770 1187 a
789 1165 858 1193 Med„
877 1166 913 1188 hic
924 1172 944 1187 a.
957 1166 978 1187 3.

133 1213 156 1236 q.
174 1207 199 1234 2,
217 1213 237 1228 a.
256 1205 276 1228 t.
294 1212 315 1234 q.
335 1206 359 1233 3,
378 1206 444 1232 Scot,
463 1206 499 1227 hic
516 1211 538 1233 q.
557 1205 577 1226 3.
595 1211 616 1227 n.
629 1205 658 1232 6,
672 1204 779 1232 Durand.,
794 1205 829 1226 hic
841 1211 862 1233 q.
877 1204 905 1232 4,
924 1211 979 1233 quo-

133 1252 185 1268 rum
202 1246 259 1268 ratio
276 1245 408 1273 principalis
425 1248 470 1271 est,
483 1244 546 1272 quod
564 1243 610 1266 duo
629 1243 719 1265 habitus
736 1243 843 1265 scientiae
860 1249 903 1272 per
919 1243 978 1266 acci-

133 1284 190 1308 dens
206 1285 294 1307 infusae
311 1286 333 1306 et
349 1283 478 1313 acquisitae
494 1284 537 1305 sint
554 1282 658 1305 eiusdem
677 1283 770 1305 rationis
787 1282 860 1311 (quod
874 1282 978 1310 discipuli

135 1325 156 1347 S.
175 1323 279 1347 Thor'nae
297 1324 405 1352 negant);
422 1329 493 1351 porro
510 1323 598 1349 dicunt,
616 1323 683 1344 etiam
701 1322 847 1344 adversarios
865 1324 978 1350 statuere,

1033 815 1096 844 quod
1114 815 1173 837 duae
1191 815 1277 837 soi-mac
1294 815 1397 837 ciusdem
1417 815 1509 837 rationis
1527 821 1570 837 non
1589 816 1676 843 possint
1699 817 1766 838 simul
1784 823 1834 838 csse
1859 818 1880 838 in

1034 853 1115 876 eodem
1133 853 1236 876 subiecto
1254 854 1305 880 (cfr.
1324 853 1344 876 4.
1362 853 1487 881 tundant),
1506 856 1527 876 et
1544 854 1608 882 quod
1624 853 1727 876 Christus
1740 855 1784 876 iam
1797 855 1882 877 habue-

1035 893 1063 914 rit
1078 892 1180 915 habitum
1198 893 1305 915 scientiae
1322 894 1425 914 omnium
1443 898 1521 914 rerum
1534 899 1575 920 per
1586 893 1692 915 accidens
1704 893 1811 915 infusum.
1825 894 1882 916 Huic

1036 932 1156 959 negativae
1168 932 1291 954 sententiae
1304 932 1371 953 etiam
1383 932 1405 953 S.
1419 931 1501 953 Thom.
1514 932 1578 959 prius
1594 932 1696 954 adhaesit
1713 933 1735 954 in
1753 932 1880 955 Comment.

1036 971 1082 995 (hic
1099 977 1118 992 a.
1137 970 1158 992 3.
1176 971 1310 999 quaestiunc
1328 970 1375 998 5.);
1393 971 1433 992 sed
1452 972 1529 998 postea
1547 971 1568 992 in
1586 971 1650 992 Sum.
1669 971 1710 999 (ΙΙΙ.
1733 978 1754 999 q.
1773 972 1794 993 9.
1812 978 1832 994 a.
1851 971 1881 1000 4.)

1036 1010 1193 1038 quaestionem
1211 1010 1346 1032 affirmative
1363 1009 1437 1031 solvit.

1100 1050 1121 1070 ll.
1139 1049 1191 1077 Seq.
1209 1049 1250 1077 (3.)
1269 1050 1384 1077 quaestiO,
1403 1049 1431 1071 de
1449 1056 1493 1077 qua
1511 1050 1556 1071 iam
1574 1050 1621 1077 egit
1634 1049 1739 1077 Magister
1751 1050 1797 1077 (hie
1809 1056 1828 1072 c.
1842 1051 1881 1080 2.),

1036 1088 1065 1111 ab
1082 1088 1190 1110 omnibus
1216 1088 1360 1111 concorditer
1379 1088 1475 1111 solvitur
1492 1091 1514 1110 et
1531 1095 1542 1110 a
1561 1092 1638 1111 nostro
1657 1088 1752 1111 Doctoro
1770 1089 1881 1117 gravibus

1036 1128 1178 1155 argumentis
1196 1127 1313 1155 probatur.
1331 1127 1392 1149 Alex.
1410 1127 1471 1155 Hah,
1490 1127 1531 1149 loc.
1549 1128 1585 1149 cit.
1603 1134 1624 1156 q.
1643 1127 1675 1149 tt.
1689 1134 1718 1149 m.
1733 1128 1753 1150 2.
1767 1141 1796 1144 —
1808 1129 1880 1156 Scot.‚

1036 1167 1068 1188 Ill.
1084 1166 1145 1188 Sent.
1164 1166 1185 1188 d.
1203 1167 1235 1188 16.
1248 1173 1270 1195 q.
1289 1167 1309 1188 2.
1328 1173 1348 1188 n.
1368 1167 1389 1189 9.
1407 1173 1471 1195 seqq.
1483 1178 1515 1182 —
1527 1167 1549 1188 S.
1568 1167 1661 1194 Thom.⁷
1681 1167 1716 1189 hic
1733 1173 1753 1189 a.
1772 1167 1797 1195 τίς
1813 1168 1835 1189 S.
1849 1168 1881 1190 ΙΙΙ.

1036 1212 1058 1234 q.
1075 1205 1108 1227 13.
1126 1212 1145 1227 a.
1168 1205 1208 1227 1-4.
1221 1217 1252 1221 -
1269 1205 1293 1227 B.
1310 1205 1407 1233 Albert.‚
1425 1206 1461 1227 hic
1473 1212 1492 1227 a.
1507 1205 1527 1227 5.
1539 1218 1571 1222 —
1583 1206 1639 1227 Petr.
1652 1212 1664 1227 a
1686 1206 1748 1233 Tan,
1769 1207 1804 1228 hic
1822 1213 1841 1228 a.
1860 1208 1881 1229 6.

1035 1256 1067 1260 -
1084 1244 1189 1266 Richard.
1207 1251 1218 1266 a
1238 1244 1306 1272 Med,
1325 1245 1361 1266 hic
1378 1250 1397 1266 a.
1416 1244 1436 1266 5.
1454 1250 1476 1273 q.
1499 1244 1539 1266 t-3.
1558 1257 1587 1259 —
1605 1244 1717 1273 Durand.y
1731 1245 1766 1267 hic
1779 1251 1799 1274 q.
1818 1245 1839 1267 5.
1851 1257 1883 1261 —

1036 1283 1128 1311 Dionys.
1147 1281 1235 1310 Carth,
1255 1283 1290 1304 hic
1307 1289 1329 1311 q.
1349 1281 1368 1304 4.

890 1412 1052 1449 QUAESTIO
1074 1412 1113 1440 111.

188 1501 292 1529 Utrum
315 1500 391 1529 Deus
412 1499 674 1528 communicaverit
694 1498 814 1527 animae
837 1498 948 1527 Christi
967 1498 1220 1535 omnipotentiam,
1241 1499 1318 1526 sicut
1339 1498 1567 1527 communicavit
1589 1499 1830 1528 omniscientiam.

213 1599 305 1628 Tertio
326 1598 487 1636 quaeritur,
508 1601 604 1626 utrum
627 1597 702 1626 Deus
730 1597 978 1625 communicaverit

134 1646 243 1675 animae
264 1645 364 1674 Christi
397 1644 640 1681 omnipotentiam,
662 1644 733 1672 sicut
764 1643 979 1672 communicavit

133 1693 158 1722 ei
179 1692 408 1721 omniscientiam.
431 1691 461 1719 Et
482 1691 557 1728 quod
579 1691 633 1724 sic,
656 1690 776 1719 videtur.

214 1740 238 1767 1.
261 1738 298 1767 Ad
314 1738 503 1775 Philippenses
523 1737 680 1766 secundo²t
704 1737 788 1766 Dedit
801 1737 845 1765 itti
858 1745 977 1771 nomen,

134 1785 212 1824 quod
231 1789 273 1813 est
291 1793 380 1822 saper
401 1792 484 1812 omae
503 1792 623 1812 nomen:
646 1791 713 1820 ergo
735 1784 757 1812 si
780 1791 833 1812 non
856 1783 932 1812 dedit
953 1783 977 1812 ei

135 1839 233 1860 nomen
255 1831 314 1860 sine
336 1839 381 1865 re,
403 1830 479 1859 dedit
501 1830 584 1867 igitur
606 1830 643 1858 illi
667 1830 800 1858 virtutem
822 1838 907 1867 super
922 1838 978 1858 om-

135 1887 199 1908 nem
221 1879 353 1907 virtutem
375 1881 402 1907 et
417 1878 567 1915 potentiam
584 1884 670 1914 super
684 1885 794 1906 omnem
811 1877 976 1914 potentiam:

133 1934 200 1963 ergo
221 1926 298 1955 dedit
318 1925 342 1954 ei
364 1925 600 1962 omnipotentiam.

212 1974 239 2001 2.
262 1972 342 2006 Item,
359 1979 423 2001 cum
439 1971 492 2000 tria
506 1972 561 2000 sint
575 1971 601 1999 in
617 1971 725 2004 anima,
741 1971 878 2008 potentia,
893 1971 978 1999 scien-

135 2020 171 2048 tia
191 2022 219 2048 et
240 2019 383 2053 voluntas,
404 2022 436 2047 ut
455 2018 516 2047 vult
538 2018 728 2052 Richardus³,
750 2018 879 2047 voluntas
900 2026 978 2055 prae-

134 2066 265 2103 supponit
285 2065 444 2100 scientiam,
465 2068 492 2094 et.
513 2064 626 2094 scientia
654 2065 854 2102 praesupponit
885 2068 978 2102 poten-

134 2112 215 2141 tiam:
237 2120 304 2149 ergo
326 2114 441 2146 natura,
463 2119 534 2149 quae
556 2115 596 2140 est
611 2119 701 2148 capax
717 2111 863 2145 scientiae,
879 2115 920 2140 est
935 2120 977 2141 ca-

134 2167 190 2197 pax
211 2159 363 2196 potentiae:
386 2167 453 2196 ergo
468 2166 540 2196 quae
555 2162 596 2187 est
611 2166 699 2195 capax
714 2158 921 2187 omniscientiae
935 2162 977 2187 est

133 2214 222 2243 capax
244 2205 475 2243 omnipotentiae;
497 2205 544 2234 sed
567 2205 660 2233 amma
681 2205 782 2234 Christi
805 2205 856 2233 suit
886 2213 976 2242 capax

134 2252 340 2282 omniscientiae
351 2275 358 2286 ,
380 2252 452 2281 sicut
473 2260 560 2289 supra
572 2252 581 2265 ⁴
604 2255 746 2280 ostensum
763 2252 829 2280 suit:
845 2260 911 2289 ergo
926 2252 977 2281 suit

133 2307 223 2337 capax
244 2299 467 2336 omnipotentiae.

213 2346 238 2375 3.
259 2346 340 2381 ltem,
363 2346 507 2383 amplioris
521 2345 692 2375 extensionis
706 2349 748 2374 est
763 2346 876 2375 scientia
891 2354 975 2383 quam

135 2393 255 2431 potentia
269 2410 308 2414 —
327 2401 408 2422 omne
429 2393 503 2422 enim
525 2393 599 2430 quod
622 2392 696 2421 Deus
716 2396 820 2429 potest,
842 2393 908 2427 scit,
927 2393 975 2421 sed

135 2449 187 2469 non
209 2439 380 2469 convertitur
403 2455 440 2460 --
461 2439 507 2467 sed
531 2439 603 2476 quod
626 2447 715 2476 capax
738 2442 779 2468 est
801 2439 839 2468 rei
864 2439 976 2468 maioris

134 2490 176 2516 est
196 2495 284 2523 capax
306 2486 345 2515 rei
369 2486 483 2515 minoris
496 2486 521 2514 ⁶:
542 2494 609 2523 ergo
630 2486 652 2514 si
672 2486 765 2514 anima
792 2485 892 2514 Christi
926 2486 977 2514 tuit

133 2542 223 2571 capax
237 2533 460 2567 omniscientiae‚
475 2532 527 2561 suit
541 2532 623 2561 etiam
640 2540 729 2570 capax
745 2532 975 2569 omnipotentiae:

133 2588 200 2617 ergo
221 2579 318 2609 debuit
339 2579 413 2608 Deus
434 2579 458 2607 ei
481 2579 688 2608 communicare
709 2578 946 2615 omnipotentiam.

1112 1597 1139 1625 [ι.
1162 1596 1243 1631 item,
1266 1605 1345 1634 posse
1367 1597 1437 1626 scire
1452 1605 1541 1626 unum
1557 1597 1652 1626 scibile
1672 1602 1714 1627 est
1729 1599 1880 1635 potentiae,

1035 1651 1101 1680 ergo
1123 1651 1202 1680 posse
1224 1643 1294 1672 scire
1316 1644 1372 1672 duo
1393 1644 1500 1672 scibilia
1528 1647 1570 1673 est
1591 1644 1703 1673 maioris
1725 1645 1881 1682 potentiae,

1035 1693 1062 1718 et
1083 1690 1122 1719 sic
1144 1690 1334 1727 procedendo:
1356 1698 1423 1725 ergo
1447 1698 1526 1727 posse
1548 1692 1619 1720 scire
1641 1691 1747 1720 infinita
1775 1692 1881 1721 scibilia

1035 1740 1077 1765 est
1096 1745 1223 1766 summae
1241 1740 1269 1765 et
1283 1737 1405 1765 infinitae
1427 1737 1576 1773 potentiae:
1593 1738 1641 1766 sed
1663 1738 1755 1766 anima
1774 1738 1877 1768 Christi

1035 1783 1125 1820 potuit
1139 1783 1210 1812 scire
1232 1783 1338 1811 infinita
1355 1783 1462 1812 scibilia
1474 1783 1496 1812 ⁶:
1519 1792 1586 1821 ergo
1601 1784 1674 1813 Deus
1695 1786 1882 1814 communica-

1036 1830 1074 1858 vit
1095 1830 1120 1859 ei
1141 1830 1378 1867 omnipotentiam.

1115 1879 1139 1905 5.
1163 1877 1244 1912 ltem,
1265 1877 1367 1906 artifex
1391 1878 1542 1907 materialis
1564 1887 1617 1907 non
1640 1879 1729 1908 solum
1758 1888 1882 1909 commu-

1035 1924 1108 1952 nicat
1129 1924 1185 1952 tilio
1206 1932 1257 1953 suo
1279 1925 1421 1953 scientiam
1438 1925 1571 1962 simplicis
1592 1926 1718 1960 notitiae,
1733 1927 1781 1955 sed
1797 1927 1880 1956 etiam

1035 1971 1178 1999 scientiam
1201 1970 1365 2007 practicam:
1387 1979 1453 2008 ergo
1476 1972 1563 2000 multo
1585 1972 1683 2001 fortius
1706 1973 1757 2001 hoc
1775 1973 1783 1986 ⁷
1807 1974 1881 2003 Deus

1034 2018 1249 2046 communicavit
1269 2018 1378 2046 animae
1400 2019 1517 2053 Christi;
1546 2019 1594 2048 sed
1616 2019 1731 2048 scientia
1759 2021 1882 2057 practica

1034 2065 1118 2093 habet
1145 2065 1333 2101 operationem
1361 2065 1557 2099 coniunctam,
1586 2069 1613 2095 et
1643 2067 1767 2104 operatio
1797 2068 1880 2097 babet

1034 2112 1184 2149 potentiam
1200 2112 1357 2152 praeviam:
1380 2120 1446 2149 ergo
1461 2113 1482 2142 si
1506 2113 1580 2142 Deus
1595 2114 1811 2143 communicavit
1825 2115 1882 2143 ani-

1035 2166 1095 2187 mae
1123 2158 1223 2187 Christi
1253 2159 1395 2188 scientiam
1426 2159 1575 2196 practicam
1604 2160 1729 2189 omnium
1762 2168 1879 2196 rerum,

1034 2205 1249 2234 communic-avit
1270 2213 1337 2243 ergo
1357 2206 1382 2234 ei
1407 2206 1643 2243 omnipotentiam.

1113 2254 1139 2281 6.
1161 2253 1240 2287 Item,
1262 2253 1334 2282 sicut
1349 2253 1505 2282 intellectus
1526 2253 1635 2281 animae
1650 2253 1752 2282 Christi
1768 2255 1880 2283 coniun-

1033 2302 1095 2328 ctus
1116 2302 1157 2328 est
1178 2299 1288 2328 dlvinae
1309 2300 1472 2337 sapientiae,
1495 2301 1532 2329 ita
1552 2301 1634 2329 etiam
1650 2304 1677 2329 et
1699 2301 1788 2330 virtus
1804 2301 1879 2331 illius

1033 2346 1142 2374 animae
1164 2346 1258 2374 iuncta
1278 2349 1320 2375 est
1334 2346 1444 2375 divinae
1467 2347 1603 2383 potentiae
1617 2363 1656 2367 —
1671 2347 1790 2376 dicimus
1804 2348 1877 2376 enim

1036 2391 1185 2420 Christum
1208 2392 1260 2420 Dei
1275 2392 1410 2421 vit-tatewit
1431 2396 1456 2421 et
1472 2393 1524 2421 Dei
1543 2393 1720 2430 sapientiam
1735 2394 1744 2407 ‘³
1760 2411 1798 2415 -—
1812 2402 1879 2432 ergo

1034 2438 1106 2467 sicut
1120 2439 1276 2467 intellectus
1290 2439 1399 2468 animae
1413 2439 1513 2468 Christi
1530 2443 1644 2477 propter
1655 2440 1877 2470 coniunctionem

1033 2485 1094 2514 eius
1115 2485 1150 2514 ad
1173 2493 1311 2514 summam
1333 2486 1496 2523 sapientiam
1519 2490 1560 2516 est
1581 2487 1670 2516 factus
1691 2488 1876 2522 omnisciens,

1035 2531 1070 2559 ita
1092 2534 1119 2560 et
1140 2531 1229 2560 virtus
1251 2535 1364 2569 propter
1385 2533 1606 2562 coniunctiOnem
1623 2541 1685 2562 cum
1708 2542 1818 2563 sumina
1834 2543 1878 2572 po-

1034 2579 1118 2607 tentia
1140 2579 1237 2607 debuit
1258 2579 1318 2608 fieri
1338 2580 1523 2617 omnipotens.

199 2701 204 2715 ¹
223 2700 279 2723 Edd.
296 2707 349 2723 cum
368 2700 443 2722 multis
460 2700 527 2722 codd.
545 2701 625 2722 vitiose
642 2700 826 2729 compositiones.
843 2713 875 2717 —
892 2701 923 2723 De
941 2708 977 2723 na-

136 2740 200 2762 turati
217 2740 347 2767 cognitione
364 2739 505 2766 Angelorum
518 2738 570 2761 vide
588 2739 610 2761 ll.
623 2739 683 2761 Sunt.
696 2739 718 2761 d.
736 2739 757 2761 3.
771 2745 793 2766 p.
807 2739 830 2761 ll.
847 2746 867 2761 a.
886 2740 907 2761 2.
920 2746 941 2768 q.
959 2740 976 2762 l.

198 2778 208 2792 ²
226 2777 290 2800 Vers.
308 2778 329 2800 9.

198 2815 208 2830 ³
223 2816 284 2838 Libr.
302 2816 337 2838 Vt.
355 2816 384 2838 de
401 2815 463 2838 Trin.
481 2822 500 2838 c.
527 2815 564 2843 15,
592 2815 630 2837 uhi
656 2815 685 2837 (le
711 2816 783 2838 tribus
810 2817 976 2844 appropriatis,

135 2854 181 2876 scil.
199 2855 310 2882 potentia,
328 2854 437 2881 sapientia
455 2856 478 2876 et
494 2853 608 2881 bonitate,
627 2860 698 2881 agens
715 2853 823 2881 ostendit,
840 2854 904 2882 quod
922 2855 977 2876 mul-

136 2893 203 2920 tiplex
221 2893 320 2920 potentia
337 2898 388 2915 esse
406 2896 490 2920 potest,
509 2891 547 2914 ubi
566 2892 624 2914 nulla
644 2894 717 2919 potest
733 2898 783 2914 esse
800 2893 923 2920 sapientia,
941 2899 975 2915 ex.

137 2938 170 2959 gr.
189 2932 210 2953 in
228 2931 298 2953 rebus
319 2931 437 2954 insensatis
462 2934 484 2954 et
501 2930 584 2958 brutis;
606 2938 615 2951 ι
634 2933 725 2953 econtra
743 2934 831 2959 autem,
851 2931 888 2954 ubi
917 2932 976 2954 nulla

138 2970 236 2997 potentia
255 2973 300 2997 est,
319 2970 378 2992 nulla
396 2970 506 2998 sapientia
532 2970 606 2992 inesse
631 2973 712 2997 potest.
730 2969 785 2992 Nam
804 2976 871 2998 posse
895 2977 976 2998 sapore

136 3008 224 3037 absque
240 3008 312 3031 dubio
328 3012 363 3032 est
379 3009 464 3037 aliquid
480 3014 554 3037 posse.
581 3008 622 3030 Dat
639 3009 707 3036 igitur
729 3015 779 3031 esse
795 3015 862 3038 posse
880 3015 923 3031 non
941 3016 977 3031 sa-

1035 2702 1116 2728 pientia
1136 2702 1261 2729 potentiae,
1278 2701 1319 2723 sed
1337 2703 1435 2729 potentia
1453 2703 1600 2730 sapientiae...
1619 2702 1677 2724 nulla
1697 2702 1786 2724 bonitas
1803 2703 1877 2725 inesse

1034 2740 1122 2768 poterit,
1142 2739 1179 2762 ubi
1192 2741 1301 2768 sapientia
1315 2741 1350 2762 vol
1364 2741 1462 2768 potentia
1475 2741 1568 2762 omnino
1580 2740 1678 2763 desuerit
1691 2749 1700 2760 n
1716 2743 1757 2763 cic.
1770 2741 1814 2764 (Ifr.
1827 2742 1876 2764 eius

1033 2784 1112 2806 opusc.
1130 2778 1159 2800 de
1177 2778 1261 2801 Tribus
1279 2780 1433 2807 appropriatis
1451 2780 1554 2801 Pet-sonis
1572 2780 1593 2801 in
1612 2780 1727 2802 Trinitaoe.

1096 2816 1105 2830 ⁴
1122 2818 1168 2838 Art.
1187 2818 1207 2839 2.
1226 2824 1248 2846 q.
1267 2818 1287 2839 3.

1096 2854 1106 2868 ⁵
1123 2855 1207 2882 {tegula
1226 2856 1281 2877 iuris
1298 2855 1334 2878 35.
1352 2855 1389 2883 (V.
1407 2856 1466 2878 Sext.
1480 2857 1566 2879 Decrot.
1585 2857 1606 2879 in
1625 2857 1690 2884 fine):
1709 2857 1766 2880 Plas
1783 2864 1876 2887 semper

1033 2893 1055 2915 in
1073 2899 1097 2915 se
1114 2894 1213 2916 continet
1230 2893 1293 2922 quod
1310 2897 1343 2915 cst
1360 2894 1446 2916 minus.

1095 2931 1105 2945 ⁶
1123 2931 1180 2953 Vide
1197 2938 1267 2960 supra
1285 2940 1304 2955 a.
1323 2934 1344 2955 2.
1362 2940 1384 2962 q.
1403 2933 1423 2955 3.

1094 2970 1104 2985 ⁷
1122 2970 1177 2993 ΕΜ.
1195 2970 1263 2994 hanc.

1095 3009 1105 3024 ὅ
1122 3009 1190 3038 Epist.
1209 3010 1222 3032 l.
1241 3010 1291 3032 Cor.
1311 3011 1335 3038 l,
1354 3010 1390 3033 24.
