2166 3366
0 1579 3 1586 ι

1 1590 3 1598 ι

0 1655 2 1664 ι

734 178 816 206 DlST.
838 177 924 207 XVlll.
946 177 1018 206 ΛΒΤ.
1041 177 1058 206 1.
1080 177 1216 214 QUAEST.
1238 178 1277 206 lll.
1832 180 1887 209 385

885 307 1145 343 SOHOLION.

208 399 221 421 Ι.
239 398 297 421 Cum
315 398 443 421 secundum
461 398 573 421 actionem
590 397 683 420 divinae
695 400 788 420 naturae
800 403 844 420 non
857 398 928 425 possit
939 403 989 419 esse

145 438 248 467 quaestio
266 437 294 460 de
311 437 404 465 merito,
422 437 458 458 hic
476 437 679 464 praesupponitur‚
697 437 718 458 in
737 435 826 458 Christo
842 436 910 458 ruisse
920 436 987 458 ctiam

144 477 256 499 actionem
282 475 427 503 itomanam,
455 475 490 497 vel
509 475 584 502 potius
601 474 833 502 divino-limantium,
851 475 880 497 (le
898 481 942 504 qua
966 475 987 496 in

145 514 244 538 Concilio
260 514 411 541 Latemnensi,
424 520 460 535 an.
473 513 518 535 649
530 513 574 535 sub
592 513 685 535 Min-tino
703 514 716 536 1.
735 514 848 536 celebrato
860 513 919 542 (can.
936 513 987 542 ⁸5),

145 553 254 577 docetur:
276 554 319 575 «Si
338 554 389 582 quis
406 552 533 575 secundum
559 552 685 575 scelerosos
711 554 836 576 haereticos
859 552 987 576 deivirilem

144 593 313 621 operationem,
339 598 409 621 quam
434 592 513 614 Graeci
536 590 769 621 (1ιοιιιιιῠεανόρικήν,
788 598 857 614 unam
874 593 987 621 operatio-

145 637 196 655 nem
222 632 354 659 insipienter
376 631 483 659 suscipit,
510 637 554 652 non
572 633 649 653 autem
666 631 782 659 duplicem
800 638 851 654 esse
868 631 988 654 confltetur

143 670 272 693 secundum
290 670 324 692 Ss.
342 670 430 698 Patres,
449 670 492 692 hoc
508 672 542 692 est
559 669 660 692 divinam
673 672 694 691 et
707 670 846 698 humunam;
864 674 902 693 aut
914 671 987 699 ipsam

145 709 264 737 deivirilis,
290 714 350 737 quae
375 709 446 736 posita
465 711 510 736 cst,
537 714 621 730 novam
647 708 753 730 vocabuli
776 709 899 732 dictionem
916 709 988 733 ‘unius

144 753 193 770 esse
210 747 390 775 designativam,
402 746 443 769 sed
460 753 503 769 non
522 746 646 777 utriusque
663 747 771 769 minitione
784 751 805 770 ot
817 748 929 776 gloriosae
941 748 988 770 uni-

144 787 211 810 tionis
227 785 442 813 demonstrativam‚
461 785 626 808 condemnatus
643 787 671 808 sit
683 794 703 808 υ.
721 786 780 809 llaec
792 790 867 809 autom
880 787 938 809 actio
950 787 989 809 hu-

143 831 211 848 mana
228 826 251 847 in
268 825 357 847 Christo
374 825 456 848 dlcitur
473 825 540 847 etiam
558 824 651 852 divina,
673 833 682 844 α
696 826 805 854 nunquia
819 826 895 848 divina
908 826 936 848 sit
948 831 989 853 por

144 864 281 892 essentiam,
309 864 349 886 sed
375 870 416 892 ρει·
439 863 656 893 participationem,
685 867 707 885 ct
729 865 771 886 hoe
790 865 869 892 triplici
888 865 988 888 ratione:

144 904 220 932 primo
241 906 335 932 propter
361 903 534 925 associationem
551 903 573 924 in
592 909 635 925 una
652 908 754 931 persona
770 904 869 932 ayrnte‚·
888 903 989 926 serundo

145 945 239 972 propter
255 942 428 965 associationem
446 942 546 970 aliquam
564 942 584 964 in
602 941 671 964 modo
689 941 788 971 ayrncli,
802 943 854 970 quia
869 943 990 970 perfectius

144 981 284 1010 operabatur
300 981 381 1003 ceteris
397 980 546 1009 operantibus
563 983 657 1009 propter
673 981 792 1009 unionem,
810 982 867 1003 sit-ut
884 982 991 1004 sensuali-

144 1023 178 1043 tas
194 1021 216 1043 in
234 1021 325 1042 homine
344 1020 466 1048 perfectius
482 1025 552 1048 quam
575 1020 596 1042 in
623 1019 710 1047 brutis;
734 1020 798 1042 tertio
816 1023 910 1048 propter
926 1027 990 1043 asso-

143 1059 264 1082 ciationem
282 1059 303 1081 in
322 1064 369 1081 uno
386 1058 480 1088 effectu,
500 1064 540 1081 seu
558 1064 628 1086 opere
646 1061 752 1086 operato,
771 1061 795 1081 ιιι
812 1060 833 1080 ιιι
852 1065 898 1081 ιιηο
915 1062 937 1081 et
955 1066 991 1081 eo-

144 1098 197 1121 dem
215 1098 336 1126 miraculo,
354 1098 375 1120 in
393 1104 440 1126 quo
461 1098 571 1120 Divinitas
597 1097 737 1125 operabatur
758 1097 870 1125 internas,
889 1099 946 1121 sieut
963 1099 990 1120 le·

144 1142 239 1166 prosum
252 1136 367 1166 sanando,
379 1137 509 1159 humanitus
519 1135 638 1165 exterius,
653 1137 711 1158 sicut
722 1136 839 1164 leprosum
852 1137 966 1163 tangendo
978 1146 987 1156 n

144 1176 182 1206 (ita
201 1176 257 1199 l’etr.
276 1183 287 1198 a
306 1175 371 1204 Tan,
391 1176 426 1197 hic
447 1182 468 1205 q.
491 1176 508 1197 1.
525 1182 545 1197 a.
567 1176 592 1204 ¹3
609 1175 648 1197 cfr.
667 1176 688 1197 S.
708 1175 799 1203 Thoai.⁷
817 1176 839 1197 S.
860 1175 890 1197 ΙΙΙ.
909 1182 931 1204 q.
958 1176 991 1198 19.

143 1222 162 1238 a.
181 1216 209 1243 2;
229 1215 321 1243 Bonav„
338 1221 408 1243 supra
427 1214 448 1237 d.
470 1214 503 1236 17.
522 1221 541 1237 a.
564 1214 582 1237 1.
600 1221 622 1243 q.
644 1215 662 1237 1.
681 1215 719 1242 §i.).

208 1255 230 1278 11.
249 1255 364 1277 Distinctio
381 1255 475 1283 triplicis
491 1253 570 1277 meriti
586 1260 617 1277 ea:
629 1253 744 1284 condique
758 1256 832 1276 sumta
846 1257 880 1276 cst
891 1260 918 1276 ex
931 1255 991 1276 Alex.

1045 397 1099 424 1131,
1118 398 1139 420 S.
1159 404 1180 425 p.
1199 397 1229 419 lll.
1248 404 1269 426 q.
1300 397 1332 419 17.
1352 404 1381 419 ιιι.
1404 398 1424 424 1,
1444 399 1483 426 qui
1502 398 1531 420 ibi
1551 399 1653 427 quinque
1674 400 1763 426 species
1781 401 1853 422 meriti
1872 401 1894 422 in

1044 442 1129 466 ywere
1141 436 1266 464 distinguit.
1280 449 1310 452 —-
1322 436 1465 466 Notandum,
1483 438 1545 466 quod
1564 439 1585 460 in
1604 439 1715 461 solutione
1733 438 1762 461 ad
1784 439 1801 461 1.
1814 438 1835 460 5.
1849 442 1893 461 tan-

1045 475 1106 502 gitur
1123 475 1238 504 quaestio,
1257 475 1279 497 in
1297 481 1341 504 qua
1360 475 1470 498 solvenda
1488 477 1626 504 posteriores
1643 477 1741 505 theologi
1755 477 1852 499 multum
1865 478 1894 499 la-

1045 513 1198 541 boraverunt,
1216 514 1299 536 scilicet
1321 514 1439 542 quomodo
1465 515 1486 536 ιιι
1505 514 1593 537 Christo
1611 516 1677 537 suerit
1694 516 1810 538 sutileiens
1828 515 1892 539 liber-

1044 553 1081 574 tas
1101 552 1129 574 ad
1148 552 1284 574 men-ndum
1304 552 1355 580 (vir.
1375 553 1410 574 hie
1428 560 1447 575 a.
1466 554 1487 575 2.
1505 560 1526 582 q.
1545 554 1565 575 2.
1583 558 1604 576 ot
1620 561 1689 582 supra
1708 555 1730 577 d.
1752 555 1784 577 12.
1803 562 1823 577 a.
1836 556 1857 578 2.
1870 562 1892 584 q.

1048 591 1066 613 1.
1085 591 1114 619 2;
1133 591 1155 613 11.
1174 592 1233 614 Sent.
1247 591 1269 613 d.
1290 591 1311 613 7.
1333 597 1355 619 ρ.
1375 592 1387 614 Ι.
1406 598 1425 614 a.
1444 592 1464 614 2.
1483 599 1505 621 q.
1527 593 1562 619 1.).
1579 605 1611 609 -
1630 594 1682 615 item
1701 594 1722 615 ιιι
1740 594 1805 616 solut.
1824 593 1853 616 ad
1871 594 1894 616 2.

1045 630 1141 652 docetur
1150 648 1155 658 ,
1173 631 1235 659 quod
1253 630 1356 653 Christus
1368 631 1549 659 singularissimo
1563 631 1631 654 modo
1644 632 1710 655 suerit
1723 634 1744 654 ιιι
1757 636 1814 656 statu
1827 633 1890 662 nme,

1045 673 1107 692 extra
1126 676 1196 698 quem
1214 676 1258 692 uon
1277 673 1350 698 potest
1375 676 1425 692 esse
1443 671 1550 693 meritum
1568 671 1618 697 (cfr.
1637 672 1660 693 11.
1678 672 1738 693 Scnt.
1757 672 1779 694 d.
1797 673 1819 694 7.
1837 679 1860 700 p.
1880 673 1892 695 Ι.

1045 715 1065 730 a.
1086 709 1105 730 1.
1123 715 1144 737 q.
1167 709 1207 737 1.),
1225 711 1247 730 et
1264 709 1327 738 quod
1345 715 1389 731 non
1408 710 1494 732 ratione
1513 710 1598 737 gloriae
1616 713 1638 732 ct
1655 711 1739 733 amoris
1757 712 1810 734 huic
1827 713 1895 734 statui

1045 749 1125 770 annexi
1145 749 1253 770 meruerit
1272 749 1320 773 (cfr.
1333 755 1352 770 a.
1367 749 1387 771 2.
1405 756 1427 778 q.
1444 749 1461 771 1.
1475 749 1577 771 tundam.
1592 749 1612 772 ΣΞ.
1626 753 1648 772 et
1660 750 1689 771 ad
1702 750 1742 777 2.),
1755 750 1795 772 srtl
1809 752 1895 773 ratione

1046 787 1142 813 unieris,
1160 793 1230 815 quem
1243 787 1322 809 habuit
1335 790 1359 810 ut
1371 788 1444 810 viator
1455 794 1482 809 ox
1495 788 1565 815 gratia
1580 788 1660 810 intusa.
1673 788 1823 811 Consentiunt
1835 790 1895 812 Alex.

1046 826 1093 847 llal.
1111 829 1133 848 et
1150 826 1172 848 S.
1186 826 1267 848 Thom.
1281 826 1364 855 aliique
1377 826 1448 848 multi.
1460 827 1541 849 Scotus
1554 830 1630 849 autem
1643 833 1696 849 cum
1710 828 1823 849 nonnuliis
1836 829 1895 856 tuit,

1046 863 1160 887 Christum
1178 865 1246 886 etium
1260 871 1300 892 per
1312 871 1414 887 amorem
1428 865 1557 887 beatificum
1571 867 1690 888 meruisse.
1704 878 1733 881 —
1743 866 1845 895 Denique
1858 867 1896 889 ob-

1046 903 1186 926 servandum
1205 908 1246 931 cst,
1258 904 1321 932 quod
1334 905 1355 926 in
1368 910 1431 932 corp.
1444 905 1497 927 sutis
1509 905 1569 927 clare
1582 905 1689 933 docetur,
1701 904 1816 928 Christum
1830 906 1896 928 nobis

1046 943 1114 965 etiam
1131 942 1313 972 applicationem
1331 944 1365 965 sui
1385 944 1457 965 meriti
1476 947 1579 971 respectu
1599 944 1686 971 primae
1711 944 1829 966 infusionis
1847 951 1896 972 gra-

1047 981 1090 1003 tiae
1107 982 1266 1004 sanctificantis
1284 983 1409 1010 meruisse,
1428 982 1489 1011 qnod
1509 983 1586 1010 plures
1603 983 1688 1011 antiqui
1711 983 1810 1011 theologi
1829 990 1895 1011 nega-

1047 1023 1100 1043 runt
1117 1020 1166 1048 (cfr.
1186 1020 1291 1042 ltichard.
1309 1027 1321 1042 a
1341 1021 1409 1048 Med,
1426 1021 1462 1042 hic
1479 1028 1498 1043 a.
1517 1022 1537 1043 2.
1555 1028 1577 1050 q.
1596 1020 1616 1049 t,
1635 1024 1656 1043 et
1674 1022 1758 1043 Sum-vr.
1783 1023 1804 1043 in
1823 1022 1854 1045 ΙΙΙ.
1873 1029 1896 1050 ρ.

1047 1060 1110 1081 Sum.
1129 1059 1187 1087 disp.
1206 1058 1243 1082 41.
1261 1062 1314 1082 sect.
1334 1060 1374 1088 2.).

1111 1098 1141 1119 lll.
1160 1098 1221 1120 Alex.
1239 1098 1299 1126 itai„
1319 1099 1359 1121 loc.
1378 1099 1414 1121 cit.
1428 1100 1542 1126 —S‹*ot.‚
1561 1099 1582 1121 in
1600 1103 1697 1127 utroque
1715 1100 1805 1127 Scripto
1825 1100 1861 1122 hic
1873 1106 1895 1129 q.

1050 1138 1123 1159 unica.
1141 1150 1171 1153 —-
1187 1138 1209 1160 S.
1229 1137 1323 1165 Thom„
1342 1138 1378 1159 hic
1395 1145 1414 1160 a.
1434 1138 1461 1165 2;
1480 1139 1501 1160 S.
1521 1138 1551 1160 lll.
1569 1144 1591 1167 q.
1615 1139 1646 1160 19.
1664 1144 1684 1160 a.
1703 1138 1723 1160 3.
1743 1138 1763 1161 4.
1780 1150 1812 1154 -
1824 1139 1846 1161 Β.
1860 1139 1896 1161 ΛΙ-

1050 1176 1114 1204 bert,
1130 1176 1166 1198 hic
1184 1183 1203 1198 a.
1225 1177 1243 1199 l.
1260 1176 1281 1198 7.
1301 1189 1330 1193 —
1349 1177 1405 1198 l¹etr.
1423 1184 1435 1198 a
1454 1177 1520 1203 Tar„
1541 1177 1577 1199 hic
1595 1184 1616 1206 q.
1639 1178 1656 1199 1.
1674 1184 1694 1199 a.
1713 1178 1737 1205 2,
1756 1184 1778 1206 q.
1797 1178 1818 1200 3.
1836 1184 1855 1199 a.
1878 1178 1895 1200 1.

1050 1216 1070 1237 2.
1084 1228 1112 1231 —
1126 1214 1231 1237 Richard.
1249 1222 1260 1237 a
1274 1215 1344 1243 Mmt,
1358 1215 1394 1238 hic
1406 1222 1426 1237 a.
1443 1215 1460 1237 1.
1473 1222 1494 1244 q.
1517 1216 1534 1237 1.
1551 1227 1582 1232 -
1600 1215 1714 1243 Durand.‚
1733 1216 1769 1238 hic
1787 1223 1808 1245 q.
1827 1218 1847 1238 2.
1867 1229 1895 1232 —-

1050 1254 1141 1281 Dionys.
1160 1253 1248 1281 Cat-tlh,
1267 1254 1294 1276 de
1313 1254 1355 1276 hac
1371 1257 1393 1276 ot
1410 1260 1458 1283 seq.
1476 1261 1498 1283 q.
1517 1255 1553 1276 hic
1570 1261 1592 1283 (1.
1615 1255 1632 1277 1.

862 1332 875 1343 ”
904 1344 1067 1380 Quixesno
1090 1344 1129 1372 ιιι.

631 1430 736 1459 Utrum
759 1429 895 1459 Clu-istus
916 1429 1031 1468 aliquid
1051 1430 1193 1458 meruerit
1216 1430 1244 1458 in
1264 1430 1410 1467 passione.

223 1530 316 1559 Tertio
336 1529 498 1567 quaeritur,
520 1532 615 1558 utrum
645 1529 772 1557 Christus
803 1529 907 1566 aliquid
938 1536 992 1557 me-

145 1576 233 1606 ruerit
253 1577 281 1605 in
303 1576 437 1613 passione.
461 1576 491 1604 Et
512 1576 587 1612 quod
609 1576 663 1609 sic,
686 1575 814 1604 videtur:

229 1624 253 1651 1.
282 1623 374 1651 Primo
400 1630 450 1660 per
482 1626 590 1651 textum
623 1622 780 1659 Apostoli¹t
814 1622 990 1650 Humitiaoit

14 1670 333 1707 mammeam-semetipsum
361 1677 452 1708 usque
482 1669 523 1698 ad
552 1672 689 1702 mortem,
720 1672 841 1706 propter
869 1669 946 1707 quod
966 1673 991 1697 et

147 1718 225 1747 Deus
255 1717 396 1746 exaltavit
425 1716 509 1745 illum
540 1719 608 1749 Βίας
630 1716 704 1753 quod
728 1716 846 1745 verbum
870 1719 992 1745 tractans

145 1764 273 1801 Magister
305 1763 385 1792 dicit:
413 1763 537 1800 «Aperte
558 1762 625 1791 dicit
656 1762 815 1800 Apostolus,
843 1765 991 1799 propterea

145 1810 287 1839 Christum
302 1810 456 1839 exaltatum
473 1817 522 1847 per
537 1809 767 1847 impassibilitatis
782 1809 909 1846 gloriam.
926 1809 991 1846 quia

146 1860 188 1886 est
207 1857 373 1886 humiliatus
393 1864 444 1894 per
458 1856 594 1893 passionis
609 1855 795 1885 obedientiam
807 1866 833 1884 »ε
856 1863 922 1892 ergo
939 1864 992 1883 me-

144 1903 202 1933 ruit
222 1903 249 1932 in
272 1903 407 1941 passione.

224 1952 250 1979 2.
272 1951 355 1985 Item,
376 1950 547 1987 Augustinus
562 1949 581 1984 ²,
603 1957 747 1986 exponens
774 1950 892 1978 verbum
914 1957 992 1987 prae-

145 1997 263 2027 dictum:
291 1997 349 2027 «Ut
375 1997 504 2026 Christus
536 1996 738 2026 clarificaretur
770 1997 990 2030 resurrectione,

144 2045 225 2083 prius
247 2044 412 2074 humiliatus
430 2047 472 2073 est
493 2044 620 2081 passione
632 2054 658 2072 »z
681 2052 748 2081 ergo
770 2044 890 2075 videtur,
912 2043 986 2080 quod

144 2099 196 2129 per
215 2091 347 2121 meritum
369 2090 506 2128 passionis
526 2090 686 2128 pervenerit
707 2090 742 2119 ad
758 2090 875 2127 gloriam
898 2097 992 2118 resur-

145 2138 284 2168 rectionis.

225 2185 251 2214 3.
272 2185 355 2220 ltem,
377 2184 445 2213 nihil
467 2188 509 2213 est
525 2184 611 2221 magis
627 2184 801 2213 meritorium
817 2192 902 2222 quam
919 2192 990 2221 opus

144 2232 305 2270 patientiae,
328 2235 441 2269 propter
456 2232 530 2269 quod
553 2231 656 2260 dicitur
673 2231 760 2261 iacobi
784 2231 909 2269 primo³:
934 2232 990 2259 Ρα-

146 2279 247 2308 tientia
267 2287 341 2316 opus
359 2277 522 2316 perfeetum
544 2277 644 2312 habet,·
675 2279 723 2307 sed
750 2279 882 2316 patientia
903 2278 990 2307 consi-

145 2326 192 2355 stit
212 2325 241 2354 in
262 2325 408 2354 tolerantia
422 2325 571 2363 passionis:
594 2333 661 2362 ergo
675 2325 802 2360 videtur,
817 2325 894 2363 quod
915 2324 991 2353 Chri-

146 2376 206 2402 stus
226 2373 253 2401 in
276 2372 403 2409 passione
425 2372 546 2401 multum
569 2372 714 2401 meruerit.

225 2420 252 2448 [ι.
274 2419 356 2454 item,
377 2419 446 2447 nihil
468 2422 509 2448 est
529 2419 757 2453 satisfactorium,
779 2419 830 2447 nisi
853 2418 927 2455 quod
949 2421 991 2446 est

146 2466 337 2500 meritorium3
358 2465 407 2494 sed
429 2465 520 2502 passio
541 2465 641 2493 Christi
664 2465 716 2493 fuit
737 2465 935 2497 satisfactoria,
958 2464 991 2492 si-

147 2515 194 2542 cut
215 2512 310 2541 dieunt
332 2512 459 2541 Saneti‘:
482 2520 549 2549 ergo
571 2512 623 2540 fuit
649 2512 802 2540 meritoria:
825 2519 891 2547 ergo
912 2510 991 2538 Chri-

147 2562 207 2589 stus
228 2559 330 2588 meruit
353 2559 492 2596 patiendo.

212 2687 219 2702 1
239 2688 317 2716 Philip.
339 2689 368 2716 2,
391 2689 412 2710 8.
434 2694 482 2717 seq.
499 2701 531 2705 —-
553 2688 629 2711 Verba
652 2689 751 2717 Magistri
773 2688 885 2710 habentur
907 2688 942 2710 hie
968 2688 990 2710 in

149 2726 180 2749 lit.
197 2732 216 2748 c.
235 2727 256 2748 11.

211 2766 221 2780 2
237 2766 260 2788 ln
278 2766 337 2788 ioan.
350 2766 436 2794 Evang.
454 2768 481 2788 tr.
504 2765 555 2788 104.
573 2773 595 2788 ιι.
613 2767 634 2789 3.
658 2767 716 2789 Vide
734 2767 770 2789 hic
791 2767 821 2788 lit.
840 2766 952 2794 Magistri,
970 2772 990 2788 c.

151 2805 170 2827 1.
187 2817 219 2822 -
236 2805 287 2827 Post
300 2804 449 2834 praedictum
467 2805 517 2827 Vat.
534 2805 610 2827 adiicit
626 2805 709 2835 inquit.

211 2843 221 2858 3
239 2844 303 2866 Vers.
316 2843 337 2866 4.
349 2856 380 2860 ——
392 2844 460 2866 Paulo
477 2844 570 2866 inferius
587 2850 630 2872 pro
646 2843 763 2873 passionis
775 2843 827 2866 edd.
843 2843 989 2872 passionum.

212 2881 222 2897 ⁴
238 2882 282 2905 cfr.
299 2883 356 2905 infra
368 2883 390 2905 d.
406 2883 466 2905 Xix.
483 2883 514 2905 lit.
532 2883 643 2911 Magistri,
661 2889 680 2905 c.
702 2883 719 2905 1.
732 2889 804 2911 seqq⁴²
816 2885 838 2905 et
854 2882 908 2904 ibid.
926 2882 991 2905 Com-

149 2923 219 2943 ment.
236 2927 256 2943 a.
275 2921 295 2943 11.
313 2927 355 2949 per
371 2923 444 2944 totum
461 2927 502 2944 nec
520 2927 565 2944 non
583 2922 605 2944 d.
624 2922 660 2944 20.
679 2928 701 2950 q.
720 2921 741 2943 ὅ.

212 2959 222 2974 ⁵
239 2960 298 2982 Vide
314 2960 337 2982 ll.
354 2960 414 2982 Sent.
433 2960 454 2982 d.
473 2961 509 2983 36.
528 2967 547 2982 a.
566 2961 586 2983 2.
605 2967 626 2990 q.
646 2962 666 2982 ⁴2.

277 3010 302 3034 S.
318 3011 406 3034 Bonae.
423 3024 455 3028 —
472 3011 538 3034 Tom.
556 3012 587 3034 111.

1130 1530 1155 1557 5.
1178 1529 1258 1562 item,
1279 1529 1370 1557 omnis
1385 1529 1431 1566 qui
1448 1529 1566 1566 patitur,
1591 1533 1639 1559 aut
1661 1531 1817 1567 passionem
1835 1539 1895 1567 pro-

1050 1576 1167 1610 meruit,
1189 1579 1236 1604 aut
1258 1583 1307 1612 per
1329 1576 1485 1613 passionem
1514 1580 1653 1611 meretur,
1674 1577 1798 1615 alioquin
1821 1581 1894 1615 pate-

1050 1626 1128 1651 retur
1160 1623 1218 1651 sine
1250 1622 1369 1655 iustitia.
1401 1626 1544 1659 pateretur
1574 1623 1657 1652 etiam
1680 1624 1824 1659 frustra⁶3
1846 1625 1893 1653 sed

1050 1670 1177 1698 Christus
1199 1677 1251 1697 non
1275 1669 1377 1698 meruit
1399 1670 1570 1707 passionem,
1596 1671 1661 1707 quia
1690 1670 1823 1699 immunis
1845 1671 1896 1699 fuit

1050 1725 1065 1744 a
1087 1716 1169 1753 culpa
1190 1716 1279 1744 omni:
1304 1716 1406 1745 meruit
1426 1724 1493 1753 ergo
1514 1725 1564 1754 per
1578 1718 1751 1754 passionem.
1772 1717 1894 1755 alioquin

1050 1770 1149 1800 passus
1170 1766 1242 1792 esset
1264 1763 1363 1791 iniuste
1385 1766 1412 1791 et
1433 1764 1552 1798 frustra,
1583 1764 1658 1801 quod
1684 1767 1756 1793 esset
1779 1773 1895 1802 magnae

1050 1809 1198 1846 impietatis
1218 1813 1245 1838 et
1267 1810 1398 1838 insaniae.

1128 1857 1180 1884 SED
1200 1850 1324 1885 CONTRA:
1343 1857 1366 1884 1.
1386 1867 1400 1882 «
1417 1856 1607 1891 Passionibus,
1629 1857 1701 1885 sicut
1721 1857 1788 1886 dicit
1809 1857 1896 1886 Philo—

1050 1903 1155 1940 sophus
1167 1902 1193 1938 ⁸,
1216 1910 1265 1932 nec
1286 1903 1436 1932 laudamur
1458 1911 1508 1932 nec
1527 1903 1723 1941 vituperamur
1737 1915 1765 1938 “3
1780 1904 1827 1933 sed
1844 1912 1895 1942 per

1049 1957 1145 1984 omne,
1167 1957 1217 1987 per
1231 1950 1306 1987 quod
1322 1957 1480 1984 meremur,
1496 1950 1646 1979 laudamur
1659 1961 1665 1978 :
1681 1958 1748 1988 ergo
1763 1951 1894 1988 passioni-

1049 1996 1101 2025 bus
1112 2004 1166 2024 non
1179 2004 1336 2025 meremur:
1349 2004 1415 2033 ergo
1427 1997 1554 2026 Christus
1569 1997 1699 2034 patiendo
1715 2006 1769 2026 non
1780 1998 1894 2027 meruit.

1128 2044 1153 2072 2.
1176 2043 1257 2077 Item,
1284 2043 1404 2080 «passio
1434 2047 1476 2072 est
1506 2044 1621 2073 effectus
1652 2047 1680 2073 et
1701 2044 1787 2073 illatio
1815 2045 1896 2074 actio-

1049 2089 1112 2118 nis⁷
1129 2100 1156 2124 ”3
1177 2091 1224 2119 sed
1247 2090 1338 2127 qualis
1369 2093 1411 2119 est
1441 2098 1540 2125 causa,
1563 2091 1625 2120 talis
1646 2094 1687 2120 est
1709 2091 1842 2120 effectus:
1872 2092 1894 2121 si

1048 2144 1115 2173 ergo
1135 2136 1206 2166 actio
1226 2138 1383 2174 passionem
1412 2137 1532 2166 inserens
1554 2146 1608 2166 non
1632 2138 1715 2167 suerit
1738 2139 1894 2174 meritoria,

1048 2183 1175 2217 videtur,
1196 2184 1270 2221 quod
1293 2192 1343 2213 nec
1365 2184 1425 2221 ipsa
1443 2185 1534 2221 passio
1551 2185 1692 2213 meritoria
1713 2185 1812 2214 suerit:
1828 2194 1894 2223 ergo

1048 2230 1175 2259 Christus
1196 2231 1222 2259 in
1245 2232 1372 2268 passione
1394 2240 1447 2260 non
1471 2232 1582 2260 meruit.

1127 2277 1152 2306 3.
1175 2277 1256 2312 Item,
1288 2277 1356 2306 nihil
1388 2282 1430 2306 est
1461 2278 1653 2313 meritorium,
1680 2279 1730 2307 nisi
1756 2280 1831 2316 quod
1852 2282 1894 2308 est

1049 2324 1235 2353 voluntarium
1249 2336 1256 2359 3
1278 2325 1346 2353 nihil
1361 2329 1454 2353 autem
1470 2328 1512 2354 est
1526 2325 1733 2360 voluntarium,
1749 2326 1800 2354 nisi
1817 2326 1892 2363 quod

1048 2374 1089 2399 est
1110 2379 1126 2399 a
1147 2371 1282 2408 principio
1313 2371 1477 2405 intrinsece,
1500 2371 1572 2400 sicut
1593 2375 1668 2408 patet
1689 2380 1738 2409 per
1760 2372 1894 2401 definitio-

1048 2425 1111 2446 nem
1132 2418 1298 2452 voluntarii‚
1318 2426 1402 2455 quam
1419 2418 1495 2455 ponit
1510 2418 1694 2455 Philosophus
1710 2419 1736 2447 in
1753 2419 1854 2448 Ethiois
1867 2419 1891 2448 Β;

1053 2475 1066 2490 «
1077 2464 1271 2493 Voluntarium
1286 2468 1327 2493 est
1342 2464 1422 2493 cuius
1445 2465 1611 2501 principium
1626 2468 1668 2493 est
1683 2465 1710 2493 in
1726 2465 1785 2502 ipso
1797 2476 1824 2499 »ς
1843 2466 1892 2494 sed

1047 2511 1139 2547 passio
1165 2511 1266 2539 Christi
1295 2511 1347 2540 suit
1368 2512 1403 2539 31)
1424 2515 1520 2545 extra,
1542 2511 1614 2539 sieut
1636 2514 1727 2547 patet:
1750 2519 1816 2549 ergo
1837 2520 1891 2540 non

1047 2557 1099 2586 fuit
1120 2558 1271 2586 meritoria.

1109 2689 1118 2704 ⁶
1135 2688 1196 2711 Libr.
1214 2689 1236 2710 11.
1254 2689 1323 2710 Ethic.
1341 2694 1359 2710 e.
1378 2687 1399 2709 5.

1108 2728 1118 2743 ⁷
1134 2728 1227 2750 Giibert.
1245 2729 1336 2755 Ferret„
1354 2727 1383 2749 de
1401 2727 1444 2749 Sex
1462 2728 1557 2755 Princip.
1575 2727 1602 2750 [Ie
1619 2727 1738 2750 Passione.
1754 2739 1785 2744 —-
1803 2728 1833 2750 De
1850 2727 1890 2750 mi-

1046 2766 1102 2790 nori
1117 2768 1156 2789 cfr.
1174 2767 1271 2793 Ariston,
1291 2766 1313 2787 ll.
1332 2766 1416 2788 Poster.
1434 2771 1452 2787 c.
1475 2765 1508 2788 17.
1526 2765 1555 2794 (c.
1582 2765 1636 2794 14),
1661 2768 1684 2788 et
1710 2767 1731 2788 11.
1752 2767 1818 2794 phys.
1838 2770 1889 2789 text.

1047 2806 1083 2827 38.
1101 2805 1130 2833 (c.
1148 2806 1187 2833 3.),
1206 2805 1245 2827 ubi
1263 2804 1340 2832 docet,
1358 2810 1450 2826 causam
1468 2807 1490 2826 et
1506 2804 1612 2827 effectum
1626 2804 1710 2827 debere
1727 2811 1777 2827 esse
1794 2811 1889 2833 propor-

1047 2845 1138 2867 tionata.

1109 2883 1120 2898 ὅ
1136 2883 1195 2905 Libr.
1213 2883 1245 2905 111.
1262 2888 1281 2904 c.
1301 2883 1320 2904 1.
1338 2881 1383 2904 Cir.
1409 2884 1463 2904 tom.
1488 2883 1511 2904 ll.
1529 2889 1582 2910 pag.
1609 2883 1665 2910 592,
1688 2886 1739 2905 nota
1758 2883 1779 2905 3.
1798 2896 1827 2898 —
1845 2883 1887 2905 Pro

1047 2921 1178 2946 voltmtarii
1194 2922 1257 2944 multi
1274 2921 1342 2943 codd.
1360 2924 1382 2944 et
1398 2921 1451 2944 edd.
1470 2923 1494 2950 1,
1512 2923 1525 2944 2
1542 2921 1680 2944 voluntatis.

1733 3011 1760 3033 49

1909 1866 1937 1884 Ad
1951 1866 2026 1889 eppo-i-

1944 1891 1989 1907 tum.
