2166 3366
0 1723 17 1849 l

755 211 838 240 DIST.
861 212 926 241 XIV.
948 213 1019 241 ART.
1042 213 1081 242 Ill.
1105 214 1241 250 QUAEST.
1263 214 1280 242 1.
1833 215 1888 244 319

145 289 235 317 cativa
256 289 327 318 facta
341 292 383 318 est
398 292 512 326 propter
532 296 595 317 eam
610 296 682 326 quae
703 291 745 317 est
765 289 920 318 secundum
942 290 989 327 hy-

147 335 279 372 postasim
308 335 439 364 unionem
448 346 456 370 3
477 335 514 363 ita
545 338 572 364 et
604 335 727 363 humana
752 338 852 364 natura
874 337 987 373 quidem

146 382 365 411 substantialiter
387 390 441 410 non
463 381 586 419 possidet
606 381 766 410 futurorum
790 382 987 418 cognitionem,

145 429 253 457 Domini
275 432 370 457 autem
384 428 477 457 anima
492 431 606 465 propter
621 436 682 457 eam
698 436 770 465 quae
791 431 832 457 est
847 429 883 457 ad
898 429 986 458 Deum

144 475 267 504 Verbum
289 475 419 504 unionem
446 475 532 504 ditata
553 478 594 503 est
617 475 778 503 futurorum
794 475 948 512 cognitione
959 487 986 504 »z

143 530 210 559 ergo
235 521 306 550 sicut
337 529 401 550 caro
432 521 532 550 Christi
565 529 620 549 non
651 524 741 558 potest
773 521 914 551 vivificare
935 522 986 551 nisi

144 571 258 605 propter
278 569 409 596 unionem
432 568 473 597 sui
489 568 524 597 ad
540 568 676 603 Verbum,
693 569 729 596 ita
743 568 836 597 anima
857 569 917 598 eius
932 578 986 598 non

143 619 288 652 cognoscet
308 615 414 652 aliquid
436 615 488 643 nisi
510 615 537 643 111
560 615 619 652 ipso
641 615 740 644 Verbo.

222 664 247 690 2.
270 662 352 696 116111,
374 661 458 690 11111115
489 661 643 690 secundum
677 670 761 690 unam
793 666 923 691 naturam
945 666 987 692 est

143 717 200 738 una
220 709 390 746 periecti0¹;
412 708 461 737 sed
484 708 640 737 intellectus
665 709 773 738 animae
795 709 895 738 Christi
928 718 987 746 per-

143 755 231 784 fectus
245 754 297 783 fuit
312 754 438 789 scientia,
453 755 643 791 cognoscendo
658 755 750 783 onmia
766 755 792 783 in
809 756 868 792 ipso
883 756 985 784 Verbo:

144 809 211 839 ergo
236 809 300 830 cum
321 801 435 830 scientia
464 801 498 830 sit
530 801 660 838 perfectio
695 802 783 839 ipsius
815 802 986 837 intellectus,

143 856 196 877 non
219 848 317 877 habuit
337 848 419 876 aliam
442 848 584 877 scientiam
607 851 718 885 praeter
739 848 824 877 illam.

222 895 248 931 3.
271 895 354 929 ltem,
376 895 552 931 superfluum
574 898 616 934 est
636 895 727 924 facere
742 903 792 932 per
814 895 896 932 plura
911 896 985 933 quod

143 944 233 979 potest
253 941 424 971 sufficienter
455 941 514 970 fieri
545 950 595 979 per
626 942 796 979 pauciora2;
823 942 871 971 sed
893 943 986 971 anima

142 988 243 1018 Christi
265 988 497 1017 sufficientissime
518 988 657 1025 cognoscit
689 996 770 1017 omne
802 989 985 1025 cognoscibile

143 1035 310 1073 cognitione,
332 1043 403 1073 quae
424 1038 466 1063 est
497 1035 525 1063 in
557 1035 616 1072 ipso
638 1035 745 1064 Verbo:
767 1043 834 1072 ergo
860 1036 985 1070 videtur,

143 1082 218 1120 quod
239 1082 414 1119 superfluum
436 1082 472 1111 sit
486 1082 510 1111 ei
526 1082 679 1111 attribuere
693 1082 776 1110 aliam
792 1082 984 1119 cognitionem.

220 1130 246 1158 [ι.
269 1129 352 1163 116111,
374 1128 487 1157 maioris
509 1128 622 1157 luminis
642 1133 685 1157 est
706 1129 858 1158 ahsorbere
878 1129 983 1158 minus:

142 1176 165 1206 si
185 1184 252 1213 ergo
273 1175 405 1212 cognitio,
426 1183 510 1212 quam
533 1175 626 1203 anima
647 1175 748 1204 Christi
771 1175 854 1204 habet
875 1176 902 1204 in
925 1175 985 1212 ipso

143 1223 245 1257 Verbo,
266 1220 318 1251 fuit
338 1221 476 1258 perfectae
499 1222 706 1256 luminositatis,
728 1222 795 1259 quia
815 1222 866 1251 fuit
881 1222 908 1251 in
924 1222 984 1259 ipso

141 1269 215 1298 fonte
243 1269 369 1302 luminis;
398 1268 522 1303 videtur,
551 1269 626 1306 quod
654 1268 730 1297 11011Β
753 1269 875 1305 potuerit
900 1269 984 1297 simul

141 1323 205 1345 cum
220 1323 253 1344 ea
267 1318 340 1344 stare
355 1315 431 1343 aliud
447 1323 535 1351 genus
549 1315 712 1352 cognitionis
727 1315 753 1343 in
766 1316 858 1344 anima
873 1315 984 1344 Christi.

221 1363 246 1390 5.
269 1362 351 1396 item,
373 1362 491 1399 quando
513 1361 631 1390 advenit
651 1362 728 1399 quod
745 1361 908 1399 perfectum
930 1366 984 1396 esc,

142 1412 304 1437 evacuatur
325 1408 402 1446 quod
422 1416 456 1436 ex
476 1412 561 1445 parce
582 1409 663 1441 est⁴;
684 1408 731 1437 sed
755 1408 874 1445 cognitio
896 1408 984 1446 ipsius

140 1455 249 1483 animae
270 1454 371 1483 Christi
393 1454 420 1482 in
441 1454 532 1483 Verbo
563 1458 605 1483 est
626 1454 745 1491 cognitio
767 1454 983 1491 perfectissima,

141 1502 260 1539 cognitio
281 1509 377 1531 rerum
399 1501 426 1530 in
448 1502 561 1538 proprio
583 1509 684 1538 genere
699 1504 741 1530 est
756 1502 876 1538 cognitio
891 1502 984 1531 minus

141 1549 277 1586 perfecta:
300 1556 366 1585 ergo
388 1548 409 1577 si
432 1548 559 1577 Christus
580 1548 615 1576 ab
637 1548 713 1576 initio
736 1548 834 1577 habuit
855 1548 984 1585 cognitio-

141 1603 203 1624 nem
226 1595 472 1632 perfectissimam,
504 1602 575 1632 quae
606 1599 648 1623 est
679 1595 705 1623 in
732 1595 834 1629 Verbo;
856 1595 983 1629 videtur,

140 1642 215 1680 quod
237 1642 290 1670 alia
311 1650 364 1670 nou
387 1641 486 1670 habuit
507 1641 599 1670 locum
613 1641 648 1684 ,¹¹¹
671 1642 739 1678 ipso.

217 1689 270 1717 San
291 1696 411 1717 CONTRA:
439 1689 461 1716 1.
494 1688 570 1717 Sicut
601 1688 667 1717 dicit
699 1688 870 1725 Augustinus
898 1697 983 1725 super

19 1735 264 1764 ammenta-Genesim
280 1735 314 1763 ad
331 1734 463 1767 litteram,
481 1737 602 1763 tractans
617 1734 664 1763 illa
680 1735 732 1763 tria
747 1735 848 1770 verba,
870 1735 982 1764 Genesis

138 1782 257 1820 primo⁵:
280 1781 365 1815 Fiat,
386 1780 469 1818 fecit,
491 1785 517 1809 et
543 1780 658 1818 factum
680 1785 733 1815 est,
756 1782 876 1819 Angelus
897 1782 983 1819 tripli-

139 1829 207 1858 citer
233 1829 361 1865 cognovit
388 1836 444 1857 res:
475 1828 501 1856 in
530 1828 636 1863 Verbo,
665 1828 690 1856 in
720 1836 749 1857 se
770 1832 797 1857 et
818 1828 845 1856 in
868 1829 982 1866 proprio

139 1883 255 1912 genere;
277 1875 324 1904 sed
348 1874 504 1903 intellectus
524 1875 634 1904 animae
656 1875 756 1904 Christi
779 1883 833 1904 non
855 1875 907 1904 fuit
935 1876 983 1904 mi-

138 1930 192 1951 nus
214 1921 353 1959 perfectus
374 1929 459 1959 quam
481 1921 637 1950 intellectus
658 1921 812 1958 angelicus:
835 1929 901 1959 ergo
926 1931 981 1950 non

139 1971 246 1997 tautum
268 1968 366 1996 habuit
387 1968 570 2005 cognitionem
593 1976 687 1997 rerum
705 1968 731 1996 in
753 1968 859 2003 Verbo,
881 1977 980 1998 verum

138 2015 221 2043 etiam
244 2015 270 2043 in
293 2022 322 2043 se
345 2014 413 2051 ipso.

216 2063 242 2090 2.
264 2061 344 2095 Item,
365 2061 494 2090 Christus
508 2061 641 2090 assumsit
662 2061 736 2099 quod
759 2061 900 2099 dignitatis
921 2065 981 2091 erat

139 2108 173 2137 de
194 2108 268 2136 omni
300 2111 387 2142 statu,
419 2108 523 2137 scilicet
554 2108 589 2137 de
616 2111 690 2137 statu
712 2108 829 2145 gloriae,
851 2108 886 2137 de
907 2112 981 2137 statu

138 2155 309 2184 innocentiae
330 2157 357 2183 et
378 2155 413 2183 de
434 2158 507 2183 statu
535 2157 652 2183 naturae
684 2154 810 2192 lapsae⁶:
837 2163 903 2192 ergo
925 2163 979 2184 non

137 2204 243 2230 tantum
267 2201 364 2230 habuit
385 2201 568 2238 cognitionem
589 2201 798 2230 convenientem
821 2201 903 2230 statui
926 2202 981 2238 glo-

137 2248 208 2283 riae,
230 2256 327 2277 verum
349 2248 432 2277 etiam
455 2248 664 2277 convenientem
685 2249 769 2277 statui
793 2249 978 2278 innocentiae:

137 2295 159 2324 si
181 2303 247 2332 ergo
278 2295 363 2324 Adam
396 2295 494 2324 habuit
525 2295 708 2331 cognitionem
735 2295 860 2324 omnium
883 2303 979 2324 rerum

138 2345 295 2371 creatarum
318 2341 453 2370 divinitus
473 2341 525 2371 sibi
547 2342 639 2370 datam
662 2342 689 2370 in
713 2350 742 2371 se
763 2342 839 2379 ipso,
856 2343 979 2376 videtur,

137 2389 211 2426 quod
233 2392 343 2426 praeter
364 2388 548 2425 cognitionem
569 2388 718 2425 gloriosam
733 2389 861 2417 Christus
882 2389 980 2418 habuit

138 2435 213 2464 illam
236 2435 387 2464 scientiam.

216 2481 242 2511 3.
264 2482 343 2516 Item,
364 2482 456 2510 anima
477 2482 577 2511 Christi
599 2482 625 2510 in
640 2482 714 2511 omni
730 2482 802 2511 dono
823 2482 978 2519 gratiarum

137 2528 234 2557 debuit
254 2528 391 2557 excedere
412 2536 509 2557 omnes
528 2528 597 2557 alias
618 2529 737 2563 animas,
759 2532 786 2558 et
801 2537 853 2557 non
870 2532 977 2557 tantum

200 2680 206 2694 ¹
225 2679 270 2702 cfr.
288 2683 341 2702 tom.
360 2680 382 2702 ll.
401 2686 454 2708 pag.
473 2680 528 2708 225,
547 2683 597 2703 nota
615 2681 637 2702 6.
650 2693 679 2696 —
692 2681 722 2703 De
739 2680 828 2704 minori
838 2681 892 2704 vide
910 2682 945 2703 hic
956 2688 976 2704 a.

139 2719 160 2741 2.
177 2725 199 2747 q.
221 2719 237 2740 1.
255 2725 319 2747 seqq.
333 2731 363 2734 —
379 2719 421 2741 Pro
438 2718 510 2741 unius
528 2725 572 2741 non
591 2720 657 2747 pauci
675 2719 742 2742 codd.
760 2726 801 2742 nec
819 2725 863 2741 non
885 2719 938 2742 edd.
959 2720 977 2747 i,

139 2758 152 2779 2
170 2763 291 2785 perperam
308 2757 373 2780 unio.

199 2796 208 2810 ²
226 2796 282 2818 Vide
299 2802 368 2823 supra
386 2802 440 2824 pag.
457 2795 510 2823 277,
528 2799 579 2817 nota
599 2796 618 2818 1.
630 2807 661 2812 --
674 2796 695 2817 111
713 2796 757 2818 ssne
774 2802 822 2824 arg.
841 2802 882 2824 pro
904 2796 978 2819 aliam

137 2834 291 2864 coquitionem
308 2834 375 2857 codd.
393 2835 409 2856 G
421 2835 426 2856 Ι
437 2834 453 2856 L
463 2834 481 2856 T
492 2834 509 2856 U
520 2835 538 2856 V
548 2834 564 2856 Z
581 2833 647 2857 illam
665 2834 826 2864 coqm'tionem.

199 2873 208 2888 ³
226 2874 267 2896 Pro
284 2873 347 2903 quod
362 2879 410 2896 11011
428 2874 558 2901 complures
571 2873 638 2895 codd.
656 2873 719 2902 quod
729 2874 797 2901 tunc,
817 2873 884 2896 codd.
903 2874 921 2895 K
933 2873 977 2896 VZ

137 2911 201 2941 quod
216 2913 272 2935 lunc
287 2918 342 2935 von.

200 2950 208 2965 ⁴
227 2951 295 2979 Epist.
313 2952 327 2973 Ι.
339 2951 390 2973 Cor.
405 2951 443 2979 13,
462 2952 498 2973 ΙΟ;
515 2950 572 2973 Cum
585 2954 660 2973 autem
678 2951 765 2973 venerit
776 2950 838 2979 quod
852 2951 978 2979 perfectum

137 2993 181 3018 est,
200 2989 349 3012 evacuabitur
366 2993 408 3012 etc.
422 2990 515 3012 —slod
534 2990 550 3012 U
567 2989 727 3013 evacuabitur.

1046 291 1073 319 in
1095 292 1168 320 dono
1199 292 1303 328 gratiae
1334 295 1445 329 gratum
1474 292 1614 327 facientis,
1636 301 1735 321 verum
1757 293 1840 322 etiam
1861 293 1889 322 111

1045 338 1117 366 dono
1139 338 1243 374 gratiae
1264 339 1349 375 gratis
1371 339 1463 368 datae:
1495 339 1517 368 si
1550 347 1617 376 ergo
1638 339 1742 368 habere
1763 340 1889 368 notitiam

1045 384 1171 421 ipsarum
1195 392 1291 413 rerum
1314 385 1340 413 in
1369 393 1398 414 se
1420 385 1498 422 ipso,
1520 386 1572 414 hoc
1594 389 1636 414 est
1657 386 1762 414 donum
1784 386 1889 422 gratiae

1045 431 1130 467 gratis
1152 431 1245 465 datae3
1267 431 1390 467 videtur,
1412 432 1486 469 quod
1502 432 1628 461 Christus
1643 432 1740 461 babuit
1755 432 1826 461 hanc
1848 441 1889 462 co-

1045 476 1195 513 gnitionem
1228 480 1339 514 praeter
1370 486 1430 506 eam
1463 479 1662 515 cognitionem,
1694 487 1765 516 quae
1797 482 1838 508 est
1860 479 1888 507 111

1046 523 1136 551 Verbo
1149 523 1167 550 ⁷.

1123 570 1150 598 [ι.
1172 569 1255 604 Item,
1277 570 1349 599 sicut
1363 571 1433 599 ratio
1448 572 1576 608 superior
1591 572 1674 601 debet
1688 572 1792 601 habere
1807 580 1887 601 suam

1045 616 1257 653 perfectionem,
1280 616 1317 644 ita
1338 616 1420 645 etiam
1442 618 1513 645 ratio
1529 618 1641 646 inferior
1657 618 1683 646 in
1698 618 1823 653 Christo,
1839 619 1887 647 sed

1045 663 1115 691 ratio
1136 663 1264 700 superior
1285 666 1349 691 nata
1370 666 1412 692 est
1434 672 1513 693 nosse
1535 672 1580 693 res
1602 665 1628 693 111
1651 665 1710 702 ipso
1731 666 1822 694 Verbo
1846 674 1889 695 ae-

1045 712 1139 744 terno,
1161 709 1274 738 inferior
1297 718 1363 738 vero
1384 713 1448 738 nata
1470 714 1510 739 est
1532 718 1578 739 eas
1593 712 1769 740 considerare
1786 712 1812 740 in
1828 721 1888 749 pro-

1044 755 1105 792 prio
1126 748 1226 792 gene're
1240 755 1267 783 ⁸:
1300 764 1366 792 ergo
1392 756 1463 785 sicut
1486 757 1583 785 habuit
1604 757 1788 794 cognitionem
1809 766 1888 795 supe-

1045 802 1142 836 rioris,
1164 802 1201 830 ita
1222 802 1305 831 etiam
1328 802 1481 837 inferioris,
1502 807 1529 831 et
1550 803 1589 832 sic
1610 807 1660 833 etc.

1124 849 1149 876 5.
1172 848 1254 882 ltem,
1275 848 1403 877 Christus
1424 849 1506 878 simul
1529 852 1589 878 erat
1603 850 1743 887 perfectus
1759 851 1846 879 viator
1861 854 1888 880 et

1044 896 1261 932 comprehensor
1273 907 1280 930 ;
1302 896 1350 925 sed
1374 896 1487 933 utrique
1509 897 1591 925 statui
1614 898 1769 926 necessaria
1790 901 1832 927 est
1847 906 1888 927 co-

1043 942 1147 979 gnitio:
1168 950 1235 979 ergo
1267 942 1338 971 sicut
1369 943 1467 971 habuit
1495 943 1638 972 scientiam
1660 944 1781 972 debitam
1804 944 1887 973 statui

1043 989 1298 1026 comprehensoris,
1320 990 1510 1026 cognoscendo
1532 998 1577 1018 res
1599 991 1625 1019 in
1648 991 1707 1027 ipso
1729 991 1835 1025 Verbo,
1850 992 1887 1020 ita

1043 1035 1170 1070 videtur,
1192 1036 1266 1073 quod
1290 1036 1388 1065 habuit
1408 1037 1551 1065 scientiam
1572 1037 1781 1067 convenientem
1803 1038 1887 1067 statui

1043 1081 1175 1116 viatoris,
1197 1083 1387 1119 cognoscendo
1409 1091 1454 1112 res
1476 1083 1503 1112 in
1525 1091 1554 1112 se
1576 1083 1651 1121 ipsis.

1356 1183 1568 1205 CONCLUSIO.

1043 1267 1154 1296 Anima
1178 1267 1288 1297 Clu-isti
1304 1273 1424 1306 praeter
1445 1270 1652 1307 coym'lz'onem,
1674 1279 1764 1308 qnam
1785 1269 1888 1299 habuit

1123 1315 1152 1343 111
1182 1315 1286 1349 Verbo,
1308 1314 1410 1344 habuit
1430 1316 1515 1345 etiam
1539 1316 1729 1354 eoym‘cz'onem
1751 1326 1852 1345 rerum
1867 1325 1886 1346 a

1129 1362 1233 1396 Verbo,
1254 1371 1313 1391 11011
1334 1367 1448 1391 cantum
1471 1363 1662 1401 cognitionem
1682 1364 1825 1401 simplicis
1847 1365 1888 1392 iit-

1124 1409 1311 1446 telliyentz'ae‚
1332 1418 1434 1438 verum
1456 1410 1545 1438 etiam
1567 1411 1768 1447 experientiae.

1122 1503 1298 1532 Resposnm:
1311 1503 1419 1541 Absque
1432 1504 1517 1533 dubio
1529 1504 1737 1533 concedendum
1749 1508 1799 1539 est,
1811 1504 1886 1541 quod

1042 1553 1153 1587 praeter
1175 1550 1374 1587 cognitionem,
1395 1558 1480 1587 quam
1500 1551 1598 1579 habuit
1619 1551 1711 1580 anima
1732 1551 1832 1580 Christi
1855 1551 1887 1580 111

1042 1596 1104 1633 ipso
1131 1596 1236 1630 Verbo,
1258 1604 1330 1633 quae
1351 1600 1392 1626 est
1412 1597 1532 1634 cognitio
1559 1597 1694 1634 gloriosa,
1727 1598 1824 1626 habuit
1845 1606 1887 1627 co-

1041 1643 1192 1679 gnitionem
1213 1651 1232 1671 a
1260 1643 1364 1677 Verbo,
1386 1652 1458 1680 quae
1479 1647 1520 1672 est
1542 1644 1660 1680 cognitio
1680 1644 1785 1681 gratiae
1799 1644 1886 1681 gratis
1898 1650 1996 1669 Conelusio
2008 1651 2027 1670 1.

1041 1690 1137 1724 datae,
1158 1698 1214 1726 qua
1236 1690 1319 1718 etiam
1348 1690 1504 1727 cognitione
1526 1691 1665 1728 cognoscit
1684 1691 1811 1720 Christus
1840 1699 1886 1720 res

1041 1737 1067 1764 in
1089 1744 1119 1765 se
1140 1736 1207 1774 ipsis
1229 1744 1279 1774 per
1300 1736 1406 1773 species
1428 1737 1452 1765 ei
1475 1737 1576 1766 inditas
1597 1737 1632 1766 ab
1647 1738 1706 1775 ipso
1721 1737 1886 1767 conditionis

1041 1783 1207 1819 primordio,
1243 1783 1315 1812 sicut
1340 1783 1392 1812 fuit
1414 1784 1440 1811 in
1464 1783 1605 1812 intellectu
1626 1784 1714 1819 Adae,
1736 1784 1779 1813 vel
1801 1784 1884 1813 etiam

1040 1830 1067 1858 in
1090 1830 1231 1859 intellectu
1252 1830 1375 1866 angelico
1387 1830 1407 1858 ⁹.

1119 1876 1196 1905 Ratio
1217 1879 1310 1905 autem
1337 1876 1422 1905 huius
1444 1879 1486 1905 est
1507 1877 1640 1914 perfectio
1662 1877 1749 1914 ipsius
1776 1878 1885 1907 animae
1898 1884 1959 1903 Ratio.

1040 1923 1157 1957 Christi,
1178 1931 1250 1960 quae
1271 1931 1326 1951 non
1345 1926 1452 1951 tantum
1469 1923 1565 1952 debuit
1580 1932 1640 1953 esse
1655 1924 1776 1961 perfecta
1790 1932 1886 1953 serun-

1041 1970 1108 1998 dum
1131 1969 1313 2006 superiorem
1328 1970 1500 2007 portionem,
1517 1978 1616 1999 verum
1631 1971 1713 1999 etiam
1728 1971 1884 1999 secundum

1041 2014 1211 2053 inferiorem
1243 2018 1270 2044 et
1302 2016 1456 2045 secundum
1487 2019 1594 2053 partem
1621 2016 1801 2051 sensibilem,
1829 2025 1884 2045 non

1039 2065 1148 2091 tantum
1169 2065 1305 2099 quantum
1327 2062 1362 2091 ad
1384 2066 1486 2091 statum
1505 2063 1641 2099 patriae,
1673 2071 1771 2092 verum
1800 2064 1884 2092 etiam

1039 2112 1176 2146 quantum
1198 2109 1231 2137 ad
1254 2103 1357 2138 statum
1379 2109 1461 2143 viae,
1484 2110 1531 2147 qui
1548 2109 1656 2147 duplex⁴
1676 2113 1734 2144 est,
1757 2110 1885 2139 videlicet

1038 2156 1218 2184 innocentiae
1238 2160 1265 2184 et
1292 2160 1420 2184 natm-ae
1452 2156 1559 2194 lapsae.
1593 2157 1623 2185 Et
1654 2157 1809 2185 secundum
1832 2158 1884 2186 hoc

1037 2203 1165 2232 Christus
1197 2203 1294 2232 habuit
1326 2203 1462 2240 triplicem
1495 2203 1677 2241 cognitionem
1708 2203 1752 2232 isti
1781 2204 1882 2241 triplici

1038 2249 1120 2278 statui
1143 2250 1369 2284 convenientem,
1391 2250 1520 2279 videlicet
1541 2250 1725 2287 cognitionem
1751 2250 1881 2288 gloriae,

1037 2296 1220 2333 cognitionem
1242 2300 1371 2325 ¹natzmte
1392 2297 1523 2334 iiiteqrae
1537 2300 1564 2325 et
1578 2297 1761 2334 cognitionem
1778 2305 1883 2334 poena-

1037 2342 1073 2370 lis
1095 2342 1308 2379 eaeperz'entz'ae,
1329 2345 1361 2371 ut
1382 2342 1416 2371 de
1438 2342 1563 2380 quolibet
1584 2346 1657 2372 statu
1679 2343 1784 2380 aliquid
1806 2343 1832 2371 in
1853 2351 1882 2373 se

1036 2389 1161 2418 haberet.
1175 2406 1214 2410 —-
1229 2390 1355 2423 Rursus,
1371 2389 1436 2426 quia
1458 2389 1579 2426 persecta
1600 2389 1651 2418 fuit
1672 2390 1764 2418 anima
1779 2390 1880 2419 Christi

1036 2439 1173 2472 quantum
1195 2436 1229 2464 ad
1252 2435 1436 2472 cognitionem
1458 2443 1512 2463 non
1533 2435 1623 2464 solum
1639 2439 1767 2472 respectu
1782 2444 1882 2473 609110-

1035 2482 1199 2515 scibilium,
1222 2482 1271 2511 sed
1292 2481 1375 2510 etiam
1396 2485 1523 2518 respectu
1539 2482 1694 2510 modorum
1715 2490 1882 2519 eognoscen-

1038 2529 1089 2562 di;
1111 2529 1172 2557 ideo
1193 2537 1256 2557 cum
1279 2536 1324 2557 res
1356 2528 1503 2565 tripliciter
1524 2528 1579 2557 sint
1600 2528 1812 2565 cognoscibiles,
1842 2536 1881 2557 se-

1096 2681 1106 2696 5
1124 2681 1187 2703 Vers.
1206 2681 1226 2704 3.
1244 2684 1266 2703 et
1282 2681 1303 2703 7.
1316 2693 1346 2696 —
1358 2682 1452 2709 August.
1471 2681 1556 2703 dictum
1576 2680 1671 2702 habetur
1689 2680 1711 2702 ll.
1730 2680 1758 2702 de
1775 2681 1830 2702 Gen.
1849 2680 1878 2702 ad

1034 2720 1064 2742 lit.
1082 2726 1101 2742 c.
1119 2720 1139 2742 8.
1158 2726 1178 2742 n.
1201 2720 1233 2742 16.
1251 2726 1317 2749 seqq.
1333 2719 1378 2741 Csr.
1396 2725 1465 2747 supra
1484 2725 1536 2747 pag.
1555 2719 1607 2747 306,
1626 2722 1676 2741 nota
1696 2718 1717 2741 s..

1096 2758 1106 2773 θ
1122 2758 1166 2780 Csr.
1184 2764 1254 2786 supra
1271 2764 1325 2786 pag.
1338 2758 1389 2785 267,
1403 2761 1453 2780 nota
1466 2757 1487 2779 7.
1501 2770 1530 2773 —
1542 2758 1572 2779 Dc
1590 2758 1718 2785 cognitione
1736 2758 1757 2780 in
1771 2761 1830 2781 statu
1849 2759 1879 2780 in-

1035 2797 1152 2819 nocentiae
1164 2797 1217 2819 vide
1230 2797 1252 2818 ll.
1265 2797 1325 2819 Sent.
1339 2796 1361 2818 d.
1380 2796 1416 2818 23.
1429 2803 1449 2819 a.
1462 2796 1483 2818 2.
1501 2803 1524 2825 (1.
1545 2796 1562 2818 1.
1580 2802 1643 2825 seqq.
1657 2809 1686 2812 -—
1699 2797 1741 2819 l’ro
1758 2796 1879 2826 dzyizilaczls·

1035 2836 1085 2858 cod.
1105 2836 1133 2857 W
1151 2835 1252 2865 dignius.

1097 2874 1106 2888 ⁷
1123 2873 1179 2896 Cod.
1196 2874 1211 2895 S
1226 2875 1321 2903 praeter
1337 2880 1389 2897 enm
1406 2880 1479 2903 quam
1496 2873 1578 2897 habuit
1593 2873 1617 2897 in
1640 2873 1718 2897 Verbo.

1098 2912 1108 2927 ⁸
1123 2912 1167 2935 Cir.
1186 2913 1207 2935 ΙΙ.
1226 2913 1285 2935 Sent.
1304 2913 1333 2935 lit.
1356 2913 1465 2941 Magistri,
1485 2913 1506 2935 d.
1526 2913 1607 2935 XXlV.
1629 2920 1648 2936 c.
1668 2913 1688 2935 «i.
1705 2920 1753 2942 seq.
1775 2917 1797 2936 et
1813 2914 1878 2937 Com-

1036 2954 1104 2974 ment.
1124 2958 1144 2979 p.
1164 2952 1177 2973 l.
1196 2958 1216 2973 u.
1234 2952 1254 2973 2.
1273 2958 1294 2980 q.
1312 2952 1333 2974 2.

1098 2989 1108 3004 ⁹
1124 2990 1181 3012 Vide
1200 2990 1221 3011 ll.
1239 2990 1299 3012 Seni.
1311 2990 1333 3012 d.
1352 2990 1372 3012 3.
1386 2996 1407 3018 p.
1428 2990 1449 3012 ΙΙ.
1467 2996 1486 3012 a.
1506 2991 1526 3012 2.
1539 2997 1561 3019 q.
1584 2991 1600 3013 Ι.
1618 2994 1639 3014 ct
1657 2991 1679 3013 d.
1692 2991 1728 3013 23.
1746 2998 1765 3013 a.
1784 2992 1805 3014 2,
1818 2998 1840 3020 q.
1858 2992 1876 3014 1.
