2166 3366
128 803 157 821 Ad
171 803 245 825 opposi-

164 829 209 845 tum.

256 199 313 227 410

334 277 359 304 5.
383 275 464 309 item,
486 282 542 303 una
563 277 604 303 est
626 274 729 302 offensa
753 273 836 302 totins
852 273 1008 308 Trinitatis,
1031 273 1102 302 sicut

256 330 311 352 una
331 325 373 351 est
394 321 558 355 maiestas¹;
579 320 627 349 sed
650 321 675 349 ei
708 320 738 348 fit
759 320 928 353 satisfactio,
957 320 1002 349 cui
1031 320 1103 349 facta

255 372 296 398 est
316 369 435 398 offensa:
459 376 525 405 ergo
556 375 670 396 necesse
701 370 757 401 est,
780 367 855 404 quod
884 367 1034 396 satisfactio
1054 366 1103 395 fiat

257 415 304 444 toti
326 415 466 448 Trinitati;
487 417 515 443 et
536 414 557 443 si
582 415 645 448 hoc,
667 414 705 442 ita
733 413 764 442 fit
792 413 941 442 satisfactio
963 413 1044 448 Filio,
1071 413 1104 442 si-

255 466 302 491 cut
324 462 404 490 Patri.
427 461 479 490 Sed
502 464 618 495 constat,
640 461 714 498 quod
734 460 851 489 alterius
873 464 900 489 et
921 460 1037 489 alterius
1059 468 1104 488 na-

256 513 335 538 turae
367 511 408 538 est
440 508 654 537 satisfactionem
690 506 795 545 offerre
824 510 851 536 et
886 507 1101 536 satisfactionem

255 556 416 593 suscipere:
432 555 454 584 si
470 563 536 592 ergo
550 555 678 584 Christus
693 555 840 589 satisfacit,
856 555 1012 583 secundum
1028 554 1103 592 qnod

256 604 355 637 homo,
377 606 404 632 et
424 611 457 631 eo
478 603 538 639 ipso
570 605 612 631 est
645 602 793 636 mediator,
821 610 877 639 quo
898 601 1030 630 satisfacit
1038 612 1045 635 3
1067 601 1105 629 vi-

258 651 356 685 detur,
379 650 454 688 quod
476 650 511 679 sit
532 649 669 678 mediator
701 649 791 678 solum
823 649 979 678 secundum
1008 649 1105 677 huma-

259 706 322 726 nam
344 700 483 726 naturam.

339 746 363 773 1.
387 745 439 773 SED
460 752 570 773 CONTRA
599 744 650 772 hoc
678 747 719 772 est
747 743 914 778 auctoritas,
946 751 1030 780 quam
1054 742 1106 770 Ma-

259 791 344 828 gister
365 792 479 820 adducit
509 791 535 819 in
558 790 687 820 littera²:
716 790 766 818 «Si
789 790 917 819 Christus
948 789 1104 819 secundum

260 846 323 873 vos,
339 846 355 866 o
376 837 522 872 haeretici,
544 846 629 866 unam
651 840 760 866 tantum
776 836 860 865 habet
875 839 1014 869 naturam,
1030 835 1105 863 unde

260 885 373 913 medius
394 885 455 913 erit.
478 885 533 914 Nisi
555 885 593 913 ita
624 884 659 913 sit
681 884 812 917 medius,
838 886 870 912 ut
892 883 967 912 Deus
988 882 1023 911 sit
1045 890 1106 919 pro-

261 935 320 968 pter
341 935 471 960 naturam
495 932 663 966 Divindatis,
685 935 712 960 et
734 931 817 959 homo
838 933 953 968 propter
974 932 1105 958 naturam

260 978 440 1007 humanitatis
452 989 477 1007 »z
494 987 561 1015 ergo
575 986 636 1007 esse
653 978 835 1006 mediatorem
850 976 982 1014 competit
996 976 1106 1005 Christo

260 1026 414 1055 secundum
436 1029 586 1062 utramque
608 1028 746 1053 naturam.

338 1074 364 1101 ⁶2.
388 1073 467 1107 ltem,
489 1073 616 1101 Christus
638 1075 679 1101 est
703 1072 839 1101 mediator
859 1080 914 1099 non
938 1079 987 1108 per
1008 1070 1108 1107 priva-

262 1120 383 1154 tionem,
405 1120 454 1148 sed
476 1127 526 1156 per
551 1119 743 1156 positionem;
769 1118 817 1147 sed
840 1118 969 1146 medium
988 1126 1041 1154 per
1060 1126 1107 1154 po-

259 1167 390 1195 sitionem
407 1170 448 1195 est
464 1166 586 1195 medium
604 1174 652 1203 per
668 1165 905 1202 participationem
922 1164 1071 1200 utriusque
1083 1163 1106 1191 ³:

260 1223 325 1251 ergo
346 1214 473 1242 Christus
489 1221 542 1242 non
558 1216 646 1250 potest
667 1220 727 1241 esse
743 1212 879 1241 mediator
898 1212 945 1240 Dei
972 1215 1000 1240 et
1021 1211 1106 1239 nostri

261 1261 311 1290 nisi
333 1268 383 1297 per
399 1260 463 1294 hoc,
479 1260 553 1297 quod
569 1263 610 1288 est
633 1260 706 1287 Deus
721 1262 747 1287 et
763 1259 860 1287 homo:
883 1266 949 1295 ergo
971 1258 1108 1287 mediator

261 1310 302 1336 cst
323 1307 478 1336 secundum
500 1309 651 1343 utramque
673 1309 811 1334 naturam.

339 1355 365 1383 3.
388 1355 470 1388 ltem,
492 1362 635 1390 nunquam
653 1353 780 1381 medium
797 1352 883 1389 iungit
909 1354 1037 1380 extrema
1056 1351 1106 1380 nisi

263 1410 311 1438 per
333 1402 398 1435 hoc,
420 1401 495 1438 quod
510 1401 595 1429 habet
616 1399 839 1429 coniunctionem
852 1400 861 1412 ⁴
886 1407 950 1428 cum
972 1402 1107 1436 utroque:

262 1456 328 1485 crgo
349 1447 476 1476 Christus
498 1454 643 1484 nunquam
672 1454 722 1475 nos
749 1446 940 1475 reconciliaret
961 1445 1034 1479 Deo,
1056 1444 1107 1473 nisi

262 1498 334 1524 osset
356 1495 430 1524 Deus
451 1497 478 1523 et
499 1494 597 1522 homo:
621 1494 693 1522 redit
714 1502 781 1530 ergo
803 1493 876 1522 idem
899 1493 974 1530 quod
996 1492 1084 1529 prius.

340 1543 366 1570 [ι.
389 1542 469 1575 Item,
489 1541 558 1569 nihil
580 1543 655 1569 tenet
676 1541 812 1569 rationem
827 1540 930 1573 medii,
953 1539 1107 1568 secundum

265 1589 290 1618 id
312 1589 386 1626 quod
400 1588 409 1601 ⁵
431 1592 505 1617 tenet
527 1588 663 1617 rationem
686 1587 809 1615 extremi
816 1597 826 1620 ;
848 1587 896 1616 sed
925 1586 1052 1617 Christus
1074 1588 1109 1614 te-

264 1639 308 1665 net
330 1636 463 1665 rationem
487 1635 610 1664 extremi
630 1634 786 1663 secundum
802 1634 953 1662 humanam
970 1636 1109 1666 naturam,

262 1683 327 1719 quia
349 1683 472 1711 humana
494 1685 595 1710 natura
616 1681 792 1710 reconciliata
813 1684 854 1709 est
878 1681 944 1709 Deo:
967 1688 1034 1717 ergo
1056 1688 1110 1708 non

264 1733 305 1758 est
326 1730 463 1758 mediator
486 1729 610 1766 praecise
633 1728 789 1757 secundnm
812 1728 896 1756 illam.

342 1778 368 1805 5.
390 1777 473 1811 Item,
496 1776 517 1804 si
540 1775 667 1804 Christus
682 1779 723 1803 est
739 1775 874 1803 mediator
890 1773 1046 1803 secundum
1061 1773 1111 1801 hu-

265 1831 374 1851 manam
396 1826 542 1857 naturam,
559 1823 610 1851 hoc
632 1830 685 1850 non
703 1825 791 1858 potest
806 1829 882 1855 esse,
904 1820 954 1849 nisi
973 1820 1038 1856 quia
1050 1820 1060 1833 ‘³
1083 1820 1109 1848 in

263 1869 384 1907 quadam
411 1869 580 1906 proprietate
602 1868 789 1897 communicat
814 1868 975 1902 nobiscum,
997 1867 1024 1896 in
1046 1875 1111 1904 qua-

264 1917 326 1945 dam
340 1925 403 1945 cum
416 1917 485 1950 De03
501 1916 548 1945 sed
561 1916 653 1952 Angeli
667 1915 728 1944 honi
746 1919 772 1943 et
787 1915 875 1952 angeli
894 1915 957 1943 mati
975 1916 1000 1943 in
1016 1915 1111 1951 aliqua

265 1964 433 2001 proprietate
449 1963 593 1992 nobiscum
610 1963 792 1995 conveniunt,
808 1962 834 1990 in
850 1962 943 1999 aliqua
958 1970 1021 1990 cum
1038 1962 1109 1990 Deo:

265 2019 331 2048 crgo
353 2013 469 2048 possunt
491 2010 544 2038 dici
569 2010 735 2038 mediatores
758 2010 828 2037 inter
850 2017 900 2037 nos
922 2012 949 2038 et
970 2009 1068 2037 Deum.
1084 2008 1109 2036 Si

266 2066 332 2094 crgo
352 2057 527 2085 mediatores
542 2065 595 2085 non
613 2056 754 2090 dicuntur,
771 2056 898 2090 videtur,
920 2055 994 2092 quod
1011 2055 1111 2084 media-

266 2105 302 2132 tio
323 2112 377 2132 non
399 2103 544 2132 conveniat
576 2103 685 2131 Christo
707 2103 861 2131 secundum
891 2102 1110 2131 convenientiam

268 2151 482 2188 proprietatum,
498 2151 545 2179 sed
561 2150 716 2179 secundum
734 2149 971 2187 participationem
989 2149 1111 2177 duarum

266 2201 445 2226 naturarum:
469 2205 535 2234 ergo
557 2198 593 2225 ita
624 2197 752 2225 convenit
781 2196 890 2224 Christo
921 2203 982 2224 esse
1011 2195 1113 2224 media-

267 2249 353 2273 torem
376 2244 531 2273 secundum
554 2244 676 2272 divinam
694 2247 840 2278 naturam,
862 2243 934 2271 sicut
956 2242 1111 2271 secundum

268 2292 426 2320 humanam.

932 194 1184 224 SENTENTIARUM
1206 195 1265 224 LIB.
1289 195 1328 223 111.

1473 281 1686 303 CONCLUSto.

1162 366 1297 396 Christus
1319 371 1359 396 est
1380 368 1491 396 medius
1511 367 1555 395 vet
1568 368 1684 396 ratione
1698 368 1853 406 utriusque
1868 373 2005 403 naturae,

1240 414 1283 443 vel
1303 414 1419 442 ratione
1440 413 1654 447 humanitatis,-
1674 414 1725 442 sed
1746 415 1882 444 mediator
1902 419 1944 444 est
1967 424 2007 444 se-

1242 461 1373 489 eundum
1394 464 1538 489 naturam
1564 459 1736 490 humanam.

1241 555 1417 583 RESPONDE02
1440 555 1478 583 Ad
1501 555 1708 591 praedictorum
1734 555 1944 592 intelligentiam
1966 559 2008 584 est

1162 602 1329 636 notandum,
1351 601 1427 638 quod
1449 601 1542 630 differt
1557 602 1649 630 dicere.
1663 609 1724 630 esse
1743 602 1871 630 medium
1899 606 1926 631 et
1947 610 2008 631 esse
2045 609 2136 636 [fluerunt

1161 648 1359 677 mediatorem.
1375 648 1502 676 Medium
1517 656 1638 685 namque
1650 649 1716 677 dicit
1727 649 2006 678 communicantiam⁷
2019 633 2137 675 &33:30²

1162 704 1226 724 cum
1259 695 1402 724 extremis.
1436 696 1579 724 Mediator
1610 699 1704 724 autem
1736 704 1791 724 non
1812 699 1919 725 tantum
1943 696 2009 725 dicit

1163 742 1440 777 communicantiam,
1462 742 1510 771 sed
1532 743 1615 771 etiam
1644 742 1711 771 dicit
1732 742 1859 781 officium
1888 744 2010 772 reconci-

1162 789 1289 818 liationis.
1312 789 1396 817 Aliter
1419 789 1503 826 igitur
1524 789 1752 826 respondendum
1774 793 1826 824 est,
1842 798 1905 819 cum
1928 798 2010 828 quae-

1163 836 1248 870 ritur,
1270 835 1390 873 qualiter
1412 835 1539 864 Christus
1561 836 1596 864 sit
1616 836 1730 864 medius
1762 837 1834 865 inter
1856 837 2009 865 humanam

1163 885 1293 911 naturam
1315 886 1341 911 et
1362 882 1502 917 divinam3
1524 882 1620 918 aliter,
1643 890 1707 911 cum
1736 883 2010 921 quaeriturfquali-

1165 930 1227 959 ter8
1249 930 1284 959 sit
1304 930 1457 958 mediator.

1242 977 1267 1005 Si
1290 977 1363 1005 enim
1386 980 1552 1013 quaeratur,
1568 976 1688 1014 qualiter
1704 977 1739 1005 sit
1753 977 1885 1010 medius‚·
1900 985 2012 1014 respon·
2022 979 2158 1011 mediusque-³

1164 1024 1222 1053 deri
1247 1027 1349 1060 potest,
1373 1023 1447 1060 quod
1470 1024 1595 1052 medium
1611 1024 1682 1052 inter
1705 1024 1775 1052 duas
1791 1026 1907 1053 naturas
1922 1027 2012 1061 potest
2023 1009 2079 1049 [33ng-
2093 1008 2163 1031 mh*

1163 1071 1270 1108 aliquid
1292 1071 1344 1099 dici
1368 1070 1528 1108 tripliciter:
1551 1073 1600 1099 aut
1625 1071 1675 1105 ita,
1697 1071 1773 1108 quod
1795 1070 1821 1099 in
1844 1079 1876 1100 eo
1898 1079 2012 1100 concur-

1164 1121 1227 1146 rant
1248 1118 1321 1146 duae
1343 1121 1472 1152 naturae,
1488 1117 1560 1146 sicut
1574 1118 1601 1145 in
1617 1121 1730 1146 natura
1742 1117 1752 1130 ⁹
1776 1117 1880 1151 tertia;
1901 1120 1949 1146 aut
1964 1117 2011 1152 ita,

1165 1165 1239 1202 quod
1262 1165 1288 1193 in
1311 1173 1343 1194 eo
1365 1167 1534 1193 concurrant
1556 1165 1628 1193 duae
1656 1168 1786 1198 naturae,
1806 1165 1881 1194 sicut
1903 1165 1928 1193 in
1948 1173 2013 1202 per-

1164 1221 1256 1245 sona;
1277 1215 1326 1240 aut
1348 1212 1392 1246 ita,
1414 1211 1489 1248 quod
1521 1212 1547 1239 in
1569 1219 1602 1240 eo
1630 1215 1800 1240 concurrant
1819 1212 2013 1248 proprietates

1165 1259 1276 1287 duabus
1305 1258 1412 1286 naturis
1443 1259 1607 1287 conformes.
1638 1275 1679 1279 —-
1712 1258 1813 1287 Primo
1843 1259 1925 1287 modo
1946 1258 2014 1288 acci·
2165 1288 2166 1294 ,

1166 1306 1267 1342 piendo
1289 1305 1426 1338 medium,
1450 1305 1519 1333 nihil
1541 1308 1631 1342 potest
1645 1313 1706 1334 esse
1723 1306 1846 1334 medium
1869 1305 1941 1334 inter
1963 1306 2013 1334 hu-
2025 1311 2125 1330 Conclusio
2137 1298 2166 1332 Li

1169 1360 1278 1380 manam
1301 1355 1429 1380 naturam
1452 1355 1479 1380 et
1494 1351 1631 1386 divinam,
1648 1360 1697 1381 nec
1712 1352 1839 1381 Christus
1854 1360 1904 1381 nec
1926 1352 2013 1387 aliud,
2164 1347 2166 1357 '

1166 1399 1232 1435 quia
1254 1407 1307 1426 non
1329 1401 1419 1435 potest
1444 1406 1480 1427 ex
1511 1398 1635 1426 humana
1667 1402 1767 1427 natura
1788 1402 1815 1427 et
1836 1399 1930 1427 divina
1951 1406 2013 1427 con·
2164 1391 2166 1420 1¹

1167 1445 1243 1474 stitui
1276 1445 1388 1482 aliquod
1419 1446 1542 1474 tertium.
1575 1445 1706 1474 Secundo
1739 1446 1822 1474 modo
1852 1446 2014 1483 accipiendo

1167 1493 1309 1526 medium,
1331 1493 1369 1521 sic
1391 1493 1518 1521 Christus
1539 1496 1581 1521 est
1610 1492 1733 1521 medium
1766 1493 1838 1521 inter
1859 1493 2012 1521 humanam
2026 1498 2125 1517 Conclusio
2137 1482 2166 1517 al

1169 1543 1298 1568 naturam
1320 1543 1347 1567 et
1370 1539 1507 1574 divinam,
1536 1539 1563 1567 in
1596 1542 1733 1576 qnantum
1755 1542 1797 1568 est
1817 1547 1873 1567 una
1896 1547 2015 1576 persona
2165 1531 2166 1540 ³

1169 1587 1195 1615 in
1218 1586 1329 1615 duabus
1360 1586 1480 1620 naturis,
1503 1594 1556 1614 non
1589 1586 1696 1615 ratione
1728 1586 1867 1615 humanae
1895 1589 2013 1615 naturae

1169 1637 1288 1667 tantum,
1308 1641 1357 1662 nec
1373 1633 1478 1662 ratione
1494 1633 1619 1667 divinae,
1636 1633 1682 1661 sed
1700 1632 1806 1661 ratione
1821 1633 1976 1670 utriusque
1987 1633 2014 1660 ¹⁰.

1174 1680 1268 1708 Tertio
1292 1680 1373 1708 modo
1395 1679 1556 1716 accipiendo
1577 1679 1723 1713 medium,
1745 1679 1873 1708 Christus
1898 1684 1939 1708 est
1961 1685 2154 1708 ine-cone1usi03.

1168 1727 1245 1755 dium
1268 1726 1340 1755 inter
1361 1727 1449 1755 Deum
1473 1730 1500 1755 et
1521 1727 1648 1755 homines
1670 1726 1824 1755 secundum
1848 1725 2014 1755 humanita-

1168 1777 1239 1807 tem,
1262 1774 1288 1802 in
1311 1777 1447 1810 quantum
1470 1773 1553 1802 hahet
1574 1773 1783 1802 mortalitatem
1799 1773 1883 1802 simul
1905 1777 1932 1802 et
1954 1773 2015 1802 bea-

1168 1820 1337 1848 titudinem:
1360 1820 1585 1853 mortalitatem,
1609 1821 1737 1857 inquam,
1760 1820 1785 1848 in
1815 1828 1870 1857 qua
1892 1828 2016 1849 commu-

1168 1867 1241 1895 nicat
1262 1875 1326 1895 cum
1343 1867 1516 1901 hominihus;
1536 1866 1756 1900 beatitudinem,
1772 1867 1900 1904 inquam,
1917 1867 1942 1895 in
1959 1874 2015 1904 qna

1168 1914 1355 1943 communicat
1376 1922 1439 1942 cum
1462 1914 1518 1942 Deo
1532 1914 1556 1941 ¹¹.

1247 1961 1271 1989 Si
1296 1968 1362 1989 vero
1383 1964 1549 1998 quaeratur,
1570 1961 1690 1997 qualiter
1711 1964 1738 1989 et
1753 1961 1909 1989 secundum
1930 1968 2015 1998 quam

1168 2012 1298 2036 naturam
1320 2008 1448 2036 Christus
1469 2009 1504 2036 sit
1519 2008 1663 2036 mediator
1672 2019 1682 2042 ,·
1697 2016 1759 2037 cum
1776 2008 1921 2036 mediator
1942 2008 2016 2037 dicat

1167 2054 1290 2083 officium
1313 2055 1559 2089 reconciliationis,
1575 2059 1601 2084 et
1615 2055 1759 2083 mediator
1782 2055 1882 2084 debeat
1903 2055 2016 2084 differre

1168 2102 1203 2130 ah
1226 2101 1279 2130 illis
1300 2110 1371 2139 quos
1393 2102 1560 2136 reconciliat,
1575 2105 1603 2130 et
1624 2102 1752 2131 Christus
1766 2102 1921 2131 secundum
1945 2102 2016 2130 divi-

1168 2157 1240 2177 uam
1261 2152 1390 2177 naturam
1406 2149 1441 2177 sit
1457 2148 1502 2177 ille
1518 2149 1560 2177 cui
1579 2149 1608 2177 lit
1624 2149 1827 2184 reconciliatio,
1851 2149 2015 2183 dicendum,

1169 2194 1242 2231 quod
1260 2203 1313 2222 non
1330 2198 1419 2231 potest
1433 2202 1494 2223 esse
1510 2195 1646 2223 mediator
1661 2195 1816 2224 secundum
1832 2194 1954 2223 divinam
1971 2203 2016 2223 na·
2028 2201 2127 2219 eonem—*io
2138 2200 2166 2223 4..

1170 2246 1279 2276 turam,
1302 2241 1349 2270 sed
1367 2241 1521 2270 secundum
1538 2240 1716 2275 humanam,
1739 2242 1766 2270 in
1788 2250 1843 2278 qua
1865 2245 1955 2279 potest
1977 2249 2017 2270 re-

1170 2288 1318 2317 conciliare
1340 2288 1494 2317 secundum
1510 2288 1637 2317 diversas
1648 2288 1854 2325 proprietates,
1869 2289 1897 2317 in
1912 2288 2016 2326 quibus

331 2608 337 2622 ¹
356 2608 400 2630 Ct'r.
419 2615 488 2636 supra
508 2608 529 2630 d.
542 2609 563 2630 9.
581 2608 637 2630 dub.
656 2609 677 2630 2.
689 2620 719 2624 -—-
731 2608 752 2629 ln
766 2608 867 2630 conclus.
880 2613 927 2635 arg.
942 2613 985 2635 pro
998 2606 1112 2636 satisfacit

268 2647 334 2669 codd.
353 2649 368 2668 A
379 2648 396 2669 H
408 2648 425 2669 K
437 2647 455 2669 T
474 2647 509 2669 bis
525 2646 643 2672 satisfecit.

330 2686 338 2700 ‘-'
356 2686 396 2708 Hic
414 2694 432 2708 15.
450 2686 475 2713 7,
494 2689 516 2708 et
538 2689 611 2708 sumta
630 2690 663 2708 cst
684 2692 709 2708 ex
729 2686 811 2713 vigilio
832 2686 910 2713 Tnps„
929 2685 955 2707 V.
977 2688 1053 2707 contro
1072 2685 1112 2706 Eu-

270 2726 372 2751 :ychetcn
392 2731 412 2747 n.
436 2725 468 2746 15.

330 2764 340 2778 ³
358 2764 415 2786 Vide
432 2764 518 2786 dictum
537 2765 633 2792 fxi-isloi„
651 2770 720 2792 supra
740 2770 792 2792 pag.
815 2764 851 2791 19,
874 2766 925 2785 nota
943 2764 964 2785 6,
982 2763 1112 2791 allegatum.

270 2815 298 2817 -ᾼ
317 2802 372 2825 Edd.
392 2803 480 2830 plenius
498 2804 621 2833 utriusque
638 2802 746 2831 ezrtremi,
765 2807 787 2825 et
803 2802 901 2825 subinde
922 2801 998 2831 potuit
1015 2808 1056 2830 pro
1073 2808 1113 2831 po-

270 2842 318 2863 lrst.
336 2841 385 2863 Mox
402 2847 443 2868 pro
460 2841 537 2863 vostri
554 2841 620 2863 codd.
640 2844 655 2863 A
669 2842 686 2863 G
700 2842 716 2863 11
731 2842 747 2863 R
762 2842 778 2863 L
791 2841 808 2863 'l'
822 2848 847 2863 aa
864 2842 952 2869 noster,
972 2841 1024 2863 cod.
1041 2840 1057 2862 Z
1076 2846 1113 2863 no-

270 2880 354 2901 strum.

333 2916 341 2930 ⁴
361 2917 416 2939 Edd.
434 2917 678 2941 communieattonem.

333 2955 343 2969 ⁵
359 2955 415 2976 Edd.
432 2955 562 2978 secundum
579 2955 650 2984 iliad,
669 2956 797 2979 seeundum
816 2956 884 2986 quod.

334 2991 343 3002 ⁶
361 2992 389 3014 lta
407 2993 474 3015 codd.
492 2994 536 3014 AR
548 2993 614 3021 Zlib,
633 2994 654 3015 in
672 2994 720 3016 aliis
737 2998 759 3016 et
776 2994 828 3016 edd.
846 2994 910 3016 deest
926 2993 988 3023 qaia.

1233 2606 1242 2620 ⁷
1259 2606 1315 2628 lidd.
1334 2612 1386 2627 cuni
1406 2606 1518 2627 nonnullis
1539 2605 1607 2627 codd.
1626 2606 1661 2627 hic
1682 2609 1704 2627 et
1726 2605 1795 2632 paulo
1817 2605 1911 2627 inferius
1934 2610 2016 2628 conce-

1170 2644 1290 2667 aientium.

1235 2683 1245 2698 8
1261 2683 1316 2706 Cod.
1335 2684 1350 2705 F
1367 2689 1413 2713 quo
1431 2682 1507 2706 modo.
1527 2683 1596 2705 Paulo
1613 2683 1707 2705 inferius
1720 2689 1762 2710 pro
1779 2682 1871 2705 sienim
1884 2683 2016 2712 quaeratur

1170 2722 1220 2745 cod.
1240 2723 1255 2744 Α
1274 2721 1295 2745 si
1311 2723 1391 2744 nalem
1409 2722 1546 2751 ‹limet-atur.

1233 2760 1242 2774 ⁹
1261 2761 1309 2783 Vnt.
1328 2760 1352 2783 in
1371 2767 1418 2783 una
1434 2761 1532 2787 natura,
1547 2764 1568 2783 et
1580 2761 1648 2788 paulo
1661 2763 1712 2788 post
1723 2766 1777 2782 cum
1797 2760 1849 2782 edd.
1872 2761 1888 2786 l,
1899 2760 1912 2781 2
1931 2760 2015 2787 pariter

1171 2799 1195 2822 ln
1213 2806 1261 2822 una
1276 2805 1388 2829 persona.
1408 2800 1449 2821 Pro
1471 2799 1495 2821 in
1512 2800 1601 2821 ¹natura
1620 2798 1688 2821 tertia
1705 2799 1758 2821 edd.
1779 2799 1796 2826 t,
1819 2799 1832 2820 2
1850 2798 1873 2820 in
1897 2804 1946 2820 mm
1967 2804 2014 2820 ma-

1171 2838 1238 2861 teria.
1256 2839 1312 2860 lnt'rn
1330 2838 1397 2860 codd.
1415 2838 1432 2859 G
1443 2838 1460 2860 ll
1471 2838 1489 2859 V
1508 2838 1543 2860 bis
1559 2837 1688 2866 accipiendi
1704 2843 1746 2865 pro
1763 2836 1903 2865 accipiendo.

1236 2877 1254 2891 ¹⁰
1271 2877 1316 2900 Cfr.
1334 2884 1403 2905 supra
1422 2877 1443 2899 d.
1461 2878 1482 2899 6.
1500 2883 1520 2899 a.
1539 2878 1559 2899 Ξ.
1578 2883 1599 2905 q.
1621 2878 1639 2898 t.
1656 2889 1686 2893 -—
1699 2876 1748 2898 Post
1765 2874 1857 2898 divinae
1879 2875 1931 2897 edd.
1950 2882 2015 2903 repe-

1172 2919 1221 2938 tunt
1238 2917 1338 2938 lautum.

1236 2954 1253 2968 ¹¹
1273 2954 1330 2976 Vide
1348 2955 1383 2976 hic
1397 2953 1499 2976 fundam.
1513 2954 1532 2975 1.
1545 2956 1567 2975 et
1583 2954 1639 2975 infra
1652 2953 1717 2974 solut.
1730 2952 1758 2974 ad
1780 2952 1797 2974 1.
1811 2965 1839 2968 —
1852 2952 1916 2980 Edd„
1929 2953 2014 2975 omisso

1172 2994 1283 3023 inquam,
1303 2993 1375 3015 verbo
1392 2992 1550 3016 eonnnunz‘eat
1567 2992 1713 3020 praemittunt
1729 2991 1840 3014 muoeime.
2137 3006 2151 3018 2.
