2166 3366
125 2711 260 2730 Fundamenta·

281 220 336 249 312

358 298 384 326 lt.
406 297 443 326 Ad
468 297 537 325 illud
559 297 633 334 quod
655 296 797 330 obiicitur,
819 297 894 333 quod
915 297 1013 325 eadem
1035 297 1124 333 cogni-

280 345 365 378 tione,
387 352 443 381 qua
464 344 603 380 cognoscit
623 343 761 377 Verbum,
783 343 921 379 cognoscit
942 343 996 371 alia
1024 351 1040 371 a
1062 344 1126 372 Ver-

279 392 314 420 bo
336 394 403 425 etc.;
425 390 590 424 dicendum,
612 390 687 426 quod
710 389 779 418 illud
796 397 895 418 verum
917 392 958 418 est
980 390 1015 417 de
1036 390 1125 426 cogni-

279 438 352 466 tione
367 439 502 474 quantum
525 436 559 464 ad
576 435 720 469 habitum,
738 436 785 465 sed
802 445 855 464 non
871 439 912 464 est
933 440 1124 473 opportunum

279 484 314 513 de
335 483 489 520 cognitione
511 486 646 520 quantum
669 483 705 511 ad
726 486 833 511 actum.
854 482 973 511 Actualis
994 483 1067 511 enim
1084 491 1124 511 co-

279 530 363 567 gnitio
388 533 414 559 et
435 530 618 558 consideratio
649 529 733 558 Verbi
752 529 856 558 aeterni
881 532 923 558 est
947 529 997 566 ipsi
1021 529 1125 565 gloriae

278 577 448 611 essentialis,
470 585 524 605 non
546 577 585 605 sic
600 580 694 605 autem
716 576 832 605 actualis
854 576 973 613 cognitio
995 576 1125 604 aliorum

954 219 1205 248 SENTENTIARUM
1225 220 1284 248 Ltss.
1307 221 1346 249 111.

1181 307 1197 326 a
1219 298 1322 330 Verbo;
1344 300 1371 326 et
1392 298 1453 327 ideo
1475 306 1528 326 non
1550 300 1671 335 oportet,
1693 298 1767 335 quod
1790 298 1850 327 sic¹
1873 299 1926 327 alia
1941 299 2026 328 consi-

1182 344 1260 372 deret
1281 344 1447 378 actualiter,
1470 345 1624 373 secundum
1647 345 1721 381 quod
1737 345 1883 374 actualiter
1904 345 2026 374 conside-

1182 394 1224 419 ret
1246 391 1337 428 ipsum
1361 392 1499 425 Verbum,
1522 391 1570 420 sed
1594 390 1790 420 lzabitualiter.
1819 392 1931 420 Habitus
1951 392 2025 420 enim
2040 397 2151 418 Notandum.

1182 437 1228 465 ille
1259 437 1476 467 essentialiorem
1509 438 1593 466 habet
1628 439 1863 475 comparationem
1896 442 2025 475 respectu

1182 484 1284 517 Verbi,
1306 484 1379 521 quod
1402 487 1443 512 est
1468 485 1608 521 cognitum
1632 485 1800 521 principale,
1828 493 1913 522 quam
1935 493 2025 522 respe-

1182 533 1228 558 ctu
1243 530 1362 558 aliorum
1384 531 1557 567 cognitorum
1574 531 1600 559 in
1623 531 1726 565 Verbo,
1749 539 1820 568 quae
1834 535 1899 560 sunt
1917 532 2025 568 cognita

1182 576 1259 613 quasi
1282 584 1318 605 ex
1339 577 1516 614 consequenti
1539 581 1566 605 et
1586 577 1759 606 secundario.

1022 678 1283 714 SOHOLION.

341 783 355 804 1.
375 782 396 804 ln
414 783 456 804 hac
474 782 606 810 quaestione
625 781 646 803 S.
666 781 751 803 Bonav.
764 782 818 803 nihil
831 781 925 803 intendit
938 781 978 803 nisi
991 781 1124 803 fundamen-

278 825 326 845 tum
344 822 417 844 iacere
435 827 477 849 pro
495 820 604 843 solvenda
623 820 754 842 difficillima
768 821 900 848 quaestione
913 821 1027 848 sequenti,
1040 823 1061 842 et
1074 826 1124 842 con-

278 861 359 888 cludit,
378 860 440 889 quod
459 860 532 881 anima
551 858 632 882 Christi
653 859 719 885 (sicut
736 865 817 880 omnes
834 859 903 887 Beati)
923 859 987 886 plura
1006 859 1123 886 cognoscit

277 901 299 922 in
318 900 407 927 habitu,
421 906 490 928 quam
504 899 632 921 consideret
649 899 670 920 in
688 903 746 920 actu.
765 899 825 920 Haec
843 899 958 920 conclusio
976 899 1052 920 nititur
1065 899 1123 925 prin-

278 940 338 966 cipio
364 939 522 966 philosophico
549 938 570 959 in
596 937 666 959 rebus
692 936 832 959 naturalibus
856 937 969 965 evidenti,
987 937 1051 965 quod
1071 937 1121 959 aad

279 978 343 1005 plura
361 984 385 1000 se
403 977 502 999 extendit
519 976 610 999 habitus
626 982 695 1005 quarn
709 979 772 998 actus
785 985 805 1003 n,
819 978 840 998 et
852 976 914 1004 quod
927 976 1051 998 intellectus
1064 982 1123 998 crea<

278 1020 313 1039 tus
326 1025 336 1036 a
349 1017 448 1044 plurium
461 1018 495 1038 est
507 1022 576 1043 capax
589 1015 716 1037 seeundum
730 1014 884 1045 cognitionem
897 1014 1040 1037 habitualem
1053 1021 1122 1043 quam

277 1055 405 1077 secundum
431 1054 643 1078 considerationem,
667 1053 784 1077 actualem
798 1062 819 1075 n.
838 1053 917 1082 Quoad
937 1056 1019 1075 statum
1038 1054 1123 1081 gloriae

276 1096 351 1116 tamen
370 1095 413 1116 hoc
432 1094 569 1122 principium
587 1093 654 1115 valde
672 1093 856 1120 restringendum
874 1095 908 1115 est
924 1097 945 1115 et
957 1093 1051 1114 minime
1063 1093 1123 1114 valet

277 1133 353 1162 quoad
372 1133 510 1155 habitualem
528 1133 681 1160 cognitionem
698 1131 811 1162 primarii
827 1132 908 1154 obiecti
927 1132 1021 1153 visionis
1038 1131 1122 1154 beatifi-

277 1179 327 1200 cae,
345 1172 375 1195 de
392 1179 436 1200 qua
455 1172 607 1194 communiter
626 1174 723 1198 tenetur,
743 1171 804 1199 quod
827 1179 836 1190 <i
849 1171 920 1199 glorta
941 1174 975 1193 est
992 1170 1083 1192 habitus
1100 1171 1121 1192 in

276 1215 326 1234 actu
338 1220 347 1232 n
369 1211 415 1240 (hic
428 1211 455 1233 ad
470 1211 500 1239 2.)
511 1218 516 1238 ;
533 1210 610 1239 quoad
623 1209 792 1233 secundarium.
804 1216 860 1231 vero
872 1209 988 1232 obiectum
1001 1210 1022 1231 S.
1035 1210 1120 1231 Bonav.

276 1255 297 1274 et
315 1252 395 1273 Scotus
412 1250 581 1272 conclusionem
605 1250 745 1277 praedictam
769 1249 899 1271 detendunt.
923 1249 968 1271 Sed
989 1249 1049 1271 Alex.
1074 1249 1121 1270 Hal.

276 1290 306 1315 (S.
326 1296 347 1317 p.
365 1290 397 1311 111.
416 1296 437 1318 q.
460 1289 493 1311 13,
511 1295 540 1310 m.
560 1288 598 1317 5.>,
617 1289 639 1310 S.
658 1289 740 1310 Thom.
759 1288 807 1315 (cfr.
826 1292 901 1310 tamen
919 1294 972 1316 pag.
991 1288 1048 1314 311,
1069 1291 1121 1310 nota

276 1329 306 1357 2.)
325 1334 377 1351 cum
395 1328 500 1356 plurimis
517 1327 565 1349 aliis
583 1334 610 1349 ne
628 1328 671 1349 hoc
688 1327 782 1355 quidem
801 1327 923 1349 admittunt
944 1326 993 1354 (cfr.
1015 1333 1036 1355 q.
1054 1326 1120 1355 seq.).

275 1380 305 1383 —
317 1368 369 1389 Tria
388 1370 474 1389 tantum
492 1367 536 1389 hoc
553 1366 602 1388 loco
619 1366 779 1388 observamus.

341 1407 358 1428 1.
377 1406 521 1428 Vocabulum
539 1404 632 1428 habitus
649 1405 685 1427 vel
703 1404 857 1427 habituatiter
869 1411 880 1426 a
894 1404 915 1426 S.
929 1404 1013 1426 Bonav.
1027 1405 1063 1426 hic
1075 1410 1120 1426 non

274 1446 372 1468 sumitur
383 1451 425 1473 pro
438 1445 544 1473 qualitate
556 1444 591 1465 vel
605 1443 682 1466 habitu
694 1442 917 1472 praedicamentali,
932 1446 956 1465 ut
968 1443 1060 1465 videtur
1072 1449 1120 1465 sen-

274 1485 331 1506 sisse
348 1484 414 1506 Henr.
433 1483 504 1505 Gand.
524 1482 617 1511 (Quodl.
636 1482 657 1504 5.
675 1489 697 1511 q.
716 1482 766 1510 14.),
785 1483 823 1511 qui
842 1482 949 1504 refellitur
967 1488 977 1503 a
996 1482 1055 1503 Scor.
1074 1482 1120 1509 (liic

275 1529 296 1551 q.
315 1524 335 1545 2.
354 1529 375 1544 n.
397 1523 430 1544 13.
449 1523 534 1551 seqq),
552 1522 593 1544 sed
611 1522 792 1549 sicutexplicant
804 1522 853 1549 ipse
865 1522 951 1543 Bonav.
969 1523 991 1542 et
1003 1522 1063 1543 Scot.
1080 1520 1119 1548 (ibi

274 1568 295 1584 n.
313 1562 366 1590 20.),
378 1562 463 1584 scilicet
479 1562 500 1583 in
520 1562 562 1583 hoc
579 1567 661 1588 sensu,
679 1560 742 1589 quod
760 1560 823 1582 adest
841 1561 930 1582 animae
945 1560 1046 1588 aliquid,
1073 1566 1119 1588 quo

273 1601 392 1623 informata
411 1601 554 1623 constituitur
571 1601 592 1622 in
615 1600 670 1622 actu
690 1598 768 1629 primo
793 1599 821 1621 ad
845 1599 907 1621 facile
931 1599 1119 1626 cognoscendum

273 1641 349 1662 omnin
375 1646 434 1669 quac
452 1639 555 1662 Verbum
577 1639 703 1667 cognoscit,
727 1639 855 1661 dummodo
877 1638 932 1661 illud
949 1641 974 1660 ut
998 1639 1118 1666 speculum

272 1678 436 1702 voluntarium
454 1679 556 1701 revelare
568 1678 622 1700 velit
639 1678 688 1705 (cfr.
702 1678 757 1700 insra
771 1684 793 1706 q.
811 1678 831 1699 3.
845 1678 866 1699 in
885 1684 948 1705 corp.
961 1678 1020 1699 circa
1034 1677 1117 1705 finem;

273 1719 377 1741 Mastrius
394 1719 415 1740 111
435 1718 465 1740 ΙΙΙ.
483 1719 543 1740 Sent.
562 1717 620 1745 disp.
640 1717 698 1739 5221.
717 1716 755 1744 2.),
773 1716 838 1738 Unde
860 1717 937 1744 plures
959 1716 1067 1739 Scottstae
1085 1722 1119 1738 so-

273 1758 318 1779 lent
334 1763 376 1785 pro
393 1756 545 1779 liabitualiter
564 1756 640 1779 dicere
658 1755 727 1785 quasi
744 1754 902 1778 habitualiler.

336 1797 356 1818 2.
375 1796 397 1818 S.
410 1796 494 1818 Bonav.
507 1795 559 1817 ideo
574 1795 673 1823 praefert
685 1796 743 1817 hanc
755 1795 898 1822 positionem,
912 1797 936 1816 ut
948 1794 1049 1821 explicet,
1063 1800 1118 1822 quo-

272 1835 342 1858 modo
359 1836 458 1863 cognitio
476 1841 500 1857 se
517 1834 639 1857 extendere
657 1835 728 1862 possit
744 1833 873 1856 successive
890 1833 918 1855 ad
936 1833 1034 1860 infinita,
1047 1834 1074 1855 ita
1094 1836 1118 1855 ut

272 1880 317 1896 non
335 1877 434 1902 ponatur
452 1873 549 1895 infinitas
566 1879 608 1895 nec
621 1874 641 1894 in
654 1872 757 1901 potentia
777 1874 929 1900 cognoscente
947 1872 1022 1893 necin
1036 1870 1118 1894 habita

272 1919 312 1935 seu
330 1913 415 1935 lumine
433 1912 529 1940 gloriae,
547 1911 588 1934 sed
610 1912 683 1933 solum
702 1911 723 1933 in
746 1910 838 1933 ratione
855 1910 1010 1939 coynoscemli
1028 1911 1075 1932 visa
1093 1913 1117 1933 ut

271 1952 360 1974 obiecto
379 1952 498 1979 primario,
517 1951 580 1979 quod
597 1950 621 1973 in
638 1956 662 1973 se
679 1950 747 1972 habet
763 1949 861 1971 infinitas
886 1950 1070 1977 comparationes
1087 1949 1116 1971 ad

271 1994 387 2013 creaturas
404 1993 426 2012 et
442 1996 479 2012 res
496 1989 623 2017 possibiles.
642 1989 675 2011 Ab
693 1990 737 2011 hoc
748 1988 838 2010 obiecto
850 1989 959 2015 primario
972 1988 1116 2015 specificatur

272 2030 320 2052 talis
337 2030 407 2057 visi0‚
426 2029 540 2056 simulque
551 2032 573 2050 et
585 2034 612 2050 ex
624 2027 771 2055 consequenti
785 2027 864 2054 recipit
876 2025 1030 2055 aptitudinem
1043 2030 1116 2048 exten-

272 2068 340 2091 dendi
357 2074 381 2090 se
398 2067 427 2090 acl
444 2067 542 2089 infinitos
554 2067 603 2089 illos
620 2069 738 2094 respectus
755 2066 803 2088 sive
821 2065 920 2093 obiecta,
938 2072 998 2094 quae
1015 2066 1117 2087 relucent

270 2108 291 2129 in
309 2107 398 2129 obiecto
416 2107 525 2134 primario
543 2106 592 2133 (cfr.
605 2106 640 2127 1110
652 2106 717 2127 solut.
735 2105 763 2127 ad
783 2104 803 2126 t.
821 2107 842 2126 et
861 2111 882 2133 q.
904 2110 959 2133 seq,
981 2105 1115 2132 praesertim

270 2146 299 2168 ad
316 2146 337 2167 7.
356 2146 377 2167 8.
395 2146 433 2173 9.).

333 2185 354 2206 3.
372 2185 435 2212 Quae
452 2183 565 2212 profunda
583 2186 605 2205 et
622 2184 675 2205 satis
693 2183 790 2205 distic-ilis
808 2182 909 2204 doctrina
933 2186 956 2204 ut
978 2183 1059 2204 melius
1082 2183 1115 2204 in-

276 2224 387 2251 elligatur,
406 2223 569 2250 observamus,
589 2222 651 2251 quod
669 2224 733 2244 actus
750 2222 887 2249 intellectus,
905 2222 944 2250 qui
970 2222 992 2243 in
1015 2228 1039 2243 se
1062 2221 1115 2243 dicit

1181 781 1237 809 quid
1254 780 1396 808 absolutum,
1411 782 1555 804 connotando
1568 783 1675 809 importat
1686 783 1818 811 respectum
1830 783 1879 804 sive
1891 783 2024 805 relationem

1181 820 1209 841 1111
1228 819 1358 848 obiectum,
1377 821 1416 848 qui
1434 821 1527 848 quidem
1546 824 1675 849 respectus,
1693 822 1710 843 si
1733 824 1766 843 est
1783 821 1811 843 ad
1837 821 1952 843 obiectum
1976 821 2025 851 pri-

1180 858 1299 886 mariam,
1318 859 1408 880 realiter
1425 859 1575 881 identificatur
1593 865 1645 881 cum
1664 860 1713 887 ipso
1731 862 1780 882 actu
1794 860 1940 887 intelligendi.
1958 860 2024 888 Hinc,

1181 902 1267 920 mutato
1285 898 1374 920 obiecto
1393 899 1516 926 primario,
1534 899 1591 920 alius
1608 899 1731 927 requiritur
1748 902 1812 921 actus
1829 899 1859 921 ad
1875 899 1930 921 illud
1949 899 2025 921 intelli-

1181 937 1290 964 gendum.
1310 937 1371 958 Hanc
1388 938 1537 959 variationem
1555 940 1619 959 actus
1636 938 1778 960 essentialem
1790 939 1922 965 experimur
1939 939 1959 959 in
1978 944 2024 960 om-

1181 976 1248 998 nibus
1265 976 1391 998 intellectus
1409 977 1477 998 nostri
1495 976 1583 998 actibus
1600 976 1745 999 tendentibus
1763 978 1783 998 in
1797 977 1883 999 obiecta
1897 977 2022 1006 disparata,

1181 1021 1280 1043 quorum
1299 1015 1482 1043 unumquodque
1500 1015 1568 1037 habet
1585 1016 1702 1043 propriam
1720 1022 1785 1037 suam
1805 1017 1914 1038 rationem
1941 1022 2023 1044 cogno-

1180 1053 1265 1076 scendi.
1284 1066 1314 1069 —
1331 1054 1400 1076 Aliter
1417 1056 1490 1081 potest
1508 1060 1557 1075 esse
1575 1055 1596 1075 in
1614 1055 1702 1076 visione
1719 1054 1835 1082 beatifica,
1854 1056 1875 1076 in
1893 1061 1936 1083 qua
1951 1061 2022 1077 unum

1180 1092 1295 1115 obiectum
1314 1093 1389 1114 visum
1407 1095 1441 1115 cst
1454 1099 1494 1120 per
1512 1099 1536 1114 se
1549 1094 1604 1115 ratio
1617 1094 1770 1121 cognoscendi
1784 1096 1805 1115 et
1817 1100 1841 1116 se
1852 1096 1874 1115 et
1885 1094 1960 1115 omnia
1973 1094 2022 1116 alia.

1179 1132 1201 1153 111
1215 1131 1304 1154 obiecto
1322 1131 1415 1160 quidem
1428 1130 1543 1160 primario
1557 1132 1671 1159 videndo,
1685 1132 1747 1160 quod
1760 1133 1836 1159 ipsum
1849 1135 1924 1154 actum
1937 1132 2023 1160 specifi-

1180 1174 1225 1198 cat,
1244 1176 1288 1191 non
1306 1172 1380 1197 potest
1397 1176 1447 1192 esse
1463 1171 1558 1192 variatio
1577 1176 1618 1192 nec
1635 1171 1757 1192 successio.
1776 1171 1837 1193 Sicut
1855 1173 1930 1193 autem
1946 1172 2021 1198 ipsum

1179 1209 1294 1231 obiectum
1312 1209 1448 1236 primarium
1466 1209 1601 1231 secundario
1614 1210 1720 1236 exprimit
1731 1215 1823 1232 omnem
1842 1210 1960 1232 veritatem
1974 1215 2023 1237 par—

1179 1249 1304 1275 ticipatam,
1323 1249 1350 1270 ita
1369 1249 1437 1270 etiam
1451 1249 1570 1270 intellectui
1588 1248 1643 1271 illud
1656 1249 1715 1271 clare
1728 1249 1812 1271 videnti
1825 1249 1937 1277 praebere
1949 1251 2023 1277 potest

1178 1287 1352 1309 fundamentum
1370 1287 1505 1309 extendendi
1523 1293 1547 1309 se
1564 1287 1593 1309 ad
1611 1287 1725 1309 obiectum
1744 1288 1917 1314 secundarium,
1935 1291 1957 1310 et
1979 1288 2022 1310 1100

1179 1326 1272 1354 quidem
1285 1326 1373 1354 absque
1387 1332 1446 1348 novo
1459 1325 1540 1348 habita
1557 1329 1578 1348 ct
1590 1327 1612 1348 vi
1625 1326 1729 1349 eiusdem
1746 1328 1821 1355 actus,
1842 1328 1880 1355 qui
1893 1327 2021 1349 secundum

1178 1363 1332 1393 aptitudinem
1349 1365 1393 1385 iam
1417 1365 1516 1386 continet
1539 1368 1657 1392 respectus
1682 1371 1762 1387 omnes
1787 1365 1816 1387 ad
1842 1366 2022 1394 qualescumque

1178 1404 1284 1425 veritates
1302 1404 1347 1429 (hic
1365 1403 1393 1425 ad
1412 1404 1450 1425 ult.
1469 1403 1588 1433 tundam).
1607 1404 1651 1426 Nec
1665 1404 1726 1426 aliud
1743 1405 1867 1433 requiritur
1879 1405 1907 1426 ad
1919 1408 1970 1427 actu
1982 1411 2021 1427 eas

1178 1442 1357 1470 cognoscendas,
1376 1442 1417 1464 nisi
1436 1445 1458 1464 ut
1476 1442 1589 1464 addantur
1607 1449 1679 1464 novae
1696 1443 1817 1465 relationes
1834 1443 1863 1465 ad
1881 1443 1969 1466 obiecta
1986 1449 2022 1465 sc-

1177 1481 1294 1503 cundaria.
1312 1493 1341 1496 —-
1360 1481 1416 1503 111110
1433 1484 1512 1503 auctor
1539 1484 1615 1503 noster
1638 1481 1684 1509 (1110
1705 1481 1733 1503 ad
1757 1481 1787 1510 t.)
1810 1482 1935 1510 concludit,
1957 1482 2020 1511 quod

1177 1521 1218 1542 alia
1237 1521 1265 1543 sit
1281 1521 1422 1548 comparatio
1446 1520 1537 1543 habitus
1563 1520 1590 1542 ad
1616 1520 1731 1543 obiectum
1751 1522 1898 1549 primarium,
1925 1522 1966 1543 alia
1992 1521 2021 1543 ad

1176 1559 1352 1587 secundarium,
1370 1562 1391 1582 ct
1408 1560 1471 1587 quod
1489 1562 1552 1582 actus
1569 1560 1664 1581 visionis
1686 1560 1749 1582 aliter
1771 1560 1899 1588 dependeat
1922 1560 1951 1583 ab
1968 1561 2020 1589 1110,

1176 1599 1239 1620 aliter
1257 1598 1286 1620 ab
1304 1599 1359 1620 hoc:
1377 1598 1406 1620 ab
1424 1599 1460 1620 illo
1478 1598 1572 1627 quidem
1590 1598 1756 1626 essentialiter,
1777 1599 1805 1621 ab
1828 1600 1871 1621 hoc
1893 1599 1957 1627 quasi
1978 1605 2021 1628 per

1175 1637 1283 1660 accidens
1304 1646 1313 1657 ιι
1326 1640 1347 1659 et
1364 1644 1391 1659 ex
1409 1638 1555 1666 consequenti
1569 1647 1589 1659 n.
1607 1650 1637 1653 —
1656 1638 1724 1660 Porro
1741 1639 1763 1660 in
1780 1638 1861 1660 eadem
1880 1639 1967 1660 visione
1984 1639 2020 1660 isti

1176 1680 1293 1704 respectus
1311 1676 1339 1698 ad
1358 1679 1431 1698 creata
1449 1677 1484 1698 vel
1503 1676 1608 1698 creabilia
1627 1677 1716 1699 realiter
1734 1677 1905 1705 distinguuntur
1922 1676 1951 1699 ab
1967 1677 2018 1704 ipso

1176 1719 1225 1737 actu
1243 1716 1366 1743 essentiali,
1384 1716 1423 1744 qui
1442 1722 1482 1743 per
1499 1721 1523 1737 se
1541 1718 1645 1743 respectu
1663 1716 1793 1738 secundarii
1811 1716 1892 1738 obiecti
1915 1722 1958 1737 non
1977 1716 2018 1738 nisi

1176 1755 1302 1776 inchoatam
1322 1754 1438 1783 quandam
1456 1755 1687 1781 repraesentationem
1707 1754 1781 1776 habet.
1800 1755 1856 1776 Hinc
1873 1755 2019 1783 intelligitur,

1175 1796 1222 1815 tum
1241 1793 1304 1822 quod
1321 1793 1381 1815 idem
1400 1795 1464 1815 actus
1481 1793 1575 1815 videndi
1593 1793 1736 1815 essentialem
1756 1793 1852 1820 gloriam
1876 1793 1963 1822 absque
1986 1794 2019 1815 in-

1175 1833 1270 1854 trinseca
1287 1838 1328 1854 sua
1346 1833 1471 1854 variatione
1489 1833 1560 1859 possit
1578 1832 1646 1854 modo
1659 1833 1736 1859 plura,
1750 1832 1820 1854 modo
1839 1833 1946 1860 pauciora
1959 1832 2019 1855 obie-

1175 1875 1207 1893 cta
1235 1873 1392 1898 praesentare,
1418 1871 1552 1898 supposito,
1576 1871 1638 1899 quod
1664 1871 1785 1898 speculum
1811 1871 1866 1893 illud
1892 1872 2018 1893 increatum

1174 1912 1329 1937 repraesentat
1346 1909 1494 1936 voluutarie;
1512 1912 1560 1931 tum
1579 1909 1642 1938 quod
1660 1910 1760 1931 extensio
1778 1910 1903 1932 intellectus
1915 1909 1943 1932 ad
1957 1910 2018 1932 varia

1174 1948 1262 1971 obiecta
1279 1949 1413 1971 secundaria
1434 1948 1471 1971 fiat
1488 1949 1510 1970 vi
1528 1948 1631 1970 eiusdem
1651 1951 1715 1970 actus
1733 1949 1868 1977 essentialis,
1887 1950 1916 1971 ita
1935 1951 1959 1971 ut
1981 1955 2020 1971 va-

1174 1989 1238 2010 riatio
1256 1994 1300 2010 non
1317 1989 1345 2010 sit
1362 1994 1387 2009 ex
1407 1991 1470 2015 parte
1487 1988 1560 2015 ipsius
1577 1990 1652 2015 actus⁷
1671 1987 1711 2009 sed
1729 1994 1755 2009 ex
1774 1990 1837 2015 parte
1856 1988 2020 2010 terminationis

1174 2026 1202 2048 ad
1220 2026 1307 2048 obiecta
1326 2026 1472 2048 accidentalia
1491 2026 1584 2053 gloriae.

1236 2066 1258 2087 11.
1277 2065 1343 2087 Solus
1361 2065 1466 2087 Richard.
1485 2071 1497 2086 a
1515 2065 1584 2091 Med„
1604 2066 1639 2087 hic
1656 2071 1675 2087 a.
1695 2066 1715 2087 2.
1737 2072 1759 2094 q.
1778 2065 1802 2092 4,
1829 2066 1926 2087 similem
1952 2072 2019 2094 quae-

1173 2105 1269 2126 stionem
1287 2104 1408 2131 specialem
1427 2103 1508 2131 habet,
1526 2104 1622 2131 scilicet,
1641 2107 1717 2126 utrum
1736 2105 1810 2126 anima
1823 2104 1904 2127 Christi
1916 2104 1945 2127 de
1958 2111 2018 2127 novo

1174 2144 1245 2171 possit
1262 2146 1312 2165 actu
1326 2143 1405 2165 videre
1417 2143 1503 2171 aliquid
1516 2143 1537 2164 in
1552 2142 1641 2171 Verbo,
1659 2146 1681 2165 et
1692 2146 1814 2172 utramque
1827 2144 1960 2166 sententiam
1974 2146 2019 2166 tan-

1173 2188 1243 2211 quam
1260 2182 1404 2210 probabilem
1423 2182 1535 2209 defendit,
1554 2185 1578 2204 111
1595 2183 1663 2204 etiam
1681 2183 1747 2210 scot,
1763 2183 1803 2205 100.
1824 2184 1860 2205 cit,
1873 2183 1914 2205 Alii
1930 2184 1952 2205 in
1970 2189 2018 2212 seq.

1173 2224 1259 2250 quaest.
1278 2221 1415 2250 plerumque
1433 2227 1481 2243 rem
1500 2223 1602 2249 tangunt.

1035 2312 1198 2348 QUAESTto
1218 2312 1258 2340 Ill.

516 2411 619 2440 Utrum
640 2411 744 2440 (laima
768 2410 878 2439 Christi
898 2414 1054 2448 eognoscat
1074 2410 1174 2438 01111110
1196 2410 1227 2438 in
1254 2409 1359 2443 Verbo,
1381 2418 1456 2447 quae
1477 2410 1622 2446 coqiioscit
1649 2410 1780 2438 Verbum.

347 2510 438 2538 Tertio
453 2510 610 2546 quaeritur,
626 2512 721 2537 utrum
744 2508 836 2536 anima
850 2508 951 2536 Christi
967 2511 1114 2545 cognoscat

267 2556 359 2584 onmia
380 2557 407 2585 in
428 2556 535 2589 Verbo,
560 2564 632 2593 quae
654 2555 793 2592 cognoscit
818 2555 951 2585 Verbum.
980 2555 1009 2582 Et
1038 2554 1113 2592 quod

268 2603 319 2637 sic,
341 2603 462 2631 videtur.

348 2651 371 2678 l.
394 2650 490 2678 Anima
504 2649 604 2678 Christi
628 2649 708 2677 beata
723 2649 820 2677 habuit
838 2648 978 2685 spiritum
1000 2656 1058 2686 mm
1073 2648 1113 2676 acl

267 2705 452 2730 mensuram,
474 2697 628 2725 seeundum
651 2696 725 2733 quod
742 2696 844 2724 dicitur
865 2695 973 2723 Ioannis
995 2694 1112 2728 tertio²;

1173 2507 1220 2536 sed
1243 2508 1358 2544 spiritus
1386 2510 1427 2536 est
1452 2507 1485 2536 ad
1516 2507 1737 2544 cognoscendum
1767 2512 1794 2536 et
1822 2508 2014 2545 diligendum:

1170 2562 1236 2590 ergo
1265 2554 1362 2582 habuit
1391 2554 1520 2591 spiritum
1542 2554 1576 2582 ad
1603 2554 1825 2590 cognoscendum
1855 2554 1913 2583 sine
1942 2563 2016 2583 men-

1170 2610 1252 2635 sura3
1274 2604 1301 2630 et
1322 2601 1344 2629 si
1368 2601 1438 2635 boc,
1460 2609 1526 2637 ergo
1548 2601 1622 2629 Deus
1644 2600 1683 2629 illi
1705 2601 1813 2629 animae
1835 2601 1902 2629 nihil
1925 2601 2012 2630 celat:

1169 2648 1309 2685 cognoscit
1329 2655 1396 2684 ergo
1417 2648 1509 2676 omnia
1532 2648 1578 2675 illa
1599 2648 1691 2676 anima
1714 2647 1740 2676 in
1764 2648 1866 2682 Verbo,
1887 2656 1958 2685 quae
1973 2657 2014 2676 eo-

1169 2695 1276 2731 gnoscit
1297 2694 1355 2731 ipse
1378 2694 1459 2723 Deus.

329 2853 336 2867 ¹
355 2853 410 2875 Edd.
429 2859 481 2875 cum
500 2854 576 2875 multis
593 2853 660 2875 codd.
679 2858 801 2881 perperam
819 2853 840 2875 el
857 2851 905 2875 izleo
924 2858 972 2875 non
992 2851 1026 2875 sic
1043 2857 1112 2881 opor-

267 2893 307 2920 tet,
327 2892 390 2922 quod
406 2892 427 2915 si
442 2892 491 2915 alia
508 2895 562 2918 ete:
581 2895 682 2914 nostram
700 2892 819 2914 lectionem
837 2892 969 2919 accepimus
987 2898 998 2913 a
1017 2891 1066 2913 cod.
1084 2891 1110 2912 M.

266 2932 337 2953 Etiam
356 2931 422 2953 codd.
440 2932 456 2953 B
467 2932 484 2953 ll
495 2932 523 2953 W
533 2931 564 2953 bb
583 2931 667 2953 habent
684 2930 747 2960 quod
762 2930 795 2953 sic
812 2930 872 2958 alia,
893 2936 934 2952 nec
951 2936 995 2952 non
1013 2930 1064 2952 cod.
1082 2929 1109 2958 C,

267 2970 305 2998 qui
323 2969 405 2992 deinde
424 2976 465 2997 pro
482 2969 612 2992 secundum.
629 2969 692 2998 quod
708 2969 824 2992 substituit
840 2968 908 2991 siout.
932 2968 999 2990 Paulo
1017 2969 1111 2990 inferius

267 3015 308 3036 pro
329 3008 370 3031 sed
391 3007 554 3036 lzabitualiter,
578 3008 641 3037 quod
663 3008 729 3030 codd.
753 3009 769 3029 A
784 3008 801 3029 H
824 3009 944 3035 omittunt,
967 3008 988 3029 in
1015 3007 1067 3029 edd.
1090 3009 1111 3029 et

1169 2851 1282 2873 nonnullis
1300 2851 1366 2873 codd.
1385 2851 1468 2879 legitur
1484 2850 1525 2873 sed
1540 2850 1618 2873 solam
1630 2849 1789 2872 habitualiter.
1807 2849 1909 2871 Subinde
1927 2855 1968 2876 pro
1980 2855 2012 2871 es-

1167 2889 1326 2913 seiilialiorem.
1344 2890 1394 2912 cod.
1414 2890 1430 2911 l<
1449 2889 1636 2916 imturaliorem,
1656 2888 1722 2910 codd.
1740 2888 1783 2909 FG
1793 2888 1808 2909 L
1818 2888 1834 2909 N
1846 2888 1864 2909 T
1877 2888 1894 2910 V
1904 2887 1920 2909 Z
1937 2888 2011 2909 incon-

1169 2935 1226 2956 grue
1243 2928 1396 2951 essentialem.

1229 2967 1239 2981 2
1256 2967 1321 2989 Vers.
1340 2966 1375 2989 34.
1393 2966 1438 2989 Csr.
1457 2968 1492 2988 hic
1509 2967 1538 2988 lit.
1557 2966 1666 2993 Magistri,
1685 2971 1703 2987 c.
1726 2965 1743 2986 1.
