2166 3366
9 853 104 878 Quaestio
119 853 142 872 (le

28 877 142 896 definitioni-

28 900 62 919 bus
76 900 125 919 ndei.

0 1394 1 1399 1
22 1368 115 1388 Definitio
126 1368 142 1387 Ι.

25 1555 114 1574 Definitio
122 1555 140 1574 2.

23 1835 113 1854 Definitio
123 1835 140 1854 3.

868 204 951 232 DlST.
974 204 1061 233 xxttt.
1082 204 1190 234 DUBIA.

1846 211 1897 239 501

740 329 837 358 DUBlA
859 329 952 358 Cinea
974 330 1138 358 {ATTERAM
1160 330 1320 358 MAGISTttt.

525 427 592 455 Due.
614 427 631 455 l.

237 522 263 550 ln
286 524 364 559 parte
386 520 437 550 ista
458 523 523 549 sunt
544 521 720 558 quaestiones
735 522 808 550 circa
824 522 958 556 litteram,
974 525 1001 551 et

159 569 248 606 primo
269 568 415 605 quaeritur
429 567 464 596 de
489 567 536 596 illa
557 568 757 603 notificatione,
772 577 857 606 qnam
873 569 1001 606 Magister

158 615 249 653 ponit:
266 615 352 644 Fides
366 618 408 643 est
423 614 517 642 uirtus
527 637 534 647 ,
550 623 609 652 qna
623 615 786 643 eredtmtitr
801 624 876 654 quae
890 625 948 644 non
962 616 1001 644 vi-

158 663 271 691 dentur.
295 661 411 691 Videtur
432 661 505 689 enim
529 661 581 689 ista
603 661 726 690 definitio
742 662 833 691 minus
849 666 922 691 recte
937 663 1001 691 assi-

157 709 251 746 gnari,
273 708 338 745 quia
361 707 481 736 loannis
502 707 661 744 viyest'mo'
685 708 790 737 dictum
806 712 847 737 est
862 709 998 738 Thomae:

158 755 235 791 Quia
256 754 358 783 vidisti
377 762 437 787 me,
459 754 612 782 credidisti
619 765 628 787 ‚·
649 758 771 789 constat,
786 755 860 792 quod
880 756 1000 784 Thomas

156 801 274 831 credidit
297 809 363 829 vera
384 800 452 829 sule:
476 808 542 837 ergo
565 801 616 829 ista
636 801 760 829 definitio
789 810 842 829 non
871 801 1000 830 convenit

155 848 229 877 omni
253 848 316 877 fidei
339 847 542 876 universaliter.
569 864 608 868 —-
635 848 717 882 ltem,
746 849 892 885 quaeritur
921 850 1001 878 iuxta

159 895 211 924 hoc
231 895 266 924 de
288 894 448 923 diversitate
469 894 687 922 notiticationum
711 895 799 932 ipsius
821 895 900 929 fidei,
929 904 1000 932 quae

155 950 171 971 a
203 942 322 971 diversis
352 941 513 970 doctoribus
544 941 730 977 assignantur.
763 941 879 970 Videtur
910 942 999 976 enim,

155 989 230 1026 quod
253 988 345 1017 minus
367 992 450 1021 recte,
472 987 552 1024 quia,
574 996 637 1016 cum
655 998 668 1013 «
691 988 774 1016 nnius
797 989 834 1017 rei
858 997 946 1017 unum
965 989 1000 1017 sit

155 1044 214 1064 esse
225 1046 237 1061 υ
251 1046 260 1069 ;
275 1038 302 1064 et
317 1046 330 1061 «
345 1035 468 1063 delinitio
483 1038 525 1064 est
541 1035 610 1063 ratio
624 1035 749 1063 indicans
764 1035 835 1073 qnid
849 1039 890 1064 est
900 1044 958 1064 esse
966 1046 999 1069 »;

156 1083 283 1117 videtur,
304 1082 379 1119 quod
401 1082 464 1111 ndei
487 1081 569 1111 unica
585 1084 691 1110 tantum
708 1082 790 1111 debet
804 1083 938 1119 assignari
955 1083 1000 1111 de-

155 1129 243 1158 finitio
255 1129 274 1157 ².
297 1129 448 1166 Quaeritur
469 1136 551 1166 erg0‚
580 1136 665 1166 penes
693 1129 777 1166 quid,
805 1134 832 1158 et
860 1130 999 1166 quomodo

155 1176 315 1206 differenter
336 1176 535 1213 assignantur?

234 1223 412 1252 Rasvommo:
430 1223 582 1252 Dicendum
592 1246 599 1257 ,
614 1223 689 1260 quod
705 1223 795 1252 virtus
810 1224 888 1258 fidei,
904 1232 999 1252 secun-

155 1269 224 1299 dum
245 1270 320 1307 quod
343 1269 534 1306 multipliciter
555 1269 640 1298 habet
660 1270 846 1304 considerari,
864 1271 946 1299 babet
961 1271 999 1299 ‹ti-

155 1317 312 1346 versimode
333 1316 477 1345 notificari.
500 1316 698 1345 Consideratur
719 1317 793 1345 enim
820 1317 888 1346 tides
915 1326 1000 1354 quan-

157 1368 216 1394 tum
238 1365 272 1393 ad
292 1373 385 1402 penus
404 1363 579 1401 proprium:
600 1367 627 1392 et
648 1364 686 1392 sic
708 1364 840 1392 delinitur
861 1364 896 1393 ab
911 1365 999 1401 Angu-

155 1411 266 1441 stino⁸:
283 1422 296 1438 «
317 1411 396 1440 Fides
417 1414 458 1440 est
480 1411 584 1445 virtus,
605 1419 660 1448 qua
682 1411 836 1440 creduntur
858 1419 929 1448 quae
944 1420 997 1440 non

155 1458 325 1488 videntur».

233 1505 432 1534 Consideratur
453 1504 575 1533 secundo
596 1507 732 1541 quantum
758 1504 792 1533 ad
820 1504 907 1541 finem
936 1505 999 1533 ulti-

154 1560 254 1586 mum,·
274 1554 301 1581 et
322 1551 361 1581 sic
376 1551 509 1580 definitur
523 1551 558 1580 ab
574 1551 701 1588 Apostolo
713 1551 738 1579 ⁴:
756 1563 769 1576 «
784 1551 862 1580 Fides
876 1555 918 1580 est
936 1551 999 1580 sub-

153 1599 254 1628 stantia
275 1598 478 1636 sperandarum
501 1606 613 1633 rerum,
635 1601 832 1635 argumentum
849 1606 902 1626 non
917 1606 999 1635 appa-

154 1646 301 1675 rentium»
315 1657 322 1680 ;
343 1649 370 1674 et
392 1645 460 1674 haec
475 1644 598 1674 definitio
613 1645 782 1682 explanatur
796 1653 810 1673 a
827 1645 998 1674 Damasceno

154 1691 181 1721 in
203 1692 275 1722 libro
296 1700 361 1721 suo:
381 1703 394 1718 «
415 1692 493 1721 Fides
514 1695 556 1721 est
570 1699 668 1721 eorum
684 1699 756 1728 quae
782 1694 930 1728 sperantur
952 1692 999 1728 hy-

154 1739 287 1777 postasis,
309 1747 405 1768 rerum
427 1739 604 1776 redargutio,
626 1746 697 1776 quae
719 1747 772 1766 non
794 1738 963 1767 videntur».

232 1786 431 1815 Consideratur
451 1786 532 1815 tertio
563 1788 699 1823 quantum
733 1785 768 1814 ad
800 1785 938 1813 obiectum
971 1787 998 1814 et

153 1832 334 1870 principi-itm
356 1831 512 1866 motivum;
534 1835 561 1861 et
582 1832 621 1861 sic
643 1831 775 1860 delinitur
795 1831 830 1859 al]
845 1830 997 1868 Augustino

1058 429 1092 457 ad
1104 429 1281 457 Consentium
1293 429 1314 458 ⁶:
1329 440 1341 455 «
1353 429 1429 459 Fides
1442 434 1483 459 est
1494 431 1659 460 illuminatio
1671 432 1771 461 inentis
1782 433 1816 461 ad
1830 441 1903 462 sum-

1058 484 1132 504 mam
1155 475 1342 504 Veritatem».

1137 522 1336 551 Consideratur
1365 524 1545 552 nihilominus
1574 529 1709 561 quantum
1738 527 1773 555 ad
1801 531 1900 555 aetum

1054 568 1231 606 proprium,-
1252 572 1279 597 et
1300 569 1338 597 sic
1360 569 1492 598 definitur
1513 580 1529 598 a
1559 571 1763 601 Damasceno⁶x
1781 584 1794 599 «
1823 574 1901 603 Fides

1057 618 1099 644 est
1119 623 1173 644 non
1196 615 1345 652 inquisitus
1367 624 1543 645 consensus»
1569 618 1643 646 circa
1665 619 1782 655 primam
1799 620 1901 649 Verita-

1058 665 1130 697 tem3
1152 662 1194 691 vel
1216 663 1370 691 secundum
1398 664 1466 692 alios
1497 664 1691 702 affirmative.-
1708 677 1721 690 α
1752 666 1901 703 inquisitus

1057 717 1247 743 consensus»,
1268 710 1334 746 qnia
1357 710 1382 738 in
1405 710 1523 740 (liversis
1546 712 1774 741 translationibus
1792 717 1899 742 utrum-

1057 765 1112 794 que
1138 757 1294 794 reperitur3
1322 760 1349 786 et
1377 760 1530 795 utrumqne
1559 762 1648 795 potest
1677 759 1789 796 intelligi
1820 768 1900 795 vere,

1057 803 1136 840 quia,
1158 803 1287 840 quamvis
1310 803 1457 832 videantur
1478 804 1571 833 dicere
1592 806 1767 842 oppos-itum,
1789 815 1845 835 una
1865 810 1901 835 ta-

1058 857 1120 878 men
1142 850 1272 887 explanat
1295 850 1421 879 alteram.
1443 850 1511 878 Cum
1534 851 1607 879 enim
1629 852 1732 880 dicitur
1754 852 1823 881 tides
1838 862 1901 881 con-

1055 904 1158 924 sensus
1179 896 1353 934 inquisitu-5,
1377 897 1428 925 ltoc
1449 901 1491 926 est
1512 897 1620 932 dicere,
1644 898 1671 926 id
1693 901 1734 927 est
1748 907 1900 928 consensus

1057 951 1114 970 non
1135 943 1301 980 quaesitus:
1322 947 1349 972 et
1371 947 1436 972 tunc
1458 943 1489 971 in
1511 947 1620 973 tenetur
1639 945 1786 981 privative
1800 949 1827 974 et
1843 950 1899 975 tan-

1057 992 1115 1018 tum
1139 989 1211 1018 valet
1234 993 1370 1026 quantum
1392 999 1549 1019 consensus
1569 999 1627 1019 non
1649 991 1824 1029 inquisitus,
1848 993 1899 1022 hoc

1056 1040 1098 1065 est
1119 1044 1264 1071 assensus,
1287 1045 1342 1074 quo
1364 1037 1426 1074 quis
1449 1037 1535 1066 libere
1557 1039 1672 1067 assentit
1694 1039 1822 1073 veritati,
1844 1047 1898 1068 non

1056 1083 1176 1112 innitens
1197 1083 1279 1112 alicui
1301 1084 1409 1112 rationi.

1133 1131 1330 1160 Consideratur
1352 1131 1433 1160 etiam
1457 1131 1484 1160 in
1505 1132 1603 1161 ordine
1624 1132 1659 1161 ad
1680 1127 1841 1161 subiectum
1849 1143 1859 1166 ,·
1873 1137 1900 1162 et

1056 1177 1094 1206 sic
1115 1177 1247 1206 delinitur
1269 1186 1285 1206 a
1306 1178 1435 1214 Dionysio
1457 1179 1483 1206 in
1506 1178 1577 1207 libro
1597 1179 1632 1207 de
1654 1179 1760 1208 Divinis
1782 1179 1900 1208 Nomini-

1056 1224 1117 1259 bus,
1130 1224 1251 1261 capitulo
1263 1224 1380 1262 septimo
1391 1226 1413 1253 ⁷:
1432 1225 1535 1254 «Fides
1546 1228 1588 1254 est
1600 1226 1713 1255 unicum
1726 1226 1900 1255 credentium

1055 1271 1284 1305 tundamentum,
1306 1279 1354 1300 eos
1375 1272 1513 1301 collocans
1535 1272 1648 1301 Veritati
1662 1284 1688 1301 υ.

1134 1318 1332 1346 Consideratur
1363 1319 1446 1347 etiam
1477 1319 1503 1347 in
1531 1319 1737 1356 comparatione
1758 1320 1792 1349 ad
1822 1319 1900 1349 liabi-

1056 1367 1103 1393 tus
1124 1364 1198 1393 alios
1220 1368 1355 1402 quantum
1378 1365 1413 1394 ad
1435 1366 1613 1394 assentiendi
1639 1366 1779 1400 modum,-
1806 1371 1833 1395 et
1861 1367 1900 1396 sic

1057 1411 1189 1440 definitur
1211 1411 1246 1439 ab
1268 1412 1379 1448 llugone
1402 1413 1428 1440 in
1444 1412 1515 1441 libro
1541 1413 1576 1442 de
1591 1413 1809 1442 Sacramentis⁸z
1830 1423 1844 1440 «
1863 1414 1900 1442 Fi-

1055 1458 1105 1486 des
1126 1461 1167 1486 est
1188 1458 1326 1486 certitudo
1347 1459 1484 1495 quaedam
1507 1459 1542 1488 de
1564 1460 1649 1488 rebus
1663 1459 1841 1494 absentibus,
1856 1467 1900 1489 su—

1055 1512 1104 1541 pra
1127 1504 1291 1541 opinionem
1312 1508 1339 1534 et
1361 1505 1431 1534 infra
1451 1506 1604 1535 seientiam
1626 1506 1813 1535 constituta».

1135 1552 1174 1580 Ex
1204 1551 1246 1580 his
1279 1555 1368 1589 patet,
1399 1553 1474 1590 quod
1503 1552 1572 1582 sides
1601 1553 1685 1582 habet
1711 1553 1899 1583 diversimode

1054 1598 1206 1633 notificari,
1227 1600 1381 1628 secundnm
1404 1600 1479 1637 quod
1501 1600 1585 1629 habet
1605 1600 1792 1630 diversimode
1814 1601 1900 1630 consi-

1055 1645 1157 1679 derari,
1172 1645 1300 1674 videlicet
1316 1645 1342 1673 in
1358 1646 1564 1683 comparatione
1579 1647 1614 1675 ad
1627 1655 1720 1684 penus
1728 1647 1899 1685 proprium,

1054 1691 1089 1719 ad
1110 1690 1197 1727 finem
1218 1691 1376 1725 ultimum,
1398 1692 1433 1721 ad
1462 1692 1623 1726 obiectum,
1644 1693 1679 1722 ad
1707 1697 1807 1722 aetram
1832 1702 1900 1731 pro-

1051 1737 1175 1775 prium,
1196 1738 1231 1766 ad
1252 1738 1413 1766 subiectam
1434 1742 1461 1767 et
1481 1739 1516 1767 ad
1539 1739 1671 1768 habitum
1699 1741 1898 1778 disparatum.

1132 1784 1170 1812 Ad
1193 1784 1261 1812 illud
1285 1785 1358 1822 quod
1381 1785 1472 1822 primo
1492 1785 1622 1815 obiicitur
1637 1786 1672 1815 de
1694 1787 1808 1821 Thoma,
1822 1787 1898 1824 quod

1053 1834 1077 1859 et
1102 1831 1170 1859 vidit
1191 1833 1218 1859 et
1239 1830 1373 1865 credidit3
1395 1831 1561 1867 dicendum,
1577 1833 1650 1870 quod
1667 1833 1744 1862 aliud
1759 1833 1896 1868 eredidit,

217 1978 224 1993 ¹
243 1978 308 2001 Vers.
326 1979 362 2001 29.

215 2017 225 2032 ²
242 2018 339 2046 Aristot,
358 2017 393 2040 Vl.
412 2017 491 2046 Topic.
504 2023 522 2040 c.
541 2018 562 2040 3.
580 2017 669 2045 (c.15.),
688 2017 810 2045 propositis
823 2017 891 2045 locis,
909 2023 935 2039 ex
948 2017 995 2045 qui-

153 2056 198 2079 bus
211 2056 291 2079 videre
302 2060 347 2083 est,
360 2062 414 2078 num
434 2057 485 2085 quis
505 2065 515 2077 α
528 2056 657 2079 definiverit
668 2059 690 2078 et
702 2056 792 2083 dixerit,
810 2055 867 2085 qnid
877 2056 910 2078 est
921 2061 970 2078 esse
982 2064 992 2076 n

154 2092 193 2125 [τὸ
211 2093 231 2117 τί
254 2089 279 2123 ἦν
297 2089 375 2125 εἶναι]
397 2096 410 2117 i.
434 2102 454 2117 e.
477 2095 606 2118 definiverit
628 2094 780 2125 quiddilatem
802 2095 850 2116 sive
871 2094 996 2117 essentiam

154 2135 208 2163 (cl'r.
221 2141 289 2163 supra
308 2141 360 2163 pag.
374 2134 414 2157 341
427 2153 432 2161 ,
446 2138 497 2157 nota
510 2135 550 2163 7.),
563 2135 604 2157 ait:
623 2135 764 2156 Manifestum
777 2134 857 2161 igitur,
876 2133 937 2161 quod
956 2134 996 2162 qui

154 2180 199 2196 non
216 2180 258 2202 per
275 2173 407 2196 huiusmodi
424 2172 487 2203 [scil.
505 2180 547 2202 per
564 2174 641 2202 priora
658 2176 680 2195 et
697 2172 796 2202 notiora]
814 2172 930 2200 definivit,
951 2178 996 2194 non

154 2212 270 2240 definivit3
294 2213 385 2235 sienim
408 2212 520 2241 definivit,
541 2213 618 2241 plures
641 2214 707 2234 crunt
725 2211 828 2233 eiusdem
847 2211 996 2233 definitiones.

154 2252 210 2274 Nam
232 2252 390 2280 manifestum,
412 2251 475 2280 quod
497 2252 575 2280 etqui
593 2258 634 2279 per
657 2252 732 2279 priora
751 2257 777 2272 ac
795 2251 890 2278 notiora,
913 2251 996 2272 iterum

154 2290 236 2312 melius
248 2289 362 2318 delinivit;
375 2296 446 2318 quare
459 2293 568 2318 utraeque
585 2292 652 2312 crunt
663 2289 806 2311 definitiones
817 2288 928 2310 ciusdem.
941 2288 997 2310 'l‘ale

154 2331 230 2351 autem
249 2334 293 2351 non
315 2328 417 2356 videtur;
436 2334 488 2350 nam
512 2329 636 2357 unicuique
657 2334 736 2350 eorum
760 2334 819 2356 quae
836 2331 901 2355 sunt,
923 2333 995 2349 unum

153 2371 188 2391 est
204 2373 252 2391 esse
262 2367 286 2390 id
294 2367 372 2396 ipsum
384 2367 447 2397 qnod
457 2369 506 2395 ests
518 2374 590 2397 quare
602 2368 620 2389 si
634 2367 710 2395 plures
722 2369 788 2389 erunt
800 2366 903 2389 eiusdem
917 2366 998 2388 delini-

154 2407 241 2434 tiones‚
259 2406 321 2429 idem
338 2407 380 2429 erit
397 2406 490 2429 delinito
507 2411 570 2434 esse,
587 2406 651 2435 quod
667 2406 762 2434 quidem
774 2405 901 2427 secundum
915 2408 997 2427 utram-

154 2451 200 2474 que
217 2445 373 2467 definitionem
390 2445 545 2473 significatui-3
564 2446 620 2468 haee
638 2444 702 2474 [esse
719 2445 768 2466 sivo
785 2443 908 2473 essentiae]
920 2447 996 2466 autem

153 2489 198 2506 non
216 2483 297 2506 eadem
314 2487 378 2511 sunt,
396 2490 423 2506 co
435 2484 499 2512 quod
517 2484 659 2506 definitiones
671 2483 776 2505 diversae
789 2486 831 2505 etc.
843 2482 887 2505 Csr.
912 2483 935 2504 11.
956 2483 997 2504 Ρο-

153 2525 206 2545 ster.
223 2529 242 2545 c.
262 2523 297 2544 ¹0.
316 2524 349 2550 (c.
367 2523 412 2550 9.)‚
430 2526 452 2545 et
469 2523 495 2545 V.
509 2523 604 2550 inempti.
617 2526 669 2545 text.
694 2522 727 2544 ¹5.
745 2522 796 2549 (tv.
814 2527 832 2544 c⁴
851 2521 895 2549 8.),
907 2527 934 2543 ac
952 2521 996 2544 Vll.

153 2564 204 2584 text.
223 2562 259 2584 ll.
277 2567 341 2590 seqq.
360 2562 409 2589 (Vl.
428 2568 446 2584 c.
466 2561 508 2591 4.),
526 2561 566 2584 ubi
583 2562 618 2584 illu
641 2561 782 2592 definitionis
800 2562 861 2583 notio
884 2561 948 2583 allata
966 2561 997 2582 in-

151 2600 256 2626 venitur.
273 2606 333 2628 quae
350 2600 364 2622 Ι.
380 2600 460 2628 Topic.
473 2606 493 2622 c.
511 2599 532 2622 4.
549 2601 617 2622 etiam
630 2600 659 2623 ad
673 2600 801 2623 terminum
819 2597 899 2629 (ὅρος)
916 2599 997 2629 defini-

153 2637 211 2660 tioni
228 2635 348 2667 (ὁρισμὸς)
372 2638 549 2666 respondentem
572 2638 710 2666 applicatur,
728 2639 763 2660 illa
781 2639 877 2661 scilieet:
898 2647 908 2658 α
921 2638 996 2660 Oratio

153 2673 256 2705 [λὸγος]
273 2675 330 2705 qnid
350 2677 402 2699 erat
422 2682 471 2698 esse
487 2676 619 2704 significans
631 2685 652 2698 ι.
670 2689 700 2692 -
717 2677 810 2699 Plurimi
828 2677 895 2699 codd.
913 2677 997 2699 babent

152 2714 227 2743 ratio,
242 2714 349 2738 indicans
361 2714 418 2744 quid
433 2716 466 2737 est
482 2721 542 2742 esse,
562 2721 604 2742 pro
621 2721 667 2744 quo
685 2715 738 2737 edd.
751 2715 795 2737 fide
813 2722 939 2743 paucorum
953 2719 997 2738 tan-

152 2756 201 2776 tum
219 2754 286 2776 codd.
304 2754 470 2776 substituerunt
487 2753 563 2776 oratio
581 2753 696 2782 indicans,
710 2753 811 2783 quidest
828 2760 876 2777 esse
892 2754 934 2777 rei.

214 2792 224 2807 ³
241 2793 301 2815 Libr.
319 2793 343 2815 ll.
361 2793 453 2821 Quaest.
470 2799 553 2821 evang.
571 2799 593 2821 q.
612 2793 650 2815 39.
667 2799 688 2814 n.
708 2793 732 2820 Ἰ1;
751 2793 772 2814 in
791 2793 848 2815 loon.
867 2793 953 2821 Evang.
969 2796 995 2815 tr.

151 2831 190 2854 79.
208 2838 229 2853 n.
249 2831 268 2854 l.
286 2831 331 2854 Cl‘r.
349 2831 404 2854 ibid.
422 2834 448 2854 tr.
467 2831 503 2853 40.
522 2838 543 2853 n.
561 2832 581 2854 9.
600 2831 658 2853 Vide
676 2832 712 2854 nic
729 2832 759 2854 lit.
778 2832 888 2860 Magistri,
906 2838 925 2853 e.
944 2833 964 2853 2.

215 2870 224 2884 ⁴
241 2870 310 2893 nebr.
324 2871 331 2892 l
342 2871 359 2898 l,
380 2871 399 2892 l.
412 2870 597 2898 Explanationem
615 2870 717 2893 Damaso.
731 2870 782 2898 (lv.
801 2870 829 2892 de
841 2870 894 2892 Fide
906 2870 996 2892 orthod.

154 2915 173 2932 c.
194 2910 237 2937 l0.)
254 2909 341 2932 videsis
358 2915 427 2938 supra
445 2916 465 2931 a.
484 2910 504 2931 rl.
523 2915 544 2938 q.
563 2909 585 2932 5.
603 2909 632 2932 ad
653 2910 670 2931 l.

217 2947 227 2962 ⁵
244 2948 265 2970 ln
283 2948 351 2976 Epist.
372 2949 423 2971 420.
441 2948 509 2976 (olim
526 2949 548 2970 in
566 2948 619 2971 edd.
637 2949 659 2970 in
671 2948 729 2971 duas
746 2948 819 2971 divisa
838 2951 859 2970 et
870 2948 914 2971 sub
932 2954 995 2970 num.

154 2987 206 3009 2⁵22.
220 2989 240 3009 et
253 2987 289 3009 85.
302 2987 428 3016 exhibita),
446 2987 485 3010 ubi
503 2990 578 3009 tamen
596 2993 640 3009 non
663 2987 692 3009 ad
709 2987 808 3010 verbum
826 2987 922 3010 liabetur
939 2987 995 3009 defi-

1051 1978 1105 2000 nitio
1117 1977 1192 2005 allata,
1205 1977 1245 1999 sed
1258 1978 1345 2000 eruitur
1356 1983 1383 1999 ex
1396 1978 1422 2000 iis
1440 1984 1499 2006 quae
1511 1978 1533 2000 S.
1552 1978 1635 2001 Doctor
1652 1978 1683 2001 ibi
1696 1984 1714 2001 c.
1732 1978 1776 2001 1-4.
1799 1985 1820 2001 n.
1834 1978 1897 2002 4-18,

1051 2016 1138 2044 profert
1153 2015 1291 2045 ostendens,
1309 2022 1350 2039 nos
1367 2023 1408 2044 per
1425 2016 1506 2044 tidem,
1526 2017 1572 2039 Deo
1589 2018 1650 2040 intus
1666 2017 1790 2040 adiuvante
1811 2021 1832 2040 et
1849 2019 1897 2040 illu·

1052 2057 1162 2084 minante,
1175 2057 1297 2083 pervenire
1318 2064 1327 2076 ι
1341 2062 1385 2078 non
1398 2056 1473 2078 solum
1490 2056 1520 2078 nd
1538 2059 1623 2079 tantam
1635 2057 1806 2085 intelligentiam
1819 2064 1897 2080 rerum

1052 2095 1240 2122 incorporearum
1263 2097 1284 2116 et
1306 2094 1539 2123 incommutabilium,
1562 2098 1646 2124 quanta
1670 2096 1691 2117 in
1715 2096 1756 2117 bac
1779 2097 1823 2118 vita
1847 2097 1897 2124 capi

1053 2139 1097 2155 non
1115 2132 1144 2155 ab
1161 2133 1270 2155 omnibus
1287 2136 1370 2161 potest,
1389 2140 1472 2156 verum
1494 2135 1562 2156 etiam
1580 2134 1608 2156 ad
1626 2135 1781 2157 summitatem
1799 2139 1898 2158 contem-

1053 2172 1169 2200 plationis,
1187 2178 1257 2201 quam
1275 2172 1329 2195 dicit
1345 2173 1469 2200 Apostolus
1484 2172 1545 2202 sat-ie
1561 2172 1593 2196 ad
1608 2172 1694 2202 faciem
1705 2182 1716 2194 υ
1738 2174 1767 2201 (1.
1785 2174 1836 2197 Cor.
1859 2175 1896 2202 13,

1057 2211 1107 2239 12).
1125 2211 1186 2233 Alex.
1204 2212 1258 2239 llal.,
1276 2212 1298 2233 S.
1317 2218 1339 2239 p.
1357 2212 1388 2233 lll.
1401 2218 1424 2240 q.
1442 2212 1479 2234 68.
1493 2218 1522 2234 m.
1540 2212 1562 2234 5.
1580 2218 1600 2234 a.
1617 2213 1634 2234 l.
1652 2213 1695 2234 ait:
1713 2212 1832 2241 Quaedam
1844 2212 1897 2242 [co-

1053 2249 1137 2279 gnitio]
1154 2256 1210 2272 vero
1227 2254 1261 2273 est
1280 2257 1307 2272 ex
1321 2251 1406 2272 lumine
1419 2251 1505 2278 gratiae
1522 2251 1607 2275 intuso.
1625 2251 1728 2274 elevante
1741 2252 1817 2279 ipsum
1834 2252 1898 2274 intel-

1052 2289 1135 2311 lectum
1152 2295 1222 2317 supra
1240 2295 1264 2311 se
1281 2289 1311 2311 ad
1327 2289 1497 2311 assentiendum
1510 2289 1601 2312 veritati
1615 2290 1703 2317 primae
1721 2293 1816 2318 propter
1832 2297 1857 2313 se
1874 2294 1897 2313 et

1053 2333 1123 2355 super
1140 2329 1227 2354 omnia,
1245 2328 1373 2350 secundum
1391 2334 1461 2356 quem
1479 2328 1575 2350 modum
1593 2328 1646 2351 dicit
1665 2328 1822 2356 Augustinus:
1844 2338 1854 2349 α
1866 2329 1897 2351 Fi·

1053 2366 1094 2389 des
1110 2370 1144 2389 est
1160 2367 1294 2389 illuminatio
1315 2368 1397 2389 mentis
1413 2367 1442 2389 ad
1464 2373 1578 2389 summam
1598 2367 1720 2390 Veritatem
1734 2376 1755 2390 n.
1773 2368 1799 2390 Et
1818 2374 1896 2391 secun·

1054 2405 1109 2428 dum
1132 2407 1193 2428 hunc
1215 2406 1312 2428 modum
1336 2406 1442 2428 delinitur
1463 2412 1475 2428 a
1498 2407 1579 2428 loanne
1602 2406 1705 2428 Damasc.
1724 2407 1774 2433 (lv.
1798 2407 1827 2429 de
1843 2407 1897 2430 Fide

1053 2444 1142 2466 orthod.
1160 2450 1179 2466 c.
1205 2445 1262 2471 Ἰ10.);
1283 2452 1292 2464 α
1306 2444 1441 2466 lndistabilis
1462 2447 1484 2466 et
1500 2444 1652 2467 iniudicabilis
1674 2451 1728 2473 spes
1745 2440 1898 2474 [ἁδίστακτος

1054 2481 1091 2504 καὶ
1108 2477 1237 2512 ἀδιάκριτος
1249 2480 1329 2512 ἐλπίς]
1341 2489 1422 2505 eorum
1434 2490 1493 2512 quae
1505 2490 1516 2505 a
1531 2483 1577 2506 Deo
1589 2483 1655 2506 nobis
1667 2485 1797 2507 annuntiata
1810 2488 1862 2507 sunt
1874 2493 1896 2507 ».

1054 2520 1097 2543 Clr.
1116 2521 1172 2543 infra
1196 2521 1218 2543 d.
1241 2520 1278 2543 24.
1295 2528 1315 2543 a.
1343 2522 1360 2543 l.
1382 2528 1404 2550 q.
1424 2522 1443 2543 vl.
1461 2534 1491 2537 —
1508 2522 1551 2544 Pro
1567 2521 1599 2545 ad
1621 2522 1772 2545 Consentiam
1795 2523 1847 2546 edd.
1865 2523 1897 2546 acl

1054 2560 1225 2583 Constantium.

1115 2599 1125 2614 ⁶
1143 2599 1202 2622 Libr.
1220 2600 1256 2622 lV.
1274 2600 1303 2622 de
1321 2599 1375 2622 Fide
1392 2599 1481 2622 orthod.
1499 2606 1518 2622 c.
1538 2600 1578 2622 tt:
1596 2598 1677 2625 Πίστις
1694 2600 1716 2622 δέ
1734 2598 1794 2622 ἐστιν
1812 2596 1896 2623 ἀπολυ-

1055 2636 1212 2667 πραγμὸνητος
1228 2637 1261 2667 [i.
1279 2645 1298 2660 e.
1317 2644 1396 2660 carens
1420 2639 1482 2660 omni
1499 2638 1660 2668 inquisitione]
1678 2638 1847 2668 συγκατάθεσις.
1865 2641 1895 2662 Si-

1054 2678 1136 2699 militer
1153 2677 1206 2699 dicit
1223 2677 1295 2704 Basil..
1314 2678 1335 2699 in
1354 2678 1388 2700 Ps.
1411 2678 1459 2700 115.
1483 2684 1503 2700 n.
1523 2678 1548 2700 l:
1567 2678 1633 2700 Fides
1651 2685 1705 2706 prae
1728 2680 1815 2701 cunctis
1831 2680 1896 2702 ratio-

1055 2717 1144 2739 nalibus
1164 2717 1278 2739 methodis
1300 2717 1399 2739 animam
1421 2717 1513 2739 trahens
1529 2717 1557 2739 nd
1576 2723 1726 2745 consensum;
1749 2718 1818 2746 fides,
1836 2725 1896 2747 quae

1054 2762 1098 2778 non
1122 2757 1255 2778 necessariis
1277 2757 1422 2784 geometricis
1439 2756 1626 2784 probationibus,
1648 2756 1687 2779 sed
1706 2757 1803 2784 Spiritus
1824 2759 1895 2780 sancti

1054 2796 1186 2823 operatione
1209 2795 1317 2822 gignitur.
1337 2807 1367 2810 —
1386 2795 1434 2817 Non
1455 2796 1483 2818 ita
1506 2796 1578 2818 multo
1600 2799 1651 2823 post
1673 2796 1805 2824 complures
1827 2796 1895 2819 codd.

1054 2834 1159 2856 omittunt
1176 2834 1266 2861 tamen,
1286 2836 1308 2856 et
1319 2833 1402 2856 deinde
1419 2839 1462 2861 pro
1476 2835 1593 2863 quantum
1610 2840 1738 2858 consensus
1754 2841 1803 2858 non
1820 2834 1896 2865 inqui-

1053 2870 1112 2893 situs
1129 2871 1181 2893 edd.
1199 2871 1338 2894 substituunt
1355 2872 1471 2900 quantum
1488 2877 1599 2895 assensus
1615 2878 1663 2895 non
1680 2873 1809 2902 quaesitus.

1115 2910 1125 2924 ⁷
1143 2910 1280 2938 Paragrapb.
1303 2910 1328 2938 4,
1349 2911 1478 2933 secundum
1498 2912 1627 2934 versionem
1651 2912 1710 2935 Scoti
1732 2913 1793 2941 Erig.
1810 2914 1895 2936 --Pro

1056 2948 1154 2971 Veritati
1170 2948 1220 2972 Vat.
1237 2948 1262 2972 in
1282 2949 1389 2972 Veritate.

1115 2986 1125 3001 8
1141 2987 1202 3009 Libr.
1220 2988 1234 3010 1.
1253 2994 1275 3016 p.
1288 2987 1316 3009 X.
1329 2993 1348 3010 c.
1367 2988 1387 3010 2.

1915 536 2002 554 Definitio
2013 536 2032 554 4.

1914 1142 2001 1160 Definitio
2011 1142 2028 1160 5.

1913 1329 2002 1347 Definitio
2010 1329 2029 1346 6.
