2166 3366
15 795 81 821 Opinio
94 796 112 814 Ξ.

746 193 828 221 DtST.
851 192 916 221 xiv.
940 191 1012 219 ART.
1034 191 1052 218 l.
1074 190 1209 227 QUAEST.
1232 189 1250 217 1.

123 276 297 306 distinctione
312 275 419 304 decima
435 273 552 310 septima
564 273 586 307 ¹,
601 274 628 301 et
639 271 777 305 secundo,
789 270 964 299 distinctione

123 323 256 360 vigesima
278 325 366 350 sexta.
392 321 462 349 llaec
482 320 565 348 etiam
586 319 685 356 positio
718 317 873 354 improbata
904 319 964 349 est;

122 370 198 399 unde
218 374 245 398 et
266 368 423 398 communis
437 366 529 404 opinio
547 368 621 394 tenet
635 364 816 393 contrarium.
837 363 966 391 Ponimus

123 417 196 445 enim
217 415 392 453 sapientiam
415 417 563 446 creatam,
585 419 657 449 quae
678 414 719 439 est
740 410 869 444 habitus,
885 413 911 438 et
926 409 967 437 cli-

124 463 270 492 lectionem
291 465 438 494 creatam,
460 463 487 488 et
505 459 640 497 qratiam
661 461 793 486 creatam
824 460 851 485 et
882 457 966 485 etiam

123 513 230 539 ceteras
250 509 376 537 virtutes.
393 507 478 535 Valde
502 506 575 534 enim
598 505 753 533 absurdum
770 507 842 532 esset
857 503 966 537 dicere,

124 556 199 593 quod
219 555 291 592 fides
311 556 383 583 esset
404 553 479 581 Deus
499 555 526 580 et
546 560 627 588 spes,
649 555 675 579 et
696 551 735 579 sic
756 550 790 579 de
804 550 866 578 aliis
883 549 968 577 virtu-

124 603 214 636 tibus,
237 601 287 630 nisi
309 602 361 629 hoc
381 599 542 628 causaliter
563 598 733 627 diceretur2.
756 598 785 626 Et
810 597 872 625 ideo
900 597 968 624 haec

124 649 223 686 positio
246 648 317 676 inter
332 646 481 684 positiones
495 648 645 673 extraneas
660 644 835 672 numeranda
846 646 903 676 est,
918 650 969 679 pro

125 703 158 724 eo
179 695 252 732 quod
275 694 391 722 nimium
414 692 519 721 recedit
540 700 557 720 a
578 691 623 719 via
644 691 794 720 communi.

205 741 235 769 Et
256 741 318 769 ideo
338 740 384 768 alii
399 739 551 767 voluerunt
566 738 674 771 dicere,
690 737 764 774 quod
780 737 909 774 quamvis
923 735 969 763 alii

126 788 252 817 homines
273 789 439 823 cognoscant
460 785 583 814 Verbum
599 785 754 813 increatum
770 783 910 812 mediante
925 782 971 810 ha-

111 835 187 864 vbitu
207 833 370 870 cognitionis
392 835 515 866 creatae,
531 835 558 860 et
572 831 700 859 Christus
715 830 798 858 etiam
810 830 819 844 ³
834 832 969 866 quantum

14 1314 34 1328 on
51 1308 118 1332 proba-

37 1334 55 1351 tu
58 1337 73 1350 r.

33 1779 84 1804 pinio
103 1779 120 1797 3.

127 882 162 911 ad
184 881 326 910 scientiam
348 878 628 916 comprehensionis,
660 878 687 906 in
709 885 764 914 qua
785 876 972 905 communicat

127 936 191 961 cum
212 927 274 956 aliis
296 926 471 959 hominibus;
494 929 585 954 tamen
607 928 742 961 quantum
764 923 800 951 ad
828 922 970 951 scientiam

126 974 263 1008 unionis,
285 982 349 1002 cum
372 973 473 1001 habeat
487 972 579 1009 ipsum
596 971 718 1000 Verbum
736 969 787 998 sibi
803 969 898 997 intime
913 967 973 997 uni-

128 1025 204 1055 tum,
225 1020 365 1057 cognoscit
386 1019 492 1056 absque
513 1017 587 1046 omni
603 1017 657 1045 alio
674 1016 770 1045 habitu
787 1015 887 1043 medio.
903 1015 971 1043 Cum

128 1068 201 1097 enim
224 1067 325 1095 habeat
346 1065 510 1102 sapientiam
533 1064 682 1092 increatam
704 1063 756 1091 sibi
773 1062 895 1096 unitam,
918 1069 971 1089 non

129 1122 179 1152 per
200 1113 339 1146 medium,
361 1112 409 1141 sed
431 1120 481 1148 per
503 1119 531 1140 se
553 1111 657 1147 ipsam,
686 1116 852 1146 cognoscere
885 1111 973 1145 potest

130 1169 159 1190 se
180 1160 278 1197 ipsa⁴3
299 1162 326 1188 et
347 1159 399 1187 hoc
421 1162 462 1187 est
483 1157 569 1186 solius
589 1157 664 1185 iltius
686 1156 794 1184 animae
810 1155 973 1192 proprium,

129 1215 201 1245 quae
221 1215 238 1235 a
258 1206 350 1235 Verbo
370 1208 412 1234 est
432 1208 565 1233 assumta.
587 1203 650 1232 Sola
671 1203 744 1232 enim
767 1203 842 1231 hunc
858 1201 972 1230 modum

129 1253 292 1292 cognitionis
313 1253 412 1286 babet,
433 1252 505 1280 sicut
520 1251 546 1279 in
562 1259 595 1279 ea
609 1250 668 1279 sola
683 1249 823 1286 reperitur
838 1249 976 1278 excellen-

130 1301 168 1330 tia
196 1300 259 1329 talis
287 1299 404 1328 unionis.
427 1315 465 1319 ——
486 1298 538 1326 Sed
567 1298 630 1326 licet
661 1297 731 1325 illud
764 1296 893 1325 videatur
919 1304 975 1324 ma-

130 1347 172 1385 gis
192 1346 336 1384 probabile
357 1354 442 1383 quam
463 1344 654 1382 praedictum:
677 1347 767 1372 tamen
790 1343 842 1371 hoc
863 1350 879 1370 a
905 1341 976 1370 veri-

130 1397 185 1423 tate
206 1393 314 1427 deviat,
336 1392 358 1421 si
373 1392 437 1430 quis
451 1392 602 1420 intueatur.
618 1390 742 1419 Verbum
757 1389 830 1418 enim
847 1397 901 1417 non
918 1389 976 1417 uni-

130 1443 177 1469 tur
197 1440 306 1468 animae
326 1439 427 1467 Christi
450 1438 476 1466 in
499 1437 546 1466 illa
561 1437 642 1466 beata
659 1437 777 1471 unione,
793 1437 865 1465 sicut
879 1443 976 1472 cogno-

130 1487 226 1517 scibile
247 1486 437 1524 cognoscenti,
460 1485 502 1513 vel
525 1485 597 1513 sicut
619 1484 732 1512 habitus
755 1483 908 1520 potentiae,
931 1482 975 1511 vel

131 1534 263 1573 perfectio
279 1532 459 1571 perfectibili;
475 1531 523 1561 sed
538 1535 580 1560 est
591 1531 657 1559 unio
671 1531 697 1559 in
709 1530 815 1559 unitate
827 1537 978 1567 personae,

132 1589 204 1619 quae
224 1583 315 1618 potest
335 1587 395 1609 esse
416 1579 522 1616 absque
543 1578 713 1614 cognitione3
742 1577 813 1605 sicut
845 1579 918 1613 patet
950 1576 977 1604 in

134 1636 218 1657 carne
238 1627 355 1661 Christi,
376 1633 447 1663 quae
461 1625 540 1654 unita
554 1628 596 1653 est
610 1624 717 1658 verbo,
732 1627 759 1652 et
773 1626 865 1651 tamen
885 1623 975 1659 ipsum

133 1683 187 1704 non
208 1673 356 1711 cognoscit.

213 1720 302 1750 Alium
324 1720 409 1756 igitur
430 1718 549 1747 modam
577 1717 696 1746 unionis
721 1724 833 1746 necesse
854 1719 896 1745 est
917 1724 978 1745 esse

134 1768 170 1797 ad
192 1768 256 1802 hoc,
277 1767 352 1804 quod
374 1765 467 1794 anima
481 1768 627 1802 cognoscat
649 1764 771 1793 Verbum
794 1763 845 1792 sihi
868 1763 978 1791 unitum

136 1816 163 1844 in
184 1815 318 1843 unitatem
341 1820 475 1850 personae
483 1823 491 1847 3
512 1812 556 1840 hic
571 1815 664 1840 autem
680 1814 722 1840 est
743 1818 793 1848 per
808 1809 980 1839 assimilatio-

136 1869 199 1891 nem
221 1859 410 1898 cognoscentis
431 1859 466 1888 ad
488 1858 644 1895 cognitum,
672 1860 699 1887 et
721 1858 758 1886 ita
786 1865 835 1894 per
856 1857 977 1894 aliquam

137 1907 344 1941 influentiam⁵,
365 1913 436 1943 quae
459 1905 546 1943 ipsam
568 1905 689 1933 animam
712 1907 923 1941 cognoscentem
945 1904 981 1932 fa-

137 1955 191 1984 ciat
211 1954 267 1983 Deo
289 1953 406 1982 similem
428 1961 460 1981 ac
485 1952 664 1985 deiformem,
686 1954 713 1979 et
734 1951 771 1979 ita
793 1958 842 1987 per
857 1950 980 1987 aliquem

137 2001 264 2030 habitum
277 2000 365 2038 ipsam
380 1999 500 2028 animam
516 1999 727 2032 informantem,
742 1997 789 2035 qui
805 1997 920 2035 quidem
934 1997 982 2025 ha-

138 2048 213 2077 bitus
241 2055 295 2076 non
323 2049 413 2084 potest
440 2053 501 2075 esse
529 2045 581 2074 nisi
611 2044 719 2082 aliquid
750 2048 884 2073 creatum.
912 2044 980 2072 Nam

139 2094 206 2132 quid
228 2095 382 2123 increatum
403 2101 457 2121 non
473 2096 562 2129 potest
580 2099 641 2121 esse
664 2095 694 2120 ut
708 2092 797 2120 forma
818 2091 906 2128 ipsius
927 2091 982 2119 ani-

203 2239 210 2254 1
230 2240 287 2262 Part.
304 2239 319 2262 l.
336 2246 358 2268 q.
380 2239 398 2261 l.
415 2241 437 2261 et
454 2239 477 2260 ΙΙ.
494 2239 555 2261 Seni.
573 2238 595 2260 d.
614 2238 651 2260 26.
669 2244 691 2267 q.
714 2238 735 2260 2.
752 2250 783 2254 —
800 2239 853 2266 Arg.
872 2244 899 2260 ex
917 2237 984 2260 beati-

140 2279 218 2302 tudine
235 2279 330 2306 petitum
348 2279 463 2300 invenitur
480 2278 547 2300 etiam
565 2278 586 2299 in
604 2278 716 2305 opusculo
728 2276 757 2299 de
769 2277 882 2304 Sapientia
895 2277 984 2299 animae

140 2317 232 2346 Christi,
250 2317 313 2346 quod
330 2317 420 2345 scripsit
437 2317 504 2344 Hugo
522 2323 533 2338 a
552 2317 573 2338 S.
593 2317 657 2343 Vict.‚
676 2317 742 2338 cuius
759 2317 981 2344 argumentationem

142 2357 164 2379 S.
182 2357 266 2379 Bonav.
283 2357 305 2378 in
331 2358 455 2378 memorata
473 2356 565 2384 Quaest.
583 2355 693 2378 anecdota
716 2358 792 2377 tuetur
809 2355 898 2381 dicens,
916 2355 979 2383 quod

140 2395 176 2418 ille
196 2401 261 2418 «non
278 2395 392 2423 inteiligit,
411 2395 465 2423 quin
485 2400 526 2422 per
542 2394 635 2423 aliquod
648 2394 755 2416 accidens
772 2393 801 2416 ad
818 2394 983 2416 beatitudinem

141 2434 303 2462 disponamur,
321 2434 361 2456 sed
379 2433 442 2462 quod
460 2433 574 2462 quidquid
591 2436 625 2455 est
636 2433 754 2460 accidens⁷
773 2432 841 2455 habet
859 2433 934 2460 potius
952 2439 986 2454 ra-

141 2473 226 2495 tionem
243 2474 294 2495 viae
311 2472 417 2495 ductivae
434 2472 463 2494 ad
481 2472 577 2494 atterum
595 2477 665 2500 quam
684 2471 801 2500 quietativi
820 2480 841 2492 n.

204 2511 213 2525 “²
231 2511 275 2534 Cl'r.
293 2511 349 2533 infra
367 2511 423 2533 dub.
441 2511 462 2533 2.
480 2523 511 2526 —
528 2510 596 2533 Paulo
622 2511 716 2532 inferius
739 2516 781 2538 pro
799 2509 900 2532 nimium
917 2509 985 2531 codd.

144 2551 161 2572 Α
180 2556 206 2572 aa
222 2549 301 2573 nimis.

206 2588 216 2603 ³
233 2589 275 2611 t’ro
292 2588 362 2611 etiam
378 2588 430 2610 cod.
448 2588 466 2610 Μ
484 2587 604 2614 similiter,
625 2588 703 2615 plures
720 2587 756 2609 alii
776 2587 843 2609 codd.
867 2587 916 2614 est,·
933 2585 986 2608 edd.

144 2629 250 2651 omittunt
266 2628 337 2650 etmm
354 2633 395 2650 nec
413 2633 457 2649 non
474 2627 543 2654 paulo
561 2630 612 2654 post
628 2625 653 2648 in
670 2632 725 2655 qua.
749 2625 834 2648 Deinde
853 2629 904 2653 post
927 2630 987 2648 com-

145 2666 252 2690 municat
268 2666 318 2689 cod.
337 2666 356 2688 V
373 2665 464 2688 subiicit
482 2671 537 2688 esse.

208 2704 217 2719 ⁴
234 2705 263 2727 lta
281 2704 348 2726 codd.
367 2704 425 2726 lLZ
443 2710 468 2725 aa
487 2703 518 2725 bb
535 2706 557 2725 et
573 2703 634 2730 edd.,
651 2703 686 2724 alii
705 2702 771 2725 codd.
789 2708 813 2725 se
829 2702 921 2735 ipsamv·
944 2703 988 2724 tor-

147 2746 205 2766 tasse
217 2744 282 2765 lectio
294 2749 348 2765 vcra
361 2745 395 2764 nst
406 2748 430 2765 se
441 2742 517 2771 ipsam
528 2748 552 2764 se
563 2741 614 2771 ipsa
627 2741 766 2770 (ablativus).
776 2753 808 2758 —
817 2742 883 2770 lingo
893 2742 913 2763 in
926 2748 989 2763 com-

147 2785 274 2805 memorato
285 2782 397 2810 opusculo
409 2782 438 2803 (lc.
450 2781 562 2809 Sapientia
576 2781 664 2802 animae
676 2780 770 2808 Christi,
782 2781 841 2803 circa
854 2781 935 2808 tinem,
947 2781 988 2803 ait:

147 2821 191 2844 Sed
210 2822 230 2843 in
249 2821 318 2843 rebus
330 2820 416 2848 dubiis,
435 2821 452 2842 si
470 2820 586 2842 manifesta
599 2820 730 2842 auctoritate
749 2825 792 2841 non
805 2819 881 2847 valeo,
900 2819 929 2841 ab
941 2820 989 2841 aliis

148 2859 242 2889 quidem
254 2860 286 2882 sic
298 2860 370 2887 accipi
383 2860 446 2887 volo,
460 2862 484 2881 ut
495 2861 642 2888 quaerentem
655 2865 692 2881 me
705 2858 823 2886 adiuvent,
836 2859 989 2881 invenientem

149 2905 193 2921 non
212 2899 316 2921 refutent.
334 2899 478 2927 Quicumque
495 2902 571 2921 autem
595 2898 616 2919 in
633 2904 661 2919 eo
679 2898 812 2925 persistunt,
831 2901 855 2920 ut
872 2898 915 2919 hoe
931 2903 990 2919 assc-

149 2944 200 2960 rcre
225 2937 374 2965 contendant,
398 2937 461 2966 quod
486 2937 528 2959 alia
554 2937 620 2959 fucrit
643 2937 677 2958 illa
703 2937 825 2963 sapientia,
847 2942 892 2964 qun
915 2936 989 2957 anima

151 2976 231 2999 Christi
249 2977 341 3004 sapiens
357 2977 450 3004 exstitit,
462 2977 504 2998 alia
516 2983 575 3005 quae
593 2976 681 2997 animae
699 2974 779 2997 Christi
799 2975 859 2997 unita
878 2975 929 3002 fuit;
947 2981 991 3003 ego

276 3027 300 3050 S.
318 3027 406 3050 Bomio.
425 3039 454 3043 —
471 3027 537 3049 Tom.
557 3027 589 3049 ΙΙΙ,

1813 185 1869 212 297

1024 276 1093 297 mae.
1103 268 1180 296 —Et
1194 270 1343 304 propterea
1358 266 1450 295 dicere
1465 267 1573 302 oportet
1588 264 1669 292 tertio
1685 263 1776 297 modo,
1790 262 1865 299 quod
1878 267 1985 286 conclusio.

1023 315 1116 343 anima
1137 314 1255 347 Christi,
1276 313 1348 342 sicut
1369 316 1395 341 et
1416 312 1524 340 animae
1546 311 1664 339 aliorum
1686 310 1865 341 Sanctorum,

1025 362 1147 390 Verbum
1171 361 1324 389 increatum
1346 359 1485 396 cognoscit
1506 366 1555 395 per
1583 356 1759 394 sapientiam
1791 364 1869 383 crea-

1026 412 1103 441 tam,
1125 416 1197 445 quae
1219 407 1340 444 disponit
1361 407 1484 444 ipsarum
1501 406 1657 434 animarum
1674 404 1810 442 potentias
1829 411 1871 431 co-

1026 456 1144 492 gnitivas
1165 458 1192 484 et
1212 455 1368 483 conformes
1390 453 1497 487 reddit,
1519 456 1550 481 ut
1572 452 1640 481 illud
1664 452 1757 480 lumen
1785 454 1871 479 aeter-

1027 510 1093 531 num
1116 504 1290 538 cognoscant.

1104 549 1158 577 Nec
1172 548 1253 576 aliter
1267 551 1357 584 potest
1372 547 1495 583 intelligi.
1512 546 1656 583 Quomodo
1666 546 1675 559 ‘⁵
1691 546 1764 574 enim
1780 548 1870 582 potest
1885 551 1984 570 Probatur-

1027 595 1120 623 anima
1134 595 1228 623 lumen
1243 597 1388 622 aeternum
1405 601 1571 630 cognoscere
1587 596 1613 621 et
1628 592 1781 621 claritatem
1798 600 1870 620 sum-

1029 650 1101 670 mam
1124 641 1242 675 intueri,
1264 641 1331 677 quin
1354 640 1413 677 ipsa
1428 639 1564 668 efficiatur
1580 639 1656 667 clara
1671 642 1697 667 et
1713 639 1870 667 luminosa?

1028 689 1124 716 Anima
1148 691 1241 716 autem
1268 687 1389 720 Christi,
1418 686 1483 723 quia
1504 695 1520 714 a
1542 686 1633 715 Verbo
1661 689 1702 714 est
1729 677 1873 719 assumta,

1029 734 1162 763 maiorem
1185 734 1268 762 habet
1289 733 1520 767 deiformitatem,
1542 741 1573 761 ac
1596 740 1644 769 per
1666 733 1717 760 hoc
1732 732 1874 768 perfectio-

1029 789 1087 810 rem
1100 784 1127 809 et
1141 781 1351 809 eminentiorem
1368 780 1561 816 cognitionem,
1578 786 1661 816 quam
1674 779 1767 815 aliqua
1782 778 1874 806 anima

1029 828 1109 856 beata
1130 835 1180 864 per
1201 827 1327 863 gloriam.
1350 843 1388 847 —-
1410 827 1486 855 Unde
1507 834 1560 854 non
1583 829 1624 854 est
1646 825 2014 862 intelligendum,eomuanum

1029 875 1104 911 quod
1126 874 1239 903 scientia
1254 873 1372 902 unionis
1387 874 1576 909 distinguatur
1591 881 1606 901 a
1622 872 1735 901 scientia
1750 880 1875 909 compre-

1030 920 1193 954 hensionis,
1215 921 1293 957 quasi
1317 929 1370 948 non
1393 920 1428 948 sit
1450 928 1499 957 per
1521 920 1641 957 aliquem
1665 919 1790 948 habitum
1824 927 1876 947 me-

1031 969 1125 1001 dium,
1147 968 1193 997 sed
1217 968 1282 1005 quia
1303 967 1484 996 excellentior
1505 970 1533 995 et
1553 966 1672 1003 amplior
1704 966 1875 994 deiformitas

1031 1018 1057 1043 et
1079 1014 1190 1043 claritas
1211 1014 1310 1043 collata
1331 1018 1372 1043 est
1393 1014 1502 1042 animae
1523 1014 1623 1042 Christi
1646 1021 1681 1042 ex
1703 1014 1770 1047 hoc,
1800 1013 1875 1050 quod

1032 1062 1123 1091 Verbo
1144 1063 1222 1090 unita
1242 1065 1298 1095 est,
1320 1070 1404 1099 quam
1426 1069 1462 1089 ex
1486 1061 1552 1095 hoc,
1568 1061 1641 1097 quod
1658 1060 1821 1097 simpliciter
1835 1062 1877 1088 est

1032 1109 1112 1138 beata
1125 1109 1143 1137 ⁷.
1166 1126 1204 1129 —
1224 1109 1422 1137 Concedendae
1443 1112 1508 1137 sunt
1522 1108 1607 1144 igitur
1623 1107 1743 1136 rationes
1759 1107 1876 1144 proban-

1033 1159 1089 1189 tes,
1104 1156 1178 1193 quod
1195 1155 1287 1183 anima
1302 1155 1402 1184 Christi
1418 1158 1566 1192 cognoscat
1581 1154 1704 1183 Verbum
1720 1154 1874 1191 cognitione

1032 1203 1126 1240 aliqua
1147 1202 1313 1236 formaliter,
1329 1210 1419 1239 quae,
1435 1202 1565 1238 inquam,
1581 1210 1633 1229 non
1650 1204 1692 1230 est
1706 1201 1797 1238 ipsum
1814 1201 1877 1230 Ver-

1034 1250 1117 1283 bum,
1139 1249 1187 1278 sed
1210 1249 1324 1278 effectus
1347 1249 1445 1282 Verbi,
1474 1257 1574 1286 quam,
1604 1249 1734 1285 inquam,
1754 1248 1878 1277 Verbum

1033 1297 1097 1325 facit
1118 1296 1145 1324 in
1167 1296 1259 1324 anima
1280 1296 1382 1324 Christi
1405 1295 1571 1324 beatissima.

1116 1344 1138 1371 l.
1162 1343 1199 1371 Ad
1222 1342 1291 1371 illud
1306 1350 1373 1379 ergo
1388 1342 1462 1379 quod
1478 1342 1569 1378 primo
1583 1341 1713 1370 obiicitur
1729 1342 1754 1369 in
1771 1344 1878 1370 contra·
1890 1350 1962 1377 sonno
1974 1355 2008 1373 op-

1036 1390 1125 1424 rium,
1147 1390 1222 1427 quod
1237 1389 1329 1427 ipsum
1345 1389 1467 1418 Verbum
1484 1392 1525 1417 est
1540 1389 1690 1426 sapientia,
1705 1392 1731 1417 et
1745 1388 1880 1425 sapientia
1892 1375 2005 1398 ‘mmmm'

1035 1437 1211 1474 cognoscitur
1234 1444 1262 1465 se
1285 1437 1360 1473 ipsa,
1375 1436 1540 1470 dicendum,
1556 1436 1631 1473 quod
1647 1436 1737 1472 ipsum
1754 1435 1877 1464 Verbum

1035 1487 1077 1512 est
1098 1483 1268 1520 sapientia⁸,
1283 1492 1342 1521 qua
1357 1486 1449 1511 cetera
1470 1485 1684 1520 cognoscuntur,
1708 1486 1762 1510 tam
1789 1483 1880 1519 ipsum

1037 1530 1158 1559 Verbum
1181 1538 1264 1567 quam
1287 1537 1319 1559 ea
1341 1538 1412 1567 quae
1434 1534 1499 1558 sunt
1520 1530 1555 1558 ab
1577 1530 1644 1566 ipso.
1667 1529 1718 1558 Sed
1740 1529 1880 1558 attenden-

1037 1577 1104 1606 dum
1126 1580 1183 1611 est,
1205 1577 1279 1614 quod
1302 1576 1348 1605 ille
1369 1577 1508 1605 ablativus
1530 1579 1619 1613 potest
1634 1576 1755 1605 construi
1771 1574 1882 1613 forma·
1896 1587 2009 1606 Notandum.

1037 1623 1118 1657 liter,
1141 1623 1184 1652 vel
1199 1623 1367 1652 causaliter.
1384 1623 1409 1651 Si
1425 1622 1592 1660 formaliter
1600 1634 1610 1656 ‚·
1625 1623 1663 1651 sic
1685 1623 1819 1659 sapientia
1840 1630 1882 1651 ae-

1037 1673 1116 1699 terna
1131 1673 1172 1698 est
1187 1670 1238 1698 sibi
1254 1670 1305 1707 ipsi
1322 1670 1392 1698 ratio
1407 1670 1598 1706 cognoscendi.
1612 1670 1637 1697 Si
1653 1669 1828 1702 causantem
1844 1669 1882 1698 sic

1037 1717 1130 1745 omnia
1148 1719 1355 1754 cognoscuntur
1374 1716 1441 1753 ipsa,
1461 1716 1526 1753 quia
1544 1716 1608 1745 facit
1627 1719 1719 1745 cetera
1737 1716 1881 1753 cognosci;

1037 1762 1204 1801 formaliter
1219 1767 1312 1792 autem
1329 1771 1383 1792 non
1400 1766 1489 1800 potest
1504 1763 1627 1800 intelligi,
1643 1763 1708 1800 quia
1724 1771 1777 1791 non
1793 1766 1882 1800 potest

1038 1818 1098 1839 esse
1119 1810 1208 1838 forma
1229 1810 1419 1847 cognoscentis
1439 1809 1540 1841 creati,
1563 1810 1613 1838 nisi
1642 1810 1752 1838 dicatur
1782 1808 1883 1847 forma

1038 1857 1221 1894 exemplaris.
1239 1857 1269 1885 Et
1283 1857 1414 1894 quoniam
1431 1857 1521 1885 omnis
1535 1859 1614 1885 actus
1629 1856 1810 1893 cognoscendi
1824 1864 1883 1893 per-

1038 1903 1126 1932 fectus
1147 1907 1189 1933 est
1210 1912 1225 1932 a
1247 1904 1381 1941 sapientia
1410 1912 1464 1932 non
1486 1906 1593 1932 tantum
1616 1902 1754 1941 effective,
1777 1903 1825 1932 sed
1852 1903 1885 1932 si-

1039 1954 1085 1979 cut
1106 1959 1122 1979 a
1142 1950 1243 1988 forma
1261 1950 1427 1987 perficiente
1453 1951 1541 1987 ipsam
1573 1950 1757 1979 substantiam
1788 1958 1885 1987 cogno-

1039 2000 1176 2032 scentemg
1199 1997 1262 2026 hinc
1283 2000 1339 2032 est,
1362 1997 1437 2034 quod
1458 1998 1494 2026 ad
1525 1997 1748 2034 cognoscendum
1782 1997 1883 2025 fontem

1039 2044 1189 2081 sapientiae
1211 2044 1365 2082 requiritur
1394 2044 1544 2081 sapientia,
1566 2052 1638 2081 quae
1667 2044 1701 2072 de
1733 2044 1779 2072 illo
1810 2044 1885 2072 fonte

1039 2091 1193 2120 derivatur.
1214 2091 1268 2120 Nec
1288 2094 1330 2120 est
1351 2091 1503 2128 procedere
1524 2092 1551 2119 in
1574 2091 1730 2125 infinitum,
1756 2091 1822 2128 quia
1848 2090 1884 2119 ibi

1040 2239 1124 2260 nemini
1142 2238 1308 2266 praeiudicium
1321 2238 1396 2260 facere
1408 2238 1473 2264 volo;
1486 2237 1579 2260 videant
1592 2238 1642 2265 ipsi,
1655 2244 1701 2266 quo
1714 2243 1782 2259 sensu
1798 2238 1841 2259 hoc
1853 2243 1886 2259 as-

1041 2280 1127 2304 serant,
1147 2282 1174 2298 ne
1191 2276 1247 2298 forte
1265 2276 1361 2298 carnalis
1373 2276 1407 2303 sit,
1426 2277 1500 2303 magis
1513 2282 1552 2298 sua
1567 2282 1637 2304 qnam
1655 2282 1709 2297 vcra
1728 2276 1885 2303 pronuntians.

1042 2315 1089 2337 lloc
1106 2321 1177 2337 unum
1200 2321 1244 2343 ego
1267 2315 1421 2337 indubitanter
1444 2315 1545 2342 affirmo,
1564 2314 1627 2343 quod
1651 2318 1689 2336 aut
1712 2314 1753 2335 alia
1777 2314 1885 2341 sapientia

1042 2357 1132 2382 practer
1149 2355 1251 2376 divinam
1269 2355 1290 2376 in
1304 2355 1378 2376 anima
1391 2353 1472 2376 Christi
1486 2360 1529 2375 non
1543 2354 1594 2380 suit,
1608 2356 1645 2375 aut
1658 2354 1675 2375 si
1689 2354 1729 2375 alia
1744 2353 1795 2380 tuit,
1813 2353 1887 2382 qualis

1042 2392 1076 2423 [S.
1094 2394 1178 2415 Bonav.
1197 2394 1253 2415 infra
1272 2399 1292 2415 a.
1310 2394 1331 2415 2.
1350 2399 1372 2421 q.
1391 2393 1412 2414 3.
1430 2394 1451 2414 in
1470 2399 1533 2420 corp.
1551 2391 1670 2422 aequalis]
1686 2392 1715 2414 illi
1729 2398 1773 2414 non
1786 2392 1827 2414 fuit
1844 2394 1887 2414 etc.

1042 2444 1073 2448 —-
1089 2432 1142 2454 Post
1158 2437 1230 2459 pauca
1250 2438 1291 2459 pro
1308 2431 1425 2459 videatur,
1445 2431 1508 2460 quod
1526 2431 1609 2453 habent
1626 2431 1679 2453 edd.
1705 2437 1758 2453 cum
1782 2431 1888 2459 pluribus

1043 2471 1118 2498 codd.⁷
1136 2470 1202 2492 codd.
1221 2470 1334 2492 FGlLT
1346 2470 1376 2492 W
1394 2471 1429 2497 (aa
1448 2477 1459 2492 a
1477 2471 1550 2498 prima
1569 2471 1648 2498 manu)
1667 2469 1802 2498 videbatur,
1822 2471 1889 2492 omit-

1043 2511 1115 2531 tentes
1133 2508 1191 2531 licet.
1210 2509 1258 2531 Mox
1276 2512 1328 2537 post
1345 2510 1423 2531 tamen
1442 2509 1492 2531 cod.
1511 2509 1529 2530 V
1548 2509 1660 2531 interserit
1677 2510 1704 2531 rt.

1106 2547 1115 2562 ⁵
1132 2548 1195 2576 Quae
1213 2548 1327 2570 influentia
1345 2548 1416 2576 vulgo
1442 2550 1538 2570 voratur
1563 2548 1640 2570 lumen
1659 2548 1751 2576 gloriae.
1772 2560 1801 2564 —-
1819 2548 1886 2570 Paulo

1043 2587 1150 2614 superius
1168 2593 1209 2614 pro
1226 2587 1251 2609 in
1268 2586 1380 2609 unitatnm
1398 2592 1513 2616 personae
1530 2586 1583 2609 cdd.
1601 2592 1654 2609 cum
1672 2587 1752 2614 paucis
1773 2586 1839 2609 codd.
1864 2586 1888 2609 in

1044 2624 1133 2647 unitate
1147 2630 1269 2654 personae.

1106 2663 1116 2678 ὃ
1134 2664 1175 2686 Pro
1194 2663 1315 2692 Quomodo
1333 2663 1400 2685 codd.
1420 2664 1435 2686 U
1447 2664 1465 2686 V
1484 2663 1544 2687 Non.
1569 2664 1636 2686 {mulo
1653 2665 1760 2692 superius
1778 2670 1819 2692 pro
1837 2663 1887 2686 ani-

1044 2708 1097 2725 mae
1113 2702 1218 2725 aliorum
1235 2703 1286 2725 cod.
1305 2703 1322 2724 t<
1341 2702 1423 2725 anima
1449 2702 1561 2725 aliorum.
1588 2703 1709 2731 Aliquanto
1734 2702 1828 2725 intortus
1845 2709 1888 2730 pro

1045 2741 1127 2771 aliqua
1144 2741 1225 2764 anima
1251 2741 1317 2764 beata
1342 2741 1392 2764 cod.
1420 2742 1437 2763 l<
1462 2740 1511 2763 alia
1536 2741 1618 2764 anima
1644 2740 1724 2769 beata,
1744 2741 1811 2763 codd.
1830 2742 1844 2763 S
1862 2748 1887 2763 aa

1045 2779 1127 2809 ιιίίιμιιι
1144 2779 1193 2802 atta
1211 2779 1290 2807 hestia,
1309 2780 1359 2802 cod.
1379 2780 1397 2801 Y
1414 2780 1496 2809 aliqua
1513 2780 1593 2802 aalma
1612 2781 1701 2803 creata.

1108 2817 1117 2832 ⁷
1134 2818 1189 2840 Cod.
1208 2818 1225 2840 Ιὶ
1245 2819 1294 2840 voci
1313 2817 1378 2841 beatu
1397 2818 1501 2846 prat-tigit
1512 2817 1657 2846 substantia,
1671 2820 1692 2840 et
1711 2818 1778 2846 paulo
1797 2818 1890 2840 inferius

1046 2858 1099 2880 cdd.
1112 2857 1209 2880 vocibus
1221 2857 1315 2887 effectas
1337 2857 1404 2880 Verbi
1416 2858 1562 2885 praemittunt
1578 2857 1669 2886 qratia,
1689 2858 1774 2880 omisso
1792 2857 1889 2880 subinde

1046 2895 1157 2926 inquam,
1179 2903 1220 2924 pro
1238 2903 1285 2925 quo
1302 2896 1353 2918 cod.
1371 2897 1389 2924 Q
1407 2896 1497 2918 exhibet
1514 2895 1598 2925 ipsam.

1109 2935 1119 2950 Β
1135 2935 1207 2958 Codd.
1226 2936 1244 2957 tt
1256 2936 1273 2957 M
1285 2935 1302 2957 Ο
1319 2935 1407 2958 addunt
1423 2936 1444 2958 ct
1460 2934 1582 2964 sapit-ntia.
1596 2936 1664 2957 t‘auto
1682 2935 1775 2958 inferius
1792 2942 1834 2963 pro
1846 2934 1891 2958 sibi

1047 2973 1092 3004 ipsi
1109 2974 1176 2997 omitt.
1195 2975 1226 2996 ll.
1244 2981 1270 2996 aa
1288 2973 1332 2997 sibi
1347 2974 1412 3004 ipsa,
1431 2977 1452 2997 ct
1469 2974 1567 2997 subinde
1584 2975 1665 2997 ‹rreala
1683 2980 1724 3002 pro
1742 2973 1821 2997 creati.

1737 3025 1765 3046 38
