2166 3366
778 176 858 203 DlsT.
882 176 994 204 XXXIX.
1016 177 1088 205 ΛΒΤ.
1111 177 1129 205 l.
1151 177 1286 213 QUAEST.
1310 178 1327 205 l.

178 256 336 281 ramentum
370 253 496 281 illicitum
527 253 562 281 sit
593 253 800 289 obligatorium.
823 254 849 281 ln
883 254 1021 289 secunda,

176 303 273 328 utrum
295 300 484 328 iuramentum
500 300 628 328 dolosum
640 300 658 334 ¹,
681 300 733 329 ibi:
750 301 811 329 Hoc
825 301 913 329 etium
934 302 1023 330 seien-

176 346 248 374 dum
270 350 326 380 est,
349 347 427 384 quod
447 355 631 384 quacumque
651 351 716 375 arte
737 347 892 375 verborum
914 352 965 377 etc.
994 348 1022 376 ln

175 393 256 422 tertia
279 401 345 422 vero
367 393 494 430 inquirit,
509 397 606 422 utrum
629 394 817 423 iuramentum
838 398 963 424 coactum
988 396 1023 424 sit

1870 181 1923 209 861

1080 255 1290 292 obligatorium,
1313 256 1368 284 ibi:
1397 256 1558 292 Quaeritur
1580 257 1683 291 eliam,
1704 257 1733 285 st
1753 263 1855 294 peceat
1876 259 1928 297 (sui

1080 301 1224 331 hominem
1247 303 1350 332 iurare
1371 304 1455 341 eoqz‘t.
1477 304 1616 332 Sententia
1645 307 1738 333 autem
1763 309 1790 334 et
1804 305 1812 320 2
1833 306 1927 335 subdi-

1080 348 1149 376 visio
1172 349 1293 385 partium
1316 349 1382 378 satis
1404 350 1549 379 manifesta
1571 354 1612 379 est
1634 351 1661 379 in
1684 351 1784 380 littera.

828 495 1014 523 TRACTATIO
1036 495 1280 531 QUAESTlONUM.

251 592 288 621 Ad
312 592 521 630 intelligentiam
544 597 638 622 autem
661 593 746 622 huius
761 594 848 631 partis
863 596 1018 623 secundum

172 647 204 668 ea
226 647 297 676 quae
319 640 448 676 Magister
480 640 662 675 determinat,
694 641 790 670 incidit
822 641 866 669 hic
894 641 1020 678 quaestio

172 686 246 714 circa
269 686 329 714 tria.

252 734 343 762 Primo
365 734 513 771 quaeritur
534 734 569 763 de
590 734 673 772 culpa
695 735 822 772 periurii.

252 779 379 808 Secundo
402 779 548 816 quaeritur
570 781 605 809 de
626 781 716 809 forma
738 780 858 809 iurandi.

251 826 343 855 Tertio
364 834 431 855 vero
452 827 599 864 quaeritur
621 828 655 856 de
670 827 838 864 obligatione
860 827 1019 856 iuramenti.

250 873 329 902 Circa
351 873 474 910 primum
497 878 674 911 quaeruntur
698 875 758 902 tria.

1157 594 1248 623 Primo
1270 595 1431 631 quaeritur,
1459 599 1555 624 utrum
1587 605 1669 625 omne
1701 597 1858 634 periurium
1891 599 1926 627 sit

1078 642 1264 670 mendacium.

1156 688 1283 717 Secundo
1304 688 1466 725 quaeritur,
1488 693 1586 718 utrum
1608 698 1690 719 omne
1711 691 1868 728 periurium
1890 693 1926 722 sit

1078 738 1232 771 peccatum.

1155 781 1248 809 Tertio
1274 781 1436 818 quaeritur,
1468 786 1563 810 utrum
1597 791 1679 812 omne
1710 784 1866 820 periurium
1890 785 1925 815 sit

1077 828 1194 856 mortale
1216 832 1372 865 peccatum.

903 973 1139 1007 ARTICULUS
1165 974 1188 1007 I.

892 1068 933 1097 Dc
955 1068 1043 1105 culpa
1061 1069 1202 1106 periurii.

948 1169 1112 1205 QUAESTIO
1133 1169 1151 1197 1.

712 1255 817 1284 Utrum
839 1264 922 1284 omne
939 1255 1110 1293 periurium
1133 1256 1173 1285 sit
1192 1257 1388 1286 mendacium.

249 1355 329 1384 Circa
343 1355 467 1392 primum
483 1355 522 1384 sic
536 1355 699 1392 proceditur
713 1358 740 1384 et
755 1356 911 1393 quaeritur,
922 1359 1019 1384 utrum

170 1402 245 1431 omni
268 1402 393 1440 periurio
414 1402 560 1431 conveniat
588 1410 650 1431 esse
680 1402 868 1436 mendacium.
892 1403 922 1431 Et
944 1403 1018 1440 quod

171 1450 224 1485 sic,
247 1449 373 1478 videtur:

253 1499 277 1526 1.
296 1497 367 1534 Quia
381 1496 538 1534 periurium
555 1496 721 1534 prohibetur
736 1504 786 1533 per
800 1496 929 1534 quintum
947 1504 1022 1525 man-

41 1544 71 1563 Λᾶ
83 1544 158 1568 ῡΡΡΟὸῑ·
172 1545 270 1574 datum
294 1543 433 1573 secundae
454 1543 578 1572 tabulae:
601 1543 666 1572 Non
689 1542 816 1581 loqueris
831 1547 935 1571 contra
956 1551 1021 1580 pro-

76 1569 123 1587 tum.

170 1591 286 1620 mimum
309 1594 392 1619 ticum
413 1589 526 1628 faLsztm
549 1589 783 1623 testimonium³;
805 1589 852 1619 sed
869 1589 907 1618 ibi
928 1589 1022 1627 prohi-

169 1638 253 1668 betur
273 1637 379 1666 falsitas
400 1637 428 1665 in
461 1637 564 1671 verbo,
595 1645 667 1674 quae
699 1637 818 1666 scienter
844 1645 897 1664 non
930 1639 1021 1673 potest

169 1693 230 1714 esse
252 1685 311 1714 sine
333 1684 493 1713 mendacio:
508 1692 575 1720 ergo
590 1684 715 1718 videtur,
737 1684 812 1721 quod
834 1692 899 1712 cum
915 1683 1019 1712 ibidem

169 1732 354 1770 prohibeatur
375 1731 549 1769 periurium,
581 1731 656 1768 quod
689 1739 771 1760 omne
802 1731 959 1768 periurium
982 1731 1021 1759 in-

169 1779 266 1809 cludat
286 1779 313 1808 in
335 1787 365 1808 se
388 1778 575 1808 mendacium.

248 1827 275 1855 2.
296 1826 381 1860 Item,
402 1825 450 1863 qui
472 1825 591 1854 assumit
611 1833 751 1854 summam
768 1825 920 1854 Veritatem
942 1825 968 1853 in
985 1827 1021 1853 te-

170 1873 333 1902 stimonium
355 1872 481 1901 veritatis
506 1875 582 1901 recte
603 1879 664 1901 eam
690 1872 824 1906 assumit;
839 1875 866 1900 et
881 1871 929 1909 qui
945 1875 1020 1901 recte

170 1920 289 1949 assumit
310 1927 364 1948 nou
387 1922 493 1956 peccat:
527 1927 594 1956 ergo
625 1919 739 1956 quando
771 1927 883 1948 summa
911 1919 1020 1948 Veritas

170 1967 322 1997 adducitur
344 1967 379 1996 ad
411 1966 652 1995 confirmationem
685 1966 825 2001 veritatis,
847 1966 958 1995 nullum
979 1970 1021 1995 est

170 2014 343 2052 periurium:
366 2013 402 2042 ad
425 2013 477 2042 hoc
498 2021 581 2050 ergO,
606 2013 680 2051 quod
714 2013 749 2042 sit
780 2013 954 2051 periurium,
977 2022 1022 2043 ne-

169 2069 247 2091 cesse
267 2064 322 2096 est,
344 2061 431 2097 ipsam
455 2061 606 2089 Veritatem
620 2060 723 2089 adduci
744 2060 780 2089 ad
795 2060 1020 2090 confirmandum

171 2108 365 2138 mendacium:
389 2107 462 2136 redit
483 2115 550 2144 ergo
571 2107 644 2136 idem
668 2108 742 2145 quod
765 2108 853 2145 prius.

250 2155 276 2184 3.
299 2155 382 2189 ltem,
405 2154 452 2192 qui
473 2154 575 2183 asserit
595 2155 670 2192 quod
685 2155 779 2184 animo
794 2155 877 2184 sentit
891 2163 945 2184 non
962 2164 1021 2192 pec-

171 2206 224 2238 cat,
245 2203 312 2240 quia
334 2202 423 2230 utitur
445 2209 574 2230 sermone
596 2201 631 2230 ad
655 2201 698 2236 id,
720 2202 754 2230 ad
778 2202 853 2239 quod
875 2202 1021 2232 institutus

171 2249 251 2282 est⁴;
273 2249 294 2278 si
317 2257 384 2286 ergo
416 2249 565 2285 periurans
595 2249 623 2277 in
654 2249 808 2278 assertione
836 2257 888 2277 sua
909 2253 1020 2285 peccat,

170 2296 247 2325 aliud
270 2304 337 2333 crgo
358 2296 429 2333 gerit
450 2295 477 2324 in
499 2295 606 2330 animo,
626 2295 703 2324 aliud
724 2296 824 2324 asserit
846 2295 872 2323 in
895 2303 951 2324 ore.
967 2295 1019 2324 Sed

171 2343 262 2372 omnis
294 2342 357 2371 talis
387 2345 430 2371 est
460 2342 602 2370 mendax:
624 2349 692 2379 ergo
723 2341 899 2370 mendacium
923 2345 965 2370 est
986 2342 1021 2371 de

172 2398 232 2419 esse
253 2389 380 2427 periurii.

249 2437 276 2465 la.
300 2436 379 2470 ltem,
401 2435 558 2472 periurium
591 2438 633 2464 est
654 2438 798 2472 peccatum
822 2435 949 2472 linguae3
970 2435 1018 2464 sed

177 2483 326 2520 «linguam
349 2491 403 2511 non
426 2482 490 2510 facit
511 2490 589 2511 ream
611 2482 663 2510 nisi
686 2490 765 2511 mens
786 2482 877 2511 rea⁵n
904 2485 931 2511 et
947 2482 1020 2511 male

171 2530 223 2559 sibi
246 2529 370 2559 conscia:
393 2537 460 2566 ergo
481 2529 517 2557 ad
539 2529 604 2563 hoc,
626 2529 702 2566 quod
723 2529 915 2557 committatur
929 2529 1020 2566 periu-

171 2577 205 2606 rii
227 2576 322 2614 culpa.
345 2584 457 2605 necesse
479 2579 532 2610 cst,
565 2575 638 2613 quod
662 2575 774 2604 fallendi
807 2575 922 2604 intentio
943 2583 1021 2613 prae-

171 2624 260 2653 cedat.
283 2623 335 2652 Sed
359 2623 405 2652 illa
426 2623 491 2652 facit
512 2622 654 2651 hominem
677 2622 804 2651 mentirix
827 2630 894 2659 ergo
915 2625 966 2651 etc.

235 2744 241 2759 ¹
260 2744 315 2768 Cod.
334 2746 353 2768 K
371 2746 464 2773 supplet
480 2744 511 2768 sit
527 2744 703 2775 obttqntorium.

233 2783 243 2798 ²
260 2784 317 2807 Edd.
335 2785 442 2807 omittunt
459 2784 579 2808 Sententia
596 2785 676 2807 autem
693 2785 721 2807 et.

235 2823 245 2838 ³
260 2823 331 2846 Exod.
350 2824 391 2852 20,
414 2824 446 2846 16.
465 2823 510 2846 Cl'r.
536 2830 606 2852 supra
632 2823 654 2845 d.
678 2823 715 2846 37.
733 2822 790 2846 dub.
808 2823 829 2845 8.
846 2835 878 2839 —
895 2823 944 2845 Mox
967 2823 1020 2845 cdd.

173 2863 280 2885 omittunt
296 2862 403 2886 scienter.

235 2900 244 2916 ⁴
261 2901 320 2924 Vide
337 2908 407 2930 supra
426 2902 456 2924 lit.
475 2902 587 2930 Magistri,
605 2901 628 2924 d.
646 2901 769 2924 XXXVlll.
787 2907 806 2924 c.
825 2901 846 2923 5.

234 2941 244 2956 ¹⁵
261 2941 289 2964 L't
306 2941 360 2964 (licit
377 2942 473 2970 August.
492 2942 528 2964 hic
545 2942 566 2963 in
591 2941 620 2964 lit.
647 2941 759 2969 Magistri,
777 2947 796 2964 c.
815 2942 836 2964 3.
855 2941 973 2970 allegatus.
990 2954 1021 2958 -

172 2979 267 3003 tnrerius
285 2986 327 3009 pro
344 2980 507 3003 committatur
524 2980 575 3003 cod.
594 2981 611 3002 Κ
631 2980 796 3003 cmztrulmtur.

1156 1357 1208 1385 San
1230 1365 1354 1386 CONTRA:
1386 1358 1409 1386 t.
1433 1357 1616 1395 Hieronymus
1637 1367 1725 1396 super
1746 1359 1913 1388 leremiam⁶
1929 1367 2065 1386 Fundamenta.

1077 1404 1157 1439 dicit,
1178 1404 1254 1441 quod
1281 1405 1496 1434 «iuramentum
1519 1409 1576 1435 tres
1598 1406 1682 1435 habet
1703 1406 1834 1442 comites,
1855 1406 1926 1436 scili-

1077 1451 1142 1480 licet
1162 1451 1308 1480 iztrtt'cz'nm
1330 1455 1357 1481 et
1378 1452 1523 1481 iustitiam
1545 1456 1572 1482 et
1593 1453 1786 1487 ve1=iccteem»;
1806 1457 1834 1482 et
1854 1454 1927 1483 sicut

1077 1506 1114 1527 ex
1136 1498 1247 1527 defectu
1268 1499 1402 1528 veritatis
1418 1500 1552 1536 contingit
1573 1499 1632 1528 fieri
1650 1500 1840 1529 iuramentum
1855 1500 1927 1529 inor-

1077 1544 1219 1578 dinatum,
1240 1545 1278 1573 ita
1299 1552 1335 1574 ex
1358 1545 1467 1574 defectu
1490 1545 1596 1574 iudicii
1609 1549 1635 1574 et
1650 1546 1797 1574 institiae:
1820 1546 1842 1575 si
1858 1554 1926 1584 ergo

1077 1591 1234 1628 periurium
1257 1592 1424 1629 generaliter
1439 1592 1634 1629 complectitur
1650 1593 1840 1622 iuramentum
1856 1594 1928 1623 inor-

1077 1638 1220 1673 dinatum,
1252 1639 1380 1674 videtur,
1411 1640 1485 1677 quod
1519 1648 1573 1668 non
1605 1648 1688 1669 omne
1709 1640 1868 1678 periurium
1891 1641 1927 1670 sit

1079 1685 1266 1714 mendacium.
1549 1679 1551 1681 ’

1157 1734 1182 1761 2.
1205 1733 1288 1768 ltem,
1303 1733 1418 1770 aliquis,
1433 1734 1580 1762 intendens
1601 1734 1692 1763 tacere
1713 1734 1885 1763 adulterium
1900 1737 1927 1764 et

1078 1779 1277 1815 homicidium,
1299 1781 1352 1810 hoc
1374 1781 1532 1810 iuramento
1546 1781 1709 1817 confirmat3
1724 1786 1783 1811 esto
1799 1782 1848 1818 ita3
1864 1782 1927 1812 talis

1077 1830 1171 1855 autem
1193 1830 1243 1856 aut
1264 1830 1339 1856 recte
1360 1827 1447 1863 iurat,
1469 1830 1518 1856 aut
1540 1828 1682 1865 periuram
1704 1832 1828 1863 constat,
1850 1829 1925 1867 quod

1077 1881 1132 1902 non
1155 1873 1263 1902 reete⁷:
1286 1881 1353 1911 ergo
1375 1874 1514 1911 periurat,
1536 1877 1563 1903 et
1585 1878 1677 1904 tamen
1700 1883 1754 1904 non
1777 1876 1925 1904 mentitur:

1077 1928 1144 1957 ergo
1175 1928 1229 1949 non
1261 1923 1303 1949 est
1334 1921 1482 1950 essentiale
1513 1922 1588 1950 omni
1620 1921 1746 1958 periurio
1771 1930 1832 1951 esse
1853 1930 1928 1951 men-

1078 1967 1199 1996 dacium.

1156 2014 1182 2043 3.
1206 2014 1286 2049 item,
1307 2014 1355 2052 qui
1388 2015 1462 2044 iurat
1492 2015 1608 2045 adducit
1639 2016 1728 2045 Deum
1757 2016 1785 2045 in
1807 2016 1928 2045 testimo-

1077 2061 1156 2090 nium
1177 2061 1303 2091 veritatis
1316 2062 1341 2096 Β;
1363 2065 1422 2091 esto
1437 2070 1516 2100 ergo,
1532 2063 1606 2100 quod
1629 2063 1702 2092 iuret
1716 2063 1829 2098 salsum,
1850 2063 1926 2101 quod

1077 2108 1167 2137 credit
1188 2116 1248 2137 esse
1269 2116 1386 2144 verum,
1408 2109 1483 2144 talis,
1498 2118 1563 2138 cum
1582 2110 1704 2139 adducat
1725 2110 1877 2139 Veritatem
1899 2111 1927 2139 in

1078 2155 1268 2184 testimonium
1290 2156 1430 2191 falsitatis,
1452 2156 1585 2193 periurus
1603 2160 1657 2191 est;
1679 2157 1728 2186 sed
1751 2157 1817 2194 quia
1838 2157 1928 2186 credit

1077 2205 1104 2230 et
1119 2202 1237 2230 intendit
1257 2210 1356 2231 verum
1380 2203 1482 2237 dicere,
1498 2211 1551 2231 non
1567 2206 1609 2232 est
1631 2203 1767 2232 mendax:
1790 2211 1856 2240 ergo
1871 2211 1925 2231 non

1077 2248 1168 2276 omnis
1190 2249 1322 2285 periurus
1345 2249 1490 2284 mentitur,
1522 2257 1573 2278 nec
1601 2257 1683 2278 omne
1705 2250 1861 2287 periurium
1885 2253 1928 2279 est

1078 2294 1264 2324 mendacium.

1156 2342 1182 2370 [ι.
1205 2342 1287 2377 Item,
1309 2342 1344 2371 ad
1365 2351 1424 2371 esse
1447 2343 1583 2372 mendacii
1605 2351 1660 2372 non
1677 2343 1872 2372 tantummodo
1887 2351 1928 2373 re-

1078 2389 1201 2426 quiritur
1222 2388 1337 2418 intentio
1359 2389 1486 2424 fallendi,
1518 2390 1567 2419 sed
1589 2390 1672 2418 ctiam
1695 2390 1801 2420 salsitas
1823 2398 1927 2419 sermo-

1078 2435 1157 2471 uis⁹3
1178 2436 1227 2465 sed
1249 2436 1395 2473 contingit,
1418 2436 1540 2474 aliquem
1564 2437 1710 2466 incurrere
1732 2437 1849 2474 periurii
1875 2437 1926 2466 cri-

1079 2490 1157 2517 men,
1178 2483 1200 2512 si
1224 2491 1323 2512 verum
1345 2484 1419 2512 iuret
1440 2487 1467 2512 et
1489 2484 1613 2512 intendat
1639 2484 1741 2513 salsum
1776 2484 1870 2513 iurare
1901 2487 1928 2514 et

1079 2537 1128 2566 per
1151 2529 1339 2559 iuramentum
1363 2530 1432 2558 illud
1456 2530 1618 2568 proximum
1646 2530 1769 2560 laedere:
1792 2539 1859 2568 ergo
1890 2531 1929 2559 vi-

1077 2576 1174 2611 detur,
1189 2576 1265 2613 quod
1280 2576 1382 2605 alicubi
1400 2577 1557 2614 reperiatur
1573 2578 1695 2614 perfecta
1710 2577 1781 2606 ratio
1797 2577 1927 2615 periurii,

1077 2623 1124 2651 ubi
1146 2631 1201 2651 non
1223 2623 1364 2660 reperitur
1386 2623 1468 2661 plena
1490 2624 1560 2653 ratio
1582 2624 1731 2653 mendacii:
1754 2632 1820 2662 crgo
1842 2627 1892 2654 etc.

1140 2745 1150 2760 ⁶
1168 2745 1228 2768 Libr.
1247 2747 1260 2769 l.
1279 2752 1298 2769 c.
1318 2746 1343 2775 li,
1361 2747 1382 2768 2.
1401 2746 1459 2768 Vide
1477 2746 1513 2769 liic
1531 2746 1560 2769 lit.
1579 2746 1691 2774 lllugistri,
1709 2752 1728 2768 c.
1750 2747 1769 2769 l.

1141 2784 1150 2799 ⁷
1168 2784 1240 2807 Codd.
1258 2786 1273 2807 Α
1285 2786 1300 2807 Ζ
1311 2785 1342 2808 hb
1355 2788 1461 2814 repetunt
1473 2784 1544 2808 iurat.
1557 2784 1613 2808 Cod.
1626 2786 1642 2807 Α
1656 2785 1745 2815 peierat
1756 2791 1799 2814 pro
1809 2785 1926 2815 periurat.

1080 2823 1102 2845 ln
1120 2823 1209 2847 maiori
1225 2824 1275 2847 cod.
1294 2825 1313 2847 K
1332 2824 1369 2847 cvl
1386 2831 1428 2852 pro
1445 2825 1474 2847 et.

1141 2862 1151 2877 Β
1167 2862 1212 2885 Cl'r.
1231 2863 1268 2885 liic
1285 2864 1315 2886 lit.
1338 2864 1450 2891 Magistri,
1468 2870 1487 2886 c.
1505 2863 1527 2886 7.
1544 2876 1574 2880 —
1592 2864 1614 2885 ln
1640 2864 1787 2887 conclusione
1811 2871 1860 2894 urg.
1882 2871 1925 2894 pro

1077 2901 1191 2932 periurus
1208 2902 1321 2925 mentitur
1338 2903 1389 2925 cod.
1407 2904 1423 2925 A
1441 2902 1551 2933 pidet-ans
1567 2904 1601 2926 ese
1617 2903 1736 2927 mentitus.

1140 2941 1149 2955 ⁰
1168 2942 1195 2964 Ut
1212 2944 1329 2964 oso-nsum
1347 2946 1382 2965 cst
1398 2948 1468 2970 supra
1486 2941 1508 2964 d.
1527 2942 1563 2964 38.
1582 2949 1604 2972 q.
1626 2943 1644 2965 l.
1661 2955 1691 2959 -
1709 2943 1741 2966 De
1758 2944 1809 2972 ipso
1821 2950 1870 2972 arg.
1884 2943 1926 2967 csr.

1079 2981 1115 3003 liic
1133 2981 1163 3003 lit.
1182 2981 1295 3009 Magistri,
1314 2988 1332 3004 c.
1352 2981 1372 3004 3.
