<?xml version="1.0" encoding="UTF-8"?>
<!DOCTYPE html PUBLIC "-//W3C//DTD XHTML 1.0 Transitional//EN"
    "http://www.w3.org/TR/xhtml1/DTD/xhtml1-transitional.dtd">
<html xmlns="http://www.w3.org/1999/xhtml" xml:lang="en" lang="en">
 <head>
  <title>
</title>
<meta http-equiv="Content-Type" content="text/html;charset=utf-8" />
  <meta name='ocr-system' content='tesseract 3.04.00' />
  <meta name='ocr-capabilities' content='ocr_page ocr_carea ocr_par ocr_line ocrx_word'/>
</head>
<body>
  <div class='ocr_page' id='page_1' title='image "./doctorisseraphic03bona_0150.png"; bbox 0 0 2166 3366; ppageno 0'>
   <div class='ocr_carea' id='block_1_1' title="bbox 127 1661 245 1704">
    <p class='ocr_par' dir='ltr' id='par_1_1' title="bbox 127 1661 245 1704">
     <span class='ocr_line' id='line_1_1' title="bbox 127 1661 245 1685; baseline 0.008 -6"><span class='ocrx_word' id='word_1_1' title='bbox 127 1661 156 1679; x_wconf 80' lang='lat' dir='ltr'>Ad</span> <span class='ocrx_word' id='word_1_2' title='bbox 170 1661 245 1685; x_wconf 81' lang='lat' dir='ltr'>opposi-</span> 
     </span>
     <span class='ocr_line' id='line_1_2' title="bbox 163 1687 208 1704; baseline 0.022 -1"><span class='ocrx_word' id='word_1_3' title='bbox 163 1687 208 1704; x_wconf 82' lang='lat' dir='ltr'>tum.</span> 
     </span>
    </p>
   </div>
   <div class='ocr_carea' id='block_1_2' title="bbox 269 187 322 215">
    <p class='ocr_par' dir='ltr' id='par_1_2' title="bbox 269 187 322 215">
     <span class='ocr_line' id='line_1_3' title="bbox 269 187 322 215; baseline -0.019 0"><span class='ocrx_word' id='word_1_4' title='bbox 269 187 322 215; x_wconf 68' lang='lat'>128</span> 
     </span>
    </p>
   </div>
   <div class='ocr_carea' id='block_1_3' title="bbox 264 264 1112 442">
    <p class='ocr_par' dir='ltr' id='par_1_3' title="bbox 264 264 1112 442">
     <span class='ocr_line' id='line_1_4' title="bbox 265 264 1112 301; baseline 0 -8"><span class='ocrx_word' id='word_1_5' title='bbox 265 268 372 298; x_wconf 77' lang='lat' dir='ltr'>entem,</span> <span class='ocrx_word' id='word_1_6' title='bbox 394 267 421 293; x_wconf 87' lang='lat' dir='ltr'>et</span> <span class='ocrx_word' id='word_1_7' title='bbox 442 272 492 293; x_wconf 81' lang='lat' dir='ltr'>nec</span> <span class='ocrx_word' id='word_1_8' title='bbox 514 267 545 293; x_wconf 90' lang='lat' dir='ltr'>ut</span> <span class='ocrx_word' id='word_1_9' title='bbox 566 264 687 301; x_wconf 75' lang='lat' dir='ltr'><strong>perfecte</strong></span> <span class='ocrx_word' id='word_1_10' title='bbox 705 268 864 301; x_wconf 78' lang='lat' dir='ltr'>potentem,</span> <span class='ocrx_word' id='word_1_11' title='bbox 887 272 937 292; x_wconf 86' lang='lat' dir='ltr'>nec</span> <span class='ocrx_word' id='word_1_12' title='bbox 956 267 987 292; x_wconf 89' lang='lat' dir='ltr'>ut</span> <span class='ocrx_word' id='word_1_13' title='bbox 1002 272 1112 293; x_wconf 87' lang='lat' dir='ltr'>summe</span> 
     </span>
     <span class='ocr_line' id='line_1_5' title="bbox 264 310 1111 349; baseline 0 -10"><span class='ocrx_word' id='word_1_14' title='bbox 264 312 431 349; x_wconf 71' lang='lat' dir='ltr'><em>sapientem.</em></span> <span class='ocrx_word' id='word_1_15' title='bbox 455 311 528 340; x_wconf 78' lang='lat' dir='ltr'>Alter</span> <span class='ocrx_word' id='word_1_16' title='bbox 548 311 650 339; x_wconf 82' lang='lat' dir='ltr'>etiam¹</span> <span class='ocrx_word' id='word_1_17' title='bbox 673 310 830 339; x_wconf 87' lang='lat' dir='ltr'>intellectus</span> <span class='ocrx_word' id='word_1_18' title='bbox 851 313 893 339; x_wconf 88' lang='lat' dir='ltr'>est</span> <span class='ocrx_word' id='word_1_19' title='bbox 915 311 967 345; x_wconf 86' lang='lat' dir='ltr'>ibi,</span> <span class='ocrx_word' id='word_1_20' title='bbox 989 311 1055 347; x_wconf 81' lang='lat' dir='ltr'>quia</span> <span class='ocrx_word' id='word_1_21' title='bbox 1076 311 1111 339; x_wconf 89' lang='lat' dir='ltr'>ad</span> 
     </span>
     <span class='ocr_line' id='line_1_6' title="bbox 264 357 1110 394; baseline -0.002 -7"><span class='ocrx_word' id='word_1_22' title='bbox 264 359 464 388; x_wconf 76' lang='lat' dir='ltr'>assumtionem</span> <span class='ocrx_word' id='word_1_23' title='bbox 486 366 540 386; x_wconf 88' lang='lat' dir='ltr'>non</span> <span class='ocrx_word' id='word_1_24' title='bbox 564 361 670 386; x_wconf 87' lang='lat' dir='ltr'>tantum</span> <span class='ocrx_word' id='word_1_25' title='bbox 694 358 849 394; x_wconf 78' lang='lat' dir='ltr'>requiritur</span> <span class='ocrx_word' id='word_1_26' title='bbox 870 365 955 386; x_wconf 83' lang='lat' dir='ltr'>causa</span> <span class='ocrx_word' id='word_1_27' title='bbox 975 357 1110 392; x_wconf 80' lang='lat' dir='ltr'>efficiens,</span> 
     </span>
     <span class='ocr_line' id='line_1_7' title="bbox 265 404 1109 442; baseline -0.001 -8"><span class='ocrx_word' id='word_1_28' title='bbox 265 406 313 434; x_wconf 83' lang='lat' dir='ltr'>sed</span> <span class='ocrx_word' id='word_1_29' title='bbox 345 405 427 434; x_wconf 88' lang='lat' dir='ltr'>etiam</span> <span class='ocrx_word' id='word_1_30' title='bbox 460 404 545 439; x_wconf 86' lang='lat' dir='ltr'>illud,</span> <span class='ocrx_word' id='word_1_31' title='bbox 578 404 609 432; x_wconf 76' lang='lat' dir='ltr'>in</span> <span class='ocrx_word' id='word_1_32' title='bbox 635 413 690 442; x_wconf 81' lang='lat' dir='ltr'>quo</span> <span class='ocrx_word' id='word_1_33' title='bbox 716 404 764 432; x_wconf 83' lang='lat' dir='ltr'>fiat</span> <span class='ocrx_word' id='word_1_34' title='bbox 795 404 870 432; x_wconf 89' lang='lat' dir='ltr'>unio.</span> <span class='ocrx_word' id='word_1_35' title='bbox 893 404 924 432; x_wconf 92' lang='lat' dir='ltr'>Et</span> <span class='ocrx_word' id='word_1_36' title='bbox 945 404 1007 433; x_wconf 88' lang='lat' dir='ltr'>ideo</span> <span class='ocrx_word' id='word_1_37' title='bbox 1036 408 1109 439; x_wconf 84' lang='grc' dir='ltr'>θεῑο,</span> 
     </span>
    </p>
   </div>
   <div class='ocr_carea' id='block_1_4' title="bbox 940 186 1338 215">
    <p class='ocr_par' dir='ltr' id='par_1_4' title="bbox 940 186 1338 215">
     <span class='ocr_line' id='line_1_8' title="bbox 940 186 1338 215; baseline 0 -1"><span class='ocrx_word' id='word_1_38' title='bbox 940 186 1194 215; x_wconf 80' lang='lat' dir='ltr'>SENTENTIARUM</span> <span class='ocrx_word' id='word_1_39' title='bbox 1215 186 1274 214; x_wconf 87' lang='lat' dir='ltr'><strong>LIB.</strong></span> <span class='ocrx_word' id='word_1_40' title='bbox 1297 186 1338 214; x_wconf 85' lang='lat' dir='ltr'>itt.</span> 
     </span>
    </p>
   </div>
   <div class='ocr_carea' id='block_1_5' title="bbox 1169 264 2015 442">
    <p class='ocr_par' dir='ltr' id='par_1_5' title="bbox 1169 264 2015 442">
     <span class='ocr_line' id='line_1_9' title="bbox 1170 264 2013 303; baseline 0.002 -11"><span class='ocrx_word' id='word_1_41' title='bbox 1170 264 1242 301; x_wconf 87' lang='lat' dir='ltr'>quod</span> <span class='ocrx_word' id='word_1_42' title='bbox 1256 264 1331 293; x_wconf 88' lang='lat' dir='ltr'>omni</span> <span class='ocrx_word' id='word_1_43' title='bbox 1344 265 1540 301; x_wconf 77' lang='lat' dir='ltr'>personalitate</span> <span class='ocrx_word' id='word_1_44' title='bbox 1555 265 1775 303; x_wconf 82' lang='lat' dir='ltr'>circumscripta,</span> <span class='ocrx_word' id='word_1_45' title='bbox 1788 266 2013 295; x_wconf 78' lang='lat' dir='ltr'>consideraretur</span> 
     </span>
     <span class='ocr_line' id='line_1_10' title="bbox 1169 311 2015 350; baseline 0.002 -11"><span class='ocrx_word' id='word_1_46' title='bbox 1169 311 1262 339; x_wconf 85' lang='lat' dir='ltr'>divina</span> <span class='ocrx_word' id='word_1_47' title='bbox 1284 314 1384 340; x_wconf 78' lang='lat' dir='ltr'>natura</span> <span class='ocrx_word' id='word_1_48' title='bbox 1406 312 1433 340; x_wconf 88' lang='lat' dir='ltr'>in</span> <span class='ocrx_word' id='word_1_49' title='bbox 1456 312 1562 341; x_wconf 82' lang='lat' dir='ltr'>ratione</span> <span class='ocrx_word' id='word_1_50' title='bbox 1583 313 1703 349; x_wconf 76' lang='lat' dir='ltr'>perfecte</span> <span class='ocrx_word' id='word_1_51' title='bbox 1723 313 1846 350; x_wconf 78' lang='lat' dir='ltr'>potentis</span> <span class='ocrx_word' id='word_1_52' title='bbox 1862 316 1888 342; x_wconf 90' lang='lat' dir='ltr'>et</span> <span class='ocrx_word' id='word_1_53' title='bbox 1902 313 2015 350; x_wconf 77' lang='lat' dir='ltr'>sapten-</span> 
     </span>
     <span class='ocr_line' id='line_1_11' title="bbox 1169 358 2014 396; baseline 0.002 -10"><span class='ocrx_word' id='word_1_54' title='bbox 1169 358 1222 392; x_wconf 77' lang='lat' dir='ltr'>tis,</span> <span class='ocrx_word' id='word_1_55' title='bbox 1245 366 1298 386; x_wconf 91' lang='lat' dir='ltr'>non</span> <span class='ocrx_word' id='word_1_56' title='bbox 1320 361 1412 386; x_wconf 84' lang='lat' dir='ltr'>tamen</span> <span class='ocrx_word' id='word_1_57' title='bbox 1435 358 1549 395; x_wconf 82' lang='lat' dir='ltr'>cogitari</span> <span class='ocrx_word' id='word_1_58' title='bbox 1571 363 1663 396; x_wconf 86' lang='lat' dir='ltr'>posset</span> <span class='ocrx_word' id='word_1_59' title='bbox 1688 360 1715 388; x_wconf 89' lang='lat' dir='ltr'>in</span> <span class='ocrx_word' id='word_1_60' title='bbox 1737 360 1844 389; x_wconf 83' lang='lat' dir='ltr'>ratione</span> <span class='ocrx_word' id='word_1_61' title='bbox 1866 369 2014 388; x_wconf 73' lang='lat' dir='ltr'>assumen-</span> 
     </span>
     <span class='ocr_line' id='line_1_12' title="bbox 1169 405 2013 442; baseline 0.002 -9"><span class='ocrx_word' id='word_1_62' title='bbox 1169 405 1222 439; x_wconf 76' lang='lat' dir='ltr'>tis,</span> <span class='ocrx_word' id='word_1_63' title='bbox 1243 406 1309 442; x_wconf 86' lang='lat' dir='ltr'>quia</span> <span class='ocrx_word' id='word_1_64' title='bbox 1329 414 1383 434; x_wconf 89' lang='lat' dir='ltr'>non</span> <span class='ocrx_word' id='word_1_65' title='bbox 1406 409 1499 442; x_wconf 85' lang='lat' dir='ltr'>posset</span> <span class='ocrx_word' id='word_1_66' title='bbox 1520 406 1557 434; x_wconf 86' lang='lat' dir='ltr'>ibi</span> <span class='ocrx_word' id='word_1_67' title='bbox 1580 414 1640 435; x_wconf 87' lang='lat' dir='ltr'>esse</span> <span class='ocrx_word' id='word_1_68' title='bbox 1662 407 1818 436; x_wconf 84' lang='lat' dir='ltr'>intellectus</span> <span class='ocrx_word' id='word_1_69' title='bbox 1840 407 2013 436; x_wconf 79' lang='lat' dir='ltr'>unibilitatis.</span> 
     </span>
    </p>
   </div>
   <div class='ocr_carea' id='block_1_6' title="bbox 1009 508 1272 544">
    <p class='ocr_par' dir='ltr' id='par_1_6' title="bbox 1009 508 1272 544">
     <span class='ocr_line' id='line_1_13' title="bbox 1009 508 1272 544; baseline 0 0"><span class='ocrx_word' id='word_1_70' title='bbox 1009 508 1272 544; x_wconf 81' lang='lat' dir='ltr'><strong>SCHOLION.</strong></span> 
     </span>
    </p>
   </div>
   <div class='ocr_carea' id='block_1_7' title="bbox 258 598 1110 1215">
    <p class='ocr_par' dir='ltr' id='par_1_7' title="bbox 258 598 1110 1215">
     <span class='ocr_line' id='line_1_14' title="bbox 326 598 1110 628; baseline 0 -7"><span class='ocrx_word' id='word_1_71' title='bbox 326 600 340 621; x_wconf 93' lang='grc' dir='ltr'>Ι.</span> <span class='ocrx_word' id='word_1_72' title='bbox 359 599 419 621; x_wconf 77' lang='lat' dir='ltr'>Alex.</span> <span class='ocrx_word' id='word_1_73' title='bbox 438 599 485 621; x_wconf 86' lang='lat' dir='ltr'>Hal.</span> <span class='ocrx_word' id='word_1_74' title='bbox 503 599 524 621; x_wconf 90' lang='lat' dir='ltr'>in</span> <span class='ocrx_word' id='word_1_75' title='bbox 543 605 589 621; x_wconf 90' lang='lat' dir='ltr'>uno</span> <span class='ocrx_word' id='word_1_76' title='bbox 607 599 656 621; x_wconf 82' lang='lat' dir='ltr'>loco</span> <span class='ocrx_word' id='word_1_77' title='bbox 674 598 705 627; x_wconf 86' lang='lat' dir='ltr'><strong>(S.</strong></span> <span class='ocrx_word' id='word_1_78' title='bbox 728 605 749 627; x_wconf 85' lang='lat' dir='ltr'>p.</span> <span class='ocrx_word' id='word_1_79' title='bbox 768 599 799 620; x_wconf 84' lang='grc'><strong>111.</strong></span> <span class='ocrx_word' id='word_1_80' title='bbox 818 605 839 627; x_wconf 89' lang='lat' dir='ltr'>q.</span> <span class='ocrx_word' id='word_1_81' title='bbox 858 599 878 620; x_wconf 77' lang='lat'><strong>2.</strong></span> <span class='ocrx_word' id='word_1_82' title='bbox 898 605 927 621; x_wconf 90' lang='lat' dir='ltr'>m.</span> <span class='ocrx_word' id='word_1_83' title='bbox 946 599 976 627; x_wconf 87' lang='lat'>3.)</span> <span class='ocrx_word' id='word_1_84' title='bbox 995 599 1025 621; x_wconf 89' lang='lat' dir='ltr'>ad</span> <span class='ocrx_word' id='word_1_85' title='bbox 1042 606 1110 628; x_wconf 84' lang='lat' dir='ltr'>quae-</span> 
     </span>
     <span class='ocr_line' id='line_1_15' title="bbox 263 637 1109 667; baseline -0.001 -6"><span class='ocrx_word' id='word_1_86' title='bbox 263 640 359 662; x_wconf 87' lang='lat' dir='ltr'>stionem</span> <span class='ocrx_word' id='word_1_87' title='bbox 378 638 502 666; x_wconf 78' lang='lat' dir='ltr'>respondet</span> <span class='ocrx_word' id='word_1_88' title='bbox 512 637 650 667; x_wconf 74' lang='lat' dir='ltr'>simpliciter</span> <span class='ocrx_word' id='word_1_89' title='bbox 660 637 780 667; x_wconf 63' lang='lat' dir='ltr'>meando,</span> <span class='ocrx_word' id='word_1_90' title='bbox 796 639 830 660; x_wconf 87' lang='lat' dir='ltr'>his</span> <span class='ocrx_word' id='word_1_91' title='bbox 842 638 934 660; x_wconf 86' lang='lat' dir='ltr'>verbis:</span> <span class='ocrx_word' id='word_1_92' title='bbox 951 646 961 658; x_wconf 75' lang='grc' dir='ltr'>ιι</span> <span class='ocrx_word' id='word_1_93' title='bbox 975 638 1028 660; x_wconf 88' lang='lat' dir='ltr'>Dico</span> <span class='ocrx_word' id='word_1_94' title='bbox 1041 644 1109 666; x_wconf 74' lang='lat' dir='ltr'>crgo,</span> 
     </span>
     <span class='ocr_line' id='line_1_16' title="bbox 263 676 1110 706; baseline 0 -7"><span class='ocrx_word' id='word_1_95' title='bbox 263 677 326 706; x_wconf 87' lang='lat' dir='ltr'>quod</span> <span class='ocrx_word' id='word_1_96' title='bbox 343 676 468 700; x_wconf 74' lang='lat' dir='ltr'>abstractis</span> <span class='ocrx_word' id='word_1_97' title='bbox 484 676 592 706; x_wconf 70' lang='lat' dir='ltr'>personis</span> <span class='ocrx_word' id='word_1_98' title='bbox 610 682 654 699; x_wconf 87' lang='lat' dir='ltr'>nou</span> <span class='ocrx_word' id='word_1_99' title='bbox 674 677 774 704; x_wconf 70' lang='lat' dir='ltr'>intelligo</span> <span class='ocrx_word' id='word_1_100' title='bbox 792 676 895 699; x_wconf 84' lang='lat' dir='ltr'>divinam</span> <span class='ocrx_word' id='word_1_101' title='bbox 913 679 1017 699; x_wconf 81' lang='lat' dir='ltr'>naturam</span> <span class='ocrx_word' id='word_1_102' title='bbox 1042 683 1110 704; x_wconf 88' lang='lat' dir='ltr'>posse</span> 
     </span>
     <span class='ocr_line' id='line_1_17' title="bbox 264 716 1109 744; baseline 0 -6"><span class='ocrx_word' id='word_1_103' title='bbox 264 717 337 744; x_wconf 66' lang='lat' dir='ltr'>unii-1⁴3</span> <span class='ocrx_word' id='word_1_104' title='bbox 356 718 378 738; x_wconf 87' lang='lat' dir='ltr'>et</span> <span class='ocrx_word' id='word_1_105' title='bbox 394 717 412 737; x_wconf 84' lang='lat' dir='ltr'>si</span> <span class='ocrx_word' id='word_1_106' title='bbox 431 717 482 744; x_wconf 86' lang='lat' dir='ltr'>quis</span> <span class='ocrx_word' id='word_1_107' title='bbox 500 716 557 738; x_wconf 79' lang='lat' dir='ltr'>torte</span> <span class='ocrx_word' id='word_1_108' title='bbox 569 718 647 744; x_wconf 84' lang='lat' dir='ltr'>posset</span> <span class='ocrx_word' id='word_1_109' title='bbox 659 717 703 738; x_wconf 86' lang='lat' dir='ltr'>hoc</span> <span class='ocrx_word' id='word_1_110' title='bbox 714 716 851 744; x_wconf 74' lang='lat' dir='ltr'>intelligere,</span> <span class='ocrx_word' id='word_1_111' title='bbox 864 722 908 743; x_wconf 80' lang='lat' dir='ltr'>ego</span> <span class='ocrx_word' id='word_1_112' title='bbox 920 722 965 738; x_wconf 90' lang='lat' dir='ltr'>non</span> <span class='ocrx_word' id='word_1_113' title='bbox 978 716 1078 744; x_wconf 76' lang='lat' dir='ltr'>intelligo</span> <span class='ocrx_word' id='word_1_114' title='bbox 1088 725 1109 738; x_wconf 68' lang='lat' dir='ltr'>n.</span> 
     </span>
     <span class='ocr_line' id='line_1_18' title="bbox 264 755 1110 784; baseline -0.001 -7"><span class='ocrx_word' id='word_1_115' title='bbox 264 756 381 784; x_wconf 83' lang='lat' dir='ltr'>Duplicem</span> <span class='ocrx_word' id='word_1_116' title='bbox 400 761 441 783; x_wconf 84' lang='lat' dir='ltr'>pro</span> <span class='ocrx_word' id='word_1_117' title='bbox 455 756 496 777; x_wconf 83' lang='lat' dir='ltr'>hac</span> <span class='ocrx_word' id='word_1_118' title='bbox 508 756 633 777; x_wconf 84' lang='lat' dir='ltr'>assertione</span> <span class='ocrx_word' id='word_1_119' title='bbox 650 755 713 777; x_wconf 78' lang='lat' dir='ltr'>affert</span> <span class='ocrx_word' id='word_1_120' title='bbox 731 756 856 777; x_wconf 83' lang='lat' dir='ltr'>rationem:</span> <span class='ocrx_word' id='word_1_121' title='bbox 876 756 961 782; x_wconf 71' lang='lat' dir='ltr'>primo⁷</span> <span class='ocrx_word' id='word_1_122' title='bbox 979 756 1031 783; x_wconf 87' lang='lat' dir='ltr'>quia</span> <span class='ocrx_word' id='word_1_123' title='bbox 1048 763 1058 775; x_wconf 73' lang='lat' dir='ltr'>a</span> <span class='ocrx_word' id='word_1_124' title='bbox 1071 761 1110 776; x_wconf 89' lang='lat' dir='ltr'>na-</span> 
     </span>
     <span class='ocr_line' id='line_1_19' title="bbox 262 795 1109 822; baseline -0.002 -5"><span class='ocrx_word' id='word_1_125' title='bbox 262 798 312 817; x_wconf 85' lang='lat' dir='ltr'>tura</span> <span class='ocrx_word' id='word_1_126' title='bbox 331 795 408 817; x_wconf 83' lang='lat' dir='ltr'>divina</span> <span class='ocrx_word' id='word_1_127' title='bbox 426 798 447 817; x_wconf 87' lang='lat' dir='ltr'>et</span> <span class='ocrx_word' id='word_1_128' title='bbox 465 795 564 817; x_wconf 84' lang='lat' dir='ltr'>humana</span> <span class='ocrx_word' id='word_1_129' title='bbox 578 801 622 816; x_wconf 91' lang='lat' dir='ltr'>non</span> <span class='ocrx_word' id='word_1_130' title='bbox 636 797 732 822; x_wconf 81' lang='lat' dir='ltr'>possunt</span> <span class='ocrx_word' id='word_1_131' title='bbox 744 795 842 816; x_wconf 68' lang='lat' dir='ltr'>invicem</span> <span class='ocrx_word' id='word_1_132' title='bbox 856 795 937 816; x_wconf 85' lang='lat' dir='ltr'>mutari</span> <span class='ocrx_word' id='word_1_133' title='bbox 951 800 993 816; x_wconf 84' lang='lat' dir='ltr'>nec</span> <span class='ocrx_word' id='word_1_134' title='bbox 1006 795 1109 822; x_wconf 74' lang='lat' dir='ltr'>misceri,</span> 
     </span>
     <span class='ocr_line' id='line_1_20' title="bbox 262 833 1110 863; baseline -0.001 -7"><span class='ocrx_word' id='word_1_135' title='bbox 262 837 287 857; x_wconf 90' lang='lat' dir='ltr'>ut</span> <span class='ocrx_word' id='word_1_136' title='bbox 304 834 419 863; x_wconf 82' lang='lat' dir='ltr'>quaedam</span> <span class='ocrx_word' id='word_1_137' title='bbox 439 835 501 856; x_wconf 82' lang='lat' dir='ltr'>tertia</span> <span class='ocrx_word' id='word_1_138' title='bbox 520 834 558 855; x_wconf 80' lang='lat' dir='ltr'>[iat</span> <span class='ocrx_word' id='word_1_139' title='bbox 574 840 601 855; x_wconf 77' lang='lat' dir='ltr'>ex</span> <span class='ocrx_word' id='word_1_140' title='bbox 620 833 710 855; x_wconf 83' lang='lat' dir='ltr'>duabus</span> <span class='ocrx_word' id='word_1_141' title='bbox 724 841 734 853; x_wconf 73' lang='grc'>1)</span> <span class='ocrx_word' id='word_1_142' title='bbox 753 836 810 861; x_wconf 82' lang='lat' dir='ltr'>ete.;</span> <span class='ocrx_word' id='word_1_143' title='bbox 829 833 943 860; x_wconf 78' lang='lat' dir='ltr'>secundo,</span> <span class='ocrx_word' id='word_1_144' title='bbox 965 841 976 852; x_wconf 73' lang='grc' dir='ltr'><em>α</em></span> <span class='ocrx_word' id='word_1_145' title='bbox 989 833 1041 861; x_wconf 80' lang='lat' dir='ltr'>quta</span> <span class='ocrx_word' id='word_1_146' title='bbox 1056 840 1110 855; x_wconf 89' lang='lat' dir='ltr'>nun-</span> 
     </span>
     <span class='ocr_line' id='line_1_21' title="bbox 261 872 1110 902; baseline -0.001 -6"><span class='ocrx_word' id='word_1_147' title='bbox 261 880 332 902; x_wconf 84' lang='lat' dir='ltr'>quam</span> <span class='ocrx_word' id='word_1_148' title='bbox 349 874 476 895; x_wconf 74' lang='lat' dir='ltr'>intellectus</span> <span class='ocrx_word' id='word_1_149' title='bbox 493 873 609 901; x_wconf 81' lang='lat' dir='ltr'>intelligit,</span> <span class='ocrx_word' id='word_1_150' title='bbox 625 876 729 894; x_wconf 85' lang='lat' dir='ltr'>naturam</span> <span class='ocrx_word' id='word_1_151' title='bbox 747 878 797 894; x_wconf 86' lang='lat' dir='ltr'>csse</span> <span class='ocrx_word' id='word_1_152' title='bbox 814 873 835 894; x_wconf 89' lang='lat' dir='ltr'>in</span> <span class='ocrx_word' id='word_1_153' title='bbox 854 876 905 894; x_wconf 86' lang='lat' dir='ltr'>actu</span> <span class='ocrx_word' id='word_1_154' title='bbox 924 872 966 894; x_wconf 87' lang='lat' dir='ltr'>nisi</span> <span class='ocrx_word' id='word_1_155' title='bbox 984 873 1006 893; x_wconf 91' lang='lat' dir='ltr'>in</span> <span class='ocrx_word' id='word_1_156' title='bbox 1024 878 1050 894; x_wconf 77' lang='lat' dir='ltr'>re</span> <span class='ocrx_word' id='word_1_157' title='bbox 1069 878 1110 895; x_wconf 74' lang='lat' dir='ltr'>nct—</span> 
     </span>
     <span class='ocr_line' id='line_1_22' title="bbox 262 911 1109 942; baseline -0.004 -6"><span class='ocrx_word' id='word_1_158' title='bbox 262 914 331 936; x_wconf 72' lang='lat' dir='ltr'>tttrae</span> <span class='ocrx_word' id='word_1_159' title='bbox 348 911 503 942; x_wconf 59' lang='lat' dir='ltr'>[supposito]</span> <span class='ocrx_word' id='word_1_160' title='bbox 521 913 580 934; x_wconf 86' lang='lat' dir='ltr'>sicut</span> <span class='ocrx_word' id='word_1_161' title='bbox 592 912 755 934; x_wconf 82' lang='lat' dir='ltr'>humanitatem</span> <span class='ocrx_word' id='word_1_162' title='bbox 768 918 818 934; x_wconf 85' lang='lat' dir='ltr'>esse</span> <span class='ocrx_word' id='word_1_163' title='bbox 836 912 857 933; x_wconf 91' lang='lat' dir='ltr'>in</span> <span class='ocrx_word' id='word_1_164' title='bbox 876 914 927 934; x_wconf 85' lang='lat' dir='ltr'>actu</span> <span class='ocrx_word' id='word_1_165' title='bbox 945 918 989 933; x_wconf 90' lang='lat' dir='ltr'>non</span> <span class='ocrx_word' id='word_1_166' title='bbox 1008 912 1109 940; x_wconf 74' lang='lat' dir='ltr'>intelligo</span> 
     </span>
     <span class='ocr_line' id='line_1_23' title="bbox 261 951 1108 979; baseline -0.001 -5"><span class='ocrx_word' id='word_1_167' title='bbox 261 953 304 975; x_wconf 85' lang='lat' dir='ltr'>nisi</span> <span class='ocrx_word' id='word_1_168' title='bbox 326 953 347 974; x_wconf 89' lang='lat' dir='ltr'>in</span> <span class='ocrx_word' id='word_1_169' title='bbox 366 952 463 974; x_wconf 79' lang='lat' dir='ltr'>habente</span> <span class='ocrx_word' id='word_1_170' title='bbox 485 952 582 979; x_wconf 68' lang='lat' dir='ltr'>ipsam...</span> <span class='ocrx_word' id='word_1_171' title='bbox 605 951 693 973; x_wconf 72' lang='lat' dir='ltr'>habens</span> <span class='ocrx_word' id='word_1_172' title='bbox 715 954 792 973; x_wconf 84' lang='lat' dir='ltr'>autom</span> <span class='ocrx_word' id='word_1_173' title='bbox 814 951 875 972; x_wconf 91' lang='lat' dir='ltr'>illam</span> <span class='ocrx_word' id='word_1_174' title='bbox 897 953 930 972; x_wconf 82' lang='lat' dir='ltr'>est</span> <span class='ocrx_word' id='word_1_175' title='bbox 953 957 1050 978; x_wconf 83' lang='lat' dir='ltr'>persona</span> <span class='ocrx_word' id='word_1_176' title='bbox 1072 951 1108 973; x_wconf 83' lang='lat' dir='ltr'>vel</span> 
     </span>
     <span class='ocr_line' id='line_1_24' title="bbox 261 989 1109 1019; baseline -0.001 -6"><span class='ocrx_word' id='word_1_177' title='bbox 261 992 409 1019; x_wconf 71' lang='lat' dir='ltr'>hypostasis»</span> <span class='ocrx_word' id='word_1_178' title='bbox 431 993 473 1013; x_wconf 84' lang='lat' dir='ltr'>etc.</span> <span class='ocrx_word' id='word_1_179' title='bbox 494 992 596 1013; x_wconf 73' lang='lat' dir='ltr'>Attamen</span> <span class='ocrx_word' id='word_1_180' title='bbox 619 990 680 1013; x_wconf 78' lang='lat' dir='ltr'>idem</span> <span class='ocrx_word' id='word_1_181' title='bbox 697 991 718 1012; x_wconf 85' lang='lat' dir='ltr'>in</span> <span class='ocrx_word' id='word_1_182' title='bbox 740 990 782 1011; x_wconf 81' lang='lat' dir='ltr'>alia</span> <span class='ocrx_word' id='word_1_183' title='bbox 802 990 869 1012; x_wconf 86' lang='lat' dir='ltr'>simili</span> <span class='ocrx_word' id='word_1_184' title='bbox 890 991 1023 1019; x_wconf 77' lang='lat' dir='ltr'>quaestione</span> <span class='ocrx_word' id='word_1_185' title='bbox 1044 989 1109 1019; x_wconf 86' lang='lat' dir='ltr'>(ibid.</span> 
     </span>
     <span class='ocr_line' id='line_1_25' title="bbox 261 1029 1110 1060; baseline -0.002 -7"><span class='ocrx_word' id='word_1_186' title='bbox 261 1038 282 1060; x_wconf 86' lang='lat' dir='ltr'>q.</span> <span class='ocrx_word' id='word_1_187' title='bbox 301 1032 322 1053; x_wconf 92' lang='lat'>7.</span> <span class='ocrx_word' id='word_1_188' title='bbox 340 1037 371 1053; x_wconf 78' lang='grc'><strong>111.</strong></span> <span class='ocrx_word' id='word_1_189' title='bbox 394 1032 410 1053; x_wconf 93' lang='lat' dir='ltr'>l.</span> <span class='ocrx_word' id='word_1_190' title='bbox 429 1037 448 1053; x_wconf 93' lang='lat' dir='ltr'>a.</span> <span class='ocrx_word' id='word_1_191' title='bbox 467 1030 498 1059; x_wconf 80' lang='lat'><strong>2.)</strong></span> <span class='ocrx_word' id='word_1_192' title='bbox 517 1031 562 1052; x_wconf 82' lang='lat' dir='ltr'>iam</span> <span class='ocrx_word' id='word_1_193' title='bbox 580 1030 653 1052; x_wconf 80' lang='lat' dir='ltr'>innuit</span> <span class='ocrx_word' id='word_1_194' title='bbox 670 1030 767 1052; x_wconf 83' lang='lat' dir='ltr'>eandem</span> <span class='ocrx_word' id='word_1_195' title='bbox 786 1029 966 1057; x_wconf 75' lang='lat' dir='ltr'>distinctionem,</span> <span class='ocrx_word' id='word_1_196' title='bbox 985 1036 1029 1058; x_wconf 82' lang='lat' dir='ltr'>qua</span> <span class='ocrx_word' id='word_1_197' title='bbox 1043 1032 1110 1051; x_wconf 85' lang='lat' dir='ltr'>utun-</span> 
     </span>
     <span class='ocr_line' id='line_1_26' title="bbox 260 1068 1110 1097; baseline -0.001 -5"><span class='ocrx_word' id='word_1_198' title='bbox 260 1073 296 1093; x_wconf 87' lang='lat' dir='ltr'>tur</span> <span class='ocrx_word' id='word_1_199' title='bbox 313 1071 335 1092; x_wconf 81' lang='lat' dir='ltr'><strong>S.</strong></span> <span class='ocrx_word' id='word_1_200' title='bbox 354 1070 439 1092; x_wconf 54' lang='lat' dir='ltr'>Bonan</span> <span class='ocrx_word' id='word_1_201' title='bbox 458 1073 479 1092; x_wconf 86' lang='lat' dir='ltr'>et</span> <span class='ocrx_word' id='word_1_202' title='bbox 496 1070 635 1097; x_wconf 76' lang='lat' dir='ltr'>posteriores</span> <span class='ocrx_word' id='word_1_203' title='bbox 661 1069 807 1096; x_wconf 72' lang='lat' dir='ltr'>Scholastict,</span> <span class='ocrx_word' id='word_1_204' title='bbox 826 1069 865 1097; x_wconf 86' lang='lat' dir='ltr'>qui</span> <span class='ocrx_word' id='word_1_205' title='bbox 883 1068 1054 1091; x_wconf 61' lang='lat' dir='ltr'>subsistentiam</span> <span class='ocrx_word' id='word_1_206' title='bbox 1072 1068 1110 1091; x_wconf 82' lang='lat' dir='ltr'>ab·</span> 
     </span>
     <span class='ocr_line' id='line_1_27' title="bbox 259 1108 1110 1136; baseline -0.005 -3"><span class='ocrx_word' id='word_1_207' title='bbox 259 1109 363 1133; x_wconf 78' lang='lat' dir='ltr'>solutam.</span> <span class='ocrx_word' id='word_1_208' title='bbox 381 1110 403 1131; x_wconf 89' lang='lat' dir='ltr'>in</span> <span class='ocrx_word' id='word_1_209' title='bbox 421 1109 468 1131; x_wconf 88' lang='lat' dir='ltr'>Deo</span> <span class='ocrx_word' id='word_1_210' title='bbox 485 1109 521 1131; x_wconf 87' lang='lat' dir='ltr'>vel</span> <span class='ocrx_word' id='word_1_211' title='bbox 545 1115 626 1136; x_wconf 82' lang='lat' dir='ltr'>reapse</span> <span class='ocrx_word' id='word_1_212' title='bbox 651 1108 785 1135; x_wconf 69' lang='lat' dir='ltr'>admittunt,</span> <span class='ocrx_word' id='word_1_213' title='bbox 804 1109 840 1130; x_wconf 74' lang='lat' dir='ltr'>vel</span> <span class='ocrx_word' id='word_1_214' title='bbox 859 1109 938 1130; x_wconf 83' lang='lat' dir='ltr'>saltem</span> <span class='ocrx_word' id='word_1_215' title='bbox 956 1115 968 1130; x_wconf 85' lang='lat' dir='ltr'>a</span> <span class='ocrx_word' id='word_1_216' title='bbox 986 1108 1110 1136; x_wconf 75' lang='lat' dir='ltr'>gentilibus</span> 
     </span>
     <span class='ocr_line' id='line_1_28' title="bbox 259 1147 1110 1177; baseline -0.002 -6"><span class='ocrx_word' id='word_1_217' title='bbox 259 1149 357 1172; x_wconf 83' lang='lat' dir='ltr'>eandem</span> <span class='ocrx_word' id='word_1_218' title='bbox 375 1150 518 1177; x_wconf 85' lang='lat' dir='ltr'>suppositam</span> <span class='ocrx_word' id='word_1_219' title='bbox 536 1155 586 1170; x_wconf 80' lang='lat' dir='ltr'>esse</span> <span class='ocrx_word' id='word_1_220' title='bbox 604 1148 730 1170; x_wconf 74' lang='lat' dir='ltr'>concedere</span> <span class='ocrx_word' id='word_1_221' title='bbox 748 1147 839 1170; x_wconf 78' lang='lat' dir='ltr'>debent.</span> <span class='ocrx_word' id='word_1_222' title='bbox 858 1148 914 1169; x_wconf 76' lang='lat' dir='ltr'>Hinc</span> <span class='ocrx_word' id='word_1_223' title='bbox 931 1147 1051 1170; x_wconf 76' lang='lat' dir='ltr'>abstractis</span> <span class='ocrx_word' id='word_1_224' title='bbox 1069 1154 1110 1175; x_wconf 84' lang='lat' dir='ltr'>per</span> 
     </span>
     <span class='ocr_line' id='line_1_29' title="bbox 258 1187 1108 1215; baseline -0.002 -5"><span class='ocrx_word' id='word_1_225' title='bbox 258 1188 397 1210; x_wconf 77' lang='lat' dir='ltr'>intellectum</span> <span class='ocrx_word' id='word_1_226' title='bbox 422 1187 601 1215; x_wconf 73' lang='lat' dir='ltr'>proprietatibus</span> <span class='ocrx_word' id='word_1_227' title='bbox 625 1187 796 1215; x_wconf 72' lang='lat' dir='ltr'>personalibuS,</span> <span class='ocrx_word' id='word_1_228' title='bbox 815 1187 891 1209; x_wconf 81' lang='lat' dir='ltr'>adhuc</span> <span class='ocrx_word' id='word_1_229' title='bbox 911 1187 1064 1209; x_wconf 69' lang='lat' dir='ltr'>«remanebit</span> <span class='ocrx_word' id='word_1_230' title='bbox 1087 1188 1108 1208; x_wconf 91' lang='lat' dir='ltr'>in</span> 
     </span>
    </p>
   </div>
   <div class='ocr_carea' id='block_1_8' title="bbox 1136 616 1141 1215">
    <p class='ocr_par' dir='ltr' id='par_1_8' title="bbox 1136 616 1141 1215">
     <span class='ocr_line' id='line_1_30' title="bbox 1136 616 1141 1215; baseline 0 0"><span class='ocrx_word' id='word_1_231' title='bbox 1136 616 1141 1215; x_wconf 95' lang='lat' dir='ltr'> </span> 
     </span>
    </p>
   </div>
   <div class='ocr_carea' id='block_1_9' title="bbox 1167 600 2017 1215">
    <p class='ocr_par' dir='ltr' id='par_1_9' title="bbox 1167 600 2016 744">
     <span class='ocr_line' id='line_1_31' title="bbox 1167 600 2011 629; baseline 0.001 -8"><span class='ocrx_word' id='word_1_232' title='bbox 1167 600 1349 622; x_wconf 78' lang='lat' dir='ltr'>consideratione</span> <span class='ocrx_word' id='word_1_233' title='bbox 1362 603 1437 622; x_wconf 88' lang='lat' dir='ltr'>nostra</span> <span class='ocrx_word' id='word_1_234' title='bbox 1450 603 1530 623; x_wconf 87' lang='lat' dir='ltr'>natura</span> <span class='ocrx_word' id='word_1_235' title='bbox 1548 600 1626 623; x_wconf 85' lang='lat' dir='ltr'>divina</span> <span class='ocrx_word' id='word_1_236' title='bbox 1644 603 1668 623; x_wconf 87' lang='lat' dir='ltr'>ut</span> <span class='ocrx_word' id='word_1_237' title='bbox 1683 600 1809 623; x_wconf 81' lang='lat' dir='ltr'>subsistens</span> <span class='ocrx_word' id='word_1_238' title='bbox 1822 604 1843 624; x_wconf 84' lang='lat' dir='ltr'>et</span> <span class='ocrx_word' id='word_1_239' title='bbox 1855 604 1879 624; x_wconf 92' lang='lat' dir='ltr'>ut</span> <span class='ocrx_word' id='word_1_240' title='bbox 1892 608 1991 629; x_wconf 85' lang='lat' dir='ltr'>persono</span> <span class='ocrx_word' id='word_1_241' title='bbox 2001 610 2011 622; x_wconf 70' lang='lat' dir='ltr'>n</span> 
     </span>
     <span class='ocr_line' id='line_1_32' title="bbox 1169 639 2014 669; baseline 0.004 -9"><span class='ocrx_word' id='word_1_242' title='bbox 1169 639 1261 667; x_wconf 81' lang='lat' dir='ltr'>(scilicet</span> <span class='ocrx_word' id='word_1_243' title='bbox 1279 641 1303 661; x_wconf 92' lang='lat' dir='ltr'>ut</span> <span class='ocrx_word' id='word_1_244' title='bbox 1320 640 1466 667; x_wconf 83' lang='lat' dir='ltr'>suppositum</span> <span class='ocrx_word' id='word_1_245' title='bbox 1485 639 1641 668; x_wconf 80' lang='lat' dir='ltr'>absolutum);</span> <span class='ocrx_word' id='word_1_246' title='bbox 1660 641 1689 662; x_wconf 87' lang='lat' dir='ltr'>ita</span> <span class='ocrx_word' id='word_1_247' title='bbox 1707 641 1729 662; x_wconf 82' lang='lat' dir='ltr'><strong>S.</strong></span> <span class='ocrx_word' id='word_1_248' title='bbox 1748 640 1830 662; x_wconf 91' lang='lat' dir='ltr'>Thom.</span> <span class='ocrx_word' id='word_1_249' title='bbox 1849 640 1881 668; x_wconf 84' lang='lat' dir='ltr'><strong>(S.</strong></span> <span class='ocrx_word' id='word_1_250' title='bbox 1899 641 1930 663; x_wconf 91' lang='grc'><strong>111.</strong></span> <span class='ocrx_word' id='word_1_251' title='bbox 1948 647 1970 669; x_wconf 88' lang='lat' dir='ltr'>q.</span> <span class='ocrx_word' id='word_1_252' title='bbox 1993 641 2014 663; x_wconf 84' lang='lat'><strong>3.</strong></span> 
     </span>
     <span class='ocr_line' id='line_1_33' title="bbox 1167 677 2016 708; baseline 0.002 -9"><span class='ocrx_word' id='word_1_253' title='bbox 1167 684 1186 699; x_wconf 79' lang='lat' dir='ltr'>a.</span> <span class='ocrx_word' id='word_1_254' title='bbox 1206 678 1226 699; x_wconf 86' lang='lat'><strong>3.</strong></span> <span class='ocrx_word' id='word_1_255' title='bbox 1239 677 1268 699; x_wconf 90' lang='lat' dir='ltr'>ad</span> <span class='ocrx_word' id='word_1_256' title='bbox 1287 678 1307 705; x_wconf 84' lang='lat' dir='ltr'>l;</span> <span class='ocrx_word' id='word_1_257' title='bbox 1326 677 1366 699; x_wconf 76' lang='lat' dir='ltr'>cfr.</span> <span class='ocrx_word' id='word_1_258' title='bbox 1385 678 1457 706; x_wconf 81' lang='lat' dir='ltr'>idem,</span> <span class='ocrx_word' id='word_1_259' title='bbox 1476 678 1512 700; x_wconf 91' lang='lat' dir='ltr'>hic</span> <span class='ocrx_word' id='word_1_260' title='bbox 1530 685 1551 707; x_wconf 88' lang='lat' dir='ltr'>q.</span> <span class='ocrx_word' id='word_1_261' title='bbox 1565 679 1585 700; x_wconf 84' lang='lat'><strong>2.</strong></span> <span class='ocrx_word' id='word_1_262' title='bbox 1599 685 1619 701; x_wconf 82' lang='lat' dir='ltr'>a.</span> <span class='ocrx_word' id='word_1_263' title='bbox 1638 679 1677 707; x_wconf 69' lang='grc'><strong>3.).</strong></span> <span class='ocrx_word' id='word_1_264' title='bbox 1697 679 1742 701; x_wconf 88' lang='lat' dir='ltr'>Sed</span> <span class='ocrx_word' id='word_1_265' title='bbox 1760 680 1803 701; x_wconf 93' lang='lat' dir='ltr'>hoc</span> <span class='ocrx_word' id='word_1_266' title='bbox 1820 679 1902 708; x_wconf 86' lang='lat' dir='ltr'>modo,</span> <span class='ocrx_word' id='word_1_267' title='bbox 1920 680 2016 702; x_wconf 90' lang='lat' dir='ltr'>circum-</span> 
     </span>
     <span class='ocr_line' id='line_1_34' title="bbox 1167 717 1927 744; baseline 0.005 -7"><span class='ocrx_word' id='word_1_268' title='bbox 1167 717 1257 744; x_wconf 84' lang='lat' dir='ltr'>scriptis</span> <span class='ocrx_word' id='word_1_269' title='bbox 1274 717 1391 744; x_wconf 71' lang='lat' dir='ltr'>personis,</span> <span class='ocrx_word' id='word_1_270' title='bbox 1404 717 1497 744; x_wconf 80' lang='lat' dir='ltr'>intelligi</span> <span class='ocrx_word' id='word_1_271' title='bbox 1516 720 1589 744; x_wconf 83' lang='lat' dir='ltr'>potest</span> <span class='ocrx_word' id='word_1_272' title='bbox 1607 719 1686 739; x_wconf 81' lang='lat' dir='ltr'>natura</span> <span class='ocrx_word' id='word_1_273' title='bbox 1705 717 1782 739; x_wconf 78' lang='lat' dir='ltr'>divina</span> <span class='ocrx_word' id='word_1_274' title='bbox 1800 724 1927 741; x_wconf 81' lang='lat' dir='ltr'>assumens.</span> 
     </span>
    </p>

    <p class='ocr_par' dir='ltr' id='par_1_10' title="bbox 1167 755 2016 902">
     <span class='ocr_line' id='line_1_35' title="bbox 1230 755 2015 786; baseline 0.004 -9"><span class='ocrx_word' id='word_1_275' title='bbox 1230 755 1253 777; x_wconf 93' lang='lat' dir='ltr'>ll.</span> <span class='ocrx_word' id='word_1_276' title='bbox 1272 756 1363 778; x_wconf 80' lang='lat' dir='ltr'>Praeter</span> <span class='ocrx_word' id='word_1_277' title='bbox 1380 756 1474 778; x_wconf 86' lang='lat' dir='ltr'>citatos:</span> <span class='ocrx_word' id='word_1_278' title='bbox 1493 756 1564 784; x_wconf 73' lang='lat' dir='ltr'>Soet,</span> <span class='ocrx_word' id='word_1_279' title='bbox 1584 756 1614 778; x_wconf 90' lang='grc'><strong>111.</strong></span> <span class='ocrx_word' id='word_1_280' title='bbox 1633 757 1694 779; x_wconf 82' lang='lat' dir='ltr'>Sent.</span> <span class='ocrx_word' id='word_1_281' title='bbox 1712 756 1734 779; x_wconf 87' lang='lat' dir='ltr'>d.</span> <span class='ocrx_word' id='word_1_282' title='bbox 1757 758 1773 779; x_wconf 94' lang='lat' dir='ltr'>l.</span> <span class='ocrx_word' id='word_1_283' title='bbox 1791 764 1813 786; x_wconf 88' lang='lat' dir='ltr'>q.</span> <span class='ocrx_word' id='word_1_284' title='bbox 1833 758 1854 780; x_wconf 77' lang='lat'>2.</span> <span class='ocrx_word' id='word_1_285' title='bbox 1873 764 1893 779; x_wconf 92' lang='lat' dir='ltr'>n.</span> <span class='ocrx_word' id='word_1_286' title='bbox 1912 758 1936 786; x_wconf 81' lang='lat'>6,</span> <span class='ocrx_word' id='word_1_287' title='bbox 1955 761 1977 781; x_wconf 87' lang='lat' dir='ltr'>et</span> <span class='ocrx_word' id='word_1_288' title='bbox 1993 759 2015 780; x_wconf 93' lang='lat' dir='ltr'>in</span> 
     </span>
     <span class='ocr_line' id='line_1_36' title="bbox 1168 795 2015 823; baseline 0.004 -7"><span class='ocrx_word' id='word_1_289' title='bbox 1168 797 1266 823; x_wconf 83' lang='lat' dir='ltr'>utroque</span> <span class='ocrx_word' id='word_1_290' title='bbox 1291 795 1380 822; x_wconf 83' lang='lat' dir='ltr'>Scripto</span> <span class='ocrx_word' id='word_1_291' title='bbox 1406 795 1442 817; x_wconf 89' lang='lat' dir='ltr'>hic</span> <span class='ocrx_word' id='word_1_292' title='bbox 1460 801 1481 823; x_wconf 87' lang='lat' dir='ltr'>q.</span> <span class='ocrx_word' id='word_1_293' title='bbox 1501 795 1521 817; x_wconf 85' lang='lat' dir='ltr'>l.</span> <span class='ocrx_word' id='word_1_294' title='bbox 1540 807 1570 810; x_wconf 87' lang='lat'>—</span> <span class='ocrx_word' id='word_1_295' title='bbox 1586 795 1610 816; x_wconf 88' lang='lat' dir='ltr'><strong>B.</strong></span> <span class='ocrx_word' id='word_1_296' title='bbox 1628 795 1726 823; x_wconf 79' lang='lat' dir='ltr'>Albert.‚</span> <span class='ocrx_word' id='word_1_297' title='bbox 1745 796 1781 818; x_wconf 79' lang='lat' dir='ltr'>liic</span> <span class='ocrx_word' id='word_1_298' title='bbox 1798 802 1817 818; x_wconf 82' lang='lat' dir='ltr'>a.</span> <span class='ocrx_word' id='word_1_299' title='bbox 1837 797 1857 818; x_wconf 44' lang='lat'>2.</span> <span class='ocrx_word' id='word_1_300' title='bbox 1875 809 1906 813; x_wconf 86' lang='lat'>——</span> <span class='ocrx_word' id='word_1_301' title='bbox 1922 796 1980 819; x_wconf 85' lang='lat' dir='ltr'>Petr.</span> <span class='ocrx_word' id='word_1_302' title='bbox 2003 803 2015 819; x_wconf 90' lang='lat' dir='ltr'>a</span> 
     </span>
     <span class='ocr_line' id='line_1_37' title="bbox 1168 834 2016 864; baseline 0.004 -9"><span class='ocrx_word' id='word_1_303' title='bbox 1168 834 1232 862; x_wconf 77' lang='lat' dir='ltr'>Tar.‚</span> <span class='ocrx_word' id='word_1_304' title='bbox 1251 834 1287 855; x_wconf 87' lang='lat' dir='ltr'>hie</span> <span class='ocrx_word' id='word_1_305' title='bbox 1304 840 1325 862; x_wconf 88' lang='lat' dir='ltr'>q.</span> <span class='ocrx_word' id='word_1_306' title='bbox 1346 834 1365 856; x_wconf 77' lang='lat' dir='ltr'>l.</span> <span class='ocrx_word' id='word_1_307' title='bbox 1383 840 1403 856; x_wconf 91' lang='lat' dir='ltr'>a.</span> <span class='ocrx_word' id='word_1_308' title='bbox 1422 834 1442 855; x_wconf 80' lang='grc'>3.</span> <span class='ocrx_word' id='word_1_309' title='bbox 1461 846 1491 850; x_wconf 90' lang='lat'>——</span> <span class='ocrx_word' id='word_1_310' title='bbox 1508 834 1614 856; x_wconf 86' lang='lat' dir='ltr'>Richard.</span> <span class='ocrx_word' id='word_1_311' title='bbox 1640 841 1653 856; x_wconf 89' lang='lat' dir='ltr'>a</span> <span class='ocrx_word' id='word_1_312' title='bbox 1678 835 1749 862; x_wconf 72' lang='lat' dir='ltr'>Med,</span> <span class='ocrx_word' id='word_1_313' title='bbox 1776 836 1812 857; x_wconf 88' lang='lat' dir='ltr'>hic</span> <span class='ocrx_word' id='word_1_314' title='bbox 1829 841 1848 857; x_wconf 92' lang='lat' dir='ltr'>a.</span> <span class='ocrx_word' id='word_1_315' title='bbox 1871 836 1888 857; x_wconf 93' lang='grc'>1.</span> <span class='ocrx_word' id='word_1_316' title='bbox 1906 842 1928 864; x_wconf 87' lang='lat' dir='ltr'>q.</span> <span class='ocrx_word' id='word_1_317' title='bbox 1947 836 1968 858; x_wconf 81' lang='lat'><strong>2.</strong></span> <span class='ocrx_word' id='word_1_318' title='bbox 1985 848 2016 852; x_wconf 97' lang='lat'><strong>—</strong></span> 
     </span>
     <span class='ocr_line' id='line_1_38' title="bbox 1167 872 1904 902; baseline 0.003 -8"><span class='ocrx_word' id='word_1_319' title='bbox 1167 872 1241 901; x_wconf 83' lang='lat' dir='ltr'>AEgid.</span> <span class='ocrx_word' id='word_1_320' title='bbox 1260 873 1298 900; x_wconf 57' lang='lat' dir='ltr'>R„</span> <span class='ocrx_word' id='word_1_321' title='bbox 1317 873 1352 895; x_wconf 91' lang='lat' dir='ltr'>hic</span> <span class='ocrx_word' id='word_1_322' title='bbox 1370 880 1391 901; x_wconf 91' lang='lat' dir='ltr'>q.</span> <span class='ocrx_word' id='word_1_323' title='bbox 1414 873 1431 894; x_wconf 85' lang='lat' dir='ltr'>l.</span> <span class='ocrx_word' id='word_1_324' title='bbox 1449 879 1468 894; x_wconf 89' lang='lat' dir='ltr'>a.</span> <span class='ocrx_word' id='word_1_325' title='bbox 1487 873 1507 895; x_wconf 90' lang='lat'>3.</span> <span class='ocrx_word' id='word_1_326' title='bbox 1526 885 1556 888; x_wconf 80' lang='lat'>—</span> <span class='ocrx_word' id='word_1_327' title='bbox 1573 873 1665 901; x_wconf 81' lang='lat' dir='ltr'>Dionys.</span> <span class='ocrx_word' id='word_1_328' title='bbox 1684 873 1771 902; x_wconf 86' lang='lat' dir='ltr'>Carth.‚</span> <span class='ocrx_word' id='word_1_329' title='bbox 1790 874 1825 896; x_wconf 89' lang='lat' dir='ltr'>hic</span> <span class='ocrx_word' id='word_1_330' title='bbox 1842 881 1864 902; x_wconf 81' lang='lat' dir='ltr'>q.</span> <span class='ocrx_word' id='word_1_331' title='bbox 1883 874 1904 896; x_wconf 79' lang='lat'><strong>3.</strong></span> 
     </span>
    </p>

    <p class='ocr_par' dir='ltr' id='par_1_11' title="bbox 1167 911 2017 1215">
     <span class='ocr_line' id='line_1_39' title="bbox 1230 911 2015 942; baseline 0.004 -9"><span class='ocrx_word' id='word_1_332' title='bbox 1230 912 1261 933; x_wconf 87' lang='grc'><strong>111.</strong></span> <span class='ocrx_word' id='word_1_333' title='bbox 1279 912 1331 941; x_wconf 78' lang='lat' dir='ltr'>Seq.</span> <span class='ocrx_word' id='word_1_334' title='bbox 1351 911 1393 941; x_wconf 76' lang='lat'><strong>(5.)</strong></span> <span class='ocrx_word' id='word_1_335' title='bbox 1411 912 1514 940; x_wconf 77' lang='lat' dir='ltr'>quaestio</span> <span class='ocrx_word' id='word_1_336' title='bbox 1532 918 1543 933; x_wconf 91' lang='lat' dir='ltr'>a</span> <span class='ocrx_word' id='word_1_337' title='bbox 1562 912 1668 940; x_wconf 81' lang='lat' dir='ltr'>Magistro</span> <span class='ocrx_word' id='word_1_338' title='bbox 1681 912 1728 940; x_wconf 88' lang='lat' dir='ltr'>(hic</span> <span class='ocrx_word' id='word_1_339' title='bbox 1742 918 1761 935; x_wconf 90' lang='lat' dir='ltr'>c.</span> <span class='ocrx_word' id='word_1_340' title='bbox 1781 913 1811 941; x_wconf 71' lang='lat'><strong>2.)</strong></span> <span class='ocrx_word' id='word_1_341' title='bbox 1830 914 1902 940; x_wconf 84' lang='lat' dir='ltr'>posita</span> <span class='ocrx_word' id='word_1_342' title='bbox 1919 917 1968 942; x_wconf 87' lang='lat' dir='ltr'>est;</span> <span class='ocrx_word' id='word_1_343' title='bbox 1987 914 2015 936; x_wconf 85' lang='lat' dir='ltr'>ad</span> 
     </span>
     <span class='ocr_line' id='line_1_40' title="bbox 1167 950 2017 981; baseline 0.002 -9"><span class='ocrx_word' id='word_1_344' title='bbox 1167 956 1237 978; x_wconf 86' lang='lat' dir='ltr'>quam</span> <span class='ocrx_word' id='word_1_345' title='bbox 1255 950 1391 978; x_wconf 79' lang='lat' dir='ltr'>respondet,</span> <span class='ocrx_word' id='word_1_346' title='bbox 1409 951 1475 973; x_wconf 89' lang='lat' dir='ltr'>istam</span> <span class='ocrx_word' id='word_1_347' title='bbox 1493 950 1631 972; x_wconf 86' lang='lat' dir='ltr'>locutionem</span> <span class='ocrx_word' id='word_1_348' title='bbox 1650 951 1732 973; x_wconf 86' lang='lat' dir='ltr'>melius</span> <span class='ocrx_word' id='word_1_349' title='bbox 1744 951 1868 978; x_wconf 83' lang='lat' dir='ltr'>silendam,</span> <span class='ocrx_word' id='word_1_350' title='bbox 1882 952 1917 973; x_wconf 84' lang='lat' dir='ltr'>vel</span> <span class='ocrx_word' id='word_1_351' title='bbox 1931 958 2017 981; x_wconf 76' lang='lat' dir='ltr'>negan—</span> 
     </span>
     <span class='ocr_line' id='line_1_41' title="bbox 1167 990 2015 1017; baseline 0.001 -5"><span class='ocrx_word' id='word_1_352' title='bbox 1167 990 1221 1012; x_wconf 85' lang='lat' dir='ltr'>dam</span> <span class='ocrx_word' id='word_1_353' title='bbox 1246 996 1303 1012; x_wconf 78' lang='lat' dir='ltr'>esse.</span> <span class='ocrx_word' id='word_1_354' title='bbox 1331 990 1469 1012; x_wconf 79' lang='lat' dir='ltr'>Posteriores</span> <span class='ocrx_word' id='word_1_355' title='bbox 1486 990 1617 1011; x_wconf 84' lang='lat' dir='ltr'>Scholastici</span> <span class='ocrx_word' id='word_1_356' title='bbox 1635 990 1740 1017; x_wconf 81' lang='lat' dir='ltr'>explicite</span> <span class='ocrx_word' id='word_1_357' title='bbox 1758 990 1787 1012; x_wconf 85' lang='lat' dir='ltr'>de</span> <span class='ocrx_word' id='word_1_358' title='bbox 1804 990 1885 1012; x_wconf 79' lang='lat' dir='ltr'>eadem</span> <span class='ocrx_word' id='word_1_359' title='bbox 1904 996 1948 1012; x_wconf 90' lang='lat' dir='ltr'>non</span> <span class='ocrx_word' id='word_1_360' title='bbox 1971 993 2015 1013; x_wconf 80' lang='lat' dir='ltr'>tra-</span> 
     </span>
     <span class='ocr_line' id='line_1_42' title="bbox 1167 1029 2014 1058; baseline 0.002 -7"><span class='ocrx_word' id='word_1_361' title='bbox 1167 1031 1237 1057; x_wconf 83' lang='lat' dir='ltr'>ctant,</span> <span class='ocrx_word' id='word_1_362' title='bbox 1263 1032 1358 1057; x_wconf 83' lang='lat' dir='ltr'>excepto</span> <span class='ocrx_word' id='word_1_363' title='bbox 1383 1029 1407 1051; x_wconf 88' lang='lat' dir='ltr'><strong>B.</strong></span> <span class='ocrx_word' id='word_1_364' title='bbox 1426 1029 1530 1057; x_wconf 83' lang='lat' dir='ltr'>Alberto‚</span> <span class='ocrx_word' id='word_1_365' title='bbox 1549 1030 1585 1052; x_wconf 88' lang='lat' dir='ltr'>hic</span> <span class='ocrx_word' id='word_1_366' title='bbox 1602 1036 1622 1051; x_wconf 90' lang='lat' dir='ltr'>a.</span> <span class='ocrx_word' id='word_1_367' title='bbox 1644 1030 1677 1051; x_wconf 87' lang='grc'>13.</span> <span class='ocrx_word' id='word_1_368' title='bbox 1696 1030 1717 1051; x_wconf 83' lang='lat' dir='ltr'><strong>S.</strong></span> <span class='ocrx_word' id='word_1_369' title='bbox 1737 1029 1819 1052; x_wconf 88' lang='lat' dir='ltr'>Thom.</span> <span class='ocrx_word' id='word_1_370' title='bbox 1838 1036 1887 1052; x_wconf 84' lang='lat' dir='ltr'>rem</span> <span class='ocrx_word' id='word_1_371' title='bbox 1905 1031 1976 1058; x_wconf 77' lang='lat' dir='ltr'>tangit</span> <span class='ocrx_word' id='word_1_372' title='bbox 1993 1030 2014 1052; x_wconf 88' lang='lat' dir='ltr'>S.</span> 
     </span>
     <span class='ocr_line' id='line_1_43' title="bbox 1169 1068 2016 1097; baseline 0.001 -7"><span class='ocrx_word' id='word_1_373' title='bbox 1169 1069 1200 1090; x_wconf 92' lang='grc'><strong>111.</strong></span> <span class='ocrx_word' id='word_1_374' title='bbox 1218 1075 1240 1097; x_wconf 87' lang='lat' dir='ltr'>q.</span> <span class='ocrx_word' id='word_1_375' title='bbox 1259 1069 1280 1090; x_wconf 88' lang='lat'>3.</span> <span class='ocrx_word' id='word_1_376' title='bbox 1298 1075 1318 1090; x_wconf 86' lang='lat' dir='ltr'>a.</span> <span class='ocrx_word' id='word_1_377' title='bbox 1337 1069 1362 1097; x_wconf 65' lang='lat'>⁶2,</span> <span class='ocrx_word' id='word_1_378' title='bbox 1386 1068 1425 1091; x_wconf 90' lang='lat' dir='ltr'>ubi</span> <span class='ocrx_word' id='word_1_379' title='bbox 1450 1074 1504 1091; x_wconf 88' lang='lat' dir='ltr'>cum</span> <span class='ocrx_word' id='word_1_380' title='bbox 1525 1069 1547 1090; x_wconf 87' lang='lat' dir='ltr'><strong>S.</strong></span> <span class='ocrx_word' id='word_1_381' title='bbox 1568 1069 1653 1091; x_wconf 75' lang='lat' dir='ltr'>Bonav.</span> <span class='ocrx_word' id='word_1_382' title='bbox 1679 1068 1777 1091; x_wconf 88' lang='lat' dir='ltr'>admittit</span> <span class='ocrx_word' id='word_1_383' title='bbox 1796 1069 1890 1091; x_wconf 81' lang='lat' dir='ltr'>alteram</span> <span class='ocrx_word' id='word_1_384' title='bbox 1911 1070 2016 1097; x_wconf 86' lang='lat' dir='ltr'>proposi-</span> 
     </span>
     <span class='ocr_line' id='line_1_44' title="bbox 1167 1108 2015 1136; baseline 0.001 -6"><span class='ocrx_word' id='word_1_385' title='bbox 1167 1109 1252 1131; x_wconf 87' lang='lat' dir='ltr'>tionem</span> <span class='ocrx_word' id='word_1_386' title='bbox 1274 1109 1296 1130; x_wconf 92' lang='lat' dir='ltr'>in</span> <span class='ocrx_word' id='word_1_387' title='bbox 1320 1114 1382 1136; x_wconf 88' lang='lat' dir='ltr'>corp.</span> <span class='ocrx_word' id='word_1_388' title='bbox 1409 1108 1512 1130; x_wconf 84' lang='lat' dir='ltr'>relatam.</span> <span class='ocrx_word' id='word_1_389' title='bbox 1537 1108 1658 1136; x_wconf 77' lang='lat' dir='ltr'>Approbet</span> <span class='ocrx_word' id='word_1_390' title='bbox 1682 1109 1743 1130; x_wconf 87' lang='lat' dir='ltr'>enim</span> <span class='ocrx_word' id='word_1_391' title='bbox 1770 1109 1855 1131; x_wconf 89' lang='lat' dir='ltr'>dictum</span> <span class='ocrx_word' id='word_1_392' title='bbox 1882 1108 2015 1131; x_wconf 81' lang='lat' dir='ltr'>Damasceni</span> 
     </span>
     <span class='ocr_line' id='line_1_45' title="bbox 1167 1147 2014 1176; baseline 0.001 -7"><span class='ocrx_word' id='word_1_393' title='bbox 1167 1147 1208 1176; x_wconf 93' lang='grc'><strong>(111.</strong></span> <span class='ocrx_word' id='word_1_394' title='bbox 1227 1147 1256 1169; x_wconf 88' lang='grc' dir='ltr'>(1θ</span> <span class='ocrx_word' id='word_1_395' title='bbox 1268 1147 1321 1169; x_wconf 82' lang='lat' dir='ltr'>Fide</span> <span class='ocrx_word' id='word_1_396' title='bbox 1333 1147 1423 1170; x_wconf 88' lang='lat' dir='ltr'>orthod.</span> <span class='ocrx_word' id='word_1_397' title='bbox 1441 1153 1460 1169; x_wconf 81' lang='lat' dir='ltr'>r.</span> <span class='ocrx_word' id='word_1_398' title='bbox 1479 1148 1525 1175; x_wconf 83' lang='lat'><strong>6.):</strong></span> <span class='ocrx_word' id='word_1_399' title='bbox 1542 1155 1551 1167; x_wconf 59' lang='grc' dir='ltr'>(ι</span> <span class='ocrx_word' id='word_1_400' title='bbox 1565 1147 1677 1175; x_wconf 78' lang='lat' dir='ltr'>Dicimus,</span> <span class='ocrx_word' id='word_1_401' title='bbox 1697 1150 1801 1169; x_wconf 82' lang='lat' dir='ltr'>naturam</span> <span class='ocrx_word' id='word_1_402' title='bbox 1819 1148 1859 1170; x_wconf 82' lang='lat' dir='ltr'>Dei</span> <span class='ocrx_word' id='word_1_403' title='bbox 1875 1149 2014 1170; x_wconf 80' lang='lat' dir='ltr'>incarnatam</span> 
     </span>
     <span class='ocr_line' id='line_1_46' title="bbox 1167 1186 1841 1215; baseline 0.001 -7"><span class='ocrx_word' id='word_1_404' title='bbox 1167 1193 1229 1215; x_wconf 79' lang='lat' dir='ltr'>esse,</span> <span class='ocrx_word' id='word_1_405' title='bbox 1248 1186 1377 1209; x_wconf 86' lang='lat' dir='ltr'>secundum</span> <span class='ocrx_word' id='word_1_406' title='bbox 1396 1186 1474 1209; x_wconf 86' lang='lat' dir='ltr'>beatos</span> <span class='ocrx_word' id='word_1_407' title='bbox 1492 1187 1643 1209; x_wconf 70' lang='lat' dir='ltr'>Athanasium</span> <span class='ocrx_word' id='word_1_408' title='bbox 1659 1189 1680 1209; x_wconf 83' lang='lat' dir='ltr'>et</span> <span class='ocrx_word' id='word_1_409' title='bbox 1698 1186 1807 1214; x_wconf 88' lang='lat' dir='ltr'>Cyrillum</span> <span class='ocrx_word' id='word_1_410' title='bbox 1821 1196 1841 1209; x_wconf 72' lang='lat' dir='ltr'><strong>n.</strong></span> 
     </span>
    </p>
   </div>
   <div class='ocr_carea' id='block_1_10' title="bbox 1028 1277 1245 1314">
    <p class='ocr_par' dir='ltr' id='par_1_12' title="bbox 1028 1277 1245 1314">
     <span class='ocr_line' id='line_1_47' title="bbox 1028 1277 1245 1314; baseline -0.005 -8"><span class='ocrx_word' id='word_1_411' title='bbox 1028 1277 1192 1314; x_wconf 52' lang='lat' dir='ltr'>Quaestio</span> <span class='ocrx_word' id='word_1_412' title='bbox 1215 1278 1245 1306; x_wconf 85' lang='lat' dir='ltr'>v.</span> 
     </span>
    </p>
   </div>
   <div class='ocr_carea' id='block_1_11' title="bbox 631 1364 1638 1402">
    <p class='ocr_par' dir='ltr' id='par_1_13' title="bbox 631 1364 1638 1402">
     <span class='ocr_line' id='line_1_48' title="bbox 631 1364 1638 1402; baseline 0 -9"><span class='ocrx_word' id='word_1_413' title='bbox 631 1365 736 1393; x_wconf 75' lang='lat' dir='ltr'>Utrum</span> <span class='ocrx_word' id='word_1_414' title='bbox 758 1364 827 1393; x_wconf 69' lang='lat' dir='ltr'>llaec</span> <span class='ocrx_word' id='word_1_415' title='bbox 848 1365 886 1393; x_wconf 77' lang='lat' dir='ltr'>stt</span> <span class='ocrx_word' id='word_1_416' title='bbox 908 1365 1110 1393; x_wconf 73' lang='lat' dir='ltr'>concedenda:</span> <span class='ocrx_word' id='word_1_417' title='bbox 1132 1364 1235 1393; x_wconf 76' lang='lat' dir='ltr'>tltotnct</span> <span class='ocrx_word' id='word_1_418' title='bbox 1256 1368 1369 1393; x_wconf 72' lang='lat' dir='ltr'>natura</span> <span class='ocrx_word' id='word_1_419' title='bbox 1391 1368 1431 1392; x_wconf 74' lang='lat' dir='ltr'>est</span> <span class='ocrx_word' id='word_1_420' title='bbox 1452 1373 1524 1393; x_wconf 78' lang='lat' dir='ltr'>caro</span> <span class='ocrx_word' id='word_1_421' title='bbox 1545 1364 1638 1402; x_wconf 70' lang='lat' dir='ltr'>facta.</span> 
     </span>
    </p>
   </div>
   <div class='ocr_carea' id='block_1_12' title="bbox 256 1463 1109 1924">
    <p class='ocr_par' dir='ltr' id='par_1_14' title="bbox 256 1463 1105 1589">
     <span class='ocr_line' id='line_1_49' title="bbox 335 1463 1105 1501; baseline -0.004 -7"><span class='ocrx_word' id='word_1_422' title='bbox 335 1466 436 1501; x_wconf 84' lang='lat' dir='ltr'>Quinto</span> <span class='ocrx_word' id='word_1_423' title='bbox 458 1468 485 1493; x_wconf 90' lang='lat' dir='ltr'>et</span> <span class='ocrx_word' id='word_1_424' title='bbox 506 1464 604 1493; x_wconf 91' lang='lat' dir='ltr'>ultimo</span> <span class='ocrx_word' id='word_1_425' title='bbox 620 1464 782 1501; x_wconf 79' lang='lat' dir='ltr'>quaeritur,</span> <span class='ocrx_word' id='word_1_426' title='bbox 797 1467 894 1492; x_wconf 87' lang='lat' dir='ltr'>utrum</span> <span class='ocrx_word' id='word_1_427' title='bbox 911 1464 978 1492; x_wconf 83' lang='lat' dir='ltr'>haec</span> <span class='ocrx_word' id='word_1_428' title='bbox 995 1463 1029 1492; x_wconf 89' lang='lat' dir='ltr'>sit</span> <span class='ocrx_word' id='word_1_429' title='bbox 1044 1472 1105 1492; x_wconf 86' lang='lat' dir='ltr'>con-</span> 
     </span>
     <span class='ocr_line' id='line_1_50' title="bbox 256 1510 1105 1548; baseline -0.002 -7"><span class='ocrx_word' id='word_1_430' title='bbox 256 1513 394 1542; x_wconf 85' lang='lat' dir='ltr'>cedenda:</span> <span class='ocrx_word' id='word_1_431' title='bbox 418 1512 512 1540; x_wconf 84' lang='lat' dir='ltr'>divina</span> <span class='ocrx_word' id='word_1_432' title='bbox 533 1515 634 1540; x_wconf 79' lang='lat' dir='ltr'>natura</span> <span class='ocrx_word' id='word_1_433' title='bbox 656 1514 697 1540; x_wconf 83' lang='lat' dir='ltr'>est</span> <span class='ocrx_word' id='word_1_434' title='bbox 719 1519 784 1540; x_wconf 82' lang='lat' dir='ltr'>caro</span> <span class='ocrx_word' id='word_1_435' title='bbox 806 1511 884 1540; x_wconf 74' lang='lat' dir='ltr'>facta.</span> <span class='ocrx_word' id='word_1_436' title='bbox 909 1511 938 1539; x_wconf 84' lang='lat' dir='ltr'>Et</span> <span class='ocrx_word' id='word_1_437' title='bbox 960 1511 1034 1548; x_wconf 88' lang='lat' dir='ltr'>quod</span> <span class='ocrx_word' id='word_1_438' title='bbox 1050 1510 1105 1545; x_wconf 80' lang='lat' dir='ltr'>sic,</span> 
     </span>
     <span class='ocr_line' id='line_1_51' title="bbox 257 1559 378 1589; baseline -0.008 -1"><span class='ocrx_word' id='word_1_439' title='bbox 257 1559 378 1589; x_wconf 75' lang='lat' dir='ltr'>videtur.</span> 
     </span>
    </p>

    <p class='ocr_par' dir='ltr' id='par_1_15' title="bbox 258 1604 1108 1872">
     <span class='ocr_line' id='line_1_52' title="bbox 342 1604 1105 1640; baseline -0.003 -6"><span class='ocrx_word' id='word_1_440' title='bbox 342 1608 362 1634; x_wconf 96' lang='grc'>1.</span> <span class='ocrx_word' id='word_1_441' title='bbox 385 1606 498 1634; x_wconf 84' lang='lat' dir='ltr'>loannes</span> <span class='ocrx_word' id='word_1_442' title='bbox 520 1606 725 1640; x_wconf 77' lang='lat' dir='ltr'>Damascenas,</span> <span class='ocrx_word' id='word_1_443' title='bbox 740 1608 767 1634; x_wconf 91' lang='lat' dir='ltr'>et</span> <span class='ocrx_word' id='word_1_444' title='bbox 782 1605 902 1633; x_wconf 83' lang='lat' dir='ltr'>habetur</span> <span class='ocrx_word' id='word_1_445' title='bbox 925 1605 952 1633; x_wconf 91' lang='lat' dir='ltr'>in</span> <span class='ocrx_word' id='word_1_446' title='bbox 976 1604 1105 1633; x_wconf 77' lang='lat' dir='ltr'>littera²z</span> 
     </span>
     <span class='ocr_line' id='line_1_53' title="bbox 263 1652 1107 1690; baseline 0 -10"><span class='ocrx_word' id='word_1_447' title='bbox 263 1665 276 1680; x_wconf 88' lang='lat'>«</span> <span class='ocrx_word' id='word_1_448' title='bbox 291 1654 401 1688; x_wconf 72' lang='lat' dir='ltr'>Aimus,</span> <span class='ocrx_word' id='word_1_449' title='bbox 433 1661 544 1682; x_wconf 87' lang='lat' dir='ltr'>omnem</span> <span class='ocrx_word' id='word_1_450' title='bbox 567 1656 593 1681; x_wconf 90' lang='lat' dir='ltr'>et</span> <span class='ocrx_word' id='word_1_451' title='bbox 615 1653 766 1690; x_wconf 84' lang='lat' dir='ltr'>perfectam</span> <span class='ocrx_word' id='word_1_452' title='bbox 795 1655 925 1681; x_wconf 80' lang='lat' dir='ltr'>naturam</span> <span class='ocrx_word' id='word_1_453' title='bbox 948 1652 1058 1681; x_wconf 80' lang='lat' dir='ltr'>deitatis</span> <span class='ocrx_word' id='word_1_454' title='bbox 1080 1652 1107 1680; x_wconf 91' lang='lat' dir='ltr'>in</span> 
     </span>
     <span class='ocr_line' id='line_1_54' title="bbox 258 1699 1107 1738; baseline -0.004 -8"><span class='ocrx_word' id='word_1_455' title='bbox 258 1710 342 1731; x_wconf 88' lang='lat' dir='ltr'>unam</span> <span class='ocrx_word' id='word_1_456' title='bbox 365 1700 537 1738; x_wconf 81' lang='lat' dir='ltr'>hypostasim</span> <span class='ocrx_word' id='word_1_457' title='bbox 559 1700 730 1729; x_wconf 81' lang='lat' dir='ltr'>incarnatam</span> <span class='ocrx_word' id='word_1_458' title='bbox 753 1707 814 1728; x_wconf 87' lang='lat' dir='ltr'>esse</span> <span class='ocrx_word' id='word_1_459' title='bbox 829 1711 860 1734; x_wconf 76' lang='lat'>»3</span> <span class='ocrx_word' id='word_1_460' title='bbox 889 1699 938 1728; x_wconf 87' lang='lat' dir='ltr'>sed</span> <span class='ocrx_word' id='word_1_461' title='bbox 968 1699 1107 1728; x_wconf 81' lang='lat' dir='ltr'>incarnari</span> 
     </span>
     <span class='ocr_line' id='line_1_55' title="bbox 258 1746 1108 1784; baseline -0.004 -7"><span class='ocrx_word' id='word_1_462' title='bbox 258 1757 312 1778; x_wconf 87' lang='lat' dir='ltr'>nou</span> <span class='ocrx_word' id='word_1_463' title='bbox 334 1752 375 1777; x_wconf 85' lang='lat' dir='ltr'>est</span> <span class='ocrx_word' id='word_1_464' title='bbox 396 1748 473 1776; x_wconf 89' lang='lat' dir='ltr'>aliud</span> <span class='ocrx_word' id='word_1_465' title='bbox 495 1756 580 1784; x_wconf 87' lang='lat' dir='ltr'>quam</span> <span class='ocrx_word' id='word_1_466' title='bbox 602 1755 715 1776; x_wconf 84' lang='lat' dir='ltr'>carnem</span> <span class='ocrx_word' id='word_1_467' title='bbox 737 1746 816 1775; x_wconf 79' lang='lat' dir='ltr'>ficri:</span> <span class='ocrx_word' id='word_1_468' title='bbox 843 1755 909 1783; x_wconf 79' lang='lat' dir='ltr'>ergo</span> <span class='ocrx_word' id='word_1_469' title='bbox 931 1746 953 1775; x_wconf 87' lang='lat' dir='ltr'>si</span> <span class='ocrx_word' id='word_1_470' title='bbox 976 1746 1044 1774; x_wconf 80' lang='lat' dir='ltr'>haec</span> <span class='ocrx_word' id='word_1_471' title='bbox 1066 1749 1108 1774; x_wconf 85' lang='lat' dir='ltr'>est</span> 
     </span>
     <span class='ocr_line' id='line_1_56' title="bbox 258 1793 1106 1828; baseline -0.005 -3"><span class='ocrx_word' id='word_1_472' title='bbox 258 1804 342 1825; x_wconf 83' lang='lat' dir='ltr'>vera:</span> <span class='ocrx_word' id='word_1_473' title='bbox 366 1795 460 1824; x_wconf 83' lang='lat' dir='ltr'>divina</span> <span class='ocrx_word' id='word_1_474' title='bbox 481 1797 582 1823; x_wconf 82' lang='lat' dir='ltr'>natura</span> <span class='ocrx_word' id='word_1_475' title='bbox 597 1797 638 1823; x_wconf 82' lang='lat' dir='ltr'>est</span> <span class='ocrx_word' id='word_1_476' title='bbox 653 1794 812 1828; x_wconf 76' lang='lat' dir='ltr'>incarnata,</span> <span class='ocrx_word' id='word_1_477' title='bbox 834 1797 861 1822; x_wconf 89' lang='lat' dir='ltr'>et</span> <span class='ocrx_word' id='word_1_478' title='bbox 882 1794 966 1828; x_wconf 75' lang='lat' dir='ltr'>haec,</span> <span class='ocrx_word' id='word_1_479' title='bbox 988 1793 1106 1828; x_wconf 78' lang='lat' dir='ltr'>scilicet,</span> 
     </span>
     <span class='ocr_line' id='line_1_57' title="bbox 258 1841 725 1872; baseline -0.006 0"><span class='ocrx_word' id='word_1_480' title='bbox 258 1843 353 1872; x_wconf 80' lang='lat' dir='ltr'>divina</span> <span class='ocrx_word' id='word_1_481' title='bbox 374 1846 474 1871; x_wconf 79' lang='lat' dir='ltr'>natura</span> <span class='ocrx_word' id='word_1_482' title='bbox 496 1845 538 1870; x_wconf 83' lang='lat' dir='ltr'>est</span> <span class='ocrx_word' id='word_1_483' title='bbox 559 1850 624 1870; x_wconf 85' lang='lat' dir='ltr'>caro</span> <span class='ocrx_word' id='word_1_484' title='bbox 646 1841 725 1870; x_wconf 77' lang='lat' dir='ltr'>facta.</span> 
     </span>
    </p>

    <p class='ocr_par' dir='ltr' id='par_1_16' title="bbox 338 1887 1109 1924">
     <span class='ocr_line' id='line_1_58' title="bbox 338 1887 1109 1924; baseline -0.004 -6"><span class='ocrx_word' id='word_1_485' title='bbox 338 1891 363 1918; x_wconf 64' lang='grc' dir='ltr'>Ξ).</span> <span class='ocrx_word' id='word_1_486' title='bbox 387 1890 469 1924; x_wconf 74' lang='lat' dir='ltr'>item,</span> <span class='ocrx_word' id='word_1_487' title='bbox 502 1888 571 1917; x_wconf 88' lang='lat' dir='ltr'>nihil</span> <span class='ocrx_word' id='word_1_488' title='bbox 603 1888 679 1916; x_wconf 88' lang='lat' dir='ltr'>aliud</span> <span class='ocrx_word' id='word_1_489' title='bbox 711 1891 753 1916; x_wconf 86' lang='lat' dir='ltr'>est</span> <span class='ocrx_word' id='word_1_490' title='bbox 775 1887 885 1916; x_wconf 86' lang='lat' dir='ltr'>dicere:</span> <span class='ocrx_word' id='word_1_491' title='bbox 914 1887 1037 1915; x_wconf 71' lang='lat' dir='ltr'>Verbum</span> <span class='ocrx_word' id='word_1_492' title='bbox 1067 1890 1109 1915; x_wconf 77' lang='lat' dir='ltr'>est</span> 
     </span>
    </p>
   </div>
   <div class='ocr_carea' id='block_1_13' title="bbox 249 1935 1108 1974">
    <p class='ocr_par' dir='ltr' id='par_1_17' title="bbox 249 1935 1108 1974">
     <span class='ocr_line' id='line_1_59' title="bbox 249 1935 1108 1974; baseline -0.003 -9"><span class='ocrx_word' id='word_1_493' title='bbox 249 1946 329 1965; x_wconf 39' lang='lat' dir='ltr'>“estro</span> <span class='ocrx_word' id='word_1_494' title='bbox 350 1935 485 1974; x_wconf 67' lang='lat' dir='ltr'>factum,</span> <span class='ocrx_word' id='word_1_495' title='bbox 507 1944 591 1972; x_wconf 84' lang='lat' dir='ltr'>quam</span> <span class='ocrx_word' id='word_1_496' title='bbox 615 1936 738 1963; x_wconf 83' lang='lat' dir='ltr'>humana</span> <span class='ocrx_word' id='word_1_497' title='bbox 760 1938 861 1963; x_wconf 82' lang='lat' dir='ltr'>natura</span> <span class='ocrx_word' id='word_1_498' title='bbox 882 1938 923 1963; x_wconf 87' lang='lat' dir='ltr'>est</span> <span class='ocrx_word' id='word_1_499' title='bbox 945 1938 1067 1963; x_wconf 80' lang='lat' dir='ltr'>assumta</span> <span class='ocrx_word' id='word_1_500' title='bbox 1092 1942 1108 1962; x_wconf 80' lang='lat' dir='ltr'>a</span> 
     </span>
    </p>
   </div>
   <div class='ocr_carea' id='block_1_14' title="bbox 110 2508 247 2528">
    <p class='ocr_par' dir='ltr' id='par_1_18' title="bbox 110 2508 247 2528">
     <span class='ocr_line' id='line_1_60' title="bbox 110 2508 247 2528; baseline -0.007 -1"><span class='ocrx_word' id='word_1_501' title='bbox 110 2508 247 2528; x_wconf 73' lang='lat' dir='ltr'>Fundamenta.</span> 
     </span>
    </p>
   </div>
   <div class='ocr_carea' id='block_1_15' title="bbox 254 1981 1107 2633">
    <p class='ocr_par' dir='ltr' id='par_1_19' title="bbox 256 1981 1107 2153">
     <span class='ocr_line' id='line_1_61' title="bbox 256 1981 1107 2018; baseline -0.005 -5"><span class='ocrx_word' id='word_1_502' title='bbox 256 1985 367 2018; x_wconf 74' lang='lat' dir='ltr'>Verb03</span> <span class='ocrx_word' id='word_1_503' title='bbox 389 1984 438 2012; x_wconf 86' lang='lat' dir='ltr'>sed</span> <span class='ocrx_word' id='word_1_504' title='bbox 460 1984 584 2011; x_wconf 84' lang='lat' dir='ltr'>humana</span> <span class='ocrx_word' id='word_1_505' title='bbox 606 1986 707 2011; x_wconf 83' lang='lat' dir='ltr'>natura</span> <span class='ocrx_word' id='word_1_506' title='bbox 728 1985 770 2011; x_wconf 83' lang='lat' dir='ltr'>est</span> <span class='ocrx_word' id='word_1_507' title='bbox 791 1985 916 2010; x_wconf 84' lang='lat' dir='ltr'>assumta</span> <span class='ocrx_word' id='word_1_508' title='bbox 938 1990 991 2009; x_wconf 84' lang='lat' dir='ltr'>non</span> <span class='ocrx_word' id='word_1_509' title='bbox 1015 1981 1107 2010; x_wconf 87' lang='lat' dir='ltr'>solum</span> 
     </span>
     <span class='ocr_line' id='line_1_62' title="bbox 257 2029 1106 2065; baseline -0.005 -5"><span class='ocrx_word' id='word_1_510' title='bbox 257 2040 273 2060; x_wconf 89' lang='lat' dir='ltr'>a</span> <span class='ocrx_word' id='word_1_511' title='bbox 294 2030 401 2065; x_wconf 76' lang='lat' dir='ltr'>Verbo,</span> <span class='ocrx_word' id='word_1_512' title='bbox 423 2030 472 2059; x_wconf 85' lang='lat' dir='ltr'>sed</span> <span class='ocrx_word' id='word_1_513' title='bbox 494 2030 576 2058; x_wconf 83' lang='lat' dir='ltr'>etiam</span> <span class='ocrx_word' id='word_1_514' title='bbox 592 2037 608 2057; x_wconf 91' lang='lat' dir='ltr'>a</span> <span class='ocrx_word' id='word_1_515' title='bbox 623 2029 717 2058; x_wconf 86' lang='lat' dir='ltr'>divina</span> <span class='ocrx_word' id='word_1_516' title='bbox 739 2032 855 2063; x_wconf 77' lang='lat' dir='ltr'>natura,</span> <span class='ocrx_word' id='word_1_517' title='bbox 877 2029 949 2057; x_wconf 80' lang='lat' dir='ltr'>sicut</span> <span class='ocrx_word' id='word_1_518' title='bbox 963 2031 1106 2057; x_wconf 82' lang='lat' dir='ltr'>ostensum</span> 
     </span>
     <span class='ocr_line' id='line_1_63' title="bbox 257 2074 1106 2113; baseline -0.005 -7"><span class='ocrx_word' id='word_1_519' title='bbox 257 2077 308 2106; x_wconf 82' lang='lat' dir='ltr'>fuit</span> <span class='ocrx_word' id='word_1_520' title='bbox 330 2076 456 2113; x_wconf 76' lang='lat' dir='ltr'>supra³z</span> <span class='ocrx_word' id='word_1_521' title='bbox 479 2084 545 2112; x_wconf 76' lang='lat' dir='ltr'>ergo</span> <span class='ocrx_word' id='word_1_522' title='bbox 568 2076 696 2110; x_wconf 79' lang='lat' dir='ltr'>videtur,</span> <span class='ocrx_word' id='word_1_523' title='bbox 726 2075 801 2112; x_wconf 89' lang='lat' dir='ltr'>quod</span> <span class='ocrx_word' id='word_1_524' title='bbox 824 2075 919 2103; x_wconf 82' lang='lat' dir='ltr'>divina</span> <span class='ocrx_word' id='word_1_525' title='bbox 940 2077 1042 2102; x_wconf 84' lang='lat' dir='ltr'>natura</span> <span class='ocrx_word' id='word_1_526' title='bbox 1071 2074 1106 2102; x_wconf 87' lang='lat' dir='ltr'>sit</span> 
     </span>
     <span class='ocr_line' id='line_1_64' title="bbox 257 2124 423 2153; baseline -0.012 0"><span class='ocrx_word' id='word_1_527' title='bbox 257 2132 322 2153; x_wconf 83' lang='lat' dir='ltr'>caro</span> <span class='ocrx_word' id='word_1_528' title='bbox 345 2124 423 2152; x_wconf 83' lang='lat' dir='ltr'>tacta.</span> 
     </span>
    </p>

    <p class='ocr_par' dir='ltr' id='par_1_20' title="bbox 254 2169 1106 2436">
     <span class='ocr_line' id='line_1_65' title="bbox 337 2169 1105 2206; baseline -0.004 -6"><span class='ocrx_word' id='word_1_529' title='bbox 337 2171 362 2200; x_wconf 95' lang='grc'>3.</span> <span class='ocrx_word' id='word_1_530' title='bbox 384 2171 468 2205; x_wconf 77' lang='lat' dir='ltr'>item,</span> <span class='ocrx_word' id='word_1_531' title='bbox 490 2171 559 2199; x_wconf 91' lang='grc'><strong>1111111</strong></span> <span class='ocrx_word' id='word_1_532' title='bbox 580 2170 657 2199; x_wconf 85' lang='lat' dir='ltr'>aliud</span> <span class='ocrx_word' id='word_1_533' title='bbox 680 2173 721 2199; x_wconf 80' lang='lat' dir='ltr'>est</span> <span class='ocrx_word' id='word_1_534' title='bbox 749 2169 872 2198; x_wconf 80' lang='lat' dir='ltr'>Verbum</span> <span class='ocrx_word' id='word_1_535' title='bbox 887 2178 1007 2198; x_wconf 71' lang='lat' dir='ltr'>carnem</span> <span class='ocrx_word' id='word_1_536' title='bbox 1022 2169 1105 2206; x_wconf 75' lang='lat' dir='ltr'>fieri,</span> 
     </span>
     <span class='ocr_line' id='line_1_66' title="bbox 256 2217 1104 2256; baseline -0.004 -9"><span class='ocrx_word' id='word_1_537' title='bbox 256 2227 340 2256; x_wconf 84' lang='lat' dir='ltr'>quam</span> <span class='ocrx_word' id='word_1_538' title='bbox 372 2218 420 2247; x_wconf 92' lang='lat' dir='ltr'>Dei</span> <span class='ocrx_word' id='word_1_539' title='bbox 452 2218 551 2246; x_wconf 88' lang='lat' dir='ltr'>Filium</span> <span class='ocrx_word' id='word_1_540' title='bbox 584 2225 644 2246; x_wconf 81' lang='lat' dir='ltr'>esse</span> <span class='ocrx_word' id='word_1_541' title='bbox 670 2217 773 2246; x_wconf 83' lang='lat' dir='ltr'>factum</span> <span class='ocrx_word' id='word_1_542' title='bbox 797 2217 957 2250; x_wconf 73' lang='lat' dir='ltr'>hominem3</span> <span class='ocrx_word' id='word_1_543' title='bbox 979 2217 1027 2245; x_wconf 86' lang='lat' dir='ltr'>sed</span> <span class='ocrx_word' id='word_1_544' title='bbox 1058 2217 1104 2245; x_wconf 89' lang='lat' dir='ltr'>Dei</span> 
     </span>
     <span class='ocr_line' id='line_1_67' title="bbox 256 2263 1106 2300; baseline -0.005 -6"><span class='ocrx_word' id='word_1_545' title='bbox 256 2266 340 2294; x_wconf 90' lang='lat' dir='ltr'>Filius</span> <span class='ocrx_word' id='word_1_546' title='bbox 361 2268 402 2294; x_wconf 86' lang='lat' dir='ltr'>est</span> <span class='ocrx_word' id='word_1_547' title='bbox 424 2265 518 2294; x_wconf 86' lang='lat' dir='ltr'>divina</span> <span class='ocrx_word' id='word_1_548' title='bbox 534 2268 634 2293; x_wconf 81' lang='lat' dir='ltr'>natura</span> <span class='ocrx_word' id='word_1_549' title='bbox 649 2264 693 2293; x_wconf 85' lang='lat' dir='ltr'>vel</span> <span class='ocrx_word' id='word_1_550' title='bbox 709 2263 843 2298; x_wconf 81' lang='lat' dir='ltr'>essentia,</span> <span class='ocrx_word' id='word_1_551' title='bbox 859 2267 885 2292; x_wconf 85' lang='lat' dir='ltr'>et</span> <span class='ocrx_word' id='word_1_552' title='bbox 901 2266 1015 2300; x_wconf 86' lang='lat' dir='ltr'>propter</span> <span class='ocrx_word' id='word_1_553' title='bbox 1030 2263 1106 2291; x_wconf 88' lang='lat' dir='ltr'>unio-</span> 
     </span>
     <span class='ocr_line' id='line_1_68' title="bbox 256 2310 1104 2347; baseline -0.005 -6"><span class='ocrx_word' id='word_1_554' title='bbox 256 2320 319 2342; x_wconf 88' lang='lat' dir='ltr'>nem</span> <span class='ocrx_word' id='word_1_555' title='bbox 340 2315 382 2341; x_wconf 89' lang='lat' dir='ltr'>est</span> <span class='ocrx_word' id='word_1_556' title='bbox 403 2311 618 2341; x_wconf 79' lang='lat' dir='ltr'>communicatio</span> <span class='ocrx_word' id='word_1_557' title='bbox 647 2311 811 2340; x_wconf 83' lang='lat' dir='ltr'>idiomatum</span> <span class='ocrx_word' id='word_1_558' title='bbox 825 2310 853 2338; x_wconf 60' lang='grc'>4;</span> <span class='ocrx_word' id='word_1_559' title='bbox 883 2318 949 2347; x_wconf 80' lang='lat' dir='ltr'>ergo</span> <span class='ocrx_word' id='word_1_560' title='bbox 971 2310 1104 2344; x_wconf 82' lang='lat' dir='ltr'>videtur,</span> 
     </span>
     <span class='ocr_line' id='line_1_69' title="bbox 254 2356 1105 2398; baseline -0.005 -9"><span class='ocrx_word' id='word_1_561' title='bbox 254 2361 330 2398; x_wconf 89' lang='lat' dir='ltr'>quod</span> <span class='ocrx_word' id='word_1_562' title='bbox 346 2360 418 2389; x_wconf 85' lang='lat' dir='ltr'>sicut</span> <span class='ocrx_word' id='word_1_563' title='bbox 433 2360 485 2389; x_wconf 82' lang='lat' dir='ltr'>ista</span> <span class='ocrx_word' id='word_1_564' title='bbox 500 2359 674 2388; x_wconf 89' lang='lat' dir='ltr'>conceditur:</span> <span class='ocrx_word' id='word_1_565' title='bbox 694 2358 817 2387; x_wconf 79' lang='lat' dir='ltr'>Verbum</span> <span class='ocrx_word' id='word_1_566' title='bbox 833 2366 904 2386; x_wconf 74' lang='lat' dir='ltr'>caro</span> <span class='ocrx_word' id='word_1_567' title='bbox 919 2356 1033 2395; x_wconf 76' lang='lat' dir='ltr'>litctttnz</span> <span class='ocrx_word' id='word_1_568' title='bbox 1049 2360 1105 2390; x_wconf 73' lang='lat' dir='ltr'>est,-</span> 
     </span>
     <span class='ocr_line' id='line_1_70' title="bbox 254 2405 1103 2436; baseline -0.005 0"><span class='ocrx_word' id='word_1_569' title='bbox 254 2408 292 2436; x_wconf 80' lang='lat' dir='ltr'>ita</span> <span class='ocrx_word' id='word_1_570' title='bbox 313 2408 365 2436; x_wconf 86' lang='lat' dir='ltr'>ista</span> <span class='ocrx_word' id='word_1_571' title='bbox 386 2407 499 2436; x_wconf 76' lang='lat' dir='ltr'>concedi</span> <span class='ocrx_word' id='word_1_572' title='bbox 521 2407 621 2435; x_wconf 81' lang='lat' dir='ltr'>debet:</span> <span class='ocrx_word' id='word_1_573' title='bbox 645 2406 738 2435; x_wconf 82' lang='lat' dir='ltr'>divina</span> <span class='ocrx_word' id='word_1_574' title='bbox 759 2409 860 2434; x_wconf 80' lang='lat' dir='ltr'>natura</span> <span class='ocrx_word' id='word_1_575' title='bbox 881 2408 923 2434; x_wconf 84' lang='lat' dir='ltr'>est</span> <span class='ocrx_word' id='word_1_576' title='bbox 939 2405 1009 2433; x_wconf 79' lang='lat' dir='ltr'>facta</span> <span class='ocrx_word' id='word_1_577' title='bbox 1031 2412 1103 2433; x_wconf 87' lang='lat' dir='ltr'>caro.</span> 
     </span>
    </p>

    <p class='ocr_par' dir='ltr' id='par_1_21' title="bbox 254 2451 1104 2633">
     <span class='ocr_line' id='line_1_71' title="bbox 333 2451 1104 2490; baseline -0.004 -8"><span class='ocrx_word' id='word_1_578' title='bbox 333 2455 385 2483; x_wconf 84' lang='lat' dir='ltr'>SED</span> <span class='ocrx_word' id='word_1_579' title='bbox 407 2462 533 2483; x_wconf 73' lang='lat' dir='ltr'>CONTRA:</span> <span class='ocrx_word' id='word_1_580' title='bbox 562 2455 582 2481; x_wconf 93' lang='grc'>1.</span> <span class='ocrx_word' id='word_1_581' title='bbox 606 2453 735 2490; x_wconf 81' lang='lat' dir='ltr'>Magister</span> <span class='ocrx_word' id='word_1_582' title='bbox 766 2453 792 2481; x_wconf 92' lang='lat' dir='ltr'>in</span> <span class='ocrx_word' id='word_1_583' title='bbox 820 2453 949 2481; x_wconf 75' lang='lat' dir='ltr'>littera⁵z</span> <span class='ocrx_word' id='word_1_584' title='bbox 978 2451 1104 2479; x_wconf 86' lang='lat' dir='ltr'>«Melius</span> 
     </span>
     <span class='ocr_line' id='line_1_72' title="bbox 254 2498 1103 2538; baseline -0.005 -8"><span class='ocrx_word' id='word_1_585' title='bbox 254 2502 306 2530; x_wconf 85' lang='lat' dir='ltr'>hoc</span> <span class='ocrx_word' id='word_1_586' title='bbox 328 2505 396 2538; x_wconf 87' lang='lat' dir='ltr'>puto</span> <span class='ocrx_word' id='word_1_587' title='bbox 418 2509 519 2537; x_wconf 71' lang='lat' dir='ltr'>negare</span> <span class='ocrx_word' id='word_1_588' title='bbox 545 2508 629 2538; x_wconf 81' lang='lat' dir='ltr'>quam</span> <span class='ocrx_word' id='word_1_589' title='bbox 662 2508 788 2529; x_wconf 78' lang='lat' dir='ltr'>asserere</span> <span class='ocrx_word' id='word_1_590' title='bbox 803 2510 828 2527; x_wconf 83' lang='lat'>»:</span> <span class='ocrx_word' id='word_1_591' title='bbox 859 2507 925 2536; x_wconf 83' lang='lat' dir='ltr'>ergo</span> <span class='ocrx_word' id='word_1_592' title='bbox 947 2498 1103 2527; x_wconf 88' lang='lat' dir='ltr'>secundum</span> 
     </span>
     <span class='ocr_line' id='line_1_73' title="bbox 255 2545 1104 2585; baseline -0.005 -8"><span class='ocrx_word' id='word_1_593' title='bbox 255 2548 420 2577; x_wconf 81' lang='lat' dir='ltr'>sententiam</span> <span class='ocrx_word' id='word_1_594' title='bbox 452 2548 574 2585; x_wconf 76' lang='lat' dir='ltr'>Magistri</span> <span class='ocrx_word' id='word_1_595' title='bbox 606 2547 717 2576; x_wconf 87' lang='lat' dir='ltr'>videtur</span> <span class='ocrx_word' id='word_1_596' title='bbox 750 2547 893 2584; x_wconf 83' lang='lat' dir='ltr'>praedicta</span> <span class='ocrx_word' id='word_1_597' title='bbox 919 2545 1021 2574; x_wconf 84' lang='lat' dir='ltr'>locutio</span> <span class='ocrx_word' id='word_1_598' title='bbox 1043 2552 1104 2573; x_wconf 84' lang='lat' dir='ltr'>esse</span> 
     </span>
     <span class='ocr_line' id='line_1_74' title="bbox 255 2595 389 2633; baseline 0 -10"><span class='ocrx_word' id='word_1_599' title='bbox 255 2595 389 2633; x_wconf 79' lang='lat' dir='ltr'>neganda.</span> 
     </span>
    </p>
   </div>
   <div class='ocr_carea' id='block_1_16' title="bbox 1163 1461 2147 2119">
    <p class='ocr_par' dir='ltr' id='par_1_22' title="bbox 1163 1461 2016 1680">
     <span class='ocr_line' id='line_1_75' title="bbox 1242 1461 2010 1501; baseline 0.004 -10"><span class='ocrx_word' id='word_1_600' title='bbox 1242 1465 1268 1492; x_wconf 74' lang='lat'>⁶2.</span> <span class='ocrx_word' id='word_1_601' title='bbox 1291 1464 1372 1498; x_wconf 82' lang='lat' dir='ltr'>Item,</span> <span class='ocrx_word' id='word_1_602' title='bbox 1398 1463 1464 1501; x_wconf 85' lang='lat' dir='ltr'>quia</span> <span class='ocrx_word' id='word_1_603' title='bbox 1494 1464 1578 1493; x_wconf 89' lang='lat' dir='ltr'>Filius</span> <span class='ocrx_word' id='word_1_604' title='bbox 1603 1464 1650 1493; x_wconf 90' lang='lat' dir='ltr'>Dei</span> <span class='ocrx_word' id='word_1_605' title='bbox 1673 1468 1714 1493; x_wconf 83' lang='lat' dir='ltr'>est</span> <span class='ocrx_word' id='word_1_606' title='bbox 1735 1472 1799 1493; x_wconf 78' lang='lat' dir='ltr'>caro</span> <span class='ocrx_word' id='word_1_607' title='bbox 1821 1461 1925 1500; x_wconf 76' lang='lat' dir='ltr'>factus,</span> <span class='ocrx_word' id='word_1_608' title='bbox 1948 1474 2010 1494; x_wconf 81' lang='lat' dir='ltr'>eon-</span> 
     </span>
     <span class='ocr_line' id='line_1_76' title="bbox 1163 1510 2007 1548; baseline 0.004 -10"><span class='ocrx_word' id='word_1_609' title='bbox 1163 1510 1288 1545; x_wconf 58' lang='lat' dir='ltr'>ceditur.</span> <span class='ocrx_word' id='word_1_610' title='bbox 1309 1510 1385 1547; x_wconf 86' lang='lat' dir='ltr'>quod</span> <span class='ocrx_word' id='word_1_611' title='bbox 1408 1510 1491 1539; x_wconf 87' lang='lat' dir='ltr'>Filius</span> <span class='ocrx_word' id='word_1_612' title='bbox 1513 1511 1561 1539; x_wconf 87' lang='lat' dir='ltr'>Dei</span> <span class='ocrx_word' id='word_1_613' title='bbox 1594 1511 1646 1539; x_wconf 86' lang='lat' dir='ltr'>suit</span> <span class='ocrx_word' id='word_1_614' title='bbox 1679 1515 1778 1548; x_wconf 85' lang='lat' dir='ltr'>passus</span> <span class='ocrx_word' id='word_1_615' title='bbox 1808 1515 1835 1540; x_wconf 87' lang='lat' dir='ltr'>et</span> <span class='ocrx_word' id='word_1_616' title='bbox 1861 1520 1921 1540; x_wconf 84' lang='lat' dir='ltr'>mor</span> <span class='ocrx_word' id='word_1_617' title='bbox 1939 1515 2007 1541; x_wconf 87' lang='lat' dir='ltr'>tuus</span> 
     </span>
     <span class='ocr_line' id='line_1_77' title="bbox 1163 1557 2010 1596; baseline 0.004 -11"><span class='ocrx_word' id='word_1_618' title='bbox 1163 1557 1212 1586; x_wconf 87' lang='lat' dir='ltr'>sed</span> <span class='ocrx_word' id='word_1_619' title='bbox 1244 1565 1298 1585; x_wconf 85' lang='lat' dir='ltr'>nnn</span> <span class='ocrx_word' id='word_1_620' title='bbox 1327 1557 1507 1586; x_wconf 79' lang='lat' dir='ltr'>conceditur:</span> <span class='ocrx_word' id='word_1_621' title='bbox 1536 1558 1630 1586; x_wconf 87' lang='lat' dir='ltr'>divina</span> <span class='ocrx_word' id='word_1_622' title='bbox 1652 1561 1752 1586; x_wconf 79' lang='lat' dir='ltr'>natura</span> <span class='ocrx_word' id='word_1_623' title='bbox 1774 1562 1816 1587; x_wconf 86' lang='lat' dir='ltr'>est</span> <span class='ocrx_word' id='word_1_624' title='bbox 1836 1566 1936 1596; x_wconf 81' lang='lat' dir='ltr'>passa,</span> <span class='ocrx_word' id='word_1_625' title='bbox 1965 1559 2010 1588; x_wconf 87' lang='lat' dir='ltr'>vel</span> 
     </span>
     <span class='ocr_line' id='line_1_78' title="bbox 1164 1604 2016 1641; baseline 0.002 -9"><span class='ocrx_word' id='word_1_626' title='bbox 1164 1604 1316 1633; x_wconf 78' lang='lat' dir='ltr'>mortua⁶:</span> <span class='ocrx_word' id='word_1_627' title='bbox 1340 1612 1406 1641; x_wconf 79' lang='lat' dir='ltr'>ergo</span> <span class='ocrx_word' id='word_1_628' title='bbox 1428 1612 1478 1633; x_wconf 87' lang='lat' dir='ltr'>nec</span> <span class='ocrx_word' id='word_1_629' title='bbox 1501 1605 1553 1633; x_wconf 82' lang='lat' dir='ltr'>ista</span> <span class='ocrx_word' id='word_1_630' title='bbox 1584 1605 1666 1634; x_wconf 88' lang='lat' dir='ltr'>debet</span> <span class='ocrx_word' id='word_1_631' title='bbox 1688 1605 1821 1634; x_wconf 85' lang='lat' dir='ltr'>concedi:</span> <span class='ocrx_word' id='word_1_632' title='bbox 1848 1605 1943 1635; x_wconf 77' lang='lat' dir='ltr'>dlvina</span> <span class='ocrx_word' id='word_1_633' title='bbox 1970 1614 2016 1635; x_wconf 81' lang='lat' dir='ltr'>na-</span> 
     </span>
     <span class='ocr_line' id='line_1_79' title="bbox 1165 1651 1479 1680; baseline -0.003 -1"><span class='ocrx_word' id='word_1_634' title='bbox 1165 1654 1229 1679; x_wconf 86' lang='lat' dir='ltr'>tura</span> <span class='ocrx_word' id='word_1_635' title='bbox 1250 1654 1292 1679; x_wconf 85' lang='lat' dir='ltr'>est</span> <span class='ocrx_word' id='word_1_636' title='bbox 1313 1659 1378 1680; x_wconf 88' lang='lat' dir='ltr'>caro</span> <span class='ocrx_word' id='word_1_637' title='bbox 1400 1651 1479 1679; x_wconf 78' lang='lat' dir='ltr'>facta.</span> 
     </span>
    </p>

    <p class='ocr_par' dir='ltr' id='par_1_23' title="bbox 1164 1698 2016 2057">
     <span class='ocr_line' id='line_1_80' title="bbox 1245 1698 2016 1736; baseline 0.004 -10"><span class='ocrx_word' id='word_1_638' title='bbox 1245 1698 1270 1726; x_wconf 84' lang='lat'><strong>3.</strong></span> <span class='ocrx_word' id='word_1_639' title='bbox 1293 1698 1375 1732; x_wconf 82' lang='lat' dir='ltr'>ltem,</span> <span class='ocrx_word' id='word_1_640' title='bbox 1397 1698 1633 1736; x_wconf 84' lang='lat' dir='ltr'>quandocumque</span> <span class='ocrx_word' id='word_1_641' title='bbox 1654 1699 1748 1736; x_wconf 82' lang='lat' dir='ltr'>aliqua</span> <span class='ocrx_word' id='word_1_642' title='bbox 1773 1699 1830 1728; x_wconf 91' lang='lat' dir='ltr'>duo</span> <span class='ocrx_word' id='word_1_643' title='bbox 1853 1700 1892 1729; x_wconf 84' lang='lat' dir='ltr'>sic</span> <span class='ocrx_word' id='word_1_644' title='bbox 1912 1708 1941 1729; x_wconf 87' lang='lat' dir='ltr'>se</span> <span class='ocrx_word' id='word_1_645' title='bbox 1969 1700 2016 1728; x_wconf 84' lang='lat' dir='ltr'>ha-</span> 
     </span>
     <span class='ocr_line' id='line_1_81' title="bbox 1165 1745 2014 1782; baseline 0.004 -9"><span class='ocrx_word' id='word_1_646' title='bbox 1165 1745 1247 1779; x_wconf 74' lang='lat' dir='ltr'>bent,</span> <span class='ocrx_word' id='word_1_647' title='bbox 1279 1745 1353 1782; x_wconf 89' lang='lat' dir='ltr'>quod</span> <span class='ocrx_word' id='word_1_648' title='bbox 1386 1745 1539 1774; x_wconf 83' lang='lat' dir='ltr'>formaliter</span> <span class='ocrx_word' id='word_1_649' title='bbox 1573 1749 1637 1774; x_wconf 88' lang='lat' dir='ltr'>sunt</span> <span class='ocrx_word' id='word_1_650' title='bbox 1668 1746 1814 1781; x_wconf 76' lang='lat' dir='ltr'>distincta3</span> <span class='ocrx_word' id='word_1_651' title='bbox 1841 1747 1863 1776; x_wconf 88' lang='lat' dir='ltr'>si</span> <span class='ocrx_word' id='word_1_652' title='bbox 1885 1747 2014 1782; x_wconf 75' lang='lat' dir='ltr'>dicatur,</span> 
     </span>
     <span class='ocr_line' id='line_1_82' title="bbox 1165 1792 2012 1830; baseline 0.002 -10"><span class='ocrx_word' id='word_1_653' title='bbox 1165 1800 1253 1820; x_wconf 89' lang='lat' dir='ltr'>unum</span> <span class='ocrx_word' id='word_1_654' title='bbox 1276 1792 1337 1821; x_wconf 85' lang='lat' dir='ltr'>fieri</span> <span class='ocrx_word' id='word_1_655' title='bbox 1359 1792 1495 1827; x_wconf 80' lang='lat' dir='ltr'>alterum,</span> <span class='ocrx_word' id='word_1_656' title='bbox 1517 1792 1705 1830; x_wconf 79' lang='lat' dir='ltr'>significatur,</span> <span class='ocrx_word' id='word_1_657' title='bbox 1729 1802 1818 1822; x_wconf 88' lang='lat' dir='ltr'>unum</span> <span class='ocrx_word' id='word_1_658' title='bbox 1840 1794 1963 1823; x_wconf 88' lang='lat' dir='ltr'>converti</span> <span class='ocrx_word' id='word_1_659' title='bbox 1987 1795 2012 1822; x_wconf 87' lang='lat' dir='ltr'>iu</span> 
     </span>
     <span class='ocr_line' id='line_1_83' title="bbox 1165 1839 2012 1877; baseline 0.004 -10"><span class='ocrx_word' id='word_1_660' title='bbox 1165 1839 1302 1873; x_wconf 81' lang='lat' dir='ltr'>alterum,</span> <span class='ocrx_word' id='word_1_661' title='bbox 1334 1842 1430 1876; x_wconf 85' lang='lat' dir='ltr'>utpote</span> <span class='ocrx_word' id='word_1_662' title='bbox 1453 1840 1475 1868; x_wconf 86' lang='lat' dir='ltr'>si</span> <span class='ocrx_word' id='word_1_663' title='bbox 1498 1839 1606 1868; x_wconf 80' lang='lat' dir='ltr'>dicatur</span> <span class='ocrx_word' id='word_1_664' title='bbox 1633 1848 1706 1877; x_wconf 86' lang='lat' dir='ltr'>aqua</span> <span class='ocrx_word' id='word_1_665' title='bbox 1727 1840 1798 1869; x_wconf 77' lang='lat' dir='ltr'>facta</span> <span class='ocrx_word' id='word_1_666' title='bbox 1820 1841 1936 1876; x_wconf 69' lang='lat' dir='ltr'>vinum3</span> <span class='ocrx_word' id='word_1_667' title='bbox 1965 1843 2012 1871; x_wconf 87' lang='lat' dir='ltr'>sed</span> 
     </span>
     <span class='ocr_line' id='line_1_84' title="bbox 1165 1886 2014 1924; baseline 0.004 -10"><span class='ocrx_word' id='word_1_668' title='bbox 1165 1886 1204 1915; x_wconf 85' lang='lat' dir='ltr'>sic</span> <span class='ocrx_word' id='word_1_669' title='bbox 1226 1894 1255 1914; x_wconf 85' lang='lat' dir='ltr'>se</span> <span class='ocrx_word' id='word_1_670' title='bbox 1276 1886 1360 1914; x_wconf 83' lang='lat' dir='ltr'>habet</span> <span class='ocrx_word' id='word_1_671' title='bbox 1382 1894 1446 1914; x_wconf 75' lang='lat' dir='ltr'>caro</span> <span class='ocrx_word' id='word_1_672' title='bbox 1468 1889 1495 1914; x_wconf 86' lang='lat' dir='ltr'>et</span> <span class='ocrx_word' id='word_1_673' title='bbox 1510 1886 1604 1914; x_wconf 85' lang='lat' dir='ltr'>divina</span> <span class='ocrx_word' id='word_1_674' title='bbox 1620 1890 1739 1915; x_wconf 83' lang='lat' dir='ltr'>natura:</span> <span class='ocrx_word' id='word_1_675' title='bbox 1757 1895 1820 1916; x_wconf 90' lang='lat' dir='ltr'>cum</span> <span class='ocrx_word' id='word_1_676' title='bbox 1837 1896 1904 1924; x_wconf 81' lang='lat' dir='ltr'>ergo</span> <span class='ocrx_word' id='word_1_677' title='bbox 1919 1888 2014 1917; x_wconf 80' lang='lat' dir='ltr'>divina</span> 
     </span>
     <span class='ocr_line' id='line_1_85' title="bbox 1165 1933 2014 1972; baseline 0.004 -11"><span class='ocrx_word' id='word_1_678' title='bbox 1165 1937 1266 1962; x_wconf 86' lang='lat' dir='ltr'>natura</span> <span class='ocrx_word' id='word_1_679' title='bbox 1287 1942 1340 1962; x_wconf 91' lang='lat' dir='ltr'>non</span> <span class='ocrx_word' id='word_1_680' title='bbox 1363 1933 1398 1962; x_wconf 84' lang='lat' dir='ltr'>sit</span> <span class='ocrx_word' id='word_1_681' title='bbox 1419 1933 1445 1961; x_wconf 93' lang='lat' dir='ltr'>in</span> <span class='ocrx_word' id='word_1_682' title='bbox 1475 1941 1587 1962; x_wconf 79' lang='lat' dir='ltr'>carnem</span> <span class='ocrx_word' id='word_1_683' title='bbox 1610 1942 1759 1969; x_wconf 78' lang='lat' dir='ltr'>conversa,</span> <span class='ocrx_word' id='word_1_684' title='bbox 1782 1934 1909 1970; x_wconf 77' lang='lat' dir='ltr'>videtur,</span> <span class='ocrx_word' id='word_1_685' title='bbox 1939 1936 2014 1972; x_wconf 88' lang='lat' dir='ltr'>quod</span> 
     </span>
     <span class='ocr_line' id='line_1_86' title="bbox 1166 1980 2014 2011; baseline 0.002 -2"><span class='ocrx_word' id='word_1_686' title='bbox 1166 1981 1233 2009; x_wconf 84' lang='lat' dir='ltr'>haec</span> <span class='ocrx_word' id='word_1_687' title='bbox 1265 1989 1319 2009; x_wconf 91' lang='lat' dir='ltr'>non</span> <span class='ocrx_word' id='word_1_688' title='bbox 1351 1981 1386 2009; x_wconf 85' lang='lat' dir='ltr'>sit</span> <span class='ocrx_word' id='word_1_689' title='bbox 1417 1980 1611 2009; x_wconf 86' lang='lat' dir='ltr'>concedenda:</span> <span class='ocrx_word' id='word_1_690' title='bbox 1642 1981 1736 2009; x_wconf 80' lang='lat' dir='ltr'>divina</span> <span class='ocrx_word' id='word_1_691' title='bbox 1758 1985 1858 2010; x_wconf 80' lang='lat' dir='ltr'>natura</span> <span class='ocrx_word' id='word_1_692' title='bbox 1880 1985 1921 2011; x_wconf 87' lang='lat' dir='ltr'>est</span> <span class='ocrx_word' id='word_1_693' title='bbox 1949 1990 2014 2011; x_wconf 82' lang='lat' dir='ltr'>caro</span> 
     </span>
     <span class='ocr_line' id='line_1_87' title="bbox 1164 2028 1264 2057; baseline -0.01 0"><span class='ocrx_word' id='word_1_694' title='bbox 1164 2028 1236 2057; x_wconf 80' lang='lat' dir='ltr'>facta</span> <span class='ocrx_word' id='word_1_695' title='bbox 1246 2029 1264 2056; x_wconf 90' lang='lat'><strong>⁷.</strong></span> 
     </span>
    </p>

    <p class='ocr_par' dir='ltr' id='par_1_24' title="bbox 1246 2075 2147 2119">
     <span class='ocr_line' id='line_1_88' title="bbox 1246 2075 2147 2119; baseline 0.003 -16"><span class='ocrx_word' id='word_1_696' title='bbox 1246 2076 1290 2104; x_wconf 87' lang='lat' dir='ltr'>Est</span> <span class='ocrx_word' id='word_1_697' title='bbox 1310 2075 1394 2112; x_wconf 84' lang='lat' dir='ltr'>igitur</span> <span class='ocrx_word' id='word_1_698' title='bbox 1416 2075 1558 2112; x_wconf 72' lang='lat' dir='ltr'>quaestio,</span> <span class='ocrx_word' id='word_1_699' title='bbox 1580 2083 1667 2112; x_wconf 84' lang='lat' dir='ltr'>quare</span> <span class='ocrx_word' id='word_1_700' title='bbox 1696 2076 1784 2113; x_wconf 83' lang='lat' dir='ltr'>magis</span> <span class='ocrx_word' id='word_1_701' title='bbox 1816 2076 1868 2105; x_wconf 81' lang='lat' dir='ltr'>ista</span> <span class='ocrx_word' id='word_1_702' title='bbox 1889 2077 2012 2106; x_wconf 85' lang='lat' dir='ltr'>concedi·</span> <span class='ocrx_word' id='word_1_703' title='bbox 2025 2075 2147 2119; x_wconf 51' lang='lat' dir='ltr'>Qgggffiff‘ifl·</span> 
     </span>
    </p>
   </div>
   <div class='ocr_carea' id='block_1_17' title="bbox 1164 2122 2014 2198">
    <p class='ocr_par' dir='ltr' id='par_1_25' title="bbox 1164 2122 2014 2198">
     <span class='ocr_line' id='line_1_89' title="bbox 1165 2122 2014 2160; baseline 0.002 -9"><span class='ocrx_word' id='word_1_704' title='bbox 1165 2127 1229 2151; x_wconf 89' lang='lat' dir='ltr'>tur:</span> <span class='ocrx_word' id='word_1_705' title='bbox 1252 2122 1346 2151; x_wconf 79' lang='lat' dir='ltr'>divina</span> <span class='ocrx_word' id='word_1_706' title='bbox 1367 2126 1468 2151; x_wconf 80' lang='lat' dir='ltr'>natura</span> <span class='ocrx_word' id='word_1_707' title='bbox 1489 2126 1530 2151; x_wconf 87' lang='lat' dir='ltr'>est</span> <span class='ocrx_word' id='word_1_708' title='bbox 1552 2122 1710 2157; x_wconf 81' lang='lat' dir='ltr'>incarnata,</span> <span class='ocrx_word' id='word_1_709' title='bbox 1731 2131 1816 2160; x_wconf 81' lang='lat' dir='ltr'>quam</span> <span class='ocrx_word' id='word_1_710' title='bbox 1837 2123 1903 2152; x_wconf 81' lang='lat' dir='ltr'>ista:</span> <span class='ocrx_word' id='word_1_711' title='bbox 1920 2124 2014 2153; x_wconf 82' lang='lat' dir='ltr'>divina</span> 
     </span>
     <span class='ocr_line' id='line_1_90' title="bbox 1164 2170 1514 2198; baseline -0.003 0"><span class='ocrx_word' id='word_1_712' title='bbox 1164 2173 1265 2198; x_wconf 79' lang='lat' dir='ltr'>natura</span> <span class='ocrx_word' id='word_1_713' title='bbox 1287 2173 1328 2198; x_wconf 85' lang='grc' dir='ltr'>θεῖ</span> <span class='ocrx_word' id='word_1_714' title='bbox 1350 2178 1414 2198; x_wconf 83' lang='lat' dir='ltr'>caro</span> <span class='ocrx_word' id='word_1_715' title='bbox 1436 2170 1514 2198; x_wconf 84' lang='lat' dir='ltr'>sacta.</span> 
     </span>
    </p>
   </div>
   <div class='ocr_carea' id='block_1_18' title="bbox 1446 2265 1693 2292">
    <p class='ocr_par' dir='ltr' id='par_1_26' title="bbox 1446 2265 1693 2292">
     <span class='ocr_line' id='line_1_91' title="bbox 1446 2265 1693 2292; baseline 0.004 -1"><span class='ocrx_word' id='word_1_716' title='bbox 1446 2265 1449 2267; x_wconf 73' lang='grc'><strong><em>’</em></strong></span> <span class='ocrx_word' id='word_1_717' title='bbox 1479 2271 1693 2292; x_wconf 83' lang='lat' dir='ltr'><strong>CONCLUSIO.</strong></span> 
     </span>
    </p>
   </div>
   <div class='ocr_carea' id='block_1_19' title="bbox 1163 2356 2160 2582">
    <p class='ocr_par' dir='ltr' id='par_1_27' title="bbox 1251 2356 1922 2395">
     <span class='ocr_line' id='line_1_92' title="bbox 1251 2356 1922 2395; baseline 0.003 -11"><span class='ocrx_word' id='word_1_718' title='bbox 1251 2356 1388 2385; x_wconf 70' lang='lat' dir='ltr'>Locutio:</span> <span class='ocrx_word' id='word_1_719' title='bbox 1412 2356 1514 2384; x_wconf 73' lang='lat' dir='ltr'>diuina</span> <span class='ocrx_word' id='word_1_720' title='bbox 1535 2360 1648 2385; x_wconf 71' lang='lat' dir='ltr'>natura</span> <span class='ocrx_word' id='word_1_721' title='bbox 1669 2360 1711 2384; x_wconf 76' lang='lat' dir='ltr'>est</span> <span class='ocrx_word' id='word_1_722' title='bbox 1730 2365 1802 2385; x_wconf 68' lang='lat' dir='ltr'>caro</span> <span class='ocrx_word' id='word_1_723' title='bbox 1823 2356 1922 2395; x_wconf 74' lang='lat' dir='ltr'>faeta,</span> 
     </span>
    </p>

    <p class='ocr_par' dir='ltr' id='par_1_28' title="bbox 1419 2404 2160 2452">
     <span class='ocr_line' id='line_1_93' title="bbox 1419 2404 2160 2452; baseline 0 -21"><span class='ocrx_word' id='word_1_724' title='bbox 1419 2412 1478 2432; x_wconf 76' lang='lat' dir='ltr'>non</span> <span class='ocrx_word' id='word_1_725' title='bbox 1498 2407 1540 2431; x_wconf 80' lang='lat' dir='ltr'>est</span> <span class='ocrx_word' id='word_1_726' title='bbox 1559 2404 1750 2432; x_wconf 73' lang='lat' dir='ltr'>admittenda.</span> <span class='ocrx_word' id='word_1_727' title='bbox 1783 2424 1786 2427; x_wconf 24' lang='grc' dir='ltr'><em>Α</em></span> <span class='ocrx_word' id='word_1_728' title='bbox 2159 2435 2160 2452; x_wconf 27' lang='lat'>¹</span> 
     </span>
    </p>

    <p class='ocr_par' dir='ltr' id='par_1_29' title="bbox 2158 2457 2160 2481">
     <span class='ocr_line' id='line_1_94' title="bbox 2158 2457 2160 2481; baseline 0 0"><span class='ocrx_word' id='word_1_729' title='bbox 2158 2457 2160 2481; x_wconf 78' lang='grc' dir='ltr'><strong>ἱ</strong></span> 
     </span>
    </p>

    <p class='ocr_par' dir='ltr' id='par_1_30' title="bbox 1241 2493 2159 2535">
     <span class='ocr_line' id='line_1_95' title="bbox 1241 2493 2159 2535; baseline -0.001 -10"><span class='ocrx_word' id='word_1_730' title='bbox 1241 2498 1421 2526; x_wconf 73' lang='lat' dir='ltr'>RusPONnuo:</span> <span class='ocrx_word' id='word_1_731' title='bbox 1453 2497 1621 2532; x_wconf 82' lang='lat' dir='ltr'>Dicendum,</span> <span class='ocrx_word' id='word_1_732' title='bbox 1644 2498 1719 2535; x_wconf 89' lang='lat' dir='ltr'>quod</span> <span class='ocrx_word' id='word_1_733' title='bbox 1741 2498 1793 2526; x_wconf 78' lang='lat' dir='ltr'>ista</span> <span class='ocrx_word' id='word_1_734' title='bbox 1814 2498 1896 2527; x_wconf 87' lang='lat' dir='ltr'>debet</span> <span class='ocrx_word' id='word_1_735' title='bbox 1918 2501 1945 2527; x_wconf 85' lang='lat' dir='ltr'>et</span> <span class='ocrx_word' id='word_1_736' title='bbox 1966 2507 2010 2535; x_wconf 87' lang='lat' dir='ltr'>po·</span> <span class='ocrx_word' id='word_1_737' title='bbox 2023 2506 2124 2525; x_wconf 67' lang='lat' dir='ltr'>eoneiusto.</span> <span class='ocrx_word' id='word_1_738' title='bbox 2158 2493 2159 2532; x_wconf 56' lang='grc' dir='ltr'>ᾖ</span> 
     </span>
    </p>

    <p class='ocr_par' dir='ltr' id='par_1_31' title="bbox 1163 2544 2010 2582">
     <span class='ocr_line' id='line_1_96' title="bbox 1163 2544 2010 2582; baseline 0 -9"><span class='ocrx_word' id='word_1_739' title='bbox 1163 2547 1215 2573; x_wconf 83' lang='lat' dir='ltr'>test</span> <span class='ocrx_word' id='word_1_740' title='bbox 1236 2544 1367 2573; x_wconf 87' lang='lat' dir='ltr'>concedi:</span> <span class='ocrx_word' id='word_1_741' title='bbox 1391 2544 1485 2573; x_wconf 83' lang='lat' dir='ltr'>divina</span> <span class='ocrx_word' id='word_1_742' title='bbox 1507 2548 1607 2573; x_wconf 84' lang='lat' dir='ltr'>natura</span> <span class='ocrx_word' id='word_1_743' title='bbox 1628 2549 1670 2573; x_wconf 86' lang='lat' dir='ltr'>est</span> <span class='ocrx_word' id='word_1_744' title='bbox 1691 2545 1850 2579; x_wconf 80' lang='lat' dir='ltr'>incarnata,</span> <span class='ocrx_word' id='word_1_745' title='bbox 1865 2545 1931 2582; x_wconf 87' lang='lat' dir='ltr'>quia</span> <span class='ocrx_word' id='word_1_746' title='bbox 1946 2545 2010 2574; x_wconf 88' lang='lat' dir='ltr'>scri-</span> 
     </span>
    </p>
   </div>
   <div class='ocr_carea' id='block_1_20' title="bbox 1162 2591 2008 2629">
    <p class='ocr_par' dir='ltr' id='par_1_32' title="bbox 1162 2591 2008 2629">
     <span class='ocr_line' id='line_1_97' title="bbox 1162 2591 2008 2629; baseline 0 -10"><span class='ocrx_word' id='word_1_747' title='bbox 1162 2594 1208 2629; x_wconf 83' lang='lat' dir='ltr'>pta</span> <span class='ocrx_word' id='word_1_748' title='bbox 1230 2591 1331 2628; x_wconf 86' lang='lat' dir='ltr'>legitur</span> <span class='ocrx_word' id='word_1_749' title='bbox 1344 2591 1353 2604; x_wconf 80' lang='lat'><strong>⁸</strong></span> <span class='ocrx_word' id='word_1_750' title='bbox 1376 2599 1425 2619; x_wconf 91' lang='lat' dir='ltr'>nec</span> <span class='ocrx_word' id='word_1_751' title='bbox 1447 2595 1488 2620; x_wconf 85' lang='grc' dir='ltr'>θεῖ</span> <span class='ocrx_word' id='word_1_752' title='bbox 1507 2591 1670 2628; x_wconf 82' lang='lat' dir='ltr'>simpliciter</span> <span class='ocrx_word' id='word_1_753' title='bbox 1686 2592 1847 2629; x_wconf 87' lang='lat' dir='ltr'>impropria.</span> <span class='ocrx_word' id='word_1_754' title='bbox 1863 2592 2008 2629; x_wconf 88' lang='lat' dir='ltr'>Duplicem</span> 
     </span>
    </p>
   </div>
   <div class='ocr_carea' id='block_1_21' title="bbox 872 2666 1383 2673">
    <p class='ocr_par' dir='ltr' id='par_1_33' title="bbox 872 2666 1383 2673">
     <span class='ocr_line' id='line_1_98' title="bbox 872 2666 1383 2673; baseline 0 0"><span class='ocrx_word' id='word_1_755' title='bbox 872 2666 1383 2673; x_wconf 95' lang='lat' dir='ltr'> </span> 
     </span>
    </p>
   </div>
   <div class='ocr_carea' id='block_1_22' title="bbox 253 2715 1102 3013">
    <p class='ocr_par' dir='ltr' id='par_1_34' title="bbox 253 2715 1101 2784">
     <span class='ocr_line' id='line_1_99' title="bbox 318 2715 1101 2745; baseline -0.003 -6"><span class='ocrx_word' id='word_1_756' title='bbox 318 2717 324 2731; x_wconf 84' lang='lat'>¹</span> <span class='ocrx_word' id='word_1_757' title='bbox 342 2717 371 2739; x_wconf 85' lang='lat' dir='ltr'>lta</span> <span class='ocrx_word' id='word_1_758' title='bbox 391 2717 440 2739; x_wconf 87' lang='lat' dir='ltr'>Vat.</span> <span class='ocrx_word' id='word_1_759' title='bbox 459 2717 557 2745; x_wconf 70' lang='lat' dir='ltr'>rectius;</span> <span class='ocrx_word' id='word_1_760' title='bbox 576 2717 597 2738; x_wconf 90' lang='lat' dir='ltr'>in</span> <span class='ocrx_word' id='word_1_761' title='bbox 617 2717 666 2739; x_wconf 85' lang='lat' dir='ltr'>aliis</span> <span class='ocrx_word' id='word_1_762' title='bbox 683 2716 735 2738; x_wconf 82' lang='lat' dir='ltr'>edd.</span> <span class='ocrx_word' id='word_1_763' title='bbox 754 2719 776 2738; x_wconf 90' lang='lat' dir='ltr'>et</span> <span class='ocrx_word' id='word_1_764' title='bbox 798 2715 866 2738; x_wconf 82' lang='lat' dir='ltr'>codd.</span> <span class='ocrx_word' id='word_1_765' title='bbox 884 2716 953 2739; x_wconf 74' lang='lat' dir='ltr'>enim.</span> <span class='ocrx_word' id='word_1_766' title='bbox 980 2716 1101 2744; x_wconf 73' lang='lat' dir='ltr'>Aliquanto</span> 
     </span>
     <span class='ocr_line' id='line_1_100' title="bbox 253 2754 996 2784; baseline 0 -7"><span class='ocrx_word' id='word_1_767' title='bbox 253 2756 347 2778; x_wconf 77' lang='lat' dir='ltr'>Interius</span> <span class='ocrx_word' id='word_1_768' title='bbox 364 2758 415 2777; x_wconf 86' lang='lat' dir='ltr'>ante</span> <span class='ocrx_word' id='word_1_769' title='bbox 425 2754 526 2784; x_wconf 70' lang='lat' dir='ltr'>perfecte</span> <span class='ocrx_word' id='word_1_770' title='bbox 541 2755 643 2784; x_wconf 72' lang='lat' dir='ltr'>potrutts</span> <span class='ocrx_word' id='word_1_771' title='bbox 660 2755 711 2777; x_wconf 83' lang='lat' dir='ltr'>cod.</span> <span class='ocrx_word' id='word_1_772' title='bbox 731 2755 747 2777; x_wconf 92' lang='lat' dir='ltr'><strong>U</strong></span> <span class='ocrx_word' id='word_1_773' title='bbox 765 2756 870 2777; x_wconf 79' lang='lat' dir='ltr'>interiicit</span> <span class='ocrx_word' id='word_1_774' title='bbox 888 2756 996 2777; x_wconf 77' lang='lat' dir='ltr'>naturae.</span> 
     </span>
    </p>

    <p class='ocr_par' dir='ltr' id='par_1_35' title="bbox 317 2794 933 2817">
     <span class='ocr_line' id='line_1_101' title="bbox 317 2794 933 2817; baseline -0.002 -1"><span class='ocrx_word' id='word_1_775' title='bbox 317 2795 325 2808; x_wconf 69' lang='lat'><strong>²</strong></span> <span class='ocrx_word' id='word_1_776' title='bbox 343 2795 382 2817; x_wconf 82' lang='lat' dir='ltr'>llic</span> <span class='ocrx_word' id='word_1_777' title='bbox 399 2801 417 2817; x_wconf 91' lang='lat' dir='ltr'>c.</span> <span class='ocrx_word' id='word_1_778' title='bbox 441 2795 445 2816; x_wconf 89' lang='grc'>1</span> <span class='ocrx_word' id='word_1_779' title='bbox 467 2795 488 2816; x_wconf 91' lang='grc'>111</span> <span class='ocrx_word' id='word_1_780' title='bbox 507 2794 558 2817; x_wconf 77' lang='lat' dir='ltr'>tine.</span> <span class='ocrx_word' id='word_1_781' title='bbox 578 2795 608 2817; x_wconf 88' lang='lat' dir='ltr'>De</span> <span class='ocrx_word' id='word_1_782' title='bbox 626 2794 715 2817; x_wconf 69' lang='lat' dir='ltr'>mmort·</span> <span class='ocrx_word' id='word_1_783' title='bbox 730 2794 784 2816; x_wconf 72' lang='lat' dir='ltr'>vide</span> <span class='ocrx_word' id='word_1_784' title='bbox 801 2794 856 2816; x_wconf 84' lang='lat' dir='ltr'>ibid.</span> <span class='ocrx_word' id='word_1_785' title='bbox 875 2800 893 2816; x_wconf 85' lang='lat' dir='ltr'>c.</span> <span class='ocrx_word' id='word_1_786' title='bbox 913 2795 933 2815; x_wconf 71' lang='grc' dir='ltr'>Ξ.</span> 
     </span>
    </p>

    <p class='ocr_par' dir='ltr' id='par_1_36' title="bbox 315 2833 472 2862">
     <span class='ocr_line' id='line_1_102' title="bbox 315 2833 472 2862; baseline -0.006 -6"><span class='ocrx_word' id='word_1_787' title='bbox 315 2833 324 2848; x_wconf 79' lang='grc'><strong>3</strong></span> <span class='ocrx_word' id='word_1_788' title='bbox 342 2834 432 2862; x_wconf 81' lang='lat' dir='ltr'>Quaest.</span> <span class='ocrx_word' id='word_1_789' title='bbox 456 2834 472 2856; x_wconf 92' lang='lat' dir='ltr'>l.</span> 
     </span>
    </p>

    <p class='ocr_par' dir='ltr' id='par_1_37' title="bbox 253 2871 1101 2940">
     <span class='ocr_line' id='line_1_103' title="bbox 316 2871 1101 2901; baseline -0.003 -7"><span class='ocrx_word' id='word_1_790' title='bbox 316 2872 324 2887; x_wconf 82' lang='lat'><strong>⁴</strong></span> <span class='ocrx_word' id='word_1_791' title='bbox 342 2872 386 2895; x_wconf 79' lang='lat' dir='ltr'>Ct&#39;r.</span> <span class='ocrx_word' id='word_1_792' title='bbox 408 2879 477 2900; x_wconf 84' lang='lat' dir='ltr'>supra</span> <span class='ocrx_word' id='word_1_793' title='bbox 501 2879 553 2900; x_wconf 79' lang='lat' dir='ltr'>pag.</span> <span class='ocrx_word' id='word_1_794' title='bbox 581 2872 619 2900; x_wconf 77' lang='lat' dir='ltr'>tt,</span> <span class='ocrx_word' id='word_1_795' title='bbox 644 2876 695 2894; x_wconf 86' lang='lat' dir='ltr'>nota</span> <span class='ocrx_word' id='word_1_796' title='bbox 719 2872 739 2894; x_wconf 83' lang='lat'><strong>3.</strong></span> <span class='ocrx_word' id='word_1_797' title='bbox 757 2884 789 2888; x_wconf 90' lang='lat'>-—</span> <span class='ocrx_word' id='word_1_798' title='bbox 811 2872 852 2893; x_wconf 75' lang='lat' dir='ltr'>Pro</span> <span class='ocrx_word' id='word_1_799' title='bbox 875 2872 897 2894; x_wconf 72' lang='lat' dir='ltr'>et</span> <span class='ocrx_word' id='word_1_800' title='bbox 917 2873 1015 2901; x_wconf 69' lang='lat' dir='ltr'>propter*</span> <span class='ocrx_word' id='word_1_801' title='bbox 1037 2871 1101 2893; x_wconf 87' lang='lat' dir='ltr'>multi</span> 
     </span>
     <span class='ocr_line' id='line_1_104' title="bbox 253 2911 676 2940; baseline -0.005 -5"><span class='ocrx_word' id='word_1_802' title='bbox 253 2913 320 2935; x_wconf 76' lang='lat' dir='ltr'>codd.</span> <span class='ocrx_word' id='word_1_803' title='bbox 339 2916 361 2934; x_wconf 75' lang='lat' dir='ltr'>et</span> <span class='ocrx_word' id='word_1_804' title='bbox 378 2912 430 2934; x_wconf 75' lang='lat' dir='ltr'>edd.</span> <span class='ocrx_word' id='word_1_805' title='bbox 454 2912 470 2939; x_wconf 82' lang='lat' dir='ltr'>l,</span> <span class='ocrx_word' id='word_1_806' title='bbox 489 2913 502 2933; x_wconf 74' lang='lat'><strong>2</strong></span> <span class='ocrx_word' id='word_1_807' title='bbox 522 2911 557 2934; x_wconf 72' lang='lat' dir='ltr'>vet</span> <span class='ocrx_word' id='word_1_808' title='bbox 572 2912 676 2940; x_wconf 73' lang='lat' dir='ltr'>propter.</span> 
     </span>
    </p>

    <p class='ocr_par' dir='ltr' id='par_1_38' title="bbox 264 2950 1102 3013">
     <span class='ocr_line' id='line_1_105' title="bbox 315 2950 1102 2979; baseline -0.001 -7"><span class='ocrx_word' id='word_1_809' title='bbox 315 2951 324 2965; x_wconf 83' lang='lat'>⁵</span> <span class='ocrx_word' id='word_1_810' title='bbox 342 2951 381 2973; x_wconf 85' lang='lat' dir='ltr'>[lic</span> <span class='ocrx_word' id='word_1_811' title='bbox 398 2957 417 2972; x_wconf 90' lang='lat' dir='ltr'>c.</span> <span class='ocrx_word' id='word_1_812' title='bbox 436 2951 456 2972; x_wconf 80' lang='grc'>-2,</span> <span class='ocrx_word' id='word_1_813' title='bbox 476 2963 505 2966; x_wconf 83' lang='lat'>—</span> <span class='ocrx_word' id='word_1_814' title='bbox 523 2950 578 2972; x_wconf 83' lang='lat' dir='ltr'>Edd.</span> <span class='ocrx_word' id='word_1_815' title='bbox 601 2956 654 2973; x_wconf 82' lang='lat' dir='ltr'>cum</span> <span class='ocrx_word' id='word_1_816' title='bbox 672 2953 731 2972; x_wconf 84' lang='lat' dir='ltr'>textu</span> <span class='ocrx_word' id='word_1_817' title='bbox 759 2951 840 2978; x_wconf 70' lang='lat' dir='ltr'>origin.</span> <span class='ocrx_word' id='word_1_818' title='bbox 859 2956 932 2979; x_wconf 77' lang='lat' dir='ltr'>quam</span> <span class='ocrx_word' id='word_1_819' title='bbox 955 2951 1040 2972; x_wconf 79' lang='lat' dir='ltr'>temere</span> <span class='ocrx_word' id='word_1_820' title='bbox 1063 2955 1102 2971; x_wconf 73' lang='lat' dir='ltr'>(ts-</span> 
     </span>
     <span class='ocr_line' id='line_1_106' title="bbox 264 2996 337 3013; baseline -0.014 0"><span class='ocrx_word' id='word_1_821' title='bbox 264 2996 337 3013; x_wconf 66' lang='lat' dir='ltr'>erere.</span> 
     </span>
    </p>
   </div>
   <div class='ocr_carea' id='block_1_23' title="bbox 1132 1463 1140 3011">
    <p class='ocr_par' dir='ltr' id='par_1_39' title="bbox 1132 1463 1140 3011">
     <span class='ocr_line' id='line_1_107' title="bbox 1132 1463 1140 3011; baseline 0 0"><span class='ocrx_word' id='word_1_822' title='bbox 1132 1463 1140 3011; x_wconf 95' lang='lat' dir='ltr'> </span> 
     </span>
    </p>
   </div>
   <div class='ocr_carea' id='block_1_24' title="bbox 1157 2713 2007 3016">
    <p class='ocr_par' dir='ltr' id='par_1_40' title="bbox 1159 2713 2007 2815">
     <span class='ocr_line' id='line_1_108' title="bbox 1222 2713 2007 2742; baseline 0 -7"><span class='ocrx_word' id='word_1_823' title='bbox 1222 2714 1232 2729; x_wconf 75' lang='grc' dir='ltr'>θ</span> <span class='ocrx_word' id='word_1_824' title='bbox 1251 2713 1308 2736; x_wconf 85' lang='lat' dir='ltr'>Vide</span> <span class='ocrx_word' id='word_1_825' title='bbox 1325 2713 1397 2736; x_wconf 81' lang='lat' dir='ltr'>verba</span> <span class='ocrx_word' id='word_1_826' title='bbox 1421 2714 1553 2742; x_wconf 76' lang='lat' dir='ltr'>Hieronymi</span> <span class='ocrx_word' id='word_1_827' title='bbox 1577 2714 1613 2736; x_wconf 86' lang='lat' dir='ltr'>hic</span> <span class='ocrx_word' id='word_1_828' title='bbox 1635 2714 1656 2735; x_wconf 85' lang='lat' dir='ltr'>iu</span> <span class='ocrx_word' id='word_1_829' title='bbox 1675 2714 1705 2736; x_wconf 90' lang='lat' dir='ltr'>lit.</span> <span class='ocrx_word' id='word_1_830' title='bbox 1729 2714 1840 2741; x_wconf 72' lang='lat' dir='ltr'>Magistri,</span> <span class='ocrx_word' id='word_1_831' title='bbox 1864 2720 1882 2735; x_wconf 85' lang='lat' dir='ltr'>c.</span> <span class='ocrx_word' id='word_1_832' title='bbox 1910 2714 1926 2735; x_wconf 93' lang='lat' dir='ltr'>l.</span> <span class='ocrx_word' id='word_1_833' title='bbox 1949 2714 2007 2735; x_wconf 82' lang='lat' dir='ltr'>circa</span> 
     </span>
     <span class='ocr_line' id='line_1_109' title="bbox 1160 2752 2007 2780; baseline -0.001 -5"><span class='ocrx_word' id='word_1_834' title='bbox 1160 2753 1277 2780; x_wconf 85' lang='lat' dir='ltr'>medium,</span> <span class='ocrx_word' id='word_1_835' title='bbox 1296 2753 1391 2780; x_wconf 82' lang='lat' dir='ltr'>insuper</span> <span class='ocrx_word' id='word_1_836' title='bbox 1413 2753 1489 2775; x_wconf 79' lang='lat' dir='ltr'>locum</span> <span class='ocrx_word' id='word_1_837' title='bbox 1513 2753 1657 2780; x_wconf 74' lang='lat' dir='ltr'>Damasceni,</span> <span class='ocrx_word' id='word_1_838' title='bbox 1679 2759 1748 2780; x_wconf 83' lang='lat' dir='ltr'>supra</span> <span class='ocrx_word' id='word_1_839' title='bbox 1774 2759 1826 2780; x_wconf 75' lang='lat' dir='ltr'>pag.</span> <span class='ocrx_word' id='word_1_840' title='bbox 1855 2752 1887 2774; x_wconf 76' lang='lat'>14.</span> <span class='ocrx_word' id='word_1_841' title='bbox 1912 2755 1963 2774; x_wconf 84' lang='lat' dir='ltr'>nota</span> <span class='ocrx_word' id='word_1_842' title='bbox 1987 2753 2007 2774; x_wconf 85' lang='lat'><strong>3.</strong></span> 
     </span>
     <span class='ocr_line' id='line_1_110' title="bbox 1159 2793 1260 2815; baseline -0.01 0"><span class='ocrx_word' id='word_1_843' title='bbox 1159 2793 1260 2815; x_wconf 86' lang='lat' dir='ltr'>allatum.</span> 
     </span>
    </p>

    <p class='ocr_par' dir='ltr' id='par_1_41' title="bbox 1220 2831 1806 2859">
     <span class='ocr_line' id='line_1_111' title="bbox 1220 2831 1806 2859; baseline -0.002 -6"><span class='ocrx_word' id='word_1_844' title='bbox 1220 2831 1230 2846; x_wconf 94' lang='lat'><em>⁷</em></span> <span class='ocrx_word' id='word_1_845' title='bbox 1247 2832 1309 2853; x_wconf 76' lang='lat' dir='ltr'>lianc</span> <span class='ocrx_word' id='word_1_846' title='bbox 1326 2832 1437 2853; x_wconf 86' lang='lat' dir='ltr'>rationem</span> <span class='ocrx_word' id='word_1_847' title='bbox 1455 2831 1561 2859; x_wconf 79' lang='lat' dir='ltr'>Magister</span> <span class='ocrx_word' id='word_1_848' title='bbox 1578 2831 1676 2852; x_wconf 86' lang='lat' dir='ltr'>insinuat</span> <span class='ocrx_word' id='word_1_849' title='bbox 1694 2831 1730 2852; x_wconf 85' lang='lat' dir='ltr'>hic</span> <span class='ocrx_word' id='word_1_850' title='bbox 1748 2836 1767 2852; x_wconf 87' lang='lat' dir='ltr'>c.</span> <span class='ocrx_word' id='word_1_851' title='bbox 1786 2831 1806 2852; x_wconf 74' lang='lat'><strong>2.</strong></span> 
     </span>
    </p>

    <p class='ocr_par' dir='ltr' id='par_1_42' title="bbox 1157 2869 2007 3016">
     <span class='ocr_line' id='line_1_112' title="bbox 1220 2869 2007 2899; baseline 0 -7"><span class='ocrx_word' id='word_1_852' title='bbox 1220 2870 1230 2885; x_wconf 74' lang='lat'><strong>⁸</strong></span> <span class='ocrx_word' id='word_1_853' title='bbox 1247 2870 1291 2893; x_wconf 83' lang='lat' dir='ltr'>Csr.</span> <span class='ocrx_word' id='word_1_854' title='bbox 1310 2871 1346 2893; x_wconf 81' lang='lat' dir='ltr'>hic</span> <span class='ocrx_word' id='word_1_855' title='bbox 1364 2871 1394 2893; x_wconf 88' lang='lat' dir='ltr'>lit.</span> <span class='ocrx_word' id='word_1_856' title='bbox 1417 2871 1528 2898; x_wconf 74' lang='lat' dir='ltr'>Magistri,</span> <span class='ocrx_word' id='word_1_857' title='bbox 1551 2876 1570 2892; x_wconf 83' lang='lat' dir='ltr'>c.</span> <span class='ocrx_word' id='word_1_858' title='bbox 1593 2871 1609 2891; x_wconf 95' lang='grc'>1.</span> <span class='ocrx_word' id='word_1_859' title='bbox 1627 2881 1658 2885; x_wconf 87' lang='grc'>-</span> <span class='ocrx_word' id='word_1_860' title='bbox 1674 2869 1730 2892; x_wconf 88' lang='lat' dir='ltr'>Cod.</span> <span class='ocrx_word' id='word_1_861' title='bbox 1749 2870 1767 2891; x_wconf 60' lang='lat' dir='ltr'>li</span> <span class='ocrx_word' id='word_1_862' title='bbox 1791 2869 1815 2892; x_wconf 75' lang='lat' dir='ltr'>in</span> <span class='ocrx_word' id='word_1_863' title='bbox 1834 2869 1962 2899; x_wconf 78' lang='lat' dir='ltr'>Scriptura</span> <span class='ocrx_word' id='word_1_864' title='bbox 1980 2869 2007 2892; x_wconf 79' lang='lat' dir='ltr'>te-</span> 
     </span>
     <span class='ocr_line' id='line_1_113' title="bbox 1157 2907 2006 2939; baseline -0.002 -7"><span class='ocrx_word' id='word_1_865' title='bbox 1157 2909 1229 2939; x_wconf 58' lang='lat' dir='ltr'>gitur.</span> <span class='ocrx_word' id='word_1_866' title='bbox 1253 2910 1301 2931; x_wconf 83' lang='lat' dir='ltr'>Mox</span> <span class='ocrx_word' id='word_1_867' title='bbox 1324 2916 1365 2937; x_wconf 85' lang='lat' dir='ltr'>pro</span> <span class='ocrx_word' id='word_1_868' title='bbox 1387 2908 1514 2939; x_wconf 70' lang='lat' dir='ltr'>ambiyttus</span> <span class='ocrx_word' id='word_1_869' title='bbox 1537 2909 1587 2931; x_wconf 87' lang='lat' dir='ltr'>cod.</span> <span class='ocrx_word' id='word_1_870' title='bbox 1612 2909 1631 2930; x_wconf 80' lang='lat' dir='ltr'>M</span> <span class='ocrx_word' id='word_1_871' title='bbox 1649 2907 1774 2933; x_wconf 71' lang='lat' dir='ltr'>abusivus,</span> <span class='ocrx_word' id='word_1_872' title='bbox 1798 2911 1819 2931; x_wconf 87' lang='lat' dir='ltr'>et</span> <span class='ocrx_word' id='word_1_873' title='bbox 1843 2909 1941 2931; x_wconf 86' lang='lat' dir='ltr'>subinde</span> <span class='ocrx_word' id='word_1_874' title='bbox 1965 2915 2006 2937; x_wconf 83' lang='lat' dir='ltr'>pro</span> 
     </span>
     <span class='ocr_line' id='line_1_114' title="bbox 1160 2947 2005 2977; baseline 0 -7"><span class='ocrx_word' id='word_1_875' title='bbox 1160 2954 1235 2976; x_wconf 78' lang='lat' dir='ltr'>unus,</span> <span class='ocrx_word' id='word_1_876' title='bbox 1259 2948 1322 2977; x_wconf 78' lang='lat' dir='ltr'>quod</span> <span class='ocrx_word' id='word_1_877' title='bbox 1346 2948 1413 2970; x_wconf 83' lang='lat' dir='ltr'>habet</span> <span class='ocrx_word' id='word_1_878' title='bbox 1433 2948 1489 2976; x_wconf 80' lang='lat' dir='ltr'>Vat,</span> <span class='ocrx_word' id='word_1_879' title='bbox 1513 2948 1565 2970; x_wconf 77' lang='lat' dir='ltr'>cdd.</span> <span class='ocrx_word' id='word_1_880' title='bbox 1593 2948 1610 2975; x_wconf 76' lang='lat' dir='ltr'>l⁷</span> <span class='ocrx_word' id='word_1_881' title='bbox 1629 2948 1641 2969; x_wconf 69' lang='lat'>‘2</span> <span class='ocrx_word' id='word_1_882' title='bbox 1665 2950 1686 2969; x_wconf 76' lang='lat' dir='ltr'>ot</span> <span class='ocrx_word' id='word_1_883' title='bbox 1709 2948 1776 2970; x_wconf 87' lang='lat' dir='ltr'>codd.</span> <span class='ocrx_word' id='word_1_884' title='bbox 1800 2947 1874 2976; x_wconf 78' lang='lat' dir='ltr'>unde,</span> <span class='ocrx_word' id='word_1_885' title='bbox 1901 2948 1941 2970; x_wconf 82' lang='lat' dir='ltr'>sed</span> <span class='ocrx_word' id='word_1_886' title='bbox 1962 2954 2005 2970; x_wconf 91' lang='lat' dir='ltr'>non</span> 
     </span>
     <span class='ocr_line' id='line_1_115' title="bbox 1160 2994 1269 3016; baseline 0 -6"><span class='ocrx_word' id='word_1_887' title='bbox 1160 2994 1269 3016; x_wconf 80' lang='lat' dir='ltr'>congrue.</span> 
     </span>
    </p>
   </div>
  </div>
 </body>
</html>
