2166 3366
128 840 210 859 Dubium
227 841 244 859 3.

263 197 320 226 344

265 287 331 314 tem,
351 284 427 317 quia,
442 283 486 310 ubi
498 287 612 318 propter
632 288 745 310 mortem
765 285 872 312 tristitia
892 288 945 317 est,
966 285 1020 312 illic
1039 293 1111 312 mors

262 333 342 352 caasa
364 326 486 353 tristitiae
507 329 560 359 est;
580 326 625 352 ubi
648 334 711 353 vero
732 327 838 353 tristitia
853 335 936 362 usqae
949 327 986 354 ad
997 332 1112 354 mortem

263 373 317 401 est,
337 377 409 396 mors
429 377 480 395 uon
502 370 624 396 tristitiae
645 373 684 396 est
705 378 796 401 caasa,
816 371 862 397 sed
881 370 946 406 finis
959 383 981 397 ».
1008 383 1018 394 «
1038 372 1112 399 Adeo

262 415 351 438 autem
373 419 422 438 non
443 415 554 446 propter
583 416 695 439 mortem
724 417 849 447 suscepta
879 417 918 440 est
939 414 1062 446 tristitia,
1083 418 1112 441 ut

262 455 295 480 sit
314 454 440 481 destituta
460 462 509 489 per
529 458 678 483 mortem».
702 456 782 482 «Non
803 464 865 490 ergo
885 457 937 483 sibi
958 458 1040 484 tristis
1060 461 1111 490 est,

261 497 309 523 sed
330 497 381 523 illis
400 498 446 532 qui
468 498 492 524 in
512 498 639 525 scandalo
659 506 708 533 per
728 499 907 526 infirmitatem
928 501 1016 526 carnis
1037 504 1112 527 erant

262 540 358 572 futuri,
378 548 447 575 quos
468 545 558 568 monet
575 548 667 573 orare,
694 549 727 568 ne
755 541 923 569 inducantur
943 542 973 569 in
993 542 1113 570 tentatio-

262 591 337 614 nem,
358 584 403 617 qui
424 587 484 610 ante
504 584 616 618 polliciti
636 588 712 611 erant
731 592 760 612 se
779 593 831 611 non
851 586 1062 612 scandalizari».

332 626 447 653 NOTULA.
472 627 588 653 Hilarius
612 627 637 653 in
658 627 726 654 libro
745 627 779 654 de
797 627 946 662 Synodis¹:
961 628 1026 655 Cum
1045 629 1112 655 haec

261 669 417 703 passionum
438 677 535 702 genera
557 670 710 697 infirmitate
730 672 819 697 carnis
839 671 971 705 afficiant,
985 672 1055 698 Deus
1076 675 1112 698 ta-

260 719 328 743 men,
344 712 459 738 Verbum
474 720 537 739 earo
552 713 665 745 sactum,
681 721 732 740 non
747 714 834 748 potuit
848 714 881 741 ad
896 721 924 740 se
938 714 1111 741 demutabilis

259 762 317 781 esse
332 755 465 789 patiendo.
481 755 599 782 Verbum
616 756 699 788 enim,
714 757 777 790 quia
791 764 855 783 caro
870 757 969 784 sactum
983 761 1034 789 est,
1048 757 1110 784 licet

258 805 287 824 se
306 798 424 832 passioni
440 798 605 831 subdiderit,
619 806 671 825 non
690 802 777 826 tamen
798 800 964 827 denudatum
976 804 1015 827 est
1030 800 1111 835 possi-

258 840 361 867 bilitate
381 841 509 875 patiendi.
529 841 593 868 Pati
610 842 709 876 potuit,
724 842 902 877 etpassibiiis
916 851 973 870 esse
994 852 1045 871 non
1067 852 1112 878 po-

261 884 316 916 tuit,
337 884 400 918 quia
419 884 586 919 passibilitas
607 888 717 912 naturae
739 886 859 913 infirmae
879 887 1040 920 significatio
1062 891 1110 919 est,

257 926 348 962 passio
368 930 457 954 autem
479 935 571 954 eorum
592 931 646 961 est,
666 936 735 963 quae
755 932 818 955 sunt
837 929 923 962 illata,
944 931 1091 965 perpessio.

621 998 682 1026 CAP.
703 1000 741 1026 ΙΙΙ.

258 1069 306 1095 An
327 1068 354 1095 in
377 1068 586 1104 Cltristofiterit
604 1069 745 1097 necessitas
765 1070 892 1105 patiendi
910 1075 933 1098 et
952 1071 1109 1103 moriendi,

472 1121 539 1148 qaae
559 1117 595 1139 est
615 1113 729 1148 defectus
747 1113 890 1148 qeneralis.

329 1187 377 1213 Hie
397 1187 482 1213 oritur
501 1187 623 1221 quaestio
643 1195 676 1214 ex
694 1188 840 1222 praedictis
854 1189 955 1215 ducens
970 1190 1107 1223 originem.

257 1230 362 1256 Dictum
383 1234 423 1257 est
442 1231 512 1256 enim
532 1230 643 1264 supra²‚
669 1231 741 1265 quod
767 1231 888 1258 Christus
908 1232 934 1258 in
954 1240 983 1259 se
1004 1236 1108 1259 nostros

256 1273 376 1299 desectus
396 1273 516 1307 suscepit
536 1277 643 1307 praeter
664 1277 814 1307 peecatum.
829 1275 875 1301 Est
887 1278 976 1301 autem
992 1275 1109 1302 hominis

256 1316 365 1350 quidam
386 1316 519 1348 generalis
537 1316 671 1349 detectus,
692 1317 737 1351 qui
758 1320 899 1351 peccatum
921 1325 972 1344 non
993 1321 1040 1351 est,
1060 1319 1110 1344 sei-

256 1359 319 1385 licet
344 1358 485 1385 necessitas
511 1359 651 1394 patiendi,
684 1360 725 1386 vel
743 1359 889 1387 moriendi.
911 1361 987 1387 Unde
1008 1369 1108 1396 corpus

256 1405 377 1428 nostrum
398 1410 449 1428 non
470 1405 572 1429 tantum
592 1403 724 1433 onorlale,
744 1403 790 1430 sed
812 1404 892 1430 etiam
911 1408 1051 1431 mortuam
1071 1405 1109 1431 di-

256 1445 340 1478 citur,
369 1446 433 1480 quia
463 1453 514 1472 non
545 1449 645 1472 tantum
675 1446 857 1481 aptitudinem
886 1447 1033 1479 moriendi,
1060 1448 1106 1474 sed

256 1489 335 1515 etiam
357 1488 543 1515 necessitatem
573 1489 659 1515 habet.
690 1489 751 1515 Ideo
780 1490 933 1524 quaeritur,
956 1493 1045 1516 utrum
1066 1498 1108 1517 ne-

255 1531 361 1558 cessitas
382 1532 442 1558 talis
461 1532 486 1558 in
507 1531 603 1558 Christi
625 1532 760 1567 eorpore³
781 1533 866 1559 suerit.
899 1533 935 1559 De
954 1533 1108 1568 aptitudine

255 1574 325 1600 enim
346 1574 493 1606 moriendi,
513 1575 585 1608 quod
606 1575 631 1601 in
652 1582 683 1602 eo
704 1575 796 1607 suerit,
816 1576 972 1610 ambiguum
992 1580 1107 1608 nonest,

255 1624 324 1652 quae
344 1617 424 1644 etiam
445 1621 505 1644 ante
526 1621 666 1652 peccatum
689 1619 713 1645 in
734 1619 842 1645 homine
857 1619 920 1653 suit,
940 1619 1048 1654 quando
1063 1620 1107 1646 ali-

254 1661 315 1695 quis
335 1661 360 1687 in
382 1668 412 1688 eo
434 1669 485 1687 non
506 1662 553 1688 fuit
574 1661 706 1694 detectus;
720 1669 769 1689 nec
791 1662 870 1695 igitur
889 1662 1042 1689 mortalitas
1064 1663 1107 1690 illa

255 1707 318 1731 tune
338 1704 363 1730 in
384 1712 416 1731 eo
446 1704 495 1731 t'uit
523 1704 657 1737 defectus,
686 1706 748 1740 quia
780 1708 875 1733 natura
900 1706 923 1733 ei
944 1709 1009 1733 erat.
1030 1706 1106 1733 Unde

255 1748 334 1774 etiam
355 1747 465 1782 quidam
487 1748 565 1774 talem
596 1747 789 1774 onortalitatem
818 1749 843 1775 in
874 1749 950 1776 nobis
976 1757 1027 1775 non
1048 1757 1106 1776 esse

254 1791 386 1817 desectum
409 1798 460 1817 non
480 1791 603 1825 improbe
625 1792 746 1823 tradunt,
775 1791 823 1818 sed
851 1791 1033 1818 necessitatem
1054 1800 1106 1819 mo-

253 1833 355 1865 riendi,
376 1833 417 1860 vel
437 1833 571 1868 patiendi,
591 1841 661 1868 quae
676 1834 755 1861 etiam
768 1833 922 1861 mortalitas
935 1834 1043 1867 dicitur,
1064 1835 1105 1862 vel

250 1876 428 1912 passibilitas.
450 1877 552 1904 Dicitur
581 1878 651 1904 enim
681 1878 761 1904 homo
790 1885 861 1905 nune
884 1878 1042 1913 passibilis,
1064 1879 1105 1905 vel

253 1919 397 1950 mortalis,
419 1927 470 1946 non
490 1920 569 1946 modo
599 1923 710 1954 propter
738 1920 936 1955 aptitudinem,
956 1921 1002 1948 sed
1024 1922 1104 1948 etiam

254 1966 365 1997 propter
384 1962 572 1989 necessitatem.
593 1962 644 1989 Sed
665 1963 786 1998 nunquid
806 1963 850 1990 hie
870 1963 991 1990 defectus
1012 1964 1061 1991 tuit
1079 1965 1104 1991 in

254 2005 351 2032 Christi
371 2006 470 2032 carne?
490 2006 585 2032 Anima
604 2013 714 2040 quoque
733 2006 806 2037 eius,
827 2014 888 2033 cum
901 2005 1041 2041 passibilis
1062 2014 1105 2034 ex-

253 2048 350 2075 stiterit
379 2052 439 2075 ante
461 2052 592 2081 mortem,
623 2049 743 2083 nunquid
772 2049 951 2076 necessitatem
985 2049 1103 2084 patiendi

316 2692 323 2707 ¹
342 2693 407 2715 Num.
427 2692 463 2715 49.
481 2706 511 2709 —
523 2693 626 2722 Sequens
644 2693 719 2716 notula
738 2693 814 2715 Hilarii
831 2694 852 2715 in
870 2693 924 2715 edd.
941 2696 964 2715 et
980 2693 1047 2715 codd.
1067 2693 1102 2715 vel

253 2732 326 2760 deest,
344 2732 380 2754 vel
398 2732 426 2754 ad
445 2733 573 2760 marginem
586 2736 620 2755 est
631 2733 717 2760 posita,
735 2732 809 2755 sedin
829 2732 926 2755 diversis
943 2732 996 2754 edd.
1010 2738 1054 2754 non
1066 2739 1102 2755 eo-

252 2771 305 2793 dem
323 2771 379 2793 loco.
393 2783 423 2787 —-
435 2771 492 2793 Cum
511 2771 599 2799 verbis,
613 2778 672 2800 quae
685 2774 824 2800 sequuntur:
837 2771 880 2794 Hic
892 2771 983 2800 oritur,
998 2772 1019 2793 in
1032 2771 1101 2794 codd.

252 2811 300 2832 aliis
317 2813 339 2832 et
355 2810 408 2832 edd.
426 2811 506 2838 incipit
523 2811 578 2833 haee
596 2810 618 2833 d.
637 2810 697 2833 XVl.

313 2849 322 2863 2
342 2849 396 2871 Dist.
414 2849 465 2871 XV.
483 2855 502 2872 c.
524 2850 541 2871 1.

313 2887 323 2902 ³
341 2888 370 2910 ita
387 2888 455 2910 codd.
472 2888 541 2911 ACE
559 2891 581 2910 et
597 2888 650 2911 edd.
673 2889 689 2917 1,
707 2888 733 2916 7;
752 2889 774 2910 in
792 2889 873 2911 ceteris
890 2895 969 2912 carne.
982 2889 1039 2911 infra
1058 2895 1100 2917 pro

251 2928 342 2949 natura
358 2927 389 2955 ei,
410 2927 473 2956 quod
490 2927 558 2949 habet
576 2927 626 2950 Vat.
644 2930 666 2950 et
682 2927 736 2950 edd.
754 2927 779 2955 4,
798 2928 824 2955 9,
842 2927 894 2950 edd.
913 2928 938 2955 6,
961 2928 974 2949 S
997 2928 1100 2950 naturae

251 2965 314 2993 eins,
334 2966 355 2987 in
375 2966 468 2994 reliquis
485 2970 507 2989 et
524 2966 591 2988 codd.
609 2967 712 2989 naturae
729 2966 756 2989 ei.

314 3003 323 3018 ⁴
340 3004 412 3027 Codd.
432 3006 448 3026 Α
460 3004 501 3027 BC
518 3005 640 3034 accepisse.

940 201 1193 231 SENTENTIARUM
1216 203 1275 231 LIB.
1296 204 1336 231 111.

1169 280 1285 307 habuit?
1304 281 1330 308 Si
1350 283 1420 308 enim
1440 282 1580 309 necessitas
1598 282 1724 318 patiendi
1730 306 1738 314 ‚
1760 285 1801 311 vel
1819 285 1958 312 *moriendi
1970 286 2018 313 fuit

1170 324 1195 349 in
1215 323 1328 355 Christo,
1349 332 1400 351 non
1422 325 1527 352 videtur
1546 326 1602 353 sola
1622 326 1757 353 voluntate
1778 327 1956 355 miserationis
1975 330 2018 356 de-

1168 366 1253 393 fectus
1273 371 1378 394 nostros
1397 369 1544 402 accepisse.
1563 384 1599 388 —
1618 369 1655 395 Ad
1677 370 1749 404 quod
1769 370 1821 397 diei
1838 374 1932 405 potest,
1945 372 2018 398 Chri·
2031 377 2145 404 Deiermiua-

1167 412 1238 436 stum
1257 410 1410 441 voluntate,
1431 419 1482 438 non
1502 411 1654 438 necessitate
1672 420 1736 439 suae
1752 417 1861 440 naturae
1882 414 1930 441 hos
1950 415 2018 442 dete·
2066 403 2097 420 [ω’

1168 456 1236 484 ctus,
1256 453 1325 479 sieut
1344 454 1422 485 alios,
1443 455 1594 489 suscepisse
1605 455 1623 486 ⁴,
1642 456 1746 482 scilieet
1766 457 1950 484 necessitatem
1968 467 2017 493 pa-

1169 495 1256 522 tiendi
1282 496 1306 522 in
1334 497 1437 529 anima,
1466 498 1545 524 simul
1572 501 1661 525 autem
1686 498 1813 533 patiendi
1838 504 1862 526 et
1882 500 2020 528 moriendi

1170 539 1195 564 in
1221 546 1309 566 carne.
1339 540 1438 566 Verum
1465 541 1535 567 hane
1564 542 1750 568 necessitatem
1780 550 1830 569 non
1862 543 1956 570 habuit
1984 552 2015 571 ex

1169 581 1319 608 neeessicate
1339 590 1404 609 suae
1424 583 1600 615 conditionis,
1626 585 1688 618 quia
1709 592 1724 611 a
1745 589 1856 619 peccato
1878 587 2017 619 immunis,

1169 625 1214 651 sed
1244 632 1276 651 ex
1305 625 1361 652 sola
1389 626 1526 653 volantate
1555 628 1674 661 aceepit,
1695 628 1727 654 de
1749 632 1838 655 nostra
1864 629 2016 656 infirmitate

1169 675 1271 701 ponens
1292 667 1497 696 tabernaculam
1516 678 1596 696 snam
1620 670 1650 697 in
1669 671 1738 701 sole,
1758 671 1862 698 seilicet
1882 673 1932 699 sub
1953 676 2017 699 tem-

1168 711 1254 745 porali
1275 711 1453 739 mutabilitate
1473 716 1498 739 et
1522 713 1621 740 labore.
1651 714 1727 741 Unde
1758 722 1839 749 super
1868 716 2016 750 Epistolam

1168 753 1200 780 ad
1221 754 1377 781 Hebrae0s⁵
1397 756 1543 782 auctoritas
1563 756 1638 789 dicit,
1659 758 1730 791 quod
1750 769 1761 780 «
1775 758 1845 785 sieut
1862 759 2015 787 hominibus
2028 768 2102 787 elassa.

1168 797 1227 823 aliis
1249 798 1351 824 inre-et
1376 798 1434 831 lege
1459 802 1569 825 naturae
1599 802 1726 826 statutum
1755 804 1794 827 est
1823 802 1904 828 semel
1934 803 2014 835 mori,

1168 839 1203 865 ita
1225 843 1249 866 et
1271 840 1392 867 Christus
1415 841 1508 868 eadem
1531 843 1689 869 necessitate
1713 846 1738 869 et
1761 843 1819 870 iure
1839 847 1950 871 naturae
1978 852 2016 871 se-

1168 882 1219 908 mel
1239 883 1345 909 oblatus
1364 887 1417 915 est,
1438 887 1464 910 et
1485 892 1535 911 non
1555 892 1672 919 saepe».
1694 886 1750 913 Nec
1775 886 1835 913 ideo
1866 887 1930 914 dicit
1956 887 2016 914 iare

1169 929 1299 956 naturae,
1320 927 1391 961 quod
1413 935 1446 953 ex
1468 931 1561 954 natura
1582 935 1647 955 suae
1675 929 1837 956 conditionis
1857 931 1929 957 hunc
1948 931 2016 958 dete-

1168 972 1239 995 ctum
1262 970 1386 1003 traxerit,
1415 970 1461 1005 qui
1489 971 1569 997 etiam
1598 979 1649 998 non
1679 973 1803 1006 provenit
1823 974 1899 1000 nobis
1920 981 1953 1001 ex
1973 981 2017 1001 na-

1168 1016 1242 1042 tura,
1262 1013 1410 1039 secuiulum
1431 1014 1502 1047 quod
1533 1014 1608 1048 prius
1637 1018 1676 1041 est
1702 1015 1836 1047 instituta,
1863 1016 1910 1043 sed
1931 1024 1963 1043 ex
1984 1025 2014 1044 ea

1167 1059 1279 1089 peccato
1301 1056 1400 1083 vitiata.
1420 1057 1452 1083 Et
1471 1057 1532 1083 ideo
1552 1057 1650 1084 dicitur
1671 1058 1715 1085 hie
1735 1058 1854 1086 detectus
1867 1060 2015 1092 nataraiis,

1167 1099 1230 1132 quia
1250 1099 1326 1133 quasi
1348 1107 1397 1134 pro
1418 1104 1511 1126 natura
1534 1101 1657 1134 inolevit,
1678 1101 1703 1127 in
1725 1102 1850 1129 omnibus
1869 1103 1988 1130 (titiusus.

1530 1187 1590 1213 CAP.
1611 1188 1653 1215 IV.

1295 1273 1332 1298 De
1351 1272 1464 1299 statibus
1484 1272 1620 1305 hominis,
1640 1278 1663 1300 et
1683 1274 1750 1309 qaid
1771 1275 1893 1302 Christus

1426 1315 1457 1342 de
1478 1316 1595 1351 sinffltlis
1615 1317 1751 1352 acceperit.

1237 1402 1269 1428 Et
1288 1404 1327 1427 est
1348 1401 1391 1428 hic
1411 1402 1572 1434 notandum,
1592 1403 1725 1430 Christum
1745 1404 1778 1431 de
1792 1405 1863 1431 omni
1878 1408 1949 1432 statu
1969 1405 2016 1432 ho-
2028 1413 2109 1432 Dubium
2125 1413 2144 1432 t.

1165 1444 1244 1471 minis
1264 1444 1365 1479 aliquid
1387 1445 1539 1479 accepisse,
1559 1446 1604 1480 qui
1620 1454 1711 1473 omnes
1732 1447 1803 1473 venit
1822 1447 1935 1474 salvare.
1949 1448 2014 1475 Sunt

1165 1488 1234 1514 enim
1257 1492 1373 1523 quatuor
1392 1491 1476 1515 status
1495 1489 1625 1516 hominis:
1655 1490 1758 1524 primus
1777 1494 1838 1517 ante
1858 1494 2014 1525 peccatum,

1164 1531 1300 1558 secundus
1320 1535 1380 1566 post
1399 1536 1540 1566 peecatum
1567 1536 1592 1559 et
1621 1536 1681 1559 ante
1701 1534 1828 1567 gratiam,
1850 1534 1943 1561 tertius
1962 1535 2012 1561 sub

1164 1575 1264 1608 gratia,
1285 1578 1397 1609 quartus
1417 1575 1442 1601 in
1462 1575 1554 1610 gioria.
1578 1576 1613 1602 De
1630 1575 1722 1611 primo
1741 1579 1812 1603 statu
1836 1577 1941 1611 aceepit
1970 1578 2015 1604 im—

1165 1619 1322 1645 munitatem
1352 1618 1464 1652 peccati.
1498 1618 1572 1645 Unde
1601 1619 1789 1653 Augustinus⁰
1817 1620 1880 1647 illud
1908 1620 2012 1647 [oannis
2024 1629 2145 1652 Augustinus.

1165 1662 1350 1695 Evangelistae
1361 1669 1510 1696 exponens:
1527 1661 1581 1694 Qai
1592 1661 1735 1689 desursum
1750 1662 1821 1689 venit
1830 1671 1912 1698 saper
1922 1672 2013 1690 omnes

1164 1709 1214 1736 est,
1245 1705 1324 1737 dicit,
1350 1705 1506 1732 «Christum
1537 1706 1641 1732 venisse
1669 1706 1828 1738 desursum,
1858 1707 1884 1733 id
1913 1710 1953 1733 est
1980 1707 2012 1733 de

1163 1748 1303 1775 altitudine
1319 1748 1452 1775 humanae
1466 1752 1578 1776 naturae
1597 1752 1658 1776 ante
1672 1752 1827 1783 peecatum,
1839 1749 1902 1784 quia
1916 1749 1950 1776 de
1970 1749 2013 1776 illa

1163 1791 1303 1818 altitudine
1333 1792 1459 1818 assumsit
1484 1792 1603 1818 Verbum
1631 1792 1677 1819 Dei
1708 1792 1852 1819 humanam
1873 1795 2010 1826 naturam,

1163 1834 1226 1861 dum
1247 1842 1298 1861 non
1322 1835 1448 1861 assumsit
1467 1834 1591 1869 culpam,
1612 1835 1689 1862 euius
1710 1835 1836 1862 assumsit
1862 1843 2009 1870 poenam».

1162 1877 1214 1904 Sed
1235 1885 1348 1912 poenam
1369 1878 1495 1905 assumsit
1513 1877 1546 1904 de
1575 1881 1645 1905 statu
1671 1877 1787 1905 secando
1808 1881 1834 1905 et
1854 1878 1921 1905 alios
1941 1878 2012 1905 dese—

1162 1924 1236 1954 ctus;
1256 1921 1289 1947 de
1309 1920 1385 1947 tertio
1415 1929 1478 1948 vero
1501 1922 1603 1955 gratiae
1630 1921 1839 1956 plenitudinem3
1860 1922 1893 1949 de
1913 1926 2009 1957 quarto

1162 1972 1214 1990 non
1231 1972 1309 1999 posse
1332 1972 1441 1999 peceare
1470 1968 1495 1991 et
1515 1965 1560 1991 Dei
1581 1966 1727 1999 perfectam
1747 1966 2009 2000 contemplationem.

1162 2007 1261 2034 Habuit
1280 2007 1350 2034 enim
1378 2007 1458 2034 simul
1485 2008 1555 2034 bona
1575 2007 1633 2034 viae
1661 2008 1794 2043 quaedam
1814 2012 1840 2035 et
1861 2008 1929 2035 bona
1960 2017 2009 2044 pa-

1162 2049 1245 2081 triae,
1265 2051 1335 2077 sieut
1355 2053 1381 2077 et
1399 2050 1532 2085 quaedam
1553 2051 1623 2078 mala
1643 2050 1709 2077 viae.

1224 2693 1233 2708 ⁵
1249 2693 1304 2721 Cap.
1323 2694 1343 2721 9,
1362 2693 1399 2722 27,
1417 2696 1439 2716 et
1454 2697 1489 2716 est
1511 2694 1589 2726 Glossa
1613 2694 1727 2717 ordinaria
1750 2695 1813 2723 apud
1836 2695 1959 2723 Lyranum.
1978 2707 2007 2711 —-

1160 2732 1229 2755 Paulo
1246 2733 1353 2760 superius
1370 2733 1491 2761 respicitur
1510 2733 1543 2755 ΡΞ.
1566 2734 1603 2760 18,
1622 2734 1643 2756 6.
1660 2746 1690 2750 —
1704 2734 1761 2756 intra
1779 2740 1822 2762 pro
1840 2733 1944 2756 traxerit
1954 2733 2006 2756 edd.

1163 2772 1180 2800 t,
1199 2772 1212 2793 8
1231 2771 1393 2800 contrement,
1414 2778 1473 2800 quae
1490 2772 1558 2794 simul
1575 2778 1629 2795 cum
1646 2772 1697 2795 cod.
1715 2773 1731 2794 E
1749 2776 1801 2801 post
1821 2772 1890 2802 prius
1912 2774 1947 2795 est
1967 2772 2007 2795 ad-

1159 2811 1216 2833 dunt
1233 2810 1306 2834 nobis.

1220 2850 1230 2865 ⁶
1247 2850 1326 2873 Gtossa
1344 2857 1415 2879 super
1432 2851 1491 2873 toan.
1510 2851 1535 2879 3,
1554 2852 1591 2879 31,
1609 2851 1671 2879 apud
1684 2851 1800 2879 Lyranum
1819 2852 1887 2873 relata
1900 2857 1953 2873 cum
1968 2857 2005 2873 no-

1158 2890 1219 2911 mine
1236 2890 1364 2917 Augustini.
1376 2902 1408 2906 —
1417 2890 1450 2912 De
1463 2891 1536 2918 prima
1551 2891 1618 2913 huius
1636 2897 1685 2918 cap.
1698 2891 1855 2918 propositione
1867 2890 1907 2912 cir.
1920 2890 2005 2918 Boeth.‚

1158 2928 1187 2950 de
1204 2928 1251 2951 Una
1271 2929 1367 2951 Persona
1385 2932 1408 2952 et
1420 2929 1511 2951 duabus
1529 2930 1615 2952 naturis
1626 2932 1668 2951 etc.
1681 2935 1700 2951 c.
1718 2929 1739 2951 8.
1753 2929 1784 2951 De
1796 2932 1896 2957 quatuor
1910 2929 2006 2952 statibus

1157 2968 1179 2990 11.
1203 2967 1263 2991 Sem.
1287 2968 1309 2990 d.
1328 2968 1402 2991 XXV.
1420 2974 1439 2991 c.
1457 2969 1478 2990 6.
1497 2970 1519 2990 et
1536 2969 1572 2991 hic
1589 2969 1611 2990 in
1629 2967 1755 2991 Comment.
1774 2967 1830 2991 dub.
1849 2968 1869 2991 li.
