2166 3366
103 370 218 389 Notandum.

102 2432 237 2450 Fundamenta.

235 191 291 218 090

312 268 337 296 3.
361 268 396 296 :td
421 268 489 296 illud
521 268 595 304 quod
619 267 764 301 obiicitur,
794 267 870 304 quod
891 267 1024 296 ordinans
1046 268 1080 296 ad

233 316 339 353 aliquid
363 319 467 349 cessat,
489 315 601 343 obtento
623 322 671 348 eo,
694 315 728 342 ad
763 315 835 351 quod
868 314 1033 351 disponebat
1055 318 1082 343 et

233 363 395 396 inclinabam
418 363 582 396 dicendum,
605 362 679 399 quod
713 362 781 390 illud
804 366 845 390 est
866 370 964 390 verum
993 362 1027 391 de
1049 370 1081 391 eo

234 411 309 448 quod
331 410 421 438 solnm
439 410 523 438 babet
544 409 678 437 rationem
701 409 785 442 vium
801 409 902 438 caritas
916 412 1010 438 autem
1026 418 1079 438 non

235 457 427 486 tantummodo
449 460 490 485 est
505 456 649 493 dispositio
671 456 705 484 ad
723 456 895 484 anatomiam
914 459 941 484 et
955 456 1080 484 eundum

232 505 259 533 iu
283 505 407 538 eaelum,
429 504 478 532 sed
500 504 583 532 etiam
606 503 640 531 ad
663 503 877 540 quiescendum.
910 503 985 532 Sicut
1006 503 1080 532 enim

234 551 303 588 lapis
335 551 431 580 eodem
466 551 607 587 pondere,
639 559 695 587 quo
727 553 856 578 movetur
889 550 924 578 ad
962 554 1080 584 terram,

232 598 350 635 quiescit
373 598 425 631 ibi,
447 605 511 626 eum
533 597 568 625 ad
590 600 695 626 terrani
723 597 897 633 pervenerit3
920 597 958 626 sie
981 601 1008 625 et
1030 605 1081 625 suo
1109 594 1110 608 ³

233 644 315 673 modo
338 644 549 681 intelligendum
572 647 613 673 est
642 645 669 672 in
697 645 821 681 pondere
846 645 951 673 amoris
973 645 1031 673 sive
1052 644 1079 672 in

233 692 331 720 habitu
353 692 492 726 caritatis3
515 695 541 721 et
564 692 598 720 de
620 699 669 725 eo,
695 692 771 729 quod
793 692 845 720 isto
867 692 949 721 modo
971 692 1082 720 ordinat

233 743 260 768 et
281 739 395 767 inclinat
416 739 522 776 aliquid
546 739 572 767 in
595 738 693 774 finem,
716 747 766 768 nec
780 742 902 776 oportet,
918 739 1010 776 ipsum
1027 747 1082 767 ces—

234 794 296 815 sare
319 786 345 814 in
369 786 432 815 finis
454 789 480 815 et
503 786 613 815 termini
634 786 817 815 assecutione.

312 834 338 861 li.
362 833 398 862 Ad
430 833 499 862 illud
532 833 607 870 quod
638 833 780 867 obiicitur,
813 833 886 870 quod
922 833 1009 861 maior
1041 835 1082 861 est

234 880 416 915 beatificatio,
439 880 486 909 ubi
509 880 657 918 perfectior
672 883 714 909 est
729 881 808 914 unio;
824 881 990 917 dicendum,
1006 880 1080 917 quod

234 935 333 955 verum
356 931 413 961 est3
436 927 483 956 sed
507 927 581 964 quod
604 926 717 960 obiicit,
745 927 820 964 quod
852 927 1003 964 perfectius
1027 927 1083 954 nni·
1110 932 1112 952 ι

235 978 313 1003 retur
345 975 420 1003 Deus
451 974 573 1009 animae,
604 975 626 1003 si
659 975 790 1003 uniretur
820 974 926 1011 absque
953 975 1082 1007 caritate3
1110 1001 1112 1009 ,

912 189 1164 218 ΞΕΝΤΕΝῊΑΗΗΜ
1183 190 1243 218 Ltss.
1266 190 1305 218 111.

1140 269 1305 303 dicendum,
1338 269 1412 305 quod
1446 268 1547 296 falsum
1578 272 1633 296 est:
1657 268 1722 305 qnia
1754 269 1847 297 anima
1869 277 1922 297 non
1945 272 1984 298 est

1140 316 1272 353 disposita
1295 316 1330 344 ad
1353 316 1421 349 hoc,
1444 316 1518 352 quod
1551 316 1666 344 uniatur
1699 315 1755 344 Deo
1780 324 1830 353 per
1853 315 1987 352 gloriam.

1139 363 1191 391 nisi
1221 363 1387 391 interveniat
1419 362 1544 396 habitus,
1577 371 1632 399 quo
1666 362 1716 399 ipsi
1746 363 1938 391 conformetur
1960 366 1987 391 et
2003 369 2116 388 Notandum.
2144 380 2145 384 ,

1139 417 1194 446 quo
1215 409 1341 437 elevetur
1373 412 1399 436 et
1430 408 1552 445 quodam
1585 409 1668 437 modo
1696 409 1804 437 fortiter
1827 409 1987 446 alligetur¹.

1139 456 1206 484 Unio
1228 455 1301 484 enim
1323 455 1505 484 beatitudinis
1526 459 1568 483 est
1590 463 1639 492 per
1661 456 1844 492 cognitionem
1868 460 1893 484 et
1916 464 1989 484 amo—

1139 511 1214 536 rem:
1237 502 1312 531 uude
1334 502 1405 531 sicut
1428 502 1540 530 habitus
1562 502 1694 539 diligendi
1724 511 1779 531 non
1807 503 1872 531 facit
1893 503 1927 531 ad
1951 503 1988 531 di-

1140 550 1263 578 lectionis
1289 549 1519 583 diminutionem,
1552 549 1637 577 immo
1670 550 1762 587 potius
1787 550 1822 578 ad
1846 550 1988 586 perfeetio-

1139 606 1218 630 nem;
1241 597 1279 625 sic
1301 597 1383 625 etiam
1406 605 1459 625 non
1480 597 1545 625 facit
1567 597 1602 625 ad
1624 597 1700 625 illius
1723 597 1833 625 unionis
1861 597 1989 634 imperfe-

1139 644 1274 678 ctionem,
1296 643 1345 672 sed
1368 644 1461 680 potius
1482 644 1517 672 ad
1542 644 1740 681 perfectionem
1762 647 1789 672 et
1804 644 1989 680 complemen-

1139 695 1207 719 tum.
1241 690 1317 719 Unde
1349 690 1423 727 quod
1457 690 1536 724 dicit,
1570 690 1645 727 quod
1678 690 1766 727 magis
1788 690 1884 719 unitur
1914 691 1989 728 quod

1139 737 1237 766 unitur
1265 737 1324 766 sine
1357 737 1448 766 medio
1477 746 1561 774 quam
1588 745 1651 766 eum
1685 737 1793 772 medio;
1822 737 1989 771 dicendum,

1139 784 1214 821 quod
1238 784 1307 813 illud
1331 784 1414 813 habet
1436 784 1581 813 veritatem
1599 784 1633 813 de
1649 784 1750 820 medio,
1772 785 1847 821 quod
1869 784 1934 813 facit
1950 785 1990 813 cti-

1138 836 1236 866 stare,
1258 840 1312 860 non
1335 836 1428 861 autem
1451 832 1486 861 de
1507 840 1555 866 eo,
1577 832 1653 869 quod
1681 832 1746 861 facit
1774 832 1989 869 approximare

1139 882 1166 907 et
1187 879 1222 907 ad
1244 879 1375 908 unionem
1399 879 1487 916 magis
1509 879 1601 907 reddit
1623 879 1755 914 habilem,
1775 879 1932 908 cuiusmodi
1949 883 1990 907 est

1140 925 1283 954 vinculum
1307 925 1438 954 caritatis.

977 1062 1238 1101 SOI-[OLION.

299 1158 311 1180 t.
330 1158 352 1179 ln
365 1158 511 1181 conclusione
523 1164 604 1180 omnes
617 1158 767 1179 consentiunt.
781 1158 943 1185 Quaestionem
956 1163 1082 1179 connexam

234 1198 256 1220 S.
276 1198 360 1220 ttonav.
378 1197 499 1219 confirmat
516 1197 529 1218 3
547 1196 686 1224 rationibus,
701 1203 799 1225 quarum
813 1196 914 1219 secunda
932 1199 965 1219 est
981 1196 1084 1226 (quitilns

234 1237 366 1259 voluntatis.
384 1236 415 1258 De
433 1237 600 1263 controversia,
620 1239 697 1258 utrum
710 1236 816 1258 voluntas
828 1236 857 1258 sit
872 1236 1005 1263 sinipliriter
1023 1235 1085 1257 nobi-

235 1276 277 1298 lior
290 1276 413 1302 intellectu,
435 1276 474 1297 cfr.
494 1276 516 1297 u.
534 1276 595 1297 Sent.
614 1275 635 1297 d.
654 1275 691 1297 25.
709 1282 731 1303 p.
750 1276 764 1297 1,
782 1281 803 1303 q.
817 1276 842 1302 6,
862 1275 883 1297 in
906 1275 999 1297 scholio.
1017 1275 1084 1303 Quod

234 1317 311 1337 autem
329 1314 416 1343 aliquid
434 1315 506 1342 possit
518 1315 569 1342 plus
587 1315 670 1341 ainari,
693 1323 702 1333 ει
715 1320 785 1342 quam
798 1317 960 1341 cognoscatur,
974 1314 1026 1342 quia
1046 1320 1086 1342 po-

236 1357 277 1376 test
289 1354 388 1382 perfecte
406 1355 488 1381 amari,
506 1354 594 1376 etiarnsi
614 1360 657 1375 non
676 1353 775 1381 pei-seete
788 1357 940 1381 cognoscatur
953 1362 977 1380 n,
996 1353 1086 1375 disertis

236 1393 314 1415 verbis
331 1393 397 1415 docet
415 1394 482 1415 etiam
502 1393 523 1414 S.
543 1393 625 1415 Thom.
644 1392 680 1421 (S.
699 1393 712 1415 1.
736 1392 758 1414 il.
777 1400 799 1421 q.
818 1393 854 1415 27.
872 1399 892 1414 a.
911 1394 931 1414 2.
950 1392 978 1414 ad
997 1393 1020 1419 -2;
1046 1393 1085 1414 cfr.

236 1433 259 1455 11.
279 1433 300 1454 tl.
319 1439 341 1461 q.
360 1433 396 1454 27.
414 1439 434 1454 a.
453 1431 491 1460 4.).

300 1472 330 1493 De
349 1473 390 1493 hac
408 1472 554 1500 quaestione:
573 1473 640 1495 Scot-v
658 1472 680 1494 in
699 1474 798 1499 utroque
816 1471 905 1498 Scripto
923 1471 959 1492 hic
977 1477 998 1499 q.
1012 1471 1085 1492 unica.

237 1524 266 1527 —
279 1512 300 1533 S.
319 1511 410 1539 'l‘hom.,
429 1511 465 1533 hic
483 1517 504 1539 q.
518 1511 539 1532 ²2.
558 1517 577 1533 a.
597 1512 622 1538 2;
642 1511 663 1532 S.
683 1511 696 1532 l.
714 1510 737 1532 11.
750 1517 772 1539 (Ι,
791 1510 827 1532 67.
845 1517 864 1532 a.
884 1510 904 1531 6.
919 1522 945 1525 -
958 1510 980 1531 B.
993 1509 1086 1537 Aibert.,

237 1551 272 1572 hic
290 1557 309 1572 a.
329 1551 349 1572 9.
363 1563 393 1565 —
406 1550 462 1572 Petr.
480 1557 491 1571 a
511 1550 572 1577 Tau,
591 1550 627 1572 liic
645 1556 666 1578 q.
686 1550 705 1571 2.
724 1556 744 1571 a.
763 1550 783 1571 3.
802 1550 944 1577 quaestione.
967 1549 983 1570 1.
1001 1561 1033 1565 —-
1050 1549 1087 1570 Ri-

236 1588 314 1611 ehartl
333 1595 345 1611 a
364 1589 429 1616 Muti„
447 1589 475 1611 de
494 1589 536 1611 hac
557 1591 579 1611 et
596 1595 660 1617 seqq.
679 1595 718 1617 qq.
737 1589 773 1610 hic
794 1595 813 1610 a.
838 1588 858 1610 3.
877 1594 899 1616 q.
918 1589 938 1609 2.
957 1588 978 1610 3.
996 1600 1027 1603 „-
1045 1588 1087 1609 Dn-

236 1628 309 1655 raud,
328 1629 364 1650 hic
382 1635 403 1657 q.
423 1629 443 1650 6.
455 1640 486 1644 -—
498 1628 591 1655 Dionys.
609 1627 692 1656 Cat-ut,
711 1628 747 1649 hie
764 1634 786 1656 q.
804 1628 983 1649 5..

302 1668 324 1690 11.
343 1668 374 1689 De
392 1674 439 1696 seq.
459 1668 503 1696 (2.)
522 1668 655 1696 quaestione
668 1667 737 1689 alium
751 1673 795 1689 non
808 1666 909 1689 vidimus
926 1667 1030 1694 explicite
1043 1669 1087 1688 tra-

237 1710 342 1729 ctantem.
361 1709 417 1735 Apta
436 1710 513 1729 autem
525 1706 625 1729 adhibita
640 1706 793 1733 distinctione,
811 1706 914 1734 quaestio
927 1706 990 1727 facile
1008 1705 1037 1727 ab
1049 1712 1086 1727 au-

237 1750 299 1769 ctore
317 1746 487 1768 determinatur.

302 1786 332 1808 111.
358 1786 379 1807 ln
403 1786 465 1807 tertia
490 1786 623 1814 quaestione
646 1784 756 1807 solvenda
780 1784 859 1806 (inlici.
882 1784 1086 1806 Autissiodorensis

237 1826 275 1853 (S.
295 1832 315 1853 p.
335 1825 366 1847 111.
386 1828 412 1847 tr.
430 1826 451 1847 6.
470 1831 490 1847 e.
509 1826 529 1847 3.
548 1831 569 1853 q.
593 1825 620 1852 1.)
639 1827 699 1846 tenet
723 1825 821 1852 primam
839 1824 984 1851 opinionem,
1002 1824 1086 1845 seilicet

238 1865 300 1893 quod
319 1865 379 1887 islem
398 1864 455 1887 ordo
473 1865 571 1886 caritatis
589 1864 616 1886 sit
634 1864 655 1885 in
675 1864 759 1891 patria,
777 1863 816 1891 qni
831 1866 863 1884 est
881 1863 902 1884 in
916 1863 959 1884 via.
980 1863 1021 1890 ipsi
1035 1869 1085 1884 con-

238 1905 338 1926 sentiunt
355 1903 390 1925 alii
409 1904 501 1931 plurimi
519 1903 605 1931 antiqui
623 1902 742 1930 doctores,
760 1902 839 1924 saltem
853 1902 874 1923 in
888 1902 941 1928 hoe,
961 1901 1024 1930 quod
1048 1909 1085 1923 vo-

239 1944 297 1969 lunt,
312 1942 438 1971 quemlihet
451 1943 502 1969 plus
513 1948 538 1964 se
550 1948 620 1970 quom
635 1942 765 1969 proximum
779 1942 800 1962 In
815 1941 885 1968 patria
899 1940 1001 1968 diligere.
1018 1949 1027 1959 α
1041 1941 1085 1963 Sed

239 1981 267 2003 de
285 1981 455 2008 e‹,nnpai·atione
472 1979 662 2009 propinquorum
675 1979 704 2001 ad
722 1983 840 2002 extraneos
853 1979 932 2006 eredo,
952 1979 1014 2007 quod
1032 1980 1086 2001 sim-

240 2020 326 2047 pliciter
339 2019 467 2048 loquendo,
486 2019 537 2047 plus
550 2019 709 2047 unusquisque
728 2018 806 2046 diliget
817 2020 949 2040 extraneum
968 2018 1085 2040 meliorem

1140 1163 1209 1185 quain
1228 1157 1426 1184 consanguineum
1447 1157 1522 1178 minus
1540 1156 1640 1183 honuni,
1659 1156 1711 1184 quia
1730 1156 1782 1183 plus
1794 1156 1917 1178 attenditur
1934 1155 1991 1177 ordo

1140 1195 1267 1217 dilectionis
1284 1198 1396 1223 quantum
1414 1195 1443 1217 ad
1460 1196 1627 1222 proximitatem
1641 1194 1669 1216 ad
1688 1195 1771 1222 Deum,
1790 1200 1860 1223 quam
1879 1197 1990 1222 quantuni

1141 1234 1169 1256 ad
1183 1235 1352 1262 proximitatem
1370 1234 1398 1256 ad
1417 1240 1440 1256 se
1453 1235 1541 1262 ipsum,
1561 1234 1668 1262 quamvis
1685 1237 1809 1262 utrumque
1826 1235 1917 1261 oportet
1929 1233 1992 1262 quod

1142 1274 1277 1295 attendatur.
1295 1273 1360 1295 Unde
1377 1273 1406 1295 de
1423 1273 1549 1302 aequaliter
1568 1273 1634 1295 bonis
1651 1273 1703 1301 pius
1721 1273 1794 1300 diligit
1812 1273 1991 1300 proximiorem,

1142 1313 1182 1335 sed
1201 1313 1229 1335 (le
1247 1313 1406 1342 inaequalibus
1423 1313 1496 1341 diligit
1513 1313 1632 1335 meliorem
1646 1321 1655 1332 n
1669 1312 1711 1340 (ita
1731 1313 1752 1335 S.
1771 1313 1862 1339 Thom.,
1882 1313 1917 1334 hie
1935 1318 1957 1340 q.
1971 1312 1991 1333 2.

1143 1359 1162 1374 a.
1181 1353 1200 1375 3Δ
1219 1353 1360 1381 quaestione.
1379 1353 1418 1380 2.).
1437 1353 1508 1374 Etiam
1526 1353 1548 1374 in
1566 1353 1630 1374 Sum.
1649 1352 1687 1380 (ll.
1706 1352 1728 1374 11,
1747 1359 1769 1380 q.
1789 1352 1825 1374 26.
1843 1358 1863 1373 a.
1887 1351 1930 1379 13.)
1943 1351 1992 1379 ipse

1144 1392 1219 1419 docet,
1238 1392 1302 1420 quod
1322 1400 1332 1411 tt
1346 1398 1390 1414 non
1408 1391 1531 1414 cessabunt
1547 1391 1577 1413 ab
1594 1392 1671 1413 animo
1690 1391 1750 1413 Beati
1768 1392 1877 1413 honestae
1895 1390 1993 1412 dilectio-

1144 1432 1177 1453 nis
1194 1437 1284 1453 causae.
1303 1431 1390 1453 Tamen
1409 1430 1517 1453 omnibus
1529 1431 1577 1453 istis
1593 1430 1719 1453 rationibus
1733 1430 1860 1458 praefertur
1877 1431 1992 1458 incompa-

1143 1470 1243 1493 rabiliter
1269 1471 1326 1493 ratio
1351 1470 1489 1498 dilectionis,
1516 1477 1575 1499 quae
1601 1471 1700 1492 sumitur
1721 1476 1747 1492 ex
1770 1469 1940 1498 propinquitate
1964 1469 1993 1491 ad

1144 1511 1216 1532 Deum
1231 1519 1252 1532 ιι.
1269 1522 1301 1526 —-
1318 1510 1399 1538 Quoad
1417 1510 1522 1532 ordinem
1546 1513 1620 1532 tamen
1639 1509 1713 1538 ipsias
1734 1508 1852 1538 diliqemz's
1873 1508 1901 1531 ad
1921 1509 1994 1536 proxi-

1144 1556 1219 1577 mum,
1238 1549 1325 1572 ibidem
1342 1550 1364 1571 S.
1386 1548 1480 1577 Decior,
1500 1549 1642 1572 distinctione
1660 1549 1773 1575 adhibita,
1792 1549 1919 1577 aliqualiter
1936 1548 1993 1570 duas

1143 1590 1263 1617 opiniones
1281 1589 1384 1612 conciliat
1397 1589 1494 1616 docens,
1512 1588 1575 1617 quod
1588 1589 1671 1611 Beatus
1688 1588 1816 1610 secundum
1834 1587 1992 1617 differentiam

1144 1627 1198 1650 boni
1208 1626 1282 1656 optati
1294 1628 1346 1655 plus
1364 1627 1442 1655 diliget
1454 1628 1560 1649 meliores
1573 1633 1642 1656 quam
1659 1633 1683 1649 se
1701 1627 1790 1655 ipsum,
1803 1626 1843 1648 sed
1856 1633 1868 1648 e
1880 1632 1993 1648 converso

1143 1667 1272 1689 seeundum
1290 1666 1445 1689 intensionem
1457 1667 1596 1694 dilectionis,
1615 1673 1674 1695 quae
1686 1669 1720 1688 est
1737 1672 1748 1688 a
1768 1669 1831 1694 parte
1848 1665 1944 1688 subiecti
1962 1665 1993 1687 di-

1143 1706 1240 1733 ligentis.
1252 1706 1310 1728 Huic
1321 1706 1439 1728 doctrinae
1452 1707 1511 1728 iavet
1523 1707 1591 1729 etiam
1610 1705 1716 1728 Richard.
1728 1711 1741 1727 a
1760 1705 1818 1727 Med.
1831 1717 1861 1720 —
1873 1705 1894 1726 S.
1908 1705 1992 1726 Bonav.

1143 1749 1265 1774 utramque
1283 1745 1417 1768 sententiam
1436 1748 1513 1767 censet
1530 1751 1580 1767 csse
1597 1744 1741 1772 probabilem
1754 1747 1777 1766 et
1793 1746 1928 1771 argumenta
1942 1744 1994 1765 utri-

1142 1791 1187 1813 que
1205 1785 1308 1812 opposita
1322 1785 1399 1812 solvit;
1413 1788 1488 1806 tamen
1506 1785 1560 1806 satis
1572 1786 1679 1812 apparet,
1699 1783 1762 1812 quod
1785 1783 1834 1810 ipse
1852 1782 1942 1805 inclinet
1956 1788 1994 1810 po-

1142 1824 1186 1845 tius
1199 1824 1219 1845 in
1238 1823 1364 1848 secundam
1381 1824 1531 1850 positionem,
1545 1823 1665 1850 mysticam
1678 1822 1784 1851 quidem,
1797 1822 1838 1844 sed
1856 1821 1992 1847 sublimem,

1142 1868 1211 1891 quam
1231 1863 1346 1890 praeclare
1364 1863 1460 1890 explieat
1478 1862 1513 1884 hie
1531 1866 1552 1883 et
1570 1862 1591 1883 in
1609 1867 1651 1883 suo
1665 1861 1789 1889 soliloquio
1808 1866 1827 1882 c.
1846 1860 1866 1882 [ι.

1207 1901 1241 1923 tv.
1261 1901 1350 1923 Praeter
1367 1901 1389 1923 S,
1408 1901 1534 1923 'l'homam:
1553 1901 1576 1922 B.
1595 1900 1686 1926 Albert„
1706 1901 1742 1922 hic
1759 1906 1778 1922 a.
1807 1900 1839 1921 12.
1857 1911 1888 1915 -
1906 1900 1962 1921 l‘etr.
1981 1906 1992 1920 a

1143 1941 1203 1968 Taiz,
1222 1941 1258 1963 hic
1276 1947 1297 1969 q.
1316 1941 1337 1962 2.
1358 1947 1377 1962 a.
1396 1941 1417 1962 3.
1435 1940 1577 1969 quaestione.
1596 1940 1617 1962 2.
1636 1952 1665 1955 -
1683 1939 1789 1961 Richard,
1807 1946 1819 1961 a
1833 1939 1898 1965 Med„
1918 1940 1953 1960 hie
1971 1945 1990 1960 a.

1143 1980 1163 2001 3.
1182 1986 1204 2008 q.
1223 1980 1244 2001 3.
1263 1992 1292 1995 —
1310 1979 1402 2007 Dionys.
1421 1978 1504 2006 Cartli.,
1523 1980 1559 2001 hic
1577 1985 1599 2007 q.
1618 1979 1644 2006 6,
1663 1979 1685 2000 in
1703 1979 1755 2001 fine.

1010 2105 1073 2141 QUA
1080 2105 1173 2133 ESTIO
1197 2106 1223 2133 it.

770 2192 875 2220 Utrum
897 2192 1011 2220 caricas
1033 2191 1136 2220 habeat
1158 2192 1188 2220 iit
1206 2192 1311 2229 patria
1334 2192 1466 2221 dilatari.
1511 2194 1521 2199 χ

321 2281 448 2320 Secundo
470 2280 632 2318 quaeritur,
655 2283 751 2308 utrum
767 2280 868 2308 caritas
888 2279 989 2308 habeat
1004 2279 1031 2307 in
1047 2288 1091 2316 pa-

242 2328 295 2356 tria
317 2328 437 2357 dilatari.
460 2328 490 2356 Et
511 2327 585 2364 quod
609 2327 662 2361 sie,
685 2326 805 2355 videtur.

325 2377 348 2403 t.
371 2376 409 2404 De
432 2375 599 2412 perfectione
622 2374 744 2403 caritatis
766 2377 807 2402 est
829 2372 991 2401 lacicztclffi:
1008 2373 1028 2401 si
1047 2373 1092 2409 igi-

244 2426 291 2452 tur
313 2423 414 2452 caritas
436 2423 463 2451 in
486 2422 576 2459 patria
597 2421 734 2450 efficietur
749 2420 912 2458 perfectior,
934 2420 1090 2448 necessario

244 2470 388 2506 sequitur,
410 2466 485 2507 quod
507 2468 645 2497 efficietur
666 2468 755 2496 latior.
910 2466 913 2469 '

1118 2280 1120 2292 i

1227 2281 1253 2308 ⁹2.
1275 2280 1357 2313 Item,
1380 2283 1484 2317 quanto
1512 2279 1587 2307 Deus
1610 2279 1697 2316 magis
1719 2278 1825 2306 habitat
1848 2278 1874 2306 in
1896 2277 1994 2311 corde,

1148 2330 1223 2355 tanto
1246 2327 1333 2363 magis
1355 2335 1403 2355 eor
1425 2326 1545 2354 hominis
1560 2326 1693 2354 dilatatur
1709 2325 1744 2354 ad
1759 2325 1831 2353 bona
1844 2325 1869 2358 3;
1885 2324 1933 2353 sed
1949 2332 1996 2353 ex-

1148 2373 1300 2402 cellentiori
1323 2373 1406 2401 modo
1428 2373 1564 2401 habitabit
1585 2373 1660 2401 Deus
1683 2372 1709 2400 in
1731 2372 1843 2400 homine
1865 2372 1891 2399 in
1921 2375 2000 2400 statu.

1148 2420 1253 2456 patriae
1274 2428 1358 2457 quam
1382 2420 1408 2448 in
1431 2424 1505 2449 statu
1527 2420 1606 2448 viae:
1630 2420 1715 2457 igitur
1739 2419 1850 2448 habitus
1873 2418 1995 2447 caritatis

1148 2467 1173 2495 in
1197 2468 1287 2504 patria
1310 2468 1372 2504 plus
1393 2467 1479 2496 hahet
1499 2467 1534 2496 de
1556 2467 1711 2496 latitudine.

310 2565 315 2579 ¹
335 2564 380 2586 tlt'r.
398 2571 468 2592 supra
486 2564 509 2586 d.
532 2563 566 2585 14.
584 2570 603 2585 a.
626 2563 642 2585 1.
661 2570 683 2592 q.
706 2563 723 2584 1.
740 2566 762 2585 et
779 2569 801 2591 q.
820 2563 840 2584 3.
858 2562 887 2584 ad
905 2562 926 2584 6.
944 2574 974 2577 —
991 2562 1013 2583 ln
1032 2563 1091 2590 prin-

243 2605 303 2632 cipio
320 2604 386 2626 solut.
405 2610 447 2631 pro
465 2602 605 2633 beatificatio
628 2602 678 2624 cod.
696 2602 712 2623 Z
730 2601 845 2624 beatitudo
855 2610 865 2630 ‚·
889 2601 972 2624 deinde
997 2602 1091 2623 interius

243 2643 293 2665 eod.
309 2642 326 2664 Υ
344 2645 395 2664 ante
414 2641 577 2671 roiiforiizetur
589 2642 671 2669 repetit
688 2641 742 2663 Deo.
760 2640 824 2663 Circa
836 2640 904 2662 finem
917 2640 984 2662 solut.
997 2646 1039 2668 pro
1051 2646 1092 2669 ap-

242 2682 384 2712 prosci'mure
398 2682 446 2703 Vat.
458 2681 612 2710 prowimure,
628 2681 678 2703 eod.
691 2681 707 2702 Z
719 2679 918 2710 appropinquare.

306 2721 315 2735 ²
334 2722 442 2748 August,
461 2721 534 2742 Serm.
553 2720 605 2742 359..
624 2720 688 2748 (alias
707 2720 743 2741 36.
761 2726 787 2741 ex
805 2718 930 2747 Sirmond.)
948 2725 968 2740 n.
988 2718 1016 2740 [ιι
1034 2719 1092 2741 Audi

245 2760 380 2788 Apostolum
391 2778 395 2787 ,
415 2765 485 2788 quam
503 2760 573 2782 latum
586 2762 620 2781 est
632 2759 765 2781 mandatum
778 2759 891 2780 caritatis:
909 2757 1003 2780 Caritas
1014 2758 1093 2780 autem

245 2799 288 2822 Dei
303 2799 391 2829 diffusa
407 2801 440 2822 est
456 2798 481 2821 in.
496 2798 607 2822 cordibus
623 2797 708 2821 vestris
725 2798 801 2826 (Rom.
820 2797 845 2824 5,
864 2797 903 2825 5.),
920 2797 968 2819 Non
987 2796 1042 2819 dixit
1058 2796 1094 2819 in-

246 2838 326 2866 clusa,
346 2838 386 2860 sed
405 2837 499 2868 diffusa..
519 2837 620 2860 Verbum
639 2838 712 2865 enim,
726 2837 789 2866 quod
801 2839 835 2859 est
851 2835 956 2864 inclusa,
975 2836 1039 2864 quasi
1057 2842 1094 2857 an-

248 2879 334 2905 gustias
352 2880 431 2905 sonat;
450 2877 512 2906 quod
531 2879 565 2899 est
585 2876 684 2906 diffusa,
710 2876 850 2898 latitudinem
877 2876 981 2897 insinuat.
1008 2874 1094 2897 Lutum

248 2923 304 2944 ergo
322 2916 462 2939 iizundalztm
487 2918 554 2939 titum
578 2915 646 2938 valde
676 2915 721 2944 (ΡΞ.
741 2916 796 2942 tis,
815 2915 869 2942 96.).
887 2914 932 2937 Cfr.
953 2920 1021 2941 supra
1041 2919 1093 2941 pag.

248 2955 305 2982 664,
325 2959 375 2978 nota
395 2956 415 2977 5.
433 2968 465 2972 -
482 2956 504 2977 1η
526 2956 627 2978 conclus.
654 2962 696 2983 pro
722 2955 801 2977 ultimo
827 2953 939 2984 efficietur
963 2952 1030 2975 codd.
1049 2952 1093 2974 AU

248 2994 382 3023 estimatur:
401 2994 454 3016 edd.
473 2994 508 3016 bis
525 2993 627 3024 efficitur
644 3000 686 3022 pro
704 2993 824 3023 efficietur.

1210 2563 1219 2576 3
1237 2564 1346 2591 August.⁷
1364 2563 1436 2584 Sei-m.
1455 2563 1491 2584 ⁴23.
1510 2562 1574 2590 (alias
1597 2562 1645 2584 122.
1663 2561 1691 2583 dc
1710 2561 1819 2589 Dixersis)
1843 2568 1862 2583 e.
1880 2561 1902 2583 7.
1921 2567 1942 2582 n.
1965 2560 1994 2582 7:

1119 2622 1121 2631 7
1149 2601 1170 2622 Si
1189 2601 1227 2623 nbi
1245 2602 1327 2630 aliquis
1345 2608 1443 2629 magnus
1461 2604 1572 2629 patronus
1583 2601 1682 2623 diceret:
1695 2600 1803 2622 habitabo
1821 2600 1883 2628 apud
1896 2603 1927 2627 te,
1940 2599 1996 2628 quid

1150 2639 1242 2661 iaceres.
1260 2639 1317 2662 Cum
1336 2642 1432 2668 angusta
1452 2639 1535 2661 domus
1556 2641 1626 2666 esset,
1650 2639 1730 2667 procul
1754 2638 1826 2660 dubio
1848 2637 1995 2660 turbareris...

1149 2678 1196 2699 Noli
1215 2679 1294 2701 timere
1311 2679 1435 2701 adventum
1455 2679 1493 2700 Dei
1512 2679 1555 2706 tui,
1574 2678 1618 2700 noli
1631 2679 1711 2700 timere
1723 2678 1829 2700 allectum
1842 2677 1880 2699 Dei
1894 2677 1937 2704 tui;
1951 2682 1995 2698 non

1151 2721 1170 2739 te
1188 2721 1306 2745 angustat,
1325 2724 1377 2740 cum
1395 2718 1495 2744 venerit,
1514 2718 1585 2739 immo
1604 2716 1717 2738 veniendo
1735 2715 1836 2738 dilatabit
1854 2719 1881 2737 te.
1898 2715 1954 2737 Nam
1973 2719 1996 2737 ut

1150 2757 1220 2784 scias,
1239 2758 1348 2785 quoniam
1366 2757 1469 2779 dilatabit
1486 2760 1518 2784 te,
1538 2762 1581 2778 non
1600 2756 1675 2778 solnm
1692 2755 1819 2778 adventum
1831 2761 1899 2777 suum
1913 2755 1997 2782 promi-

1151 2797 1193 2818 sit:
1213 2796 1325 2819 Habz'tabo
1337 2796 1362 2819 in
1373 2796 1417 2825 eis,
1432 2796 1472 2819 sed
1485 2797 1553 2819 etiam
1566 2797 1640 2823 ipsam
1654 2794 1813 2822 latitudinem,
1827 2794 1950 2816 addendo:
1969 2794 1999 2816 Et

1150 2834 1305 2858 deambulabo
1318 2836 1350 2863 (ll.
1363 2835 1414 2858 Cor.
1428 2836 1451 2862 6,
1468 2836 1521 2861 rl6.).
1534 2835 1685 2857 Latitudinem
1696 2835 1773 2861 istam,
1786 2834 1804 2856 si
1817 2833 1892 2861 diligis
1901 2852 1906 2860 ,
1923 2833 1996 2855 xides.

1151 2874 1230 2896 Timor
1242 2878 1381 2897 tormentum
1395 2874 1474 2901 habet,
1488 2880 1543 2902 ergo
1555 2874 1672 2901 angustias
1685 2872 1766 2900 habet;
1780 2879 1807 2894 ac
1819 2879 1860 2900 per
1877 2874 1920 2894 hoc
1932 2878 1997 2894 amor

1152 2913 1292 2936 latitudinem
1311 2913 1385 2936 habet.
1405 2913 1461 2935 Vide
1479 2912 1620 2935 latitudinem
1639 2912 1752 2934 caritatis:
1771 2911 1891 2939 Quoniam
1908 2910 1997 2933 caritas

1151 2951 1194 2973 Dei
1204 2951 1290 2981 diffusa
1303 2954 1347 2980 est,
1362 2953 1435 2980 inquit
1447 2952 1522 2980 (Rom.
1535 2951 1560 2979 5,
1575 2951 1605 2979 5.)
1614 2969 1619 2977 ,
1632 2950 1655 2972 in
1668 2949 1779 2973 cordibus
1790 2949 1879 2973 nostris
1891 2953 1933 2972 ete.
