2166 3366
11 318 92 344 Epilogus
107 317 131 343 ad

40 342 132 365 quaestiu-

40 369 88 384 nem.

857 183 939 212 [itST.
962 183 1048 212 XVill.
1072 183 1178 212 DUM&

225 260 254 289 t-:t
276 268 325 297 per
347 259 399 288 hoe
421 263 495 296 patet
517 260 659 296 responsio
673 261 707 288 ad
723 261 913 297 quaestionem
929 270 990 298 pro-

144 306 278 344 positam,
300 307 365 343 qnia
387 314 485 335 nomeu
510 306 566 335 Filii
589 306 637 335 Dei
660 307 804 344 tripliciter
820 308 922 337 dicitur
937 309 988 337 cla-

145 354 246 382 rificari
269 354 424 382 secundum
441 353 543 390 triplex
558 353 619 382 eius
634 362 750 385 nomen,
772 354 830 383 sive
851 359 987 392 qnantum

145 401 179 429 ad
202 400 455 437 certificationem,
484 400 542 429 sive
570 404 705 437 quantum
728 401 762 429 ad
785 400 987 439 diffusionem,

145 447 203 475 sive
225 450 360 484 qnantum
376 447 411 475 ad
428 447 553 475 rationis
570 447 744 475 nominandi
764 449 988 484 expressionem,

146 493 182 522 ita
203 493 277 530 quod
300 492 470 529 certificatio
493 493 604 530 respicit
637 494 760 522 notitiam
791 495 909 523 nominis
931 496 987 524 Filii

144 540 209 574 Dei,
231 539 349 577 diffusio
371 540 494 568 notitiam
518 540 636 568 nominis
651 541 765 575 Christi,
780 542 927 578 expressio
943 551 989 570 ra-

145 587 232 615 tionis
263 587 438 615 nominandi
468 587 591 615 notitiam
623 587 741 615 nominis
764 588 832 616 lesu.
854 605 892 608 —
915 589 989 617 l'atet

144 634 226 662 etiam
250 634 410 671 responsio¹
433 634 466 661 ad
490 634 612 667 obiecta,
644 634 710 671 qnia
741 634 868 663 Christus
893 643 989 663 socun-

143 681 212 710 dum
235 681 302 709 haec
324 680 373 709 tria
397 680 510 708 nomina
531 680 583 709 suit
604 681 731 716 cognitus
752 682 877 718 quodam
897 683 986 717 modo.

143 728 195 756 fnit
215 728 297 756 etiam
320 728 447 766 quodam
470 728 551 756 modo
574 727 725 764 ignoratus.
748 729 905 757 Secundum
922 738 986 758 eum

144 775 274 808 modum,
296 774 450 803 secundum
482 781 565 811 quem
599 774 741 810 ignoratus
773 775 838 807 suit.
870 776 987 807 meruit,

142 829 242 850 nomen
264 828 346 850 suum
369 828 419 858 per
440 821 595 858 passionem
619 821 831 849 clarificandum
854 830 913 850 esse
928 823 947 850 ².

497 915 563 943 Dnn.
585 914 625 942 ΙΙΙ.

221 1008 286 1037 item
319 1008 465 1045 quaeritur
494 1008 528 1036 de
558 1008 609 1036 hoo
640 1008 714 1044 quod
747 1008 829 1036 dicit:
864 1009 986 1046 laquo

141 1055 218 1084 enim
238 1054 339 1093 forma
360 1054 523 1092 eruez'siaeus
544 1059 595 1088 est,
611 1054 641 1082 ιἰι
662 1063 696 1083 cet
717 1054 818 1092 forma
839 1055 986 1084 exaltatas

141 1107 197 1137 est:
211 1103 284 1142 ¹quia
305 1102 438 1131 exaltatio
460 1102 560 1130 Christi
583 1105 625 1130 est
650 1102 684 1130 ad
716 1103 912 1139 aequalitatem
942 1103 987 1131 Pa-

142 1151 210 1184 tris,
232 1150 304 1179 siout
324 1150 427 1179 dicitur
449 1149 475 1178 in
498 1149 639 1178 Psalmo³z
666 1149 746 1177 lita-tt
769 1150 911 1178 Dominus
936 1151 986 1179 Do-

140 1197 220 1226 mino
241 1205 319 1225 meo:
340 1197 405 1225 sede
432 1205 452 1225 a
480 1196 592 1225 ‹leoetrz‘s
620 1196 709 1229 νηοί-5η
731 1196 778 1225 sed
802 1205 854 1224 non
882 1201 922 1225 est
944 1206 986 1225 ae-

140 1244 231 1282 qualis
253 1243 323 1272 Patri
345 1243 499 1272 secundum
517 1244 632 1271 formam
650 1243 736 1275 servi,
759 1244 806 1271 sed
829 1244 983 1272 secundum

141 1291 258 1320 formam
282 1290 452 1319 Divinitatis:
475 1298 542 1327 ergo
563 1290 717 1318 secundum
754 1299 815 1318 eam
844 1291 984 1319 exaltatus

140 1335 200 1367 fuit.
222 1354 260 1359 —
281 1338 363 1370 ltem,
385 1338 408 1366 ei
425 1337 555 1374 competit
569 1337 717 1369 exaltatio,
739 1337 783 1365 cui
806 1346 888 1365 omne
907 1346 981 1373 {leun

139 1385 265 1423 flectitur
296 1384 478 1417 caelestium,
503 1384 686 1412 terrestrium
708 1387 733 1411 et
755 1384 939 1420 insci-norum
954 1385 983 1417 ⁴,-

140 1432 188 1461 sed
211 1432 262 1460 hoc
283 1435 325 1460 est
345 1431 439 1460 divina
461 1434 576 1460 natura:
592 1439 658 1467 ergo
680 1434 730 1459 etc.
754 1447 791 1451 —
813 1431 864 1459 Sed
888 1435 983 1459 contra

140 1479 192 1508 hoc
212 1482 269 1512 est,
290 1479 356 1516 quia
378 1478 439 1506 eius
460 1481 501 1506 est
522 1478 650 1509 exaltari.
673 1477 754 1506 cuins
769 1482 808 1506 est
826 1478 981 1512 humiliari;

115 1539 117 1541 ·
139 1525 186 1554 sed
215 1525 332 1554 «divina
355 1528 455 1553 natura
470 1532 522 1552 non
540 1524 628 1561 potnit
651 1524 817 1552 humiliari»
832 1547 838 1555 .
854 1525 922 1553 sicut
946 1525 985 1553 di-

0 1894 1 1899 *
23 1903 124 1924 Distinetio

0 1925 96 1947 laetanda.

138 1572 175 1600 cit
197 1572 342 1600 Anselmus
364 1572 389 1600 in
414 1571 484 1600 libro
506 1571 540 1600 de
562 1571 751 1599 lncarnatione
774 1572 854 1599 Verbi
870 1572 894 1599 ¹¹:

138 1626 189 1647 nec
220 1619 348 1648 exaltari.
377 1636 415 1639 -
442 1619 605 1652 Praeterea,
636 1618 711 1655 quod
743 1622 785 1646 est
815 1618 981 1646 altissimum

138 1666 278 1702 quomodo
300 1669 389 1703 potest
409 1665 548 1694 exaltari?
570 1665 594 1693 Si
612 1665 696 1701 igitur
718 1665 812 1693 divina
828 1669 925 1694 natura
942 1670 983 1694 cst

138 1712 315 1747 huiusmodi,
337 1713 449 1741 videtur
469 1716 519 1741 etc.

217 1759 392 1787 tiasvosnmo:
423 1758 593 1792 Dicendum,
620 1759 693 1796 quod
724 1759 795 1787 sit-ut
823 1759 982 1787 nominatio

137 1805 255 1834 debetur
270 1814 404 1843 personae
421 1806 525 1834 ratione
546 1805 665 1834 alieuius
681 1809 811 1839 naturae,
826 1806 864 1834 sic
879 1806 960 1834 etiam
973 1806 982 1819 ‘¹

137 1852 284 1881 exaltatio.
307 1853 357 1881 Sed
381 1853 591 1887 attendendum,
613 1853 686 1890 quod
710 1852 849 1880 multatio
868 1853 982 1889 duplici-

137 1902 179 1928 ter
200 1899 284 1928 habet
316 1899 428 1936 intelligi
462 1899 536 1928 circa
564 1899 721 1928 Christum:
756 1902 805 1927 aut
826 1899 980 1927 secundum

136 1955 216 1980 rem,
237 1950 286 1975 aut
300 1947 454 1975 secundum
477 1950 610 1974 nostram
626 1946 825 1982 cofflztcz'onem.
847 1946 981 1974 lixaltatio

136 1992 236 2022 Christi
259 1993 414 2022 secundum
430 2001 492 2021 rem
507 1997 549 2022 est
564 1993 725 2021 sublimatio
741 1993 840 2021 Christi
858 1992 891 2021 de
906 1995 979 2020 statu

136 2040 290 2076 praesentis
312 2040 383 2068 vitae
404 2040 439 2068 ad
455 2040 601 2068 dexteram
618 2040 721 2071 Patris:
736 2044 762 2068 et
778 2040 844 2068 haec
867 2039 980 2076 quidem

136 2085 188 2114 fuit
209 2086 236 2114 in
257 2087 418 2115 ascensione
429 2087 446 2121 ⁷,
469 2087 579 2116 ethaeo
600 2087 713 2124 quidem
731 2087 864 2115 exaltatio
885 2094 981 2114 conve-

136 2133 177 2161 nit
198 2133 221 2162 ei
244 2133 397 2162 secuudum
422 2134 573 2162 humanam
596 2137 742 2167 naturam,
765 2141 835 2170 quae
857 2133 907 2161 suit
928 2133 981 2161 ele-

917 1580 983 1607 crgo

1834 187 1890 215 3925

1047 265 1109 290 vata
1132 262 1157 290 in
1179 262 1304 295 oaelum;
1326 266 1353 291 et
1374 263 1412 292 sic
1434 263 1565 292 exaltari
1594 264 1635 292 (td
1663 264 1814 293 ‹teum-am
1838 265 1893 293 Ρα-

1047 308 1102 336 cris
1123 312 1164 337 est
1186 308 1331 337 sublimari
1354 309 1387 338 ad
1418 310 1525 346 potiora
1555 310 1626 339 bona
1658 311 1753 339 Patris.
1775 328 1813 332 —
1835 312 1892 339 Alio

1048 355 1129 383 modo
1150 359 1192 384 est
1212 356 1351 384 exaltatio
1365 357 1520 385 seeundum
1536 361 1669 386 nostram
1684 358 1891 395 cognitionem,-

1046 404 1073 429 et
1094 401 1133 429 sic
1155 402 1257 430 dicitur
1278 403 1406 431 Christus
1434 404 1551 432 exaltari
1576 404 1601 432 in
1625 405 1757 433 cordibus
1781 406 1890 439 nostris,

1046 448 1158 484 quaudo
1180 449 1322 477 credimus
1343 458 1406 477 eum
1430 451 1575 487 aequalem
1599 452 1686 485 l'atri3
1708 456 1735 480 et
1756 452 1795 481 sic
1816 452 1892 480 eral-

1048 495 1110 523 tctrt’
1131 496 1171 523 tut
1192 496 1340 524 (temlerum
1368 497 1468 524 Patris
1490 501 1531 525 est
1552 498 1669 526 exaltari
1693 499 1726 527 ad
1743 500 1892 536 aequalita—

1049 545 1102 570 tem
1127 542 1229 575 Patris;
1251 546 1277 570 et
1301 543 1351 571 hoc
1374 544 1456 572 modo
1477 545 1610 573 exaltatio
1631 546 1759 574 convenit
1781 546 1892 575 Christo

1046 589 1200 617 secundum
1223 597 1282 617 eam
1307 594 1451 624 naturam,
1473 592 1628 620 secundnm
1644 600 1728 629 quam
1752 593 1836 621 habet
1851 602 1893 622 ae-

1046 635 1125 672 quari
1150 636 1198 672 ipsi
1224 636 1292 664 Patri
1306 637 1323 664 Β.

1126 683 1155 711 Et
1176 683 1330 711 secundum
1355 684 1425 712 hanc
1447 684 1651 713 distinctionem
1674 690 1748 722 patet
1763 686 1893 715 determi—

1046 729 1119 757 natio
1141 730 1344 758 controversiae
1374 731 1534 767 apparentis
1564 731 1635 759 inter
1657 733 1840 767 Augustulum
1864 737 1891 762 et

1045 776 1256 810 Ambrosium&
1279 780 1352 813 patet
1373 777 1455 805 etiam
1480 778 1623 814 responsio
1644 779 1677 806 ad
1701 779 1818 808 obiecta.
1840 782 1890 808 Au-

1045 823 1173 858 gustinus
1194 823 1266 851 enim
1298 824 1420 860 loquitur
1448 824 1483 852 de
1504 824 1672 853 exaltatione
1695 825 1780 859 reali,
1802 829 1829 854 et
1851 827 1889 854 sic.

1044 873 1163 897 currunt
1184 869 1304 897 rationes
1325 869 1359 897 ad
1392 870 1542 898 secundam
1574 874 1698 907 partem;
1727 872 1889 901 Ambrosius

1046 924 1111 944 vero
1126 916 1160 944 (le
1175 917 1343 945 exaltatione
1365 918 1519 946 secundum
1536 918 1727 955 coqnt'tt'oncm
1743 923 1887 953 nostram,

1044 966 1071 991 et
1092 963 1129 991 sic
1152 967 1270 992 currunt
1293 964 1413 992 rationes
1433 964 1467 992 ad
1491 964 1608 1001 primam
1634 970 1739 1002 partem
1755 967 1780 994 ¹¹¹.

1401 1057 1467 1085 Dun.
1490 1058 1532 1086 tv.

1123 1150 1188 1178 [tem
1210 1150 1355 1187 quaeritur
1377 1151 1411 1179 do
1444 1151 1494 1179 hor
1527 1152 1600 1189 quod
1631 1153 1711 1182 dicit:
1736 1153 1811 1182 ,Vani
1835 1154 1890 1183 ‹tti‘t'

1044 1195 1171 1224 homiues
1193 1197 1332 1225 debitores
1353 1202 1454 1231 erant,
1476 1203 1501 1226 et
1522 1199 1572 1227 vir
1589 1200 1745 1238 ιιηὶειιίψιιε
1759 1210 1816 1229 sua
1833 1201 1889 1229 μίν-

1043 1247 1089 1270 lzts
1110 1243 1278 1281 sufficiebat.
1301 1244 1438 1273 Obiicitur
1466 1246 1539 1274 enim
1572 1250 1668 1275 contra
1692 1247 1741 1276 hoc
1766 1256 1814 1285 pei·
1837 1249 1887 1277 hoc.

1042 1290 1116 1326 quod
1139 1290 1205 1318 dicit
1236 1291 1381 1319 xnsetmus
1413 1292 1439 1320 in
1463 1292 1532 1320 libro
1564 1294 1624 1321 Cur
1646 1294 1723 1322 Deus
1756 1294 1839 1323 ltomo
1854 1295 1886 1323 ¹¹:

1047 1348 1058 1360 «
1072 1336 1234 1365 Nullatenus
1256 1341 1345 1374 potest
1368 1338 1450 1367 homo
1473 1340 1559 1376 magis
1583 1340 1716 1369 honorem
1733 1341 1800 1370 dare
1822 1342 1887 1376 Deo,

1041 1391 1124 1419 quam
1147 1392 1211 1412 cum
1240 1392 1270 1413 se
1298 1385 1382 1414 tradit
1403 1386 1483 1414 morti
1506 1386 1540 1414 ad
1565 1386 1638 1415 illins
1661 1388 1834 1416 honorem».
1859 1389 1885 1417 Si

1041 1438 1107 1467 ergo
1128 1431 1256 1465 servitia,
1288 1436 1391 1468 quanto
1424 1433 1511 1469 magis
1543 1434 1652 1467 dehita,
1685 1438 1761 1463 tanto
1794 1436 1886 1465 minus

1041 1482 1134 1513 gratam
1158 1478 1283 1512 videtur,
1305 1479 1378 1516 quod
1410 1480 1535 1509 homines
1565 1489 1617 1509 non
1650 1486 1714 1510 sunt
1746 1483 1886 1512 debitores

1041 1526 1146 1553 mortis.
1180 1543 1216 1546 —
1249 1526 1331 1560 ltem,
1357 1527 1474 1563 quilibet
1504 1532 1545 1556 est
1577 1528 1687 1557 debitor
1714 1530 1804 1558 omnis
1825 1531 1886 1559 eius

1041 1572 1113 1608 quod
1137 1576 1177 1600 est
1199 1576 1225 1601 et
1247 1573 1319 1609 quod
1345 1576 1445 1609 potest,
1466 1574 1532 1610 quia
1548 1578 1636 1603 totum
1651 1585 1667 1604 a
1690 1576 1745 1604 Deo
1766 1577 1883 1614 accepit:

1040 1626 1106 1654 ergo
1129 1619 1254 1653 videtur,
1276 1620 1350 1656 quod
1374 1620 1468 1648 nullus
1485 1622 1570 1657 possit
1584 1622 1688 1659 aliquid
1705 1624 1779 1660 apud
1798 1624 1884 1652 Deum

1041 1665 1140 1693 mereri
1164 1674 1212 1694 nee
1236 1667 1379 1695 moriendo
1401 1675 1450 1695 nec
1471 1667 1575 1705 aliquid
1594 1669 1726 1697 faciendo.
1749 1687 1788 1690 —
1810 1671 1885 1704 item,

1039 1712 1166 1741 Christus
1187 1713 1306 1741 debebat
1327 1714 1440 1742 obedire
1463 1715 1549 1744 l'atri:
1574 1716 1620 1744 sod
1646 1716 1723 1745 Pater
1739 1717 1887 1754 praecipie-

1041 1758 1098 1787 bat.
1120 1759 1193 1795 quod
1218 1763 1374 1789 moreretur
1388 1761 1405 1775 ¹²
1427 1769 1477 1798 pro
1499 1761 1588 1790 salute
1621 1762 1735 1791 humani
1758 1763 1884 1799 generis:

1039 1813 1105 1842 ergo
1127 1805 1249 1837 videtur,
1272 1807 1345 1843 quod
1369 1807 1496 1835 Christus
1518 1810 1590 1836 esset
1612 1808 1721 1837 debitor
1741 1810 1845 1838 mortis.

1118 1852 1292 1880 Res-posaeo:
1317 1853 1487 1888 Dicendum,
1509 1854 1584 1891 qnod
1615 1858 1657 1883 est
1689 1855 1814 1884 debitum
1848 1865 1884 1884 ex

1039 1898 1179 1932 carnaco,
1201 1903 1228 1927 et
1259 1903 1300 1927 est
1328 1900 1453 1929 debitum
1482 1909 1517 1929 ex
1547 1902 1720 1930 necessitate.
1756 1903 1884 1932 Debitum

1038 1953 1074 1973 ex
1096 1946 1221 1974 caritate
1242 1954 1295 1974 non
1317 1947 1387 1975 tollit
1406 1948 1603 1984 perfectionem
1627 1950 1733 1983 meriti:
1756 1950 1883 1979 debiturn

1040 2000 1105 2021 vero
1126 2000 1160 2021 ex
1194 1994 1360 2022 necessitate
1392 1994 1512 2031 quodam
1543 1995 1625 2023 modo
1651 1996 1790 2025 diminuit.
1813 1999 1883 2034 Quo-

1038 2039 1110 2067 niam
1132 2047 1199 2076 ergo
1220 2048 1316 2069 omnes
1330 2041 1375 2068 alii
1396 2041 1536 2070 debitores
1551 2046 1630 2070 erant
1656 2043 1736 2071 morti
1751 2043 1768 2057 ¹³
1789 2043 1884 2072 debito

1038 2086 1231 2119 necessitatis,
1253 2095 1325 2124 quae
1346 2087 1458 2124 quidem
1481 2089 1608 2125 provenit
1629 2097 1664 2117 ex
1681 2094 1760 2119 reatu
1775 2093 1802 2119 et
1817 2091 1883 2119 obli-

1037 2132 1144 2169 gatione
1166 2133 1280 2170 culpae3
1296 2133 1357 2161 ideo
1377 2134 1443 2162 (licit
1465 2135 1607 2172 Magister,
1630 2137 1703 2173 quosl
1722 2137 1817 2165 nullus
1839 2146 1884 2174 po-

199 2274 205 2289 ¹
223 2274 278 2297 Cod.
299 2275 317 2296 V
335 2274 428 2298 solutio.

199 2314 208 2329 ἵ
224 2313 270 2337 Cl'r.
287 2314 316 2336 (le
334 2315 377 2336 hoc
395 2314 465 2336 dubio
483 2314 544 2336 Alex.
562 2314 622 2342 Hal,
641 2315 662 2336 S.
682 2320 703 2342 p.
728 2314 759 2336 lll.
777 2321 799 2342 q.
822 2314 854 2335 17.
873 2320 902 2335 ιιι.
924 2313 940 2334 i.
959 2320 978 2335 a.

138 2354 158 2376 i.
175 2353 188 2382 S
206 2354 231 2380 3;
253 2354 275 2375 Β.
293 2353 385 2381 Albert.,
403 2354 439 2375 hic
455 2360 475 2375 a.
494 2354 520 2381 9;
539 2353 560 2375 S.
580 2353 675 2378 Titum..
699 2354 735 2375 bic
756 2360 778 2381 q.
801 2354 817 2374 l.
836 2360 855 2374 a.
878 2352 894 2374 t.
912 2359 979 2380 ‹pmc-

136 2390 217 2416 stiunc.
235 2393 260 2420 33
278 2392 335 2415 petr.
352 2399 364 2414 a
383 2392 444 2420 Tar„
463 2393 498 2414 liic
515 2399 537 2421 q.
557 2392 577 2414 4.
595 2399 615 2414 ιι.
636 2393 654 2414 l.
672 2393 814 2421 quaestione.
833 2392 853 2414 2.
871 2392 891 2413 3.

199 2430 209 2445 ³
225 2431 305 2453 psalm.
326 2431 380 2458 109,
402 2431 419 2453 l.
446 2430 512 2459 Apud
539 2431 595 2453 Petr.
621 2430 744 2453 Lombard.
764 2430 860 2452 liabetur
878 2430 898 2451 in
918 2430 978 2451 hunc
1006 2440 1007 2462 3

136 2470 178 2493 loc.
195 2470 274 2492 Glossa
292 2470 359 2492 haec:
377 2469 436 2492 Sede
452 2476 467 2492 a
483 2469 575 2492 deaetrt's
591 2469 648 2493 meis
660 2471 673 2492 i.
686 2476 706 2491 e.
719 2475 833 2496 conregna
849 2469 978 2497 coaequalis

136 2509 202 2535 mibi,
221 2513 245 2531 ut
262 2515 303 2537 per
320 2509 422 2531 dextram
440 2510 564 2537 accipiatur
585 2510 721 2538 aequalitas,
740 2514 810 2537 qnam
829 2508 896 2530 habet
914 2507 978 2530 Chri-

135 2551 184 2571 stus
199 2555 252 2571 cum
271 2549 341 2571 Patre.

198 2587 207 2602 ⁴
225 2588 278 2610 Phil.
297 2588 321 2615 2,
339 2588 371 2610 10.
385 2599 414 2603 —-
426 2587 529 2610 Subinde
546 2588 610 2610 multi
622 2587 689 2610 codd.
701 2586 742 2610 secl
753 2586 809 2609 haec
822 2592 863 2614 pro
875 2585 915 2608 sed
926 2585 976 2608 hoc.

151 2616 152 2619 Ἴ
198 2626 208 2640 ⁵
224 2627 276 2648 Sive
294 2625 321 2648 de
339 2626 392 2648 Fide
410 2626 479 2653 Trin.,
497 2632 523 2648 cx
540 2627 606 2648 cuius
618 2626 667 2648 libri
680 2633 699 2647 c.
719 2625 738 2647 4.
751 2628 773 2647 ct
785 2625 806 2647 5
824 2625 872 2646 clici
891 2628 976 2652 posset.

135 2665 215 2687 Lector
232 2665 313 2687 melius
330 2665 474 2692 delegaretur
485 2665 515 2687 ud
527 2665 540 2687 l.
554 2664 600 2687 Cur
617 2665 677 2687 Deus
689 2666 771 2691 homo,
789 2672 807 2685 c.
827 2664 852 2685 8:
871 2663 975 2684 Divinam

135 2705 196 2726 enim
214 2708 317 2727 naturam
335 2703 422 2733 absque
441 2703 511 2726 dubio
529 2705 653 2726 asserimus
669 2703 846 2731 impassibilem,
865 2708 905 2724 nec
924 2702 975 2724 ulla-

136 2747 202 2766 tenus
219 2749 286 2771 posse
303 2749 314 2764 a
332 2749 373 2765 sua
391 2743 524 2765 celsitudine
542 2743 654 2765 humiliari
671 2746 713 2764 etc.
732 2754 761 2757 —-
780 2742 820 2763 l¹ro
839 2747 885 2763 non
900 2740 977 2769 potuit

135 2782 188 2805 edd.
206 2788 253 2805 uon
269 2783 349 2811 potest.

198 2821 207 2836 Β
224 2821 295 2844 Codd.
315 2822 424 2844 FGHlN
436 2822 452 2844 U
469 2821 502 2845 sic
518 2823 558 2844 est.

197 2860 206 2875 ⁷
224 2861 290 2883 Marc.
310 2861 350 2888 «to,
370 2862 409 2883 io:
421 2861 452 2883 ,Et
470 2861 579 2883 Dominus
596 2860 690 2889 quidem
709 2860 793 2881 lesus...
811 2862 927 2880 assumtus
943 2862 978 2880 est

136 2900 158 2921 in
175 2900 263 2921 caelum
280 2903 302 2922 et
318 2900 382 2922 sedet
398 2907 410 2922 a
428 2900 513 2923 dextris
536 2901 581 2922 Dei.
601 2912 631 2915 —-
653 2900 729 2921 Glossa
756 2897 880 2920 ordinaria
904 2897 977 2925 (apud

136 2938 242 2960 §trabum
260 2941 282 2960 et
298 2939 423 2967 Lyranum)
441 2940 462 2961 in
481 2940 514 2961 Ps.
534 2940 590 2966 409,
613 2939 634 2960 l:
652 2937 709 2961 Sede
722 2944 737 2959 av
753 2936 844 2959 dezlris
855 2936 912 2959 meis
930 2937 943 2958 i.
956 2943 976 2959 e.

136 2975 158 2998 in
176 2977 303 3004 potioribus
320 2978 377 3000 meis
394 2977 460 3000 bonis
482 2980 504 3000 et
520 2978 644 3000 occultis».
663 2977 750 3003 llaymo
769 2976 790 2997 in
809 2976 869 2997 hunc
886 2975 976 2997 locum:

1039 2274 1117 2297 «Sede
1133 2280 1147 2296 ιι
1164 2274 1255 2297 demtis
1272 2274 1330 2297 meis
1348 2276 1360 2296 i.
1379 2282 1398 2297 e.
1416 2276 1503 2303 expleta
1523 2277 1599 2298 militia
1624 2280 1660 2299 tua
1677 2281 1699 2300 et
1718 2283 1808 2305 peracta
1827 2279 1882 2301 obe-

1035 2313 1129 2341 dientia,
1147 2315 1239 2342 quiesce
1266 2315 1286 2336 in
1309 2315 1436 2342 potioribus
1458 2315 1524 2337 bonis
1542 2317 1628 2338 mels».
1653 2317 1761 2345 August„
1780 2318 1880 2341 Enarrat.

1035 2354 1056 2374 in
1075 2354 1108 2375 ΡΞ.
1131 2353 1179 2375 137.
1197 2360 1218 2375 n.
1241 2353 1279 2379 [είς
1297 2354 1325 2375 (le
1343 2354 1397 2376 Fide
1414 2358 1435 2377 et
1447 2355 1568 2383 Swnboto,
1582 2362 1600 2377 c.
1619 2356 1640 2377 7.
1660 2362 1680 2377 n.
1703 2356 1738 2383 Ι4;
1755 2357 1782 2379 de
1801 2359 1880 2385 Agonc

1035 2392 1148 2414 christion.
1166 2398 1185 2413 c.
1204 2392 1240 2414 26.
1259 2399 1279 2414 n.
1299 2393 1338 2420 283
1357 2397 1433 2415 contra
1451 2394 1524 2415 Serui.
1542 2395 1616 2416 Arian.
1637 2402 1657 2416 c.
1679 2395 1712 2417 t2.
1737 2402 1758 2417 n.
1781 2397 1802 2417 9.
1824 2396 1879 2418 illud

1035 2429 1115 2452 sedere
1128 2430 1156 2452 ad
1169 2430 1270 2452 dextram
1282 2431 1351 2453 Patris
1364 2431 1423 2453 idem
1437 2438 1487 2453 esse
1500 2433 1660 2460 interpretatur
1672 2440 1698 2455 ac
1710 2440 1801 2456 summa
1814 2435 1881 2457 retici-

1036 2472 1078 2491 tate
1096 2469 1138 2491 t‘rui
1151 2473 1172 2491 ct
1189 2469 1327 2492 beatitudine
1341 2476 1381 2492 nec
1394 2477 1436 2492 non
1449 2470 1564 2493 iudiciaria
1579 2474 1696 2499 potestate.
1714 2471 1758 2495 Cl‘r.
1772 2473 1877 2496 Athanas.

1036 2508 1063 2529 de
1074 2508 1182 2530 incarnat.
1193 2508 1269 2536 Verbi,
1281 2515 1301 2530 n.
1315 2509 1335 2530 3.
1349 2515 1420 2537 seqq.y
1433 2512 1455 2531 et
1466 2510 1573 2537 Ansctm„
1584 2510 1597 2532 1.
1608 2509 1653 2532 Cur
1666 2511 1726 2532 Deus
1739 2512 1814 2539 honio,
1828 2518 1847 2534 c.
1858 2513 1879 2534 9.

1097 2545 1106 2560 ⁸
1123 2546 1154 2567 De
1172 2547 1213 2568 hac
1231 2547 1330 2568 secunda
1344 2547 1476 2569 exaltatione
1493 2549 1532 2570 cir,
1546 2549 1649 2576 August„
1663 2550 1735 2571 Serui.
1749 2550 1801 2572 380.
1815 2550 1879 2578 (alias

1035 2585 1055 2606 6.
1068 2591 1094 2607 ex
1108 2585 1248 2614 vigum-ian.)
1267 2592 1287 2608 u.
1305 2586 1325 2613 6,
1344 2587 1399 2608 etin
1412 2587 1472 2608 ioan.
1490 2587 1575 2615 Evang.
1596 2591 1622 2609 tr.
1644 2587 1676 2610 tt.
1695 2594 1715 2610 n.
1735 2588 1756 2610 5.

1096 2624 1106 2638 ⁹
1122 2623 1166 2647 Cir.
1185 2625 1221 2646 hic
1239 2625 1267 2647 lit.
1292 2625 1402 2653 Magistri,
1421 2632 1439 2647 r.
1458 2626 1479 2647 3.
1496 2638 1527 2642 —
1548 2626 1617 2648 Paulo
1638 2627 1731 2649 interius
1755 2633 1797 2655 pro
1818 2627 1879 2650 renti

1035 2663 1085 2685 cod.
1103 2664 1119 2685 Z
1135 2663 1265 2687 secundnm
1283 2670 1340 2687 rem.

1098 2702 1116 2717 ¹⁰
1133 2702 1177 2725 Cir.
1195 2703 1223 2725 de
1241 2704 1284 2725 hoc
1300 2703 1371 2725 dubio
1384 2704 1443 2725 Alex.
1457 2704 1511 2731 liat„
1530 2705 1551 2726 5.
1566 2711 1587 2732 p.
1599 2704 1630 2726 lli.
1649 2711 1670 2733 q.
1690 2704 1730 2732 24;
1749 2705 1772 2727 B.
1785 2705 1877 2734 Athen-t„

1035 2742 1070 2763 hic
1087 2748 1107 2764 a.
1128 2742 1163 2769 103
1182 2743 1203 2763 S.
1222 2742 1316 2770 Thom„
1336 2743 1392 2764 l'etr.
1410 2750 1421 2764 a
1447 2743 1498 2764 Tar.
1521 2746 1543 2764 ct
1568 2743 1673 2766 lliehard.
1699 2751 1710 2766 a
1738 2744 1810 2773 Med,
1842 2746 1877 2767 hic.

1034 2781 1092 2803 circa
1111 2781 1140 2803 lit.

1098 2819 1114 2833 ¹¹
1134 2819 1193 2842 Libr.
1211 2820 1232 2842 ll.
1250 2827 1269 2842 c.
1292 2821 1324 2842 ll.
1343 2832 1372 2836 ——
1390 2821 1492 2843 Secunda
1520 2822 1575 2843 ratio
1597 2822 1723 2844 insinnatur
1744 2823 1798 2845 ibid.
1825 2823 1838 2845 l.
1857 2829 1876 2845 c.

1034 2859 1072 2883 ⁴30:
1092 2860 1153 2881 tertia
1172 2859 1225 2881 ibid,
1245 2860 1258 2881 l.
1277 2866 1295 2881 c.
1314 2860 1334 2881 8.
1354 2861 1374 2881 in
1393 2860 1443 2882 fine.

1097 2897 1116 2912 ¹2
1133 2897 1188 2920 Edd.
1205 2897 1299 2921 debebat
1316 2898 1384 2921 mori.

1097 2936 1116 2951 ¹³
1133 2937 1188 2959 lidd.
1206 2937 1295 2960 mortis.

1907 693 2013 712 Notandum

1900 1911 1971 1935 Duplex
1986 1912 2017 1930 de-

1898 1934 1964 1953 bitum.
