2166 3366
106 895 241 913 Fundamenta.

249 201 304 229 540

248 279 289 315 gis
311 282 444 307 naturae:
468 285 534 313 ergo
557 285 610 305 non
633 276 761 310 videtur,
783 276 857 313 quod
881 276 1027 313 oportebat
1050 276 1097 304 illo

247 329 372 362 tempore
394 325 517 353 credere.

327 374 352 400 6.
376 372 458 405 Item,
481 371 576 399 nullus
599 373 709 399 tenetur
730 371 841 407 operari
863 370 949 405 illud,
971 370 1004 398 ad
1022 370 1095 407 qnod

247 428 300 448 non
330 421 420 456 potest
441 426 470 446 se
492 418 599 454 erigere
634 418 723 446 virtus
755 425 806 446 sua
837 417 997 454 operativa:
1031 425 1097 453 ergo

247 466 343 494 nullus
365 465 513 494 tenebatur
534 465 649 493 credere
676 464 745 493 illud
778 465 859 494 cuius
887 464 1011 493 notitiam
1043 473 1095 492 non

247 516 356 549 poterat
377 513 523 549 acquirere
546 519 595 540 nee
618 519 667 548 per
689 511 881 540 inventionem
908 520 957 540 nec
980 519 1029 548 per
1051 511 1098 539 clo-

248 560 376 588 ecr‘inam
390 559 407 586 ¹.
430 560 456 587 Si
472 567 538 595 ergo
554 562 679 595 tempore
695 559 763 595 legis
778 562 894 587 naturae
911 558 1094 595 cognitionem

246 607 281 635 de
303 606 452 635 Mediatore
475 614 527 634 non
551 609 679 642 poterant
700 614 750 643 per
771 614 800 634 se
816 606 956 639 invenire,
973 613 1022 634 nee
1037 610 1097 634 erat

247 654 293 691 qui
317 654 443 682 exterius
475 653 603 687 doceret,
626 661 676 682 nee
697 653 790 681 adhue
812 656 891 681 erant
913 652 1096 681 revelationes

249 701 445 738 propheticae3
478 700 605 734 videtur,
628 700 703 737 quod
726 703 791 728 tuno
814 700 948 736 temporis
970 699 1039 728 nihil
1063 703 1097 728 te-

248 748 387 776 nebantur
409 747 525 776 credero
547 747 581 775 de
604 747 770 776 Mediatore:
794 755 860 783 ergo
882 747 941 775 sine
963 746 1018 775 lide
1046 746 1097 775 lile-

248 795 363 824 diatoris
385 794 532 832 pervenire
556 797 683 831 poterant
705 794 738 823 ad
762 795 890 823 satutem.

327 842 438 871 CONTRA
455 841 506 869 hoc
522 845 587 869 sunt
608 841 799 869 ttttotoritcttes
822 841 941 875 multae,
961 849 1031 877 quas
1046 840 1097 868 Ma-

247 889 332 926 gister
364 888 479 917 adducit
502 888 527 916 in
551 887 680 921 titte1·a2‚
702 891 729 916 et
751 888 803 915 hoo
825 888 916 924 ipsum
939 887 1096 916 ostenditur

247 937 370 965 ratione.

329 985 352 1012 1.
368 983 496 1012 Christus
508 986 549 1011 est
561 985 645 1019 caput
660 982 743 1010 totius
761 982 904 1015 Ecclesiae,
920 989 986 1018 ergo
1002 981 1096 1009 nullus

247 1035 337 1069 potest
355 1031 473 1064 salvari,
490 1030 540 1058 nisi
557 1029 604 1058 fiat
624 1029 783 1057 membrum
803 1028 920 1063 Christi3
942 1029 990 1057 sed
1013 1036 1097 1057 mem-

247 1080 330 1108 brum
347 1078 447 1106 Christi
464 1086 517 1105 non
535 1080 624 1114 potest
640 1076 709 1110 fieri,
722 1076 772 1105 nisi
786 1076 879 1104 eredat
898 1076 923 1103 in
940 1076 1095 1104 Christum:

247 1134 313 1163 ergo
325 1126 383 1154 sine
395 1125 449 1153 side
462 1124 620 1153 Mediatoris
635 1123 731 1152 nullus
743 1131 866 1160 unquam
884 1123 986 1151 salvari
1000 1123 1095 1160 potuit.

326 1175 351 1201 ⁹2.
374 1173 457 1206 Item,
487 1172 582 1200 nullus
605 1171 694 1208 potnit
716 1171 823 1207 ingredi
847 1171 873 1198 in
897 1170 1022 1203 caelum,
1045 1170 1096 1198 nisi

247 1224 343 1257 aperta
365 1220 466 1252 ianna3
489 1218 537 1247 sed
560 1218 643 1246 ianua
665 1226 718 1245 non
741 1218 831 1254 potnit
852 1217 955 1254 aperiri
973 1216 1023 1245 nisi
1047 1224 1096 1253 per

247 1267 402 1303 passionem
431 1265 550 1293 Christi:
584 1272 650 1301 ergo
683 1264 778 1292 nullus
802 1264 890 1300 potuit
912 1263 1013 1291 salvari
1045 1263 1094 1291 nisi

248 1313 346 1342 merito
369 1312 505 1350 passionis
526 1311 636 1339 Christi.
653 1311 705 1339 Sed
723 1311 855 1339 meritum
871 1310 1007 1347 passionis
1022 1310 1098 1338 Chri-

247 1361 279 1389 sti
305 1369 356 1388 non
381 1360 453 1388 valet
485 1359 535 1387 nisi
569 1359 624 1393 eis,
648 1358 673 1386 in
697 1358 800 1395 quihus
822 1357 928 1386 habitat
951 1357 1095 1385 Christus:

247 1409 268 1437 si
291 1416 357 1444 ergo
379 1407 506 1435 Christus
528 1406 634 1434 habitat
650 1414 699 1442 per
714 1406 798 1434 fidem
814 1409 841 1434 et
856 1406 1010 1440 caritatem,
1026 1413 1097 1442 quae

247 1455 367 1483 habetur
389 1455 423 1482 ad
447 1454 538 1491 ipsum
553 1453 583 1487 3;
614 1453 785 1490 impossibile
807 1453 874 1486 suit,
896 1453 1017 1489 aliquem
1047 1452 1098 1481 sal-

248 1503 306 1531 vari
330 1502 388 1530 sine
412 1502 465 1529 lide
488 1501 654 1529 Mediatoris.

328 1549 353 1577 3.
377 1549 459 1582 ltem,
493 1548 589 1576 nullus
619 1551 708 1584 potest
728 1546 830 1575 salvari
853 1547 912 1575 sine
934 1546 1096 1575 remissione

247 1596 350 1633 peceati
374 1595 536 1632 originalis3
559 1595 606 1624 sed
627 1594 761 1631 originale
778 1597 920 1631 peccatum
938 1602 991 1621 non
1008 1596 1097 1630 potest

248 1643 350 1672 remitti
373 1643 425 1671 nisi
448 1650 497 1679 per
520 1642 621 1675 sideni,
643 1641 685 1670 vel
709 1649 758 1677 per
781 1641 892 1678 aliquod
917 1641 980 1669 fidei
1004 1641 1097 1669 Sacra—

248 1694 390 1724 mentum,
414 1690 488 1727 qnod
511 1690 546 1717 sit
567 1689 655 1726 ipsius
677 1689 834 1717 Mediatoris
855 1688 964 1725 signum
978 1688 1003 1716 ¹¹:
1030 1696 1097 1725 ergo

248 1738 343 1766 nullus
374 1737 462 1775 potnit
490 1736 637 1773 pervenire
659 1736 693 1764 ad
717 1736 835 1764 salutem
858 1738 921 1763 ante
943 1735 1094 1763 adventum

247 1785 365 1818 Christi,
388 1784 433 1821 qni
458 1792 511 1812 non
533 1783 661 1812 erederet
683 1783 871 1811 Mediatorem.

327 1832 352 1859 lt.
377 1831 459 1865 ltem.
481 1831 576 1859 nnllns
598 1834 688 1867 potest
720 1829 866 1866 pervenire
895 1828 929 1857 ad
960 1828 1095 1862 salutem,

248 1878 300 1907 nisi
323 1878 370 1915 qui
393 1881 505 1914 sperat3
527 1877 623 1906 nullus
646 1880 720 1905 recte
735 1879 844 1913 sperat,
861 1876 912 1904 nisi
929 1876 975 1912 qui
992 1875 1095 1909 (aedit,

248 1926 281 1954 ad
305 1925 423 1954 salutem
447 1933 476 1953 se
504 1927 706 1960 perventurum
732 1931 780 1959 per
803 1922 917 1956 merita,
939 1922 1003 1959 quia
1033 1930 1096 1958 spes

248 1972 374 2008 procedit
400 1979 463 2000 «ex
486 1971 575 2008 gratia
596 1974 623 1998 et
647 1970 771 1998 meritis5
786 1980 811 1997 »ς
845 1969 866 1998 si
892 1977 958 2006 ergo
981 1969 1018 1997 illi
1048 1969 1094 2005 qui

248 2021 461 2056 praecesserunt
492 2018 592 2046 Christi
624 2018 791 2051 adventum,
814 2016 1011 2049 salvabantur,
1040 2024 1096 2044 cre-

249 2066 367 2099 debant,
390 2073 419 2093 se
441 2073 489 2102 per
512 2064 611 2093 merita
633 2063 753 2092 salvari:
776 2067 825 2091 aut
847 2071 913 2099 ergo
935 2063 1095 2096 eredebant,

249 2113 348 2141 merita
365 2112 493 2149 propria
519 2112 570 2140 sibi
600 2111 744 2143 sufficere,
776 2114 825 2139 aut
857 2111 963 2139 meritis
992 2110 1096 2138 alienis

249 2160 380 2196 indigere.
404 2160 428 2187 Si
452 2159 618 2192 eredebant,
639 2158 766 2195 propria
788 2158 838 2186 sihi
862 2157 1006 2186 sufficere:
1029 2165 1096 2193 ergo

248 2206 438 2235 efferebantur
460 2209 487 2234 et
502 2205 729 2242 decipiebantur,
744 2213 811 2241 ergo
826 2213 879 2232 non
896 2204 1095 2238 salvabantur3

922 198 1174 227 SENTENTIARUM
1196 198 1256 226 Ltss.
1279 199 1317 226 lll.

1155 276 1175 304 si
1199 277 1365 311 eredebant,
1388 285 1417 306 se
1438 277 1545 305 alienis
1567 278 1674 306 meritis
1697 278 1837 314 indigere:
1861 286 1927 314 ergo
1956 279 2002 306 lia-

1155 323 1257 351 hebant
1280 324 1362 353 fidem
1385 325 1419 353 de
1442 325 1609 353 Mediatore:
1633 333 1699 361 ergo
1720 325 1816 354 nullus
1837 325 1938 353 salvari
1956 334 2000 362 po-

1156 370 1207 398 tnit
1228 374 1289 406 post
1311 370 1420 408 lapsum
1442 371 1548 408 absque
1570 371 1625 400 fide
1647 371 1848 408 Redemptoris.

1469 473 1681 494 CONCLUSIO.

1228 558 1333 587 Nullus
1351 562 1417 596 post
1438 559 1553 596 lapsum
1575 560 1693 588 salvari
1710 560 1805 597 potnit
1825 560 1932 598 absque

1306 606 1477 634 Mediatoris
1496 606 1553 643 sicle
1573 607 1675 642 salleni
1698 607 1850 644 implicita.

1233 700 1412 728 Ruspoumzo:
1437 700 1607 735 Dicendum,
1630 701 1723 738 quod,
1746 701 1817 730 sieut
1840 701 1935 729 multis
1955 709 2002 729 au—

1154 746 1329 775 etoritatibus
1352 747 1451 783 probat
1472 747 1601 784 Magister
1622 747 1649 775 in
1670 747 1761 775 littera
1774 748 1799 781 ὃ.
1816 752 1877 784 post
1891 748 1999 784 lapsum
2014 756 2120 775 Conclusio.

1155 794 1228 822 Adae
1261 793 1356 822 nullus
1388 794 1490 822 salvari
1522 794 1610 830 potuit
1631 794 1737 831 absque
1760 795 1814 823 lide
1836 795 2001 823 Mediatoris.

1155 840 1253 869 Nullus
1275 841 1348 869 enin]
1371 841 1406 869 ab
1429 841 1475 869 illo
1497 844 1609 877 peccato
1632 844 1740 877 poterat
1762 841 1890 876 liberari,
1906 841 1957 870 nisi
1974 841 2001 870 in

1155 888 1234 916 illum
1257 888 1435 917 ltlediatorem
1459 888 1601 922 crederet,
1624 888 1668 916 vel
1691 888 1750 925 ipse
1765 880 1815 925 pro
1830 896 1876 923 se,
1892 889 1913 917 si
1930 892 2002 917 esset

1154 935 1283 969 adultus,
1306 935 1349 964 vel
1372 935 1451 963 alitis
1474 943 1524 971 pro
1547 935 1621 972 ipso,
1644 935 1665 964 si
1689 938 1762 964 esset
1783 935 1928 972 parvulus.

1234 983 1264 1011 Et
1287 983 1356 1011 ratio
1378 983 1463 1011 huius
1485 986 1543 1011 est:
1573 982 1653 1019 quia,
1676 991 1739 1011 cum
1760 982 1863 1020 qratia
1883 986 1907 1010 et
1928 983 2000 1011 veri·
2014 989 2075 1009 nano.

1154 1033 1199 1058 tas
1218 1038 1272 1066 per
1294 1030 1390 1058 Iesum
1414 1029 1564 1058 Christum
1585 1028 1668 1066 [iloto.
1690 1029 1759 1063 sit⁷,
1781 1033 1808 1058 et
1828 1029 1954 1058 liberatio
1968 1029 2003 1058 ab

1155 1076 1201 1104 illo
1222 1079 1335 1113 peceato
1357 1076 1391 1105 sit
1412 1084 1463 1113 per
1485 1076 1584 1105 merita
1599 1076 1716 1109 Christi,
1738 1079 1765 1104 et
1787 1076 1886 1104 merita
1901 1076 2002 1104 Christi

1154 1132 1259 1159 nonse
1281 1124 1434 1152 extendant
1467 1124 1517 1152 nisi
1540 1124 1573 1152 ad
1598 1124 1659 1152 illos
1681 1124 1727 1160 qni
1755 1123 1914 1152 efficiuntur
1943 1124 2004 1153 eins

1155 1170 1282 1198 membra
1303 1173 1330 1199 et
1351 1170 1374 1198 ei
1397 1170 1565 1207 copulantur
1589 1178 1638 1207 per
1661 1170 1765 1205 fide1n3
1786 1171 1858 1199 sicut
1880 1170 2004 1208 impossi-

1155 1217 1209 1245 bile
1231 1221 1287 1250 est,
1310 1225 1383 1246 nune
1406 1217 1526 1254 aliquem
1548 1217 1666 1251 salvari,
1683 1217 1733 1246 nisi
1750 1217 1839 1246 eidem
1856 1217 2004 1255 copuletur

1155 1264 1198 1292 vel
1221 1272 1270 1300 per
1304 1264 1403 1297 tidem,
1425 1264 1468 1292 vel
1492 1272 1542 1301 per
1564 1264 1627 1293 fidei
1651 1265 1880 1293 Sacramentum:
1910 1265 1949 1293 sio
1977 1269 2004 1294 et

1156 1311 1326 1347 impossihile
1348 1310 1418 1345 snit,
1441 1314 1503 1347 post
1526 1311 1634 1347 lapsum
1658 1311 1779 1348 aliquem
1805 1312 1953 1348 pervenire
1968 1312 2002 1340 ad

1155 1358 1290 1389 salntem.
1313 1350 1360 1394 qui
1383 1357 1482 1395 aliquo
1501 1359 1584 1386 modo
1606 1359 1632 1386 in
1656 1358 1797 1387 Christum
1820 1359 2001 1387 mediatorem

1155 1413 1207 1432 non
1241 1405 1376 1433 erederet.
1409 1405 1471 1433 ldeo
1493 1409 1585 1433 autem
1610 1405 1671 1433 dieo
1693 1405 1792 1443 aliquo
1814 1405 1915 1438 inodo,
1937 1406 2003 1442 qnia

1156 1451 1225 1480 tides
1247 1452 1404 1480 Mediatoris
1436 1455 1526 1488 potest
1549 1452 1644 1480 haberi
1678 1452 1843 1488 dupliciter,
1875 1452 2003 1481 videlicet

1155 1498 1308 1535 implicite,
1343 1499 1385 1527 vel
1415 1498 1565 1535 eaeplieite:
1596 1498 1744 1535 explicite,
1766 1503 1797 1527 ut
1819 1500 1840 1527 si
1863 1499 1925 1536 quis
1947 1507 2004 1528 cre-

1155 1545 1248 1579 deret,
1282 1545 1378 1573 Filium
1411 1545 1458 1573 Dei
1482 1549 1675 1573 assumtnrnin
1703 1549 1825 1574 nostram
1849 1546 2003 1574 hnmanita-

1155 1596 1225 1625 tem.
1259 1593 1431 1621 naseiturum
1465 1593 1499 1621 de
1527 1593 1655 1630 Virgine,
1677 1601 1828 1630 passurum
1850 1593 1876 1621 in
1899 1593 2002 1627 Cruce,

1155 1644 1383 1668 resurrecturum
1406 1640 1487 1668 tertia
1509 1640 1553 1668 die
1575 1644 1626 1668 ete.
1650 1641 1679 1668 Et
1702 1640 1753 1669 hoe
1770 1640 1851 1668 modo
1873 1640 2004 1677 ewplieite

1154 1687 1270 1715 eredere
1292 1694 1345 1714 non
1368 1689 1428 1715 erat
1449 1687 1579 1715 omnibus
1601 1690 1807 1724 opportunum,
1829 1687 1875 1716 sed
1900 1687 1943 1715 his
1964 1695 2003 1715 so-

1155 1734 1229 1768 lum,
1259 1734 1361 1770 quibus
1383 1742 1399 1761 a
1421 1734 1477 1762 Deo
1498 1737 1558 1762 erat
1581 1734 1752 1768 revelatum,
1775 1734 1846 1762 sicut
1867 1734 2003 1762 sanctissi-

1155 1781 1206 1809 mis
1230 1781 1384 1809 Patribns⁸.
1408 1797 1445 1800 ——
1467 1780 1608 1817 Implieite
1630 1789 1695 1809 vero
1717 1781 1833 1808 eredere
1854 1783 1895 1809 est
1909 1789 2004 1817 exspe-

1153 1832 1234 1856 ctare
1254 1828 1462 1865 redemptorem
1477 1827 1617 1865 [πίω-11111
1629 1850 1637 1861 ,
1653 1828 1773 1864 qualiter
1788 1831 1880 1856 autem
1897 1831 1923 1855 et
1938 1836 2003 1864 quo-

1154 1875 1236 1903 modo
1258 1875 1310 1903 hoe
1332 1875 1432 1903 debeat
1453 1882 1528 1908 esse,
1550 1875 1667 1903 eredere
1689 1870 1845 1903 secundum
1866 1874 1941 1911 quod
1962 1874 2002 1903 illi

1153 1922 1320 1956 eredebant,
1342 1922 1446 1959 quibus
1467 1930 1482 1949 a
1505 1922 1621 1949 Domino
1643 1925 1684 1950 est
1705 1922 1880 1955 revelatum;
1902 1925 1928 1949 et
1951 1921 2002 1950 hoe

1153 1968 1266 2005 quidem
1289 1971 1349 1996 erat
1370 1968 1501 1996 omnihus
1523 1971 1722 2005 opportunum.

1234 2015 1263 2043 Et
1285 2016 1336 2043 hoe
1358 2018 1399 2043 est
1420 2015 1494 2052 quod
1517 2015 1583 2044 dicit
1604 2015 1736 2052 magister
1755 2015 1831 2051 lingo
1853 2015 1887 2044 de
1909 2018 2003 2044 sancto

1155 2063 1263 2091 Victore
1286 2063 1311 2090 in
1336 2062 1406 2090 libro
1428 2063 1462 2091 de
1487 2062 1714 2091 sacramentis0:
1742 2073 1755 2087 «
1770 2062 1840 2091 Haec
1862 2065 1943 2096 sunt,
1964 2062 2003 2090 in-

1153 2109 1228 2146 quit,
1262 2109 1365 2146 quibus
1397 2109 1432 2137 ab
1454 2109 1531 2137 initio
1554 2109 1621 2137 nihil
1645 2109 1737 2137 minus
1760 2112 1834 2137 recta
1856 2108 1926 2137 fides
1954 2117 2004 2137 un-

1154 2164 1237 2193 quam
1263 2156 1365 2184 hahere
1395 2156 1498 2193 potnit,
1521 2156 1635 2184 credere
1659 2156 1801 2190 videlicet,
1824 2164 1912 2184 unum
1942 2164 2002 2185 esse

1155 2204 1258 2237 Deum,
1281 2206 1434 2232 creatorem
1451 2203 1576 2231 omnium
1593 2208 1619 2231 et
1635 2206 1770 2232 rectorem
1788 2203 2001 2237 universorum;

312 2340 318 2354 ¹
339 2340 396 2362 Vide
414 2346 483 2368 supra
497 2346 550 2368 pag.
564 2340 616 2368 529,
635 2343 686 2361 nota
704 2340 736 2361 10.
750 2352 776 2355 -α
792 2339 870 2362 Maior
887 2340 988 2361 innititur
1005 2339 1099 2367 regulae

248 2380 269 2402 6.
287 2380 342 2402 iuris
360 2379 425 2405 (libr.
445 2379 471 2401 V.
490 2380 548 2401 Sexti
566 2379 654 2401 Decret.
673 2380 694 2400 in
713 2378 779 2406 line):
799 2379 869 2400 Nemo
883 2381 957 2406 potest
971 2378 999 2400 ad
1012 2379 1099 2406 impos-

247 2419 312 2441 sibile
330 2419 434 2447 obligari.

310 2458 319 2473 2
338 2459 377 2480 l-lic
395 2464 413 2480 c.
437 2459 453 2480 1.
473 2458 516 2479 (Ἰν.
530 2458 596 2479 ctiam
616 2463 683 2485 supra
703 2463 755 2485 pag:
769 2457 821 2484 236,
841 2461 891 2479 nota
915 2457 947 2478 10.
962 2469 991 2472 ν-
1004 2457 1035 2479 De
1048 2463 1096 2484 arg.

247 2505 303 2527 seq.y
322 2498 343 2519 in
362 2499 428 2520 cuins
445 2497 535 2520 tuition
550 2497 602 2519 edd.
621 2500 673 2524 post
690 2502 737 2519 non
753 2497 829 2526 potest
844 2496 947 2518 subdunt
965 2495 1028 2525 quis,
1044 2495 1097 2518 vide

248 2543 317 2564 supra
337 2537 358 2559 d.
380 2537 413 2558 13.
432 2543 451 2558 a.
470 2537 490 2558 2.
509 2543 531 2564 q.
550 2536 570 2558 3.

309 2575 318 2590 3
339 2575 396 2597 Vide
414 2581 483 2602 snpra
503 2575 532 2597 lit.
551 2575 663 2602 Magistri,
682 2574 703 2596 d.
723 2574 800 2596 xxm.
820 2581 838 2596 c,
858 2575 878 2596 3.
895 2574 925 2596 Dc
944 2574 1098 2602 praecedenti-

248 2615 292 2637 bus
310 2615 350 2637 cl'r.
368 2621 438 2642 supra
458 2614 479 2636 d.
502 2614 534 2635 18.
553 2621 572 2635 a.
591 2615 611 2635 2.
628 2620 650 2641 p.
669 2614 695 2641 33
714 2614 735 2635 (1.
758 2614 790 2635 ta.
810 2620 829 2635 a.
852 2613 869 2635 1.
888 2620 909 2641 q.
929 2613 949 2635 1.
967 2619 1031 2642 seqq⁴
1056 2619 1098 2634 nee

250 2660 293 2676 non
313 2653 367 2675 ibid.
386 2653 441 2675 dub.
461 2654 481 2675 2.

312 2692 320 2706 ⁴
338 2692 382 2715 Cir.
401 2699 470 2720 supra
488 2692 511 2714 d.
531 2693 567 2714 20.
586 2699 607 2720 q.
627 2692 647 2714 4.

312 2731 321 2746 ⁵
338 2732 365 2753 Ut
382 2732 488 2759 Magister
505 2732 535 2753 ait
552 2732 608 2753 insi-a
627 2731 648 2753 sl.
667 2732 748 2753 xxw.
768 2738 786 2753 (ς.
809 2731 826 2752 1.
844 2730 889 2753 Ct'r.
906 2730 962 2756 ibid.
982 2730 1037 2752 dub.
1056 2731 1076 2752 2.

311 2770 321 2784 ⁶
339 2771 379 2792 llic
397 2777 415 2792 e.
439 2771 455 2792 Ι.
472 2783 504 2786 -
516 2771 596 2793 Utruni
614 2770 671 2792 sides
684 2773 804 2798 parentum
822 2770 920 2792 suniciat
932 2770 960 2791 ad
974 2770 1097 2792 delendum

250 2810 359 2836 originale
377 2812 498 2837 peceatum
517 2810 537 2831 in
557 2810 670 2837 parvulis,
689 2816 716 2831 an
741 2815 797 2835 non;
821 2809 876 2830 haec
900 2809 1002 2836 quaestio
1026 2808 1098 2830 t'nsins

250 2850 357 2869 tractatur
375 2848 409 2869 tv.
429 2849 489 2870 Seni.
508 2849 529 2870 d.
553 2849 568 2870 l.
589 2855 610 2876 p.
629 2849 650 2870 ll.
669 2855 688 2870 a.
712 2849 728 2870 l.
747 2854 768 2876 q.
792 2848 808 2869 l.
827 2854 875 2876 seq.
893 2859 924 2863 ——
937 2848 1030 2869 lnserins
1048 2847 1097 2869 Vnt.

251 2885 285 2907 bis
302 2887 352 2907 voci
370 2887 463 2913 peccato
482 2887 587 2915 adiungit
603 2886 723 2916 oriqinali.

312 2924 322 2938 ⁷
339 2925 397 2946 toan.
421 2926 437 2951 l,
460 2925 492 2946 17.
509 2937 540 2941 -
558 2926 626 2947 Panlo
645 2926 739 2948 interius
756 2932 798 2953 pro
813 2931 877 2948 nune
889 2924 993 2954 aliquem.
1006 2925 1097 2952 plurimi

251 2962 318 2983 codd.
336 2966 357 2984 et
373 2962 425 2984 edd.
450 2964 465 2990 l,
484 2964 496 2985 2
514 2970 578 2987 *izimo
595 2964 664 2986 [iliter
682 2964 742 2992 (cod.
762 2965 780 2986 Ιί
799 2971 810 2986 a
829 2964 929 2986 secunda
948 2970 1016 2985 manu
1035 2969 1099 2986 meuc

250 2999 371 3028 aliquem).
390 3000 474 3022 Dvinne
493 3005 541 3028 post
560 3002 592 3024 sle
610 3004 631 3025 et
642 3002 783 3032 impossihile
794 3003 841 3032 fui!
851 3003 903 3025 edd.
917 3004 1019 3025 iustu-unt
1036 3003 1098 3025 tune.

1220 2338 1229 2353 8
1245 2338 1289 2360 Cl'r.
1308 2339 1343 2360 hie
1361 2338 1390 2359 lit.
1409 2338 1520 2365 Magistri,
1538 2343 1557 2359 c.
1577 2337 1600 2364 2,
1620 2337 1658 2358 nbi
1676 2338 1743 2359 etiam
1762 2343 1810 2365 seq.
1828 2343 1920 2364 propos.
1934 2337 2001 2364 expli·

1155 2381 1226 2405 catur,
1245 2384 1314 2406 quam
1335 2377 1391 2404 Vat„
1410 2383 1421 2398 a
1440 2376 1507 2398 codd.
1526 2376 1647 2404 recetIenS,
1667 2377 1699 2398 sic
1722 2377 1866 2398 immutavit:
1891 2375 2003 2405 lmplioile

1155 2423 1210 2440 vero
1228 2416 1329 2440 eredere.
1349 2417 1382 2438 est
1399 2415 1493 2438 credere
1510 2415 1686 2444 Redemptorem
1703 2416 1831 2437 ventitrzrm
1849 2414 1928 2437 taliter
1939 2416 1961 2437 el
1976 2421 2002 2438 eo

1155 2455 1231 2482 modo,
1252 2454 1354 2485 qualiter
1379 2455 1399 2477 et
1422 2460 1468 2483 qno
1490 2453 1559 2476 modo
1583 2453 1620 2476 illi
1640 2452 1764 2476 eredebant
1786 2456 1827 2475 ete.
1855 2454 1926 2475 Etiam
1949 2453 2001 2476 edd.

1159 2495 1176 2522 l,
1195 2496 1208 2516 Ξ
1231 2496 1288 2516 hanc
1306 2500 1399 2522 propos.
1417 2493 1583 2522 aliquantulum
1602 2496 1725 2514 mutarunt.
1744 2493 1830 2514 Etenim
1848 2495 1899 2520 post
1910 2492 2003 2515 Redem-

1154 2535 1245 2563 ptorem
1261 2533 1371 2563 futurum
1390 2533 1464 2560 posito
1489 2534 1586 2559 puncto,
1609 2533 1641 2554 sie
1664 2535 1845 2560 prosequuntur:
1872 2531 2003 2559 Quaeritur

1155 2574 1246 2600 (netem,
1261 2572 1364 2602 qualiter
1375 2574 1397 2594 et
1408 2572 1524 2601 quomodo
1537 2571 1617 2594 debent
1629 2577 1678 2593 esse
1689 2570 1732 2593 hoe
1744 2570 1853 2597 cretlerffl-
1867 2570 1925 2598 dieo,
1940 2570 2003 2600 quod

1155 2612 1199 2636 hoo
1211 2612 1304 2636 credere
1321 2617 1369 2634 esse
1386 2610 1462 2639 debet,
1484 2610 1614 2634 secundnm
1632 2610 1696 2639 quod
1706 2610 1742 2632 illi
1753 2609 1878 2633 eredebant
1895 2614 1936 2632 etc.
1950 2610 2001 2631 Post

1155 2651 1198 2675 ltoc
1215 2650 1295 2674 debeat
1312 2650 1392 2680 [codd.
1411 2652 1426 2672 Α
1438 2651 1455 2672 l<
1476 2649 1580 2679 debellat]
1603 2656 1651 2672 esse
1673 2649 1723 2671 cod.
1742 2649 1758 2672 C
1779 2649 1883 2671 interiieit
1905 2648 2001 2678 sufficie-

1156 2689 1205 2717 hat,
1226 2689 1276 2711 cod.
1295 2689 1325 2711 bl)
1343 2689 1382 2711 est.
1401 2688 1503 2711 Subinde
1522 2694 1563 2716 pro
1581 2687 1712 2710 secundnm
1734 2686 1797 2716 quod
1819 2686 1885 2708 codd.
1904 2689 1920 2708 Α
1933 2687 1951 2714 Q
1968 2686 2001 2714 (N

1155 2737 1166 2751 a
1185 2729 1284 2751 secunda
1304 2729 1382 2756 manu)
1400 2727 1487 2751 seilicet
1503 2727 1578 2757 quod,
1599 2730 1620 2749 et
1639 2730 1689 2755 post
1707 2733 1778 2754 panca
1797 2733 1839 2754 pro
1856 2727 1889 2749 est
1913 2725 2002 2748 reresu-

1156 2770 1206 2790 lum
1223 2768 1274 2789 cod.
1293 2768 1337 2789 ΛΚ
1357 2768 1408 2789 erut
1427 2766 1563 2789 rerelalnm.
1583 2767 1604 2788 ln
1623 2766 1716 2788 lectione
1729 2765 1795 2787 codd.
1808 2765 1943 2793 mrspeclare
1959 2768 2000 2786 etc.

1155 2811 1177 2829 ct
1194 2806 1288 2830 credere
1305 2806 1433 2829 seomzclnm
1452 2809 1493 2828 etc.
1507 2807 1560 2827 sunt
1577 2805 1680 2827 membra
1699 2804 1836 2826 coordinata.

1218 2846 1227 2860 ²³
1245 2846 1305 2867 Libr.
1324 2846 1337 2867 l.
1357 2852 1378 2873 p.
1397 2845 1424 2867 X.
1444 2852 1462 2867 e.
1480 2845 1501 2866 7.
1521 2845 1542 2866 tu
1561 2848 1619 2866 textu
1638 2844 1719 2871 origin.
1742 2846 1792 2869 post
1813 2841 1932 2871 suffecisse
1952 2848 2001 2865 ere-

1155 2885 1233 2908 dimus
1252 2885 1315 2913 plura
1334 2886 1492 2911 inveniuntur,
1511 2890 1569 2912 qnae
1593 2884 1628 2904 hie
1651 2882 1741 2908 ausuum
1765 2881 1878 2908 simulque
1904 2881 1933 2903 ibi
1958 2887 2000 2908 pro

1126 2920 1128 2929 ’
1155 2924 1299 2947 ascensionis
1316 2930 1374 2946 stine
1392 2923 1488 2945 hahetur
1505 2920 1647 2945 ascensionis
1664 2919 1725 2947 eins,
1745 2923 1766 2941 ‹·t
1780 2920 1842 2941 lot-ns
1853 2921 1885 2941 sic
1899 2921 2000 2942 tormina-

1127 2957 1128 2962 *
1157 2967 1204 2985 tur:
1222 2967 1242 2985 et
1261 2963 1385 2985 scientibus
1406 2962 1463 2984 huet·
1487 2961 1531 2983 fido
1553 2964 1574 2982 et
1590 2960 1712 2982 (lt-votione
1729 2958 1772 2981 sub
1789 2965 1829 2988 spo
1846 2960 1866 2981 cl
1883 2960 2001 2987 nspecta-

1156 3001 1217 3024 lione
1234 3001 1336 3023 eiusdem
1356 2999 1520 3029 redemptionis
1537 2998 1696 3020 adhaeserunt.

2164 1019 2166 1100 1

2164 1102 2166 1208 l

2159 1406 2161 1414 1

2159 1416 2161 1432 1

2026 1458 2132 1477 Distinctio.
2159 1470 2161 1476 .

2017 2022 2140 2041 Confirmatur

2030 2051 2063 2069 per
2080 2046 2141 2070 Ilugo-

2027 2075 2076 2088 nem.
