2166 3366
246 212 305 241 314

242 290 296 319 alia
317 290 410 318 anima
430 290 511 318 beata
532 292 559 318 et
580 289 640 318 eius
662 288 789 317 scientia:
813 296 880 325 ergo
902 289 994 317 anima
1015 288 1091 317 Chri-

243 337 276 366 sti
298 346 351 365 non
374 336 485 365 excedit
506 336 533 364 in
556 335 694 364 infinitum
718 335 861 363 scientiam
884 335 1034 363 cuiuslibet
1055 335 1091 363 al-

243 384 330 413 terius
345 384 453 412 animae
468 386 585 411 creatae.
608 382 660 411 Sed
676 382 789 410 scientia
804 382 888 411 Verbi
907 382 933 410 in
950 381 1090 410 infinitum

242 430 353 459 excedit
378 429 530 458 scientiam'
548 429 720 458 cuiuslibet¹
751 429 860 457 animae
887 429 997 457 beatae:
1024 436 1091 465 ergo

242 477 366 510 videtur,
382 476 457 513 quod
479 476 572 504 anima
587 475 687 504 Christi
710 483 854 512 nunquam
871 479 909 503 tot
931 478 1091 512 cognoscat,

242 527 310 560 quot
331 523 471 560 cognoscit
493 523 585 559 ipsum
608 522 741 551 Verbum.

322 572 347 599 ὃ.
370 570 450 604 Item,
467 570 538 598 sicut
553 569 672 606 cognitio
691 569 773 598 Verbi
790 572 831 597 est
846 569 983 597 immensa
1004 569 1092 597 inten-

241 618 314 651 sive,
337 617 374 645 ita
395 620 436 645 est
458 617 541 645 etiam
563 615 719 649 extensive,
742 616 820 653 quia,
843 616 913 644 sicut
929 616 1013 644 habet
1033 616 1092 644 lim-

242 665 386 702 piditatem
402 663 551 698 infinitam,
573 663 610 691 ita
633 662 715 691 etiam
738 662 879 699 cognoscit
900 662 1020 696 infinita;
1042 663 1091 691 sed

242 711 413 748 impossibile
434 714 491 745 est,
520 710 595 747 quod
621 709 714 738 anima
742 709 842 737 Christi
873 709 1093 747 comprehendat

243 759 406 788 infinitatem
429 758 517 795 ipsius
533 757 616 786 Verbi
633 756 771 785 intensive
786 760 813 785 et
833 756 908 793 quod
925 757 962 785 ita
977 757 1092 793 limpide

242 808 404 843 cognoscat,
426 805 498 833 sIcut
527 805 619 841 ipsum
642 802 805 832 Verbum2:
832 810 899 839 ergo
921 802 1092 839 impossibile

243 856 284 882 est
305 853 365 890 pari
382 852 501 885 ratione,
522 851 597 888 quod
620 853 768 887 cognoscat
789 849 889 877 omnia
904 857 976 886 quae
998 857 1093 886 cogno-

242 900 293 929 scit
315 900 406 937 ipsum
429 898 568 932 Verbum,
584 905 648 926 cum
664 896 788 925 Verbum
811 900 958 933 cognoscat
979 896 1091 924 infinita.

323 948 347 975 6.
364 947 443 979 Item,
456 945 527 974 sicut
539 943 696 972 intellectus
707 943 816 971 animae
828 942 929 971 Christi
942 951 977 972 ex
990 944 1092 971 unione

242 995 336 1023 suiad
360 994 448 1023 lucem
472 997 614 1022 aeternam
636 993 721 1022 habet
743 999 909 1030 cognoscere
931 990 1031 1024 multa,
1054 989 1092 1018 sic

243 1045 270 1071 et
291 1042 351 1079 ipsa
371 1041 539 1070 substantia
561 1041 670 1069 animae
693 1048 729 1069 ex
751 1040 853 1069 unione
875 1038 964 1076 ipsius
978 1038 1013 1066 ad
1029 1038 1093 1066 Ver-

242 1090 310 1118 bum
332 1092 374 1117 est
395 1092 458 1117 nata
480 1096 541 1117 esse
564 1088 589 1116 in
613 1088 709 1116 multis
730 1088 816 1120 locIs3
846 1086 894 1115 sed
922 1085 1092 1122 impossibile

243 1140 297 1171 est,
320 1136 394 1173 quod
416 1136 509 1164 anima
530 1135 631 1164 Christi
648 1143 772 1172 unquam
795 1134 841 1167 sit,
865 1133 1036 1174 ubicumque
1051 1135 1093 1160 est

243 1183 381 1218 Verbum,
403 1183 531 1220 quamvis
553 1183 577 1211 ei
599 1181 745 1211 uniatur³z
769 1189 835 1217 ergo
851 1179 1023 1217 impossibile
1038 1182 1091 1213 est,

242 1231 318 1268 quod
334 1230 493 1258 intellectus
507 1229 567 1258 eius
586 1231 733 1265 cognoscat
752 1228 844 1256 omnia
863 1235 935 1264 quae
953 1226 1093 1263 cognoscit

243 1277 381 1311 Verbum,
402 1277 532 1313 quamvis
553 1277 578 1305 ei
599 1276 723 1304 uniatur.

322 1325 351 1365 7.λ
370 1324 450 1357 Item,
472 1326 576 1360 quanto
598 1322 754 1351 substantia
776 1324 818 1350 est
833 1321 1001 1358 simplicior,
1017 1323 1093 1348 tanto

242 1371 367 1409 plurium
391 1374 432 1398 est
453 1369 675 1407 cognoscitiva⁴;
698 1369 745 1398 sed
769 1368 924 1397 substantia
950 1367 1032 1397 Verbi
1056 1367 1093 1395 in-

243 1421 336 1448 creata
352 1418 378 1446 in
402 1417 539 1446 infinitum
557 1417 668 1445 excedit
683 1419 819 1453 quantum
835 1415 871 1443 ad
886 1415 1093 1452 simplicitatem

242 1465 364 1494 animam
393 1464 510 1493 Christi:
533 1472 600 1500 ergo
622 1463 793 1500 impossibile
815 1466 872 1497 est,
898 1462 972 1499 quod
1000 1461 1094 1490 anima

243 1513 343 1541 Christi
366 1520 490 1549 unquam
514 1514 622 1540 tantum
639 1510 826 1544 sublimetur,
848 1510 922 1547 quod
946 1512 1094 1546 cognoscat

243 1563 295 1595 tot,
320 1563 388 1597 quot
408 1559 548 1596 cognoscit
570 1559 660 1595 ipsum
684 1558 818 1586 Verbum.

323 1608 348 1635 8.
371 1607 451 1640 Item,
473 1607 495 1635 si
510 1605 603 1634 anima
625 1605 724 1634 Christi
751 1604 891 1641 cognoscit
909 1604 1002 1632 omnia
1021 1611 1093 1641 quae

244 1654 367 1683 Verbum
390 1653 542 1690 cognoscit,
564 1656 613 1681 aut
635 1652 687 1681 hoc
708 1654 750 1680 cst
771 1659 821 1688 per
845 1651 938 1688 ipsum
970 1651 1094 1679 Verbum

244 1700 423 1733 immediate,
446 1702 495 1728 aut
516 1707 566 1736 per
587 1699 694 1736 aliquid
716 1698 792 1727 aliud
816 1701 949 1726 creatum
970 1697 1028 1726 sibi
1047 1706 1094 1725 su-

241 1747 441 1784 peradditum.
473 1746 523 1774 Per
556 1746 647 1782 ipsum
684 1745 807 1773 Verbum
840 1744 1006 1772 immediate
1039 1752 1093 1772 non

243 1797 348 1831 potest,
371 1794 442 1822 sicut
464 1793 490 1821 in
507 1792 739 1830 praecedentibus
752 1792 761 1804 ⁵
781 1792 832 1820 fuit
847 1795 1006 1826 ostensum,
1028 1791 1094 1828 quia

243 1849 356 1870 necesse
378 1844 431 1875 est,
457 1840 549 1877 ipsum
577 1839 748 1868 intellectum
779 1838 922 1867 informari
949 1846 965 1866 a
987 1838 1094 1866 ratione

244 1888 437 1925 cognoscendi.
459 1887 484 1915 Si
508 1895 558 1924 per
583 1886 689 1924 aliquid
711 1890 843 1914 creatum
868 1885 926 1914 sibi
954 1885 1095 1922 supercid-

244 1936 352 1969 ctitum,
374 1938 423 1963 ant
444 1935 496 1963 hoc
517 1937 558 1963 est
580 1934 676 1962 tumen
698 1933 852 1970 procedens
874 1941 890 1961 a
918 1933 1023 1967 Verbo,
1045 1935 1094 1961 aut

243 1983 351 2020 species
371 1983 465 2020 aliqua
488 1982 527 2010 rei
549 1981 682 2018 cognitae.
705 1981 729 2009 Si
753 1984 794 2009 est
817 1980 914 2009 tumen
939 1980 1094 2017 procedens

244 2037 261 2057 a
276 2029 379 2063 Verbo,
401 2037 464 2057 cum
481 2028 550 2057 illud
567 2036 620 2056 non
636 2027 754 2056 excedat
770 2027 796 2055 in
823 2027 963 2055 infinitum
985 2027 1094 2061 lumen,

245 2076 318 2113 quod
342 2076 483 2104 confertur
505 2075 566 2103 aliis
587 2075 747 2109 animabus,
770 2074 791 2103 si
813 2074 884 2103 aliae
908 2073 1017 2102 ammae
1039 2082 1094 2102 non

245 2125 415 2159 cognoscunt
436 2122 488 2150 nisi
504 2122 594 2156 finita,
617 2129 729 2150 necesse
751 2124 800 2155 est,
817 2121 892 2158 quod
911 2121 1004 2149 anima
1019 2120 1095 2148 Chri-

245 2169 280 2198 sti
312 2178 365 2198 non
397 2172 543 2206 cognoscat
574 2168 626 2198 nisi
656 2169 750 2197 finita:
773 2176 840 2205 ergo
871 2176 925 2196 non
955 2168 1095 2205 cognoscit

245 2216 353 2251 omnia,
376 2224 448 2253 quae
469 2216 592 2244 Verbum
615 2216 763 2252 cognoscit.
785 2216 811 2243 Si
834 2223 884 2252 per
905 2215 1013 2252 species
1041 2215 1093 2243 sibi

246 2263 337 2297 datas,
359 2271 426 2300 ergo
447 2266 486 2291 tot
507 2263 613 2300 species
636 2262 760 2295 habebit,
783 2265 850 2299 quot
871 2265 936 2290 sunt
957 2262 1095 2298 cognosci-

245 2309 325 2342 bilia;
341 2313 367 2338 et
389 2310 410 2338 si
427 2310 491 2343 hoc,
508 2318 571 2338 cum
588 2309 783 2346 cognoscibilia
798 2309 852 2337 sint
874 2308 993 2341 infinita,
1011 2311 1094 2336 erunt

246 2357 273 2385 in
296 2357 389 2385 anima
417 2357 518 2385 Christi
546 2356 669 2385 infinitae
691 2356 797 2393 species
826 2356 853 2383 in
881 2358 960 2384 actu:
983 2362 1050 2391 ergo
1071 2355 1093 2383 si

246 2404 418 2441 impossibile
434 2407 487 2438 est,
503 2403 610 2432 infinita
631 2406 694 2432 actu
714 2411 773 2432 esse
796 2403 822 2430 in
838 2405 980 2436 creatura,
995 2402 1095 2438 impos-

923 211 1175 240 SENTENTIARUM
1196 211 1256 239 LlB.
1278 211 1318 239 Ill.

1148 288 1228 317 sibile
1243 292 1295 323 est,
1312 289 1387 326 quod
1402 289 1495 317 amma
1516 289 1617 317 Christi
1633 292 1780 326 cognoscat
1798 288 1918 324 infinita,
1938 290 1995 319 sive

1148 335 1241 363 omnia
1262 343 1334 372 quae
1356 335 1479 364 Verbum
1502 336 1650 372 cognoscit.

1227 383 1253 410 9.
1277 382 1359 416 Item,
1381 383 1416 410 ad
1443 383 1627 419 cognitionem
1656 383 1696 411 rei
1717 383 1774 411 duo
1803 383 1996 420 requiruntur,

1149 428 1253 457 scilicet
1269 429 1391 466 receptio
1406 432 1433 457 et
1449 429 1594 457 iudicium
1602 429 1622 463 ὃ,
1641 437 1707 466 ergo
1722 429 1758 458 ad
1773 430 1838 464 hoc,
1860 430 1935 466 quod
1950 429 1997 458 ali-

1149 475 1211 511 quis
1226 478 1373 512 cognoscat
1387 476 1493 513 aliqua,
1509 483 1621 505 necesse
1636 479 1690 510 est,
1709 476 1784 513 quod
1800 476 1901 505 habeat
1912 484 1997 513 posse

1149 521 1290 550 iudicandi
1308 530 1392 559 super
1414 522 1474 553 illa:
1489 523 1537 551 sed
1560 523 1696 551 iudicium
1711 523 1820 552 animae
1838 523 1940 552 Christi
1955 526 1997 552 est

1149 569 1271 597 finitum:
1287 577 1354 605 ergo
1368 577 1418 598 nec
1433 577 1483 606 per
1498 577 1527 598 se
1549 578 1599 599 nec
1615 578 1665 606 per
1679 570 1899 599 coniunctionem
1917 578 1997 599 suam

1150 621 1214 644 cum
1244 615 1335 644 Verbo
1364 616 1468 644 iudicat
1495 616 1530 645 de
1558 616 1687 651 infinitis,
1710 617 1775 654 quia
1801 617 1878 645 nulla
1908 618 1997 646 virtus

1149 662 1227 690 finita
1249 662 1308 690 exit
1330 663 1356 690 in
1379 663 1567 699 operationem
1591 664 1738 699 infinitam,
1754 672 1804 693 nec
1822 673 1876 701 per
1896 673 1926 693 se
1947 673 1997 694 nec

1150 717 1217 737 cum
1239 709 1302 737 alia
1317 717 1420 737 —non
1443 710 1517 738 enim
1539 713 1629 747 potest
1650 711 1677 738 in
1700 711 1793 747 aIIqua
1815 711 1921 740 infinita
1936 720 1998 749 ope·
2153 717 2155 761 t

1151 756 1257 784 ratione
1272 756 1296 784 ei
1313 756 1469 785 continuari
1486 773 1524 776 —
1539 764 1605 793 ergo
1621 757 1791 794 impossibile
1806 762 1860 792 est,
1875 759 1997 787 animam
2137 778 2138 781 ,
2153 773 2155 817 1

1150 802 1251 830 Christi
1273 802 1398 831 iudicare
1420 803 1454 831 de
1476 806 1527 837 tot,
1549 803 1583 832 de
1605 807 1672 840 quot
1686 804 1791 833 iudicat
1812 805 1935 834 Verbum
1955 813 1998 834 ae-

1152 853 1279 883 ternum;
1307 852 1334 878 et
1363 849 1384 878 si
1414 850 1479 884 hoc,
1501 858 1555 878 non
1583 853 1673 887 potest
1694 851 1787 879 omnia
1815 860 1997 889 cognoscere,
2154 833 2155 889 1

1150 904 1222 933 quae
1244 896 1367 925 Verbum
1391 897 1539 933 cognoscit.

1469 998 1683 1020 CONCLUSIO.

1151 1084 1262 1113 Anima
1283 1085 1395 1113 Christi
1408 1085 1569 1122 cognitione
1590 1084 1749 1120 habituali,
1772 1095 1847 1124 quae
1868 1090 1908 1115 est
1922 1087 1999 1116 sicut

1229 1132 1368 1166 scientia,
1388 1133 1536 1169 cognoscit
1556 1133 1656 1161 omnia
1675 1142 1750 1170 quae
1771 1134 1916 1171 cognoscit
1936 1134 2000 1163 Ver-

1231 1178 1315 1212 bum,
1337 1187 1395 1207 non
1417 1183 1515 1207 autem
1537 1179 1699 1216 ooynitione
1720 1180 1847 1214 actuali,
1869 1189 1943 1219 quae
1958 1185 1999 1210 est

1228 1226 1306 1254 sicut
1327 1226 1530 1254 consideratio.

1231 1320 1407 1349 RESPONDEO:
1430 1320 1468 1349 Ad
1490 1321 1697 1358 praedictorum
1724 1322 1935 1359 intelligentiam
1957 1326 1999 1351 est

1151 1366 1320 1401 notandum,
1343 1367 1418 1404 quod
1440 1367 1475 1395 ad
1498 1368 1579 1396 istam
1602 1368 1793 1404 quaestionem
1815 1371 1930 1406 propter
1955 1369 1997 1398 sui

1151 1413 1344 1442 difficultatem
1367 1422 1382 1442 a
1404 1414 1523 1443 diversis
1543 1414 1730 1444 diversimode
1752 1416 1951 1452 respondetur3
1973 1419 2000 1445 et
2149 1426 2154 1448 l]

1151 1460 1265 1497 quidam
1290 1461 1459 1498 respondent
1480 1461 1651 1498 simpliciter
1670 1462 1861 1496 concedendo,
1884 1463 1999 1500 quidam
2020 1474 2072 1500 Duae
2088 1474 2128 1493 viae

1151 1511 1244 1535 autem
1272 1507 1485 1544 (listinquendo.
1508 1524 1546 1528 -
1568 1508 1650 1536 Primi
1678 1508 1822 1537 variantur
1843 1509 1999 1538 secundum
2013 1498 2118 1516 ⁵⁰¹⁰²¹⁰¹¹³⁵'

1151 1554 1288 1591 triplicem
1313 1554 1426 1583 modum
1449 1554 1568 1583 dIcendi.

1230 1601 1349 1637 Quidam
1379 1601 1452 1630 enim
1475 1602 1584 1636 dIcunt,
1612 1602 1688 1639 qnod
1714 1603 1807 1631 anima
1836 1603 1937 1632 Christi
1959 1611 2001 1632 co-
2012 1604 2153 1642 visiun-J

1151 1649 1258 1685 gnoscit
1279 1649 1372 1677 omnia
1395 1657 1467 1686 quae
1482 1649 1606 1678 Verbum
1629 1650 1779 1686 cognoscit,
1795 1658 1846 1687 pro
1867 1652 1900 1679 eo
1924 1650 2000 1687 quod
2012 1643 2064 1661 ΡΜ
2078 1638 2095 1656 ¹'
2152 1669 2153 1674 ,

1152 1695 1275 1724 Verbum
1293 1698 1438 1724 aeternum
1455 1704 1508 1724 non
1525 1697 1665 1733 cognoscit
1680 1697 1732 1726 nisi
1748 1697 1834 1726 finita.
1853 1697 1910 1726 Non
1926 1698 1999 1726 enim
2152 1677 2154 1746 ἶ

1151 1746 1193 1771 θεῖ
1209 1743 1355 1780 exemplar
1371 1743 1421 1774 nisi
1445 1751 1541 1772 eorum
1559 1752 1630 1781 quae
1652 1748 1732 1778 sunt,
1747 1745 1791 1773 vel
1813 1745 1939 1780 fuerunt,
1955 1745 2000 1774 vel
2153 1747 2154 1791 l

1151 1793 1247 1824 erunt3
1269 1793 1297 1818 et
1317 1790 1385 1819 haec
1407 1790 1499 1818 omnia
1522 1790 1599 1819 finita
1621 1794 1744 1819 sunt.-—
1759 1792 1811 1820 Sed
1833 1792 1883 1820 iste
1899 1792 2000 1821 modus
2015 1789 2138 1826 improbatur.
2154 1810 2159 1822 .÷

1152 1837 1261 1865 dIcendi
1283 1840 1357 1866 stare
1379 1845 1433 1865 non
1450 1841 1552 1874 potest,
1575 1838 1653 1875 quia,
1669 1838 1741 1867 sicut
1756 1838 1815 1875 ipse
1830 1839 2000 1875 Augustinus
2154 1854 2155 1858 =

1152 1884 1234 1918 dicit,
1256 1888 1283 1913 et
1305 1884 1330 1912 in
1353 1885 1445 1921 primo
1467 1885 1559 1913 libro⁷
1580 1888 1723 1914 ostensum
1745 1889 1801 1919 est,
1823 1889 1937 1914 aeterna
1950 1886 1999 1915 Dei
2154 1863 2155 1915 1

1152 1931 1286 1968 sapientia
1306 1932 1446 1968 cognoscit
1468 1931 1588 1966 infinita,
1619 1932 1690 1960 sicut
1712 1932 1826 1969 planum
1855 1936 1911 1966 est,
1934 1933 1999 1970 quia
2155 1929 2156 1933 ’

1152 1979 1292 2015 cognoscit
1323 1986 1419 2007 omnes
1451 1979 1561 2007 numeri
1594 1979 1717 2015 species,
1746 1980 1886 2016 cognoscit
1916 1980 2000 2008 etiam

1151 2026 1244 2054 omnia
1266 2033 1338 2063 quae
1359 2029 1449 2063 potest
1467 2026 1565 2055 facere.
2156 2047 2157 2050 η

1231 2073 1306 2101 Alius
1335 2073 1436 2102 modus
1465 2073 1574 2102 dicendi
1603 2076 1659 2108 est,
1681 2074 1756 2111 quod
1784 2074 1876 2102 anima
1897 2074 2000 2102 Christi
2012 2083 2080 2107 Opinio
2093 2084 2110 2102 2.
2155 2077 2157 2100 i

1152 2121 1292 2157 cognoscit
1313 2120 1405 2148 omnia
1427 2128 1498 2157 quae
1527 2120 1667 2157 cognoscit
1688 2120 1827 2154 Verbum,
1855 2123 1882 2149 et
1903 2128 2000 2157 cogno-

1152 2167 1203 2195 scit
1225 2167 1347 2201 infinita,
1369 2167 1435 2204 quia
1456 2175 1513 2195 uno
1541 2170 1568 2196 et
1589 2167 1705 2196 eodem8
1733 2168 1872 2205 cognoscit
1892 2168 1998 2202 onmia,

1152 2214 1180 2242 id
1202 2217 1243 2242 est
1266 2214 1364 2242 Verbo.
1389 2214 1418 2242 Et
1444 2214 1508 2242 hinc
1530 2216 1585 2248 est,
1614 2214 1690 2251 quod
1711 2222 1764 2242 non
1794 2214 1884 2243 solum
1906 2215 1999 2243 anima

1153 2261 1254 2289 Christi
1276 2264 1344 2289 actu
1367 2261 1507 2297 cognoscit
1529 2260 1654 2295 infinita,
1677 2261 1724 2290 sed
1753 2261 1837 2289 etiam
1858 2261 1999 2298 quaelibet

1153 2308 1245 2336 anima
1266 2308 1361 2342 beata,
1384 2316 1455 2345 quae
1477 2309 1601 2337 intuetur
1625 2309 1711 2344 Ipsam
1728 2308 1817 2337 lucem
1840 2311 1997 2343 aeternam,

1154 2355 1308 2384 secundum
1338 2355 1412 2392 quod
1442 2358 1579 2383 asserunt.
1595 2355 1700 2384 —Sed
1722 2355 1791 2383 illud
1822 2363 1871 2384 nec
1899 2355 1999 2383 rationi

1154 2405 1285 2430 consonat
1307 2409 1357 2430 nec
1378 2402 1592 2430 auctoritatibus
1613 2402 1777 2430 Sanctorum
1789 2402 1806 2436 ⁹,
1828 2402 1894 2439 quia
1914 2401 2001 2430 omni-

2014 2364 2138 2388 Reprobatur.
2157 2349 2159 2370 ζ

311 2538 318 2552 ¹
336 2538 391 2561 Cod.
409 2538 429 2559 K
447 2538 539 2560 subiicit
555 2537 662 2561 alterins.

309 2576 319 2591 ²
336 2577 395 2599 Vide
412 2583 482 2604 supra
500 2583 519 2599 a.
539 2577 559 2598 sl.
574 2583 596 2605 q.
615 2577 635 2603 2,
654 2580 676 2599 et
693 2577 722 2598 lit.
741 2577 852 2604 Magistri,
871 2578 907 2599 hic
924 2583 943 2599 c.
966 2577 983 2598 1.

310 2616 319 2631 ³
337 2616 364 2638 Ut
382 2615 506 2643 probatum
523 2619 557 2638 est
574 2616 588 2638 Ι.
606 2616 667 2638 Sent.
685 2615 707 2638 d.
726 2616 763 2638 37.
782 2622 804 2643 p.
824 2616 837 2638 l.
855 2622 875 2638 a.
894 2616 914 2637 2.
932 2622 955 2644 q.
975 2616 994 2637 l.
1011 2628 1042 2631 ——
1054 2616 1096 2637 Pro

247 2660 355 2684 unquam
373 2661 417 2677 non
436 2655 502 2682 pauci
521 2654 588 2677 codd.
606 2655 662 2677 falso
680 2660 812 2683 nunquam.

311 2692 320 2708 ⁴
336 2693 379 2716 Csr.
398 2693 466 2716 Liber
483 2693 512 2716 de
529 2693 620 2721 Causis,
639 2700 705 2722 prop.
727 2694 760 2715 10.
778 2697 800 2716 et
818 2693 858 2720 47,
877 2699 919 2715 nec
937 2699 981 2715 non
994 2694 1092 2721 Aristot.,

248 2733 279 2755 ΙΙΙ.
298 2733 327 2755 dc
344 2733 436 2760 Anima,
455 2735 506 2754 text.
519 2733 539 2754 3.
558 2739 621 2761 seqq.
641 2733 673 2760 (c.
693 2732 731 2760 4.).
744 2733 815 2754 ——De
827 2731 917 2755 mitiori
932 2732 993 2754 vide.
1006 2732 1020 2753 l.
1034 2732 1095 2754 Sent.

248 2771 271 2794 d.
290 2772 309 2793 8.
328 2778 351 2800 p.
369 2772 392 2793 ll.
410 2778 433 2800 q.
451 2772 472 2793 2.
485 2783 515 2787 -
526 2771 575 2793 Non
594 2772 661 2799 pauci
679 2771 730 2794 cod.
749 2771 923 2801 eoquoscitura.
941 2771 990 2793 Mox
1004 2777 1046 2799 pro
1063 2770 1095 2793 in-

248 2811 329 2833 creata
346 2810 396 2833 cod.
415 2810 433 2832 H
450 2810 556 2833 increati.

311 2850 320 2864 ⁵
337 2850 383 2871 Art.
403 2850 422 2871 l.
441 2856 462 2878 q.
482 2850 502 2871 11.
515 2861 545 2865 —-
557 2849 626 2871 Paulo
643 2850 737 2871 inferius
754 2855 796 2877 pro
814 2855 869 2872 cum
885 2849 946 2872 illud
957 2849 1024 2872 codd.
1044 2849 1061 2871 K
1076 2849 1094 2871 T

248 2888 266 2910 U
279 2888 300 2910 X
318 2894 372 2911 cum
389 2888 463 2917 iqttnr
480 2888 547 2911 illud.
906 2884 909 2887 ’

312 2926 322 2941 ⁶
339 2926 386 2949 Csr.
404 2934 473 2955 supra
491 2934 545 2955 pag.
563 2927 615 2956 305,
634 2931 685 2950 nota
704 2928 724 2949 6,
742 2939 774 2944 --
785 2928 834 2949 Mox
853 2934 895 2955 pro
912 2926 1034 2950 iudicandi
1045 2926 1095 2949 cod.

249 2966 265 2987 Z
283 2965 396 2989 iudicare.

311 3004 320 3018 ⁷
340 3005 391 3027 Dist.
411 3005 447 3026 35.
460 3011 482 3034 q.
500 3005 524 3032 5,
538 3005 577 3027 ubi
596 3005 660 3033 plura
674 3006 794 3033 Augustini
812 3006 939 3027 testimonia
952 3005 1017 3027 allata
1035 3007 1094 3027 sunt.

1153 2536 1197 2559 Csr.
1215 2538 1283 2558 etiam
1301 2536 1348 2559 XII.
1367 2536 1395 2558 de
1412 2535 1460 2558 civ.
1473 2535 1526 2563 Dei,
1544 2542 1563 2558 c.
1585 2536 1618 2557 18.
1631 2548 1661 2551 —
1674 2536 1742 2557 Paulo
1759 2536 1853 2558 inferius
1864 2541 1906 2563 pro
1918 2541 1999 2558 omues

1153 2575 1249 2598 numeri
1265 2574 1351 2604 species
1368 2575 1419 2597 cod.
1436 2575 1455 2596 K
1474 2580 1554 2597 omnes
1571 2580 1684 2597 numeros
1701 2575 1722 2597 et
1738 2574 1831 2604 species.

1216 2613 1226 2628 ⁸
1243 2613 1297 2636 Cod.
1316 2614 1332 2635 N
1350 2613 1414 2636 addit
1430 2615 1538 2643 aspectu,
1559 2613 1626 2636 codd.
1644 2613 1687 2635 FU
1704 2612 1773 2636 modo
1792 2612 1900 2641 (sortasse
1922 2613 2000 2640 legen-
2046 2613 2050 2615 ’
2159 2622 2160 2642 1

1154 2655 1209 2677 dum
1227 2657 1261 2676 est
1278 2653 1374 2682 medio).

1216 2692 1226 2706 ⁹
1243 2692 1287 2715 Csr.
1306 2693 1342 2714 hic
1359 2692 1389 2714 lit.
1407 2692 1518 2719 Magistri,
1536 2698 1555 2713 c.
1575 2692 1594 2719 1,
1613 2691 1652 2714 ubi
1670 2691 1802 2719 Fulgentius
1815 2691 1932 2718 allegatur.
1951 2691 1999 2712 Hie-

1154 2738 1251 2760 ronym.,
1270 2732 1338 2759 Epist.
1362 2732 1398 2753 36.
1417 2731 1485 2759 (alias
1508 2731 1569 2759 ⁴25.)
1588 2730 1617 2753 ad
1634 2730 1723 2752 Damas.
1747 2736 1768 2752 n.
1789 2730 1823 2751 45.
1846 2730 1887 2758 ait,
1911 2729 1999 2752 nullum

1154 2771 1283 2798 hominem,
1301 2775 1395 2798 excepto
1413 2776 1440 2792 eo
1458 2771 1497 2799 qui
1519 2769 1549 2792 ob
1567 2773 1668 2792 nostram
1685 2769 1781 2791 salutem
1802 2774 1895 2791 carnem
1916 2771 1950 2790 est
1968 2768 1998 2790 di-

1154 2813 1237 2838 gnatus
1254 2810 1362 2838 induere,
1380 2809 1472 2837 plenam
1491 2809 1598 2831 habuisse
1615 2809 1732 2831 scientiam
1749 2810 1771 2830 et
1793 2808 1944 2830 certissimam
1962 2813 1999 2829 ve-

1154 2850 1250 2871 ritatem.
1276 2849 1301 2871 Et
1326 2849 1442 2876 Damaso.⁷
1466 2848 1497 2870 lll.
1523 2848 1551 2870 de
1574 2848 1627 2870 Fide
1650 2847 1740 2869 orthod.
1758 2852 1776 2869 c.
1796 2847 1835 2868 24:
1860 2846 1927 2868 Nos...
1946 2845 1999 2868 dici-

1155 2894 1229 2910 mus...
1247 2887 1346 2910 eundem
1364 2887 1431 2910 simul
1449 2887 1522 2909 Deum
1540 2890 1561 2909 et
1579 2887 1694 2909 hominem
1707 2888 1729 2907 et
1745 2886 1784 2914 qui
1796 2886 1852 2907 sciat
1868 2885 1955 2912 omnia;
1973 2884 1998 2907 in

1153 2926 1203 2956 ipso
1215 2926 1278 2949 enim
1289 2928 1345 2949 sunt
1362 2932 1442 2949 omnes
1455 2925 1562 2949 thesauri
1571 2924 1699 2954 sapientiae
1710 2925 1732 2947 et
1747 2923 1856 2947 scientiae
1868 2923 1999 2947 absconditi

1154 2965 1252 2993 (Coloss.
1266 2966 1290 2993 2,
1309 2966 1347 2993 3.).
1359 2978 1390 2982 ——
1401 2965 1457 2988 Cod.
1470 2966 1484 2987 S
1502 2966 1534 2987 sic
1547 2964 1706 2992 prosequitur:
1723 2962 1780 2992 quia
1793 2962 1870 2985 onmis
1881 2962 1997 2992 sapientia

1154 3005 1234 3027 creata
1250 3004 1317 3034 finita
1334 3006 1367 3027 est
1384 3005 1406 3027 et
1422 3003 1528 3027 limitata.
1545 3003 1576 3025 Et
1591 3003 1714 3031 praeterea
1731 3004 1772 3024 etc.
