2166 3366
282 175 338 202 270

957 173 1209 202 SENTENTIARUM
1232 173 1291 201 LIB.
1312 173 1352 201 lll.

1001 286 1236 320 ARTICULUS
1262 287 1314 320 ΙΙΙ.

796 369 836 397 De
857 369 1020 397 conditione
1040 372 1170 397 naturae
1189 373 1332 407 quantum
1354 370 1395 398 ad
1415 378 1526 398 sexum.

360 457 567 494 Consequeuter
598 456 745 494 quaeritur
775 456 809 485 de
835 456 991 485 conditione
1013 459 1130 484 naturae

281 508 423 533 assumtae
454 507 590 541 quantum
623 504 658 532 ad
686 511 797 532 sexum.
827 504 858 532 Et
886 503 960 532 circa
990 503 1043 531 hoc
1073 503 1130 531 duo

281 554 466 588 quaeruntur.

359 598 452 626 Primo
483 598 645 635 quaeritur,
674 601 771 626 utrum
794 597 884 626 Deum
906 597 1033 626 decuerit
1053 605 1131 625 assu-

1186 464 1265 485 mere
1286 464 1387 485 sexum
1410 457 1578 485 muliebrem
1592 457 1611 484 ¹.

1267 504 1409 538 Secundo,
1431 507 1528 532 utrum
1549 504 1676 533 decuerit
1700 512 1813 533 carnem
1835 512 1980 533 assumere
2002 504 2036 533 de

1187 550 1247 579 sola
1268 550 1394 579 muliere.

1058 683 1221 721 QUAESTIO
1243 684 1260 712 1.

728 771 832 799 Utrum
854 770 984 799 decuerit
1007 770 1098 798 Deum
1119 778 1271 798 assumere
1291 778 1394 798 semum
1417 769 1595 798 muliebrem.

360 858 439 887 Circa
453 858 576 895 primum
593 859 631 887 sic
647 858 808 895 proceditur
819 862 847 887 et
857 858 1016 895 quaeritur,
1033 860 1128 885 utrum

281 906 407 935 decuerit
428 906 516 935 Deum
539 913 684 934 assumere
713 905 880 934 muliebrem
909 913 1009 934 sexum
1032 905 1066 933 ad
1091 912 1131 933 re-

281 953 438 989 parandum
461 960 549 990 genus
571 953 736 981 humanum.
761 952 790 980 Et
811 952 887 989 quod
909 952 963 986 sic,
985 951 1115 980 videtur:

362 1001 387 1029 1.
409 1000 479 1036 Quia
500 1000 570 1028 ordo
592 1000 775 1036 reparationis
797 1007 847 1036 per
868 998 1027 1036 oppositum
1047 998 1131 1027 debet

150 1055 180 1074 Ad
194 1055 270 1079 opposi-
281 1047 452 1084 respondere
475 1047 563 1084 lapsui
577 1046 607 1080 23
629 1047 677 1075 sed
700 1050 795 1075 nostra
817 1047 898 1075 ruina
919 1046 972 1075 suit
993 1054 1043 1083 per
1073 1054 1131 1074 mu-

188 1081 231 1097 tum.

282 1094 397 1123 lierem:
420 1102 487 1131 ergo
507 1094 649 1123 relevatio.
677 1093 728 1122 Sed
753 1093 886 1122 relevatio
917 1093 989 1122 facta
1010 1096 1052 1121 est
1079 1100 1130 1133 per

280 1144 411 1170 naturam
433 1144 606 1170 assumtam:
628 1148 695 1177 ergo
716 1143 766 1169 etc.

360 1190 386 1217 Ξ),
408 1188 488 1223 110111,
510 1188 572 1216 ideo
594 1187 726 1216 assumsit
747 1187 822 1216 Deus
843 1191 973 1215 naturam
988 1186 1129 1223 fragilem,

280 1238 324 1270 ut,
340 1235 408 1264 dum
425 1243 476 1264 sua
495 1235 644 1272 fragilitate
659 1234 783 1263 vinceret
804 1234 920 1268 fortem,
944 1234 1080 1263 mirabilis
1101 1234 1129 1262 in

280 1282 333 1311 hoc
354 1282 402 1311 Dei
426 1282 548 1319 potentia
570 1282 726 1310 reluceret:
749 1281 770 1310 si
793 1289 860 1317 ergo
882 1281 1006 1318 fragilior
1028 1283 1070 1309 est
1091 1288 1130 1309 se-

280 1337 336 1357 xus
358 1329 519 1362 muliebris,
542 1328 669 1362 videtur,
691 1327 767 1365 quod
790 1328 878 1364 magis
897 1327 995 1356 fuisset
1009 1328 1070 1356 eius
1086 1336 1130 1364 po-

280 1376 365 1405 tentia
388 1375 578 1410 manifestata,
600 1375 622 1404 si
645 1375 671 1403 in
691 1383 763 1403 sexu
780 1374 909 1403 muliebri
926 1374 1069 1403 diabolum
1086 1381 1130 1402 su-

279 1426 421 1461 perasset:
444 1430 510 1459 ergo
526 1422 613 1459 magis
628 1430 784 1459 congruum
800 1421 865 1457 suit,
880 1421 1029 1450 mulierem
1044 1429 1128 1458 quam

280 1471 373 1499 virum
395 1470 500 1499 assumi
522 1478 539 1498 a
561 1469 651 1498 Verbo
672 1469 720 1497 Dei
732 1469 750 1497 ³.

359 1517 385 1545 3.
407 1517 488 1551 ltem,
509 1516 625 1554 spiritus
646 1516 790 1544 rationalis
809 1515 846 1544 ita
866 1515 980 1544 unibilis
994 1519 1036 1544 est
1052 1515 1130 1544 indis-

278 1565 400 1594 ferenter
414 1564 497 1593 sexui
513 1563 659 1598 muliebri,
675 1567 707 1592 ut
722 1563 808 1591 virili:
824 1570 891 1599 ergo
906 1563 966 1600 pari
983 1562 1089 1591 ratione
1104 1566 1131 1591 et

279 1612 395 1649 spiritus
417 1611 576 1640 increatus:
592 1618 659 1647 ergo
674 1610 864 1639 indifferenter
880 1618 909 1639 se
924 1610 1029 1638 habent
1043 1617 1130 1639 sexus

278 1658 412 1696 utrique*¹
434 1659 469 1687 ad
491 1658 639 1692 unionem,
668 1660 805 1695 quantum
831 1660 873 1686 est
894 1665 930 1686 ex
953 1660 1031 1694 parte
1052 1660 1131 1685 natu-

278 1714 335 1735 rae.
358 1706 384 1734 Si
406 1714 473 1743 ergo
501 1713 588 1734 sexus
617 1704 763 1733 muliebris
787 1704 874 1741 magis
896 1704 1048 1741 depressus
1069 1708 1130 1733 erat

278 1754 306 1782 in
328 1753 470 1782 miseriam
492 1760 576 1790 quam
600 1752 704 1785 virilis;
726 1759 789 1780 cum
805 1751 853 1780 Dei
869 1751 953 1780 Filius
969 1752 1130 1780 incarnatus

278 1801 363 1830 fuerit
387 1801 423 1830 ad
444 1804 568 1829 nostram
602 1799 743 1828 miseriam
770 1799 972 1833 relevandam,
999 1799 1130 1833 videtur,

278 1848 354 1886 quod
386 1848 475 1884 magis
506 1846 636 1876 debuerit
669 1854 813 1875 assumere
845 1854 948 1874 sexum
976 1846 1129 1875 femineum

278 1903 363 1932 quam
387 1895 506 1924 virilem.

358 1942 384 1970 [1.
408 1942 490 1976 110111,
512 1941 606 1978 proles
626 1940 775 1969 assimilari
799 1940 882 1969 debet
903 1948 955 1969 suo
978 1940 1129 1977 principi03

280 1989 329 2018 sed
350 1988 480 2017 Christus
501 1991 583 2017 natus
604 1987 656 2016 suit
677 1996 713 2016 ex
736 1987 795 2016 sola
811 1987 922 2024 Virgine
939 1990 1045 2016 matre:
1062 1995 1130 2024 ergo

278 2036 301 2065 si
324 2044 359 2065 ex
382 2035 484 2064 semina
505 2035 593 2063 traxit
614 2042 744 2068 carnem,
761 2034 849 2071 magis
868 2034 966 2063 debuit
979 2034 1130 2063 assimilari

279 2083 362 2111 matri
384 2090 469 2119 quam
491 2081 556 2110 alii:
579 2089 646 2118 ergo
678 2081 699 2109 si
733 2089 785 2109 non
818 2081 1015 2118 degeneravit,
1038 2081 1131 2118 potius

279 2130 376 2159 debuit
397 2137 433 2158 ex
456 2137 488 2158 ea
509 2129 622 2157 trahere
645 2136 761 2163 sexum.
784 2136 866 2165 quem
891 2128 1012 2157 habebat
1033 2128 1129 2165 Virgo,

279 2185 365 2215 quam
387 2177 484 2205 alium.

359 2224 411 2252 SED
433 2231 560 2252 CONTRA:
586 2224 610 2251 1.
633 2222 819 2260 Philosophus
841 2222 867 2250 in
888 2222 959 2250 libro
974 2222 1009 2251 de
1024 2222 1130 2250 Anima-

138 2271 375 2301 Fundamentalibus⁵
405 2271 486 2305 dicit,
508 2271 583 2308 quod
610 2281 623 2296 «
638 2270 741 2299 semina
772 2272 813 2298 est
835 2269 879 2297 vir
897 2269 1129 2303 orcasionatus»,

1188 857 1240 885 hoc
1261 860 1303 885 est
1324 857 1522 893 imperfectus:
1544 865 1612 894 ergo
1633 857 1654 886 si
1678 857 1761 886 homo
1782 861 1925 887 assumtus
1941 858 2038 887 debuit

1187 911 1248 932 esse
1270 904 1505 940 perfectissimus,
1538 912 1591 932 non
1620 912 1687 941 ergo
1716 905 1814 933 debuit
1836 905 1938 934 mulier
1957 914 2036 940 esse,

1186 951 1234 979 sed
1258 953 1367 980 tantum
1389 951 1542 980 masculus.

1266 999 1291 1026 2.
1315 998 1398 1033 ltem,
1420 999 1493 1036 quod
1520 999 1610 1028 maius
1631 1002 1688 1033 est,
1710 1000 1858 1037 Apostolus
1879 1000 1987 1037 primae
2001 1001 2036 1029 ad

1187 1044 1345 1074 Corinthios
1366 1046 1515 1074 undecimo
1526 1046 1535 1060 ⁶
1556 1046 1638 1081 dicit,
1654 1046 1729 1083 quod
1744 1050 1835 1083 eaput
1847 1047 1982 1076 mulieris
1997 1051 2038 1076 est

1186 1092 1250 1126 vir,
1273 1100 1327 1120 non
1349 1100 1364 1121 e
1385 1101 1537 1127 converso;
1557 1093 1606 1122 sed
1630 1093 1713 1122 1101110
1734 1097 1879 1123 assumtus
1897 1097 1938 1123 est
1953 1097 2038 1132 caput

1189 1139 1271 1168 totius
1294 1139 1448 1168 Ecclesiae:
1471 1147 1538 1176 ergo
1552 1148 1607 1168 non
1623 1140 1720 1169 debuit
1735 1148 1898 1175 essesexus
1911 1141 2036 1176 feminei,

1187 1186 1309 1223 alioquin
1332 1186 1412 1215 fieret
1434 1187 1577 1224 perversio
1598 1187 1724 1221 ordinis;
1747 1188 1823 1225 quod
1845 1188 1958 1225 quidem
1982 1196 2035 1217 non

1187 1233 1284 1261 debuit
1305 1233 1379 1262 Deus
1401 1233 1428 1261 in
1451 1241 1502 1262 sua
1524 1234 1714 1263 incarnatione
1734 1234 1841 1270 facere,
1864 1235 1931 1272 quin
1945 1236 2037 1273 potius

1187 1280 1361 1309 destructum
1384 1280 1511 1309 ordinem
1534 1281 1631 1309 debuit
1652 1289 1793 1318 reparare.

1266 1326 1292 1355 3.
1316 1327 1398 1361 ltem,
1419 1328 1589 1365 principium
1622 1329 1707 1357 totius
1728 1330 1914 1366 generationis
1936 1333 1977 1359 est
1998 1338 2037 1359 50-

1187 1381 1242 1402 xus
1265 1374 1370 1408 virilis,
1392 1382 1456 1402 nam
1479 1383 1514 1403 ex
1536 1383 1594 1403 uno
1616 1376 1677 1404 viro
1703 1384 1800 1404 omues
1814 1377 1845 1410 7;
1876 1377 1924 1406 sed
1954 1377 2037 1406 homo

1186 1424 1330 1450 assumtus
1352 1422 1450 1450 debuit
1470 1430 1531 1451 esse
1552 1422 1720 1460 principium
1744 1423 1829 1452 totius
1850 1425 2037 1461 generationis

1187 1468 1358 1506 spiritualis:
1382 1477 1436 1497 non
1458 1477 1525 1506 ergo
1547 1477 1634 1498 sexus
1656 1470 1815 1505 muliebris,
1838 1471 1887 1500 sed
1910 1471 2008 1500 virilis.

1265 1516 1292 1544 4,
1315 1515 1399 1550 110111,
1421 1516 1443 1545 51
1459 1516 1638 1546 assumsisset
1653 1525 1754 1546 sexum
1771 1518 1955 1553 muliebrem,
1970 1526 2037 1556 ergo

1187 1571 1250 1591 cum
1275 1562 1322 1591 fiat
1337 1563 1552 1592 communicatio
1567 1564 1748 1599 idiomatum,
1770 1564 1885 1594 deberet
1907 1565 1960 1594 dici
1983 1565 2037 1594 dea

1186 1613 1214 1638 et
1235 1609 1350 1639 deberet
1378 1610 1432 1639 dici
1459 1610 1544 1647 filia:
1573 1610 1596 1639 si
1624 1619 1691 1648 ergo
1721 1620 1773 1640 11011
1800 1612 1879 1641 decet
1900 1620 1962 1642 esse
1983 1613 2034 1642 nisi

1187 1657 1276 1686 Deum
1298 1660 1325 1686 et
1347 1657 1443 1686 Filium
1467 1657 1494 1685 in
1517 1657 1564 1686 illa
1585 1666 1696 1686 summa
1715 1659 1863 1694 Trinitate,
1885 1668 1940 1688 11011
1955 1660 2035 1689 deam

1186 1707 1235 1732 aut
1257 1703 1383 1739 flliam⁸;
1404 1704 1483 1733 nullo
1505 1705 1587 1733 modo
1609 1705 1704 1734 decuit
1724 1705 1814 1734 Deum
1835 1714 1981 1735 assumere
2002 1707 2037 1735 fe-

1187 1759 1301 1779 111111οι11.

1504 1854 1716 1875 0011010510.

1187 1940 1303 1978 Absque
1324 1939 1412 1968 (lubio
1434 1948 1492 1968 nou
1512 1939 1555 1968 ita
1577 1939 1673 1968 decuit
1695 1940 1787 1968 Deum
1815 1949 1967 1970 assumere
1997 1950 2037 1970 se-

1265 1995 1337 2015 ticum
1369 1985 1546 2024 femineum,
1577 1987 1655 2015 sicut
1684 1987 1818 2021 virilem,
1841 1988 1872 2016 in
1892 1988 2045 2027 unitatem·

1263 2042 1415 2071 personae.

1265 2129 1442 2157 RESPONDEO:
1465 2128 1636 2160 Dicendum,
1654 2129 1730 2166 quod
1751 2129 1858 2167 absque
1879 2130 1966 2159 dubio
1981 2138 2035 2159 non
2048 2118 2154 2158 Conclusio]

1186 2175 1223 2203 ita
1245 2175 1339 2203 decuit
1359 2175 1448 2204 Deum
1471 2183 1616 2204 assumere
1637 2183 1738 2204 sexum
1764 2176 1934 2211 femineum,
1963 2177 2035 2206 sicut

1187 2222 1309 2256 virilem,
1326 2222 1351 2250 in
1368 2223 1503 2251 unitatem
1519 2230 1664 2259 personae.
1680 2239 1718 2243 ——
1733 2223 1764 2251 Et
1785 2223 1856 2251 ratio
1878 2223 1963 2253 huius
1978 2226 2034 2259 est,
2048 2232 2109 2252 nano.
2154 2218 2155 2255 J

1186 2269 1252 2306 quia.
1275 2268 1421 2297 muliebris
1442 2276 1529 2297 sexus
1551 2277 1604 2297 non
1627 2272 1668 2298 est
1684 2273 1775 2298 tantae
1790 2270 1948 2307 dignitatis,
1963 2271 2035 2299 sicut

341 2393 348 2408 ¹
367 2394 409 2416 Pro
426 2399 512 2416 seoemn
528 2391 668 2415 muliebrem
685 2398 730 2414 non
749 2392 816 2419 pauci
840 2392 907 2414 codd.
930 2391 1067 2419 mulierem,
1087 2392 1127 2420 qui

276 2437 352 2456 tamen
370 2434 426 2455 111110
445 2434 466 2455 111
485 2434 533 2460 ipsa
552 2433 686 2461 quaestione
704 2434 794 2454 nostrae
812 2430 908 2454 lectioni
922 2432 1084 2454 assentiuntur.

339 2473 348 2487 2
365 2472 409 2495 Csr.
422 2475 476 2495 tom.
490 2472 512 2494 ll.
526 2478 579 2500 pag.
592 2471 648 2499 517,
662 2473 712 2493 nota
726 2471 747 2493 8.
761 2483 790 2486 —
802 2470 858 2493 Edd.
876 2471 1046 2493 conclusionem
1059 2470 1127 2492 valde

276 2515 422 2540 truncarunt,
441 2512 574 2534 exhibentes
591 2511 638 2534 5010
657 2510 742 2533 verba:
759 2516 815 2540 erqo
832 2511 855 2533 ec
871 2510 983 2533 relevatio
1000 2511 1041 2533 etc.

339 2551 349 2566 ³
365 2551 490 2579 chrysost„
508 2551 590 2573 Homil.
608 2551 630 2572 in
649 2550 670 2572 S.
689 2549 810 2572 Dorsidem
828 2550 854 2572 Μ.
874 2556 895 2571 n.
913 2549 940 2571 3:
958 2549 1048 2577 Quanto
1065 2549 1128 2571 111111-

276 2592 337 2614 1111115
354 2593 389 2613 051
405 2597 458 2618 vas,
477 2593 538 2613 tanto
556 2590 629 2612 maior
652 2592 686 2612 est
703 2590 788 2617 gratia,
812 2591 872 2611 101110
890 2589 999 2611 illustrius
1020 2589 1127 2616 trophae-

276 2637 328 2658 um,
348 2633 408 2652 tanto
431 2630 550 2652 micantior
567 2631 589 2651 et
610 2629 722 2656 insignior
739 2629 841 2650 victoria.
858 2639 890 2644 —-
908 2628 949 2650 Pro
973 2626 1126 2656 manifestata

276 2669 344 2691 codd.
362 2669 379 2690 H
392 2668 423 2690 lL
433 2675 459 2690 aa
476 2666 609 2696 manifesta.

340 2706 349 2722 ⁴
366 2707 422 2729 Edd.
439 2713 463 2730 se
480 2706 548 2729 habet
564 2712 638 2729 sexus
656 2707 761 2735 uterque.
779 2706 801 2727 ln
820 2705 864 2727 tine
876 2712 925 2733 arg.
937 2711 980 2733 pro
996 2704 1126 2734 femineum

276 2746 328 2769 cod.
346 2746 365 2768 K
383 2745 531 2768 muliebrem.

339 2785 349 2800 ⁵
366 2785 426 2807 Libr.
445 2785 504 2807 XVI.
523 2786 582 2813 sive,
601 2784 729 2807 secundum
747 2784 897 2806 recentiorem
919 2789 1017 2811 operum
1035 2783 1126 2805 Aristot.

277 2825 428 2852 divisionem,
446 2825 468 2846 ll.
487 2824 516 2846 de
533 2825 637 2846 Generat.
649 2824 740 2846 animal.
758 2830 777 2846 c.
791 2823 811 2845 3.
829 2822 874 2846 Csr.
893 2826 946 2845 tom.
960 2823 983 2845 ll.
1002 2829 1055 2850 pag.
1069 2821 1124 2850 485,

277 2868 329 2886 nota
348 2864 369 2886 5.

339 2903 349 2917 ⁶
367 2903 431 2925 Vers.
450 2903 471 2925 3.
483 2915 515 2919 —
527 2902 558 2925 De
575 2901 664 2925 minori
675 2902 728 2924 vide
746 2902 802 2924 infra
821 2901 842 2923 d.
862 2901 894 2923 13.
912 2907 932 2923 0.
951 2902 972 2923 2.
985 2907 1007 2929 q.
1027 2901 1046 2922 rl.
1059 2906 1124 2929 seqq.

339 2941 348 2956 ⁷
367 2941 434 2964 Hebr.
454 2942 475 2969 2,
492 2942 525 2964 11.
538 2943 642 2969 August,
660 2941 706 2963 Xll.
724 2941 753 2963 de
765 2940 813 2963 Civ.
827 2940 879 2968 Dei,
891 2946 910 2963 c.
924 2940 960 2962 27.
973 2946 995 2962 n.
1015 2940 1021 2961 l
1033 2946 1038 2961 ι
1051 2939 1125 2967 Quem

277 2980 397 3010 [primum
411 2981 542 3009 parentem]
557 2984 677 3008 propterea
691 2980 752 3002 Dens
764 2986 842 3002 creare
855 2980 927 3001 voluit
939 2985 1024 3007 unum,
1037 2978 1066 3001 de
1079 2984 1125 3007 quo

1185 2391 1307 2413 multitudo
1325 2393 1506 2419 propagaretur,
1519 2393 1543 2413 ut
1555 2391 1597 2413 bac
1609 2391 1764 2414 admonitione
1776 2393 1844 2414 etiam
1857 2393 1879 2414 in
1891 2392 1969 2415 multis
1981 2398 2035 2415 con-

1184 2436 1236 2453 cors
1249 2431 1323 2452 unitas
1334 2433 1473 2453 servaretur.
1486 2429 1532 2452 cfr.
1546 2430 1568 2452 ll.
1586 2431 1646 2453 Sent.
1660 2431 1689 2453 lit.
1702 2431 1809 2459 Magistri,
1822 2431 1844 2453 d.
1858 2431 1934 2454 XVlll.
1946 2438 1965 2454 c.
1981 2432 2000 2460 l,
2012 2436 2034 2454 et

1184 2470 1312 2493 Comment.
1331 2476 1351 2492 a.
1373 2470 1390 2491 Ι.
1408 2476 1430 2498 q.
1453 2470 1470 2491 l.
1489 2470 1510 2491 in
1529 2475 1592 2497 corp.
1611 2476 1652 2492 nec
1670 2476 1715 2492 non
1732 2470 1788 2492 dub.
1810 2470 1827 2492 l.

1247 2508 1257 2523 ⁸
1273 2509 1380 2537 Anselm„
1399 2509 1512 2536 Monolog.
1531 2515 1549 2531 c.
1569 2508 1608 2535 42,
1627 2509 1656 2531 ad
1679 2509 1859 2536 ostendendum,
1884 2509 1947 2538 quod
1964 2510 1987 2531 in
2004 2510 2033 2532 si-

1184 2549 1320 2577 gnificandis
1338 2548 1442 2576 personis
1455 2548 1489 2570 Ss.
1508 2548 1623 2571 Trinitatis
1641 2549 1732 2570 nomina
1750 2550 1821 2577 patris
1838 2552 1860 2571 et
1877 2548 1930 2577 filii,
1948 2551 1970 2571 et
1989 2555 2032 2571 non

1184 2588 1263 2610 matris
1279 2590 1301 2610 et
1313 2587 1370 2609 filiae
1383 2587 1513 2609 adhibenda
1526 2588 1581 2614 sint,
1600 2588 1686 2615 optime
1698 2588 1756 2610 hanc
1768 2589 1878 2610 rationem
1891 2588 1966 2611 affert:
1979 2589 2032 2617 quia

1187 2635 1197 2647 α
1210 2627 1283 2655 prima
1300 2629 1322 2648 ct
1339 2627 1471 2654 principalis
1488 2633 1556 2649 causa
1575 2627 1645 2654 prolis
1662 2633 1755 2654 semper
1766 2629 1800 2649 est
1812 2627 1833 2648 in
1852 2630 1923 2654 patre.
1941 2627 1996 2649 Nam
2014 2628 2032 2649 si

1184 2669 1310 2689 maternam
1333 2672 1427 2688 causam
1451 2666 1554 2695 quolibet
1576 2666 1646 2688 modo
1669 2672 1762 2694 semper
1785 2669 1879 2694 paterna
1902 2666 2031 2694 praecedit,

1184 2705 1251 2727 nimis
1268 2707 1302 2726 est
1319 2705 1488 2732 incongruum,
1506 2707 1531 2727 ut
1547 2705 1577 2726 illi
1595 2705 1682 2732 parenti
1700 2704 1821 2732 adaptetur
1839 2710 1922 2726 nomen
1940 2705 2031 2733 matris,

1183 2744 1219 2765 cui
1232 2743 1261 2765 ad
1279 2743 1419 2771 gignendam
1433 2744 1521 2772 prolem
1536 2744 1595 2765 nulla
1614 2744 1656 2766 0110
1669 2750 1736 2766 causa
1750 2747 1789 2766 aut
1801 2744 1901 2766 sociatur
1918 2745 1957 2766 aut
1969 2749 2032 2772 prae-

1183 2782 1265 2805 cedit...
1283 2782 1370 2811 Quodsi
1386 2782 1452 2813 filius
1469 2789 1561 2811 semper
1578 2783 1674 2805 similior
1690 2786 1725 2805 est
1737 2783 1794 2810 patri
1813 2789 1883 2811 quam
1899 2782 1944 2805 filia
1962 2783 2031 2812 [quae

1183 2822 1282 2849 disparis
1299 2824 1333 2844 est
1344 2822 1436 2850 sexus];
1450 2822 1503 2843 nihil
1521 2825 1597 2844 autem
1610 2822 1706 2844 similius
1723 2824 1757 2844 est
1767 2822 1843 2849 alteri,
1856 2828 1926 2850 quarn
1938 2827 2031 2844 summo

1183 2860 1242 2882 Patri
1259 2861 1335 2888 proles
1347 2867 1404 2883 sua:
1423 2861 1569 2883 verissimum
1581 2862 1627 2888 est,
1646 2861 1703 2882 hunc
1716 2860 1804 2888 prolem
1823 2866 1867 2882 non
1880 2866 1931 2882 esse
1947 2860 2029 2888 filiam,

1182 2900 1223 2922 sed
1241 2900 1320 2922 tilium.
1332 2913 1363 2916 —
1375 2901 1396 2922 ln
1409 2900 1454 2922 fine
1465 2907 1514 2928 arg.
1528 2906 1570 2928 pro
1584 2905 1706 2923 assumere
1716 2899 1830 2928 feminam
1848 2899 1915 2922 codd.
1933 2900 1952 2921 M
1964 2899 1981 2921 O
1993 2905 2031 2922 as-

1182 2945 1276 2962 sumere
1293 2945 1378 2962 serrum
1400 2938 1541 2968 femineum,
1565 2938 1650 2968 quibus
1671 2938 1750 2961 verbis
1767 2938 1844 2961 adhuc
1865 2938 1954 2961 addunt
1969 2938 2032 2961 sicut

1182 2977 1276 3001 virilem
1292 2977 1318 3000 iu
1335 2977 1450 3001 unitatem
1463 2983 1588 3007 personae.
