2166 3366
253 202 309 229 820

153 284 208 303 Ratio
222 285 238 303 1·
253 278 418 316 (litationem
441 277 599 305 voluntatis.
622 276 692 312 Quia
713 276 786 304 enim
808 275 938 303 voluntas
966 277 1099 311 corrupta

254 328 383 362 prompta
405 328 464 353 erat
484 323 519 351 ad
541 322 723 359 multiplicem
747 322 998 355 deordinationem,
1020 329 1099 358 opor-

154 378 208 397 Ratio
221 378 239 396 ⁶2*
254 372 340 405 tebat‚
362 379 423 400 eain
444 370 577 407 religari¹
602 377 651 406 per
675 369 839 406 multiplicia
862 368 1003 396 mandata.
1026 368 1100 396 Rar-

253 427 321 451 sus,
344 417 473 454 quoniam
490 417 643 453 scriptura
659 416 756 444 cordis
772 415 894 444 interior
910 418 1024 452 propter
1040 422 1100 451 pec-

255 469 346 493 catum
375 464 637 497 erat-obnubilata,
666 467 692 492 et
718 463 816 497 homo,
839 462 885 499 qui
910 462 1001 491 fuerat
1022 462 1100 499 spiri-

254 511 322 540 tuali
354 514 446 539 mente
479 510 637 547 praeditus,
670 510 784 539 effectus
814 513 875 538 erat
906 509 1044 538 sensibilis
1074 511 1101 537 et

254 558 393 591 carnalis,
418 561 607 594 opportunum
634 560 708 591 erat,
736 560 768 585 ut
795 556 921 585 exterius
943 556 1047 593 legeret
1074 558 1101 584 et

255 605 366 634 audiret
387 613 436 641 per
457 612 556 633 sensus
578 604 702 641 corporis
724 612 771 637 ea,
794 612 844 640 per
865 611 937 640 quae
958 606 1051 640 posset
1074 603 1100 631 in

255 652 450 681 rectitudinem
482 651 603 680 iustitiae
635 651 757 688 regulari
770 651 787 679 ².
813 651 842 679 Et
863 651 925 679 ideo
946 650 1101 687 etteplicatio

255 703 282 728 et
303 698 450 727 distinctio
477 698 672 727 mandatorum
696 698 823 735 Decalogi
847 697 989 735 spectabat
1010 697 1045 725 ad
1069 697 1102 726 le-

255 754 317 783 gem
339 746 487 782 scriptam,
510 745 639 781 quamvis
658 744 795 782 obligatio
810 747 948 781 spect-aret
962 744 997 772 ad
1013 743 1101 780 legem

256 793 387 827 inditam,
409 792 481 820 sicut
503 791 624 820 rationes
646 791 681 820 ad
702 791 822 828 primam
843 794 949 828 partem
973 790 1102 819 inductae

255 839 421 873 ostendunt,
453 846 524 876 quae
557 838 671 867 concedi
692 841 823 875 possunt,
847 838 979 875 quoni-ain
1002 845 1101 865 verum

255 886 434 916 concludunt.

336 935 360 962 ⁴1.
382 933 421 962 Ad
444 933 512 961 illud
539 940 603 961 vero
632 933 706 970 quod
730 932 820 970 primo
841 932 971 961 obiicitur
993 931 1021 959 in
1042 939 1104 959 con-

126 986 242 1013 50113210012-
257 981 391 1015 trarium,
413 980 488 1018 quod
512 980 598 1008 verba
619 980 748 1016 Decalogi
770 980 866 1008 audita
887 979 1001 1007 fuerunt
1016 978 1043 1006 in
1059 978 1103 1006 da-

127 1011 237 1033 pmnum*
255 1028 328 1057 tione
350 1027 428 1064 Legis
440 1038 447 1062 3
470 1028 523 1055 iam
547 1030 621 1064 patet
642 1027 803 1063 responsio:
820 1026 885 1063 quia
900 1026 952 1054 hoc
973 1033 1029 1053 non
1044 1027 1104 1053 erat

255 1078 370 1112 propter
392 1074 624 1102 introducendam
640 1082 740 1102 novam
757 1073 978 1110 obliqatiouem,
995 1072 1042 1100 sed
1060 1079 1104 1107 po-

254 1122 310 1150 tius
332 1124 445 1158 propter
467 1121 555 1158 ipsius
576 1120 762 1157 obliqatioitis
783 1120 1015 1156 explicationem,
1032 1127 1103 1156 quae

257 1168 370 1206 quidem
403 1167 558 1196 necessaria
591 1170 651 1195 erat
683 1170 797 1204 propter
829 1167 933 1203 peccati
960 1166 1104 1194 obnubila-

253 1216 355 1245 tionem
370 1214 388 1242 ³.

333 1263 358 1290 Q.
380 1262 418 1290 Ad
442 1261 512 1289 illud
535 1269 601 1289 vero
623 1260 698 1297 quod
730 1260 860 1288 obiicitur
882 1260 917 1288 de
938 1260 1104 1289 auctoritate

256 1309 391 1346 Apostoli,
418 1308 492 1345 quod
522 1307 775 1344 concupiscentiam
799 1306 939 1335 nesciebat
960 1314 1021 1335 esse
1042 1315 1104 1344 pec-

138 1360 195 1402 Reslp-
209 1360 243 1378 du-
255 1359 347 1385 catum
355 1366 362 1389 ς
384 1358 475 1392 potest
496 1354 565 1389 dici,
591 1354 665 1391 quod
689 1354 813 1390 loquitur
836 1353 862 1381 in
884 1361 1003 1390 persona
1018 1353 1105 1381 homi-

161 1389 211 1407 Im'
256 1404 298 1432 nis
320 1402 474 1435 ctti‘nalis,·
495 1405 544 1430 aut
564 1404 639 1431 certe
662 1402 713 1430 boe
735 1401 817 1435 dicit,
833 1400 914 1438 quia,
936 1400 986 1429 etsi
1009 1400 1103 1437 aliquo

256 1451 339 1479 inodo
360 1453 453 1478 nosset
468 1457 518 1486 per
534 1449 622 1486 legem
639 1452 757 1477 naturae
779 1449 806 1476 in
826 1447 975 1485 generali,
998 1455 1051 1475 uon
1068 1451 1105 1475 ta-

256 1505 319 1526 men
336 1497 362 1524 in
377 1496 500 1533 speciali
512 1495 695 1532 cognoscebat
710 1495 761 1523 nisi
778 1502 827 1531 per
844 1494 932 1531 legem
955 1494 1104 1531 scriptam;

256 1544 331 1573 unde
362 1544 479 1580 ipsemet
508 1542 631 1571 ibidem⁴
659 1542 740 1576 dicit,
766 1542 842 1579 quod
864 1550 913 1578 per
935 1542 1034 1578 Legem
1064 1544 1105 1569 est

257 1591 381 1629 cognitio
403 1590 516 1627 peccati.
541 1590 688 1626 Propterea
709 1597 744 1618 ex
767 1589 854 1617 verbo
874 1588 922 1616 illo
944 1596 996 1616 non
1024 1588 1106 1616 liabe-

257 1642 319 1672 tur,
341 1637 416 1674 quod
439 1636 576 1674 obliyatio
607 1636 768 1665 huiusmodi
791 1636 988 1664 mandatorum
1010 1638 1103 1663 ortum
1133 1640 1134 1654 1

256 1685 357 1714 habeat
378 1693 394 1713 a
416 1684 476 1721 lege
498 1684 616 1720 scripta,
649 1683 697 1712 sed
720 1683 811 1712 solum
833 1682 909 1719 quod
931 1682 1019 1719 ipsius
1040 1681 1106 1710 obli-

253 1732 384 1770 {sationis
405 1731 561 1768 explicatio
583 1731 609 1759 in
633 1730 692 1767 lege
714 1730 762 1758 illa
784 1730 819 1758 sit
841 1730 919 1758 lacta.

334 1779 359 1807 3.
382 1778 421 1807 Ad
444 1778 514 1806 illud
537 1777 612 1814 quod
635 1774 782 1811 obiicitur,
804 1777 878 1813 quod
902 1784 934 1804 ea
953 1783 1025 1812 quae
1040 1778 1106 1804 sunt

256 1826 291 1854 de
313 1825 462 1854 dictamine
484 1824 551 1861 legis
573 1826 704 1856 naturae,
734 1823 904 1851 conveniunt
925 1822 1009 1850 statui
1032 1822 1106 1849 inno-

240 1873 381 1906 ‘centiae3
410 1871 577 1904 dicendum,
606 1870 681 1907 quod
711 1877 808 1898 verum
836 1869 913 1897 non⁵
936 1872 978 1897 est
998 1869 1033 1897 de
1063 1869 1105 1897 liis

257 1927 328 1955 quae
350 1922 415 1947 sunt
437 1918 471 1946 de
493 1917 642 1946 dictamine
658 1917 740 1953 ⁴legis
768 1920 887 1944 naturae
916 1916 945 1944 in—
964 1915 1106 1952 speciali,-

257 1972 329 2002 quae
350 1968 444 1993 autem
466 1967 532 1992 suut
553 1964 587 1992 de
609 1963 759 1998 dictamine
782 1962 850 1999 legis
872 1965 989 1991 naturae
1010 1962 1037 1990 in
1061 1970 1105 1998 ye-

930 197 1182 227 seNTENTnRUM
1204 198 1263 226 tte.
1285 182 1325 226 iit.

1155 275 1252 304 nei-aiz·
1272 279 1298 304 et
1319 275 1456 312 implicite
1487 276 1526 304 illi
1558 276 1642 304 statui
1664 276 1767 304 habent
1788 276 1936 305 convenire
1948 287 1955 310 ;
1975 279 2003 305 et

1156 323 1209 351 hoc
1230 323 1313 351 modo
1334 324 1368 351 ad
1391 323 1471 351 illum
1498 326 1601 352 statum
1624 323 1786 360 spectabant
1807 324 1937 352 mandata
1965 331 2003 352 se-

1156 369 1264 398 cundae
1287 370 1405 398 tabulae.

1235 417 1261 444 lt.
1284 416 1322 445 Ad
1345 416 1415 445 illud
1437 417 1512 454 quod
1534 417 1680 452 obiicitur,
1703 417 1777 454 quod
1799 425 1831 445 ea
1850 425 1921 454 quae
1937 420 2002 445 sunt

1157 463 1191 491 de
1212 463 1361 492 dictamine
1384 464 1451 500 legis
1473 467 1605 498 naturae,
1622 467 1734 492 manent
1750 464 1777 492 in
1793 467 1866 492 statu
1881 464 2001 500 gloriae3

1157 510 1321 546 responderi
1344 514 1433 546 potest
1454 510 1610 547 dupliciter.
1629 510 1751 539 Primum
1774 510 1904 548 quidem,
1926 510 2000 547 quia,
2016 516 2104 540 Rem-1*

1158 556 1230 584 sicut
1261 556 1364 584 dicitur
1386 557 1420 585 de
1443 557 1610 591 virtutibus,
1632 557 1708 594 quod
1730 560 1843 585 manent
1864 557 1893 585 in
1914 557 2004 593 patria

1159 603 1315 631 secundum
1331 603 1544 632 excellentiores
1559 608 1586 632 et
1601 604 1750 632 nobiliores
1765 612 1834 632 usus
1848 607 1876 632 et
1889 608 1968 632 actus
1979 603 2003 637 6;

1159 649 1198 678 sie
1213 650 1326 678 concedi
1342 654 1448 686 potest,
1470 650 1545 687 quod
1567 650 1729 688 adimpletio
1745 651 1941 679 mandatorum
1956 650 2005 679 De-

1159 696 1245 733 calogi
1269 696 1346 725 salva
1361 696 1414 725 erit
1435 697 1461 725 in
1484 697 1592 734 patria,
1614 698 1703 726 multo
1719 701 1815 733 ¹tamen
1831 697 1960 726 nobiliori
1978 700 2005 726 et

1159 743 1350 771 excellentiori
1366 743 1464 778 modo,
1486 752 1570 780 quam
1587 744 1621 772 sit
1636 744 1663 772 in
1679 745 1737 777 via,
1754 744 1908 773 secundum
1930 744 2003 781 quod

1160 789 1196 818 ibi
1219 790 1411 818 excellentiori
1433 790 1516 819 modo
1531 791 1708 819 ordinabitur
1727 794 1753 819 et
1768 791 1802 819 ad
1818 791 1907 819 Deum
1923 794 1949 819 et
1970 790 2005 819 ad

1158 837 1336 873 proximum,
1353 841 1379 865 et
1394 837 1549 866 secundum
1566 837 1641 874 quod
1664 837 1793 865 voluntas
1815 837 2005 866 excellentiori

1160 884 1243 912 modo
1258 883 1311 912 erit
1332 884 1366 911 ad
1389 883 1494 912 bonum
1516 884 1644 912 ordinata
1665 887 1692 912 et
1713 892 1729 911 a
1752 884 1824 912 malo
1839 887 1953 912 remota.
1969 901 2007 904 —-

1159 931 1243 959 Aliter
1257 931 1339 959 etiam
1359 934 1450 967 posset
1465 931 1535 965 dici,
1551 931 1623 960 sicut
1638 934 1741 960 tactum
1757 935 1799 959 est
1811 931 1898 967 prius,
1914 933 1944 959 ut
1960 931 2008 959 liat
2046 935 2135 978 '³⁶⁵⁹ti3·

1159 977 1201 1006 vis
1217 978 1244 1006 in
1266 977 1309 1006 liis
1331 985 1402 1014 quae
1425 981 1525 1005 natura
1547 978 1632 1006 dictat
1651 977 1844 1014 qeneralitcr,
1866 980 1893 1006 et
1914 977 1940 1005 in
1964 977 2007 1006 his
2020 964 2138 1025 ἓὲἓέῗειῑὲῖ

1160 1032 1231 1061 quae
1247 1024 1334 1053 dictat
1349 1024 1531 1060 specialiter,
1548 1024 1605 1053 sive
1621 1024 1759 1061 implicite
1774 1027 1800 1053 et
1814 1024 1965 1061 explicite;
1981 1027 2008 1053 et
2084 1020 2089 1024 ”

1160 1079 1280 1105 rursus,
1296 1071 1322 1099 in
1340 1071 1383 1100 bis
1399 1080 1470 1108 quae
1485 1075 1585 1100 natura
1601 1071 1686 1100 dictat
1700 1072 1841 1108 explicite,
1857 1071 1902 1100 vel
1923 1072 2007 1100 dictat

1159 1118 1315 1146 secundum
1343 1126 1456 1146 omnem
1483 1122 1594 1146 statam
1617 1122 1762 1151 naturae,
1785 1118 1827 1146 vel
1851 1118 2006 1147 secundum

1160 1168 1263 1193 statum
1285 1169 1413 1193 naturae
1435 1165 1535 1201 lapsae
1547 1175 1557 1197 ;
1585 1168 1612 1194 et
1640 1165 1714 1202 quod
1740 1168 1781 1193 est
1803 1165 1837 1194 de
1859 1165 2007 1194 dictamine

1161 1211 1231 1248 lepis
1252 1215 1381 1239 naturae
1406 1211 1578 1248 simpliciter
1606 1215 1633 1240 et
1654 1211 1802 1248 explicite,
1826 1212 1893 1240 illud
1918 1219 2009 1240 mane-

1159 1258 1221 1286 bit⁷
1244 1259 1271 1286 in
1293 1262 1367 1286 statu
1389 1258 1502 1294 gloriae.
1526 1258 1678 1295 Explicatio
1700 1262 1793 1287 autem
1819 1262 1846 1287 et
1868 1259 2007 1288 distinctio

1161 1305 1356 1333 mandatorum
1374 1305 1501 1342 Decalogi
1517 1306 1631 1342 respicit
1645 1309 1747 1334 statum
1769 1310 1886 1335 naturae
1908 1306 2008 1343 lapsae

1160 1355 1187 1380 et
1209 1352 1419 1381 instructionem
1442 1352 1510 1389 legis
1532 1353 1660 1389 scriptae.

1240 1399 1276 1427 Ad
1300 1399 1370 1428 illud
1392 1407 1459 1428 vero
1475 1400 1549 1436 quod
1566 1400 1728 1436 quaeritur,
1750 1408 1838 1437 quare
1854 1401 1941 1437 magis
1955 1401 2007 1429 ista
2017 1407 2148 1431 Adtquaost.

1161 1446 1256 1475 deceni
1280 1446 1365 1475 verba
1387 1446 1490 1483 scripta
1512 1446 1616 1475 suerint
1631 1447 1657 1475 in
1674 1447 1777 1475 tabulis
1792 1447 1908 1484 lapideis
1923 1455 2007 1485 quam
2043 1431 2102 1450 mom.

1132 1515 1134 1527 ,
1161 1494 1230 1527 alia,
1252 1501 1316 1522 cum
1341 1493 1433 1522 niinus
1455 1497 1612 1530 spectarent
1632 1494 1666 1523 ad
1690 1494 1778 1530 legem
1800 1494 1949 1531 scriptam3
1971 1494 2009 1523 di-

1161 1540 1297 1574 cendum,
1326 1540 1401 1577 quod
1432 1540 1482 1569 boc
1503 1540 1570 1574 suit,
1592 1541 1722 1577 quoniam
1746 1541 1773 1569 in
1796 1541 1863 1578 ipsis
1885 1541 2008 1570 maxime

1161 1587 1329 1615 consistebat
1343 1587 1351 1600 Β
1374 1587 1472 1624 regula
1494 1588 1630 1622 iustitiae,
1646 1591 1673 1616 et
1687 1587 1741 1616 alia
1756 1588 1896 1616 habebant
1910 1588 2008 1617 reduci

1161 1635 1197 1663 ad
1210 1635 1306 1668 haec,
1328 1638 1354 1663 et
1377 1635 1436 1671 ipsa
1457 1635 1571 1671 quidem
1594 1635 1704 1664 stabilia
1719 1638 1798 1664 erant
1813 1643 1863 1664 nec
1878 1635 2007 1664 evacuari

1163 1681 1303 1709 habebant
1325 1690 1374 1718 per
1397 1681 1485 1718 legem
1507 1682 1769 1718 supervenientem:
1786 1682 1848 1710 ideo
1863 1682 1889 1710 in
1907 1682 2009 1711 tabulis

1163 1728 1279 1765 lapideis
1301 1728 1403 1765 scripta
1418 1729 1547 1762 fuerunt,
1564 1732 1594 1757 ut
1609 1729 1804 1757 ostenderetur
1818 1736 1915 1757 eorum
1932 1736 2009 1765 prae-

1163 1775 1287 1810 rogativa
1310 1779 1447 1811 quantum
1469 1776 1504 1803 ad
1521 1775 1694 1812 (liquitatem
1709 1779 1735 1803 et
1750 1779 1885 1812 quantum
1902 1775 1937 1803 ad
1952 1779 2009 1803 sla-

1162 1821 1301 1849 bililatcm
1313 1822 1330 1849 ¹¹.

1240 1869 1279 1896 Ad
1301 1868 1370 1896 illud
1390 1869 1463 1905 quod
1481 1869 1642 1906 quaeritur,
1658 1877 1745 1906 quare
1760 1869 1848 1906 magis
1863 1869 1928 1898 data
1943 1873 2148 1900 suntAdactuaest-

1162 1915 1212 1951 ipsi
1230 1915 1333 1952 populo
1348 1924 1363 1942 a
1378 1915 1434 1943 Deo
1451 1915 1609 1943 immediate
1625 1915 1755 1944 mandata
1772 1916 1896 1952 Decalogi
1923 1924 2007 1953 quam

1163 1961 1302 1989 iudicialia
1323 1962 1379 1990 0110
1409 1961 1634 1996 caerimonialia;
1663 1961 1830 1996 dicendum,
1853 1962 1927 1999 quod
1956 1963 2009 1991 hoc

321 2171 327 2185 ¹
347 2170 403 2193 Cod.
420 2170 436 2191 Α
455 2168 570 2198 requiriri.

320 2209 329 2224 ἵ
346 2210 379 2231 De
397 2210 431 2231 liis
448 2208 575 2230 rationibus
593 2208 632 2230 el‘r.
651 2207 778 2230 Comment.
802 2208 823 2229 in
846 2208 915 2235 Epist.
937 2207 966 2229 ad
987 2207 1052 2229 Rom.
1076 2207 1104 2234 5,

258 2249 294 2270 20.
308 2248 375 2276 (inter
393 2254 461 2275 opera
481 2246 609 2274 Animos),
623 2247 636 2268 1.
650 2247 741 2274 Quaest.
754 2252 781 2268 cx
799 2249 844 2267 vet.
856 2246 956 2268 Testain.
969 2252 991 2274 q.
1005 2245 1025 2267 li.
1039 2246 1106 2273 (inter

258 2293 327 2315 opera
346 2287 464 2314 August),
483 2289 505 2308 et
521 2285 650 2308 Cassiodor.
669 2286 690 2307 in
708 2286 742 2307 Ps.
761 2285 798 2312 77,
817 2284 837 2311 5,
851 2285 889 2306 nbi
907 2290 1024 2312 exponens
1036 2284 1105 2306 illud:

257 2326 289 2349 Et
306 2325 429 2349 suscitavit
449 2324 609 2347 testimonium
621 2324 645 2347 in
657 2323 727 2347 Iacob
739 2328 789 2352 etc„
804 2325 845 2346 ait:
863 2323 1012 2347 Sitscitaium
1029 2326 1105 2346 autem

257 2365 322 2393 dixit,
341 2366 405 2394 quasi
424 2365 445 2386 in
464 2365 539 2387 lucem
556 2363 685 2391 redditum,
702 2364 765 2392 quod
783 2370 865 2386 somno
883 2364 1024 2391 ignorantiae
1042 2363 1105 2385 vide—

258 2404 325 2427 batur
342 2409 488 2432 oppressum.
508 2403 565 2425 Vide
582 2404 651 2425 etiam
668 2404 705 2425 liic
722 2403 753 2425 lit.
771 2403 884 2431 Magistri,
902 2409 921 2425 c.
939 2403 960 2425 5.

320 2442 330 2457 3
347 2443 445 2471 Aleum,
466 2443 596 2470 interrogat.
614 2445 636 2464 et
661 2448 764 2470 respons.
783 2443 804 2463 in
822 2442 877 2464 Gen.
896 2443 1005 2470 interrog.
1025 2441 1065 2469 lli,
1083 2442 1105 2463 in

258 2488 303 2510 quu
316 2482 345 2504 ad
357 2483 528 2510 quaestionem:
547 2487 619 2510 quare
631 2481 692 2503 Deus
704 2482 726 2503 in
744 2481 857 2509 principio
870 2481 954 2508 Legem
968 2486 1013 2502 non
1032 2480 1105 2508 dedit,

257 2527 327 2550 quam
346 2523 425 2549 postea
443 2527 484 2548 per
501 2521 593 2548 Moysen
611 2520 722 2543 tradidit?
740 2520 877 2548 respondet:
896 2520 952 2548 Quia
970 2521 991 2541 in
1011 2520 1106 2541 bomini-

258 2560 303 2582 bus
320 2561 401 2588 primis
418 2560 456 2582 diu
475 2560 509 2582 lex
527 2559 600 2582 bonae
618 2562 712 2581 naturae
730 2559 878 2586 serr-abatur,
897 2562 918 2581 3ῑ
941 2559 978 2580 ubi
998 2558 1106 2580 naturalis

258 2599 292 2621 lex
311 2599 414 2626 evanuit,
432 2598 506 2621 oblata
525 2598 691 2620 consuetudine
709 2598 835 2626 peccandi,
853 2598 904 2620 data
922 2600 956 2620 est
973 2598 1007 2619 lex
1021 2598 1106 2619 litterae

260 2645 300 2666 per
318 2638 423 2665 Moysen,
442 2641 466 2660 ut
484 2637 543 2659 bonu
561 2644 621 2666 quae
638 2637 784 2665 sciebantur,
803 2638 961 2659 auctoritatem
980 2636 1104 2665 haberent,

258 2681 280 2699 et
292 2683 351 2706 quae
363 2677 432 2699 latere
444 2678 567 2704 cooperunt
587 2676 797 2703 manifestarentur;
810 2678 831 2697 et
844 2678 867 2697 nt
880 2680 953 2698 terror
970 2675 1106 2703 disciplinae

259 2716 383 2743 corrigeret
404 2715 562 2743 delinquentes
585 2717 606 2737 et
623 2714 692 2736 tidem
709 2715 844 2737 reformaret
860 2715 882 2736 in
901 2714 981 2736 Deum.
995 2727 1024 2729 —
1037 2714 1106 2736 Paulo

259 2754 365 2781 superius
391 2759 432 2780 pro
457 2752 653 2775 introducendam
678 2752 730 2774 cdd.
757 2758 810 2774 cum
836 2753 922 2781 aliquot
947 2752 1015 2774 codd.
1039 2752 1105 2775 inda-

259 2791 365 2814 centlum.

322 2830 331 2844 ⁴
348 2831 414 2853 Rom.
432 2831 457 2858 7,
476 2831 501 2853 7:
520 2831 564 2853 Sed
583 2834 703 2858 peccatum
722 2837 766 2852 non
784 2831 884 2858 cognovi
899 2832 939 2853 nisi
953 2837 994 2858 per
1012 2831 1104 2858 Legem.

260 2882 289 2884 —
308 2870 357 2891 Mox
375 2876 417 2897 pro
435 2871 482 2898 cst,
503 2870 565 2898 quod
584 2871 605 2892 in
624 2870 691 2892 codd.
717 2870 871 2898 desideratur,
896 2870 946 2892 cod.
964 2870 980 2891 Z
998 2869 1105 2892 liabetur.

323 2908 332 2923 ⁵
349 2908 459 2931 Contextu
476 2910 591 2936 exigente,
610 2909 772 2937 supplevimus
789 2910 832 2931 lioc
849 2909 899 2931 loeo
916 2914 976 2937 ituit,
996 2909 1060 2937 quod
1072 2914 1105 2930 so-

261 2947 295 2969 lus
313 2947 363 2969 cod.
381 2948 400 2969 K
419 2949 454 2969 liic
472 2948 551 2976 liabet3
569 2948 650 2970 eaden]
669 2948 778 2975 particula
791 2954 802 2970 3
824 2948 874 2970 cod.
888 2948 919 2970 bb
936 2951 958 2970 et
974 2948 1027 2970 edd.
1050 2949 1071 2975 l,
1092 2948 1105 2969 2

262 2984 383 3012 perperam
402 2986 495 3008 inferius
513 2987 590 3008 verbis
607 2986 643 3009 illi
661 2987 733 3009 stultu
755 2987 909 3014 subiungitur.
934 2987 984 3009 Vnt,
1002 2986 1032 3008 ibi
1052 2987 1105 3014 legit

1162 2167 1198 2189 illi
1208 2167 1282 2190 statui
1292 2173 1340 2190 non
1359 2166 1444 2190 hubent
1456 2167 1580 2190 conuenire
1597 2167 1644 2189 nisi
1659 2166 1782 2196 implicite,
1797 2168 1818 2189 et
1830 2166 1874 2190 hoc
1884 2166 1954 2190 ‘morlo
1966 2170 2009 2190 etc.

1162 2206 1217 2229 Cod.
1236 2208 1252 2228 Α
1271 2207 1379 2234 brevius,
1393 2207 1433 2229 sed
1445 2207 1594 2229 sufficienter:
1612 2206 1748 2234 (licendum,
1763 2205 1827 2236 quod
1836 2212 1920 2229 verum
1938 2207 1972 2229 est
1983 2205 2010 2229 de

1163 2245 1198 2268 his
1210 2252 1270 2275 qaue
1281 2247 1338 2268 siml
1349 2246 1375 2268 dc
1387 2245 1513 2269 dictamine
1526 2245 1582 2275 tesfls
1599 2247 1703 2268 παίω-[ιθ
1714 2245 1739 2268 in.
1750 2245 1859 2275 yencruli
1869 2249 1911 2267 etc.

1225 2285 1234 2299 ⁶
1251 2284 1295 2307 Cir.
1308 2291 1377 2312 supra
1391 2285 1412 2307 d.
1427 2285 1461 2306 33.
1476 2291 1497 2313 q.
1511 2285 1531 2306 6.
1550 2288 1571 2306 ct
1584 2285 1605 2307 d.
1620 2284 1657 2307 34.
1671 2291 1692 2312 p.
1706 2285 1720 2306 l.
1733 2291 1752 2306 a.
1767 2285 1786 2306 2.
1800 2291 1822 2313 q.
1833 2285 1853 2306 3.
1863 2285 2008 2312 —August.,

1164 2324 1263 2346 linai-rat.
1282 2324 1303 2345 in
1321 2324 1355 2346 Ps.
1378 2324 1426 2345 118.
1444 2329 1513 2345 serm.
1536 2324 1568 2345 13.
1588 2330 1608 2345 n.
1627 2323 1654 2345 li:
1667 2323 1745 2351 Neque
1762 2324 1823 2344 enim
1837 2327 1959 2351 praecepta
1970 2323 2009 2345 Le-

1163 2364 1210 2391 gis,
1229 2364 1287 2385 sicut
1304 2364 1351 2391 liic,
1376 2364 1444 2385 etiam
1470 2363 1501 2385 ibi
1519 2363 1634 2390 accepturi
1652 2368 1745 2390 sumus,
1768 2369 1828 2391 tinae
1845 2363 2009 2390 custodiamus,

1163 2402 1203 2424 sed
1222 2402 1294 2429 ipsam
1312 2402 1390 2429 Legis,
1410 2404 1433 2424 ut
1451 2401 1508 2430 dtxi,
1534 2401 1701 2430 plenitudinem
1728 2402 1776 2423 sine
1794 2401 1839 2423 ullo
1857 2401 1968 2429 peccandi
1986 2402 2009 2423 ti-

1164 2447 1227 2463 more
1245 2440 1401 2468 servahimus;
1415 2441 1467 2469 quia
1480 2444 1502 2463 et
1514 2440 1587 2462 Deum
1599 2440 1701 2468 plenius,
1720 2446 1772 2462 cum
1790 2440 1929 2468 viderimus,
1948 2446 2011 2463 ama-

1163 2479 1253 2506 bimus,
1271 2482 1293 2501 et
1310 2480 1450 2507 proximum,
1468 2480 1522 2508 quia
1538 2479 1601 2502 Deus
1614 2478 1657 2501 erit
1671 2478 1751 2501 omnia
1763 2478 1788 2501 in
1800 2477 1908 2501 omnibus
1921 2479 1945 2507 (Ι.
1958 2478 2009 2501 Cor.

1166 2518 1202 2545 15,
1222 2518 1276 2546 28.),
1295 2524 1336 2540 nec
1353 2518 1423 2540 salsae
1441 2519 1549 2547 cuiquam
1568 2518 1596 2540 de
1613 2519 1720 2546 proximo
1732 2518 1857 2545 suspicioni
1875 2518 1916 2539 erit
1934 2518 2009 2545 locus,

1164 2557 1202 2579 ubi
1222 2557 1297 2579 nullus
1314 2557 1353 2579 ulli
1370 2558 1412 2579 erit
1429 2558 1539 2580 occultus.
1552 2570 1582 2572 —
1600 2558 1713 2585 Superius
1724 2563 1767 2585 pro
1779 2556 1871 2586 qloriue
1884 2562 1928 2578 non
1942 2557 2009 2584 pauci

1163 2596 1230 2618 codd.
1248 2600 1270 2618 ct
1286 2596 1338 2618 edd.
1362 2597 1378 2623 l,
1398 2597 1410 2618 ‘2
1427 2596 1535 2626 mittiue,—
1552 2602 1682 2624 perperam.

1225 2635 1234 2649 ⁷
1252 2636 1280 2657 lta
1299 2635 1351 2657 edd.
1365 2642 1418 2657 cuni
1436 2636 1552 2664 aliquibus
1564 2636 1640 2663 codd,
1660 2635 1726 2658 codd,
1744 2636 1763 2657 K
1775 2635 1795 2657 X
1810 2633 2006 2664 manifestabitur,

1163 2675 1199 2696 alii
1209 2673 1377 2703 vzanifcstabit,
1394 2674 1462 2696 codd.
1475 2676 1492 2696 A
1503 2675 1508 2696 l
1518 2675 1534 2696 L
1546 2673 1725 2703 manifestabat,
1738 2675 1780 2696 Pro
1792 2673 1929 2702 simpliciter
1940 2674 1961 2695 et
1970 2678 2008 2695 ca*-

1162 2713 1239 2742 pist-tie
1261 2714 1312 2736 cod.
1330 2714 1346 2735 Α
1364 2713 1501 2743 simpliciter
1523 2715 1544 2736 et
1566 2713 1683 2743 implicite.
1704 2714 1823 2742 Aliquanto
1841 2713 1947 2740 superius
1966 2718 2007 2739 pro

1164 2754 1252 2775 nutura
1264 2752 1338 2776 dictat
1353 2752 1404 2774 cod.
1422 2753 1441 2774 li
1460 2752 1495 2774 bis
1512 2752 1573 2775 ratio
1585 2752 1664 2775 dictat.
1682 2753 1704 2774 ln
1723 2752 1766 2773 line
1778 2751 1843 2773 solut.
1862 2757 1903 2778 pro
1920 2750 2007 2773 instru-

1163 2791 1262 2814 ctionem
1280 2791 1347 2814 codd.
1367 2794 1382 2813 λ
1393 2792 1409 2813 Ζ
1427 2796 1448 2814 et
1465 2792 1518 2814 edd.
1541 2792 1557 2820 l⁷
1577 2793 1589 2813 2
1608 2790 1783 2814 institutionem.

1225 2830 1235 2844 ⁸
1252 2831 1273 2852 ln
1292 2831 1342 2853 cod.
1361 2831 1377 2852 t<
1397 2830 1490 2852 additur
1506 2831 1603 2853 natura.

1225 2869 1234 2883 ⁰
1256 2870 1340 2897 isidor„
1358 2869 1486 2891 Comment.
1504 2870 1525 2891 in
1544 2869 1613 2891 Exod.
1632 2874 1650 2890 c.
1670 2868 1714 2889 29:
1732 2867 1806 2895 Quare
1825 2868 1846 2888 in
1860 2867 2007 2895 1313011513ρί-

1164 2909 1227 2931 deis?
1247 2909 1331 2936 Signat,
1345 2908 1440 2930 ludaeos
1453 2908 1509 2930 dura
1528 2908 1616 2929 cervice
1629 2907 1705 2928 ruisse.
1719 2905 1762 2928 Ctr.
1776 2907 1879 2934 August„
1893 2906 1943 2928 XV.
1956 2912 2007 2928 con-

1164 2951 1195 2969 tra
1214 2947 1339 2974 Faustum,
1357 2953 1377 2968 c.
1398 2946 1417 2968 4.

1226 2985 1244 2999 10
1262 2986 1321 3007 Multi
1340 2985 1406 3007 codd.
1426 2984 1468 3013 vel,
1488 2984 1538 3006 cod.
1556 2985 1573 3005 Α
1591 2990 1672 3013 quant.
