2166 3366
16 418 128 438 Notandum.

4 839 46 860 Atia
58 838 131 858 solutio.

693 191 774 218 DlST.
798 191 909 219 xxxiv.
933 190 958 218 Ρ.
981 190 998 218 Ι.
1022 190 1095 219 ART.
1117 190 1145 218 Il.
1168 190 1303 226 QUAEST.
1325 189 1343 217 Ῑ.

141 270 321 307 simpliciter.
345 270 410 298 Huic
432 273 526 298 autem
544 269 720 306 perfectioni.
741 270 845 298 scilicet
868 269 987 306 primae,

142 318 247 355 aliquid
269 321 359 355 potest
384 318 465 351 addi,
487 318 552 354 quia
577 317 652 346 ultra
674 316 868 345 sufficientiam
898 325 988 345 neces-

143 365 230 393 sitatis
251 368 292 393 est
314 364 479 393 excellentia
501 362 772 400 supererogationis,
795 371 866 400 quae
887 363 924 391 illi
945 371 990 400 po-

142 414 195 440 test
226 411 388 448 superaddi.
420 410 489 438 Cum
517 418 584 446 ergo
613 410 735 438 dicitur.
767 410 840 446 quod
869 410 990 446 perfecto

141 466 195 486 non
219 461 307 494 potest
329 457 388 486 fieri
411 457 529 490 additio:
552 456 603 484 hoc
624 464 678 484 non
701 456 864 492 intelligitur
880 456 914 484 de
932 464 990 493 per-

141 504 212 533 fecto
234 504 324 541 primo
347 503 429 532 modo
450 503 543 537 dicto,
566 503 615 531 sed
637 503 744 531 ultimo.
773 503 841 531 Cum
865 510 931 531 vero
953 502 991 531 di-

142 551 223 585 citur,
238 550 312 587 quod
330 551 419 579 virtus
434 553 475 578 est
496 550 640 586 dispositio
656 549 769 587 perfecti
788 550 823 578 ad
839 550 990 587 optimum3

142 598 194 627 hoc
217 598 380 635 intelligitur
402 598 493 634 primo
515 597 611 631 modo,
634 597 682 625 sed
705 606 758 625 nou
782 597 896 627 ultimo:
925 597 991 634 quia

143 645 181 674 sic
203 645 326 682 perficit.
349 645 422 682 quod
446 645 481 673 ad
503 644 638 681 optimum
662 644 792 681 disponit.

222 692 247 721 3.
269 692 308 721 Ad
331 692 399 721 illud
422 692 496 729 quod
518 692 664 725 obiicitur,
680 692 754 729 quod
778 692 866 720 virtus
888 696 930 720 est
953 692 991 720 ul-

144 740 243 768 timum
266 739 419 776 potentiae;
442 739 605 768 dicendum.
628 739 703 775 quod
720 739 766 766 illa
788 739 911 767 definitio
927 738 991 767 data

143 790 185 815 est
206 786 241 815 de
263 786 365 815 virtute
387 785 507 814 naturali
521 786 543 819 ¹;
566 789 593 814 et
615 785 676 814 ideo
698 794 751 813 non
779 786 861 814 l‘ialiet
883 786 927 814 liic
956 785 992 813 lo-

145 841 218 862 cum.
233 833 369 862 —Aliter
391 833 472 862 etiam
497 836 585 869 potest
607 832 673 865 dici,
696 833 770 870 quod
786 833 858 862 sicut
880 833 991 862 habitus

145 881 281 909 virtutum
303 880 406 908 dicitur
428 880 453 908 in
484 880 632 908 medietate
654 880 821 915 consistere‚
844 888 896 908 nou
926 879 991 917 quia

144 927 179 956 sit
200 928 324 957 medium
338 927 488 964 pimetale,
511 927 558 956 sed
575 927 640 964 quia
662 927 696 956 ad
714 928 837 956 medium
860 927 991 964 punctale

143 974 398 1012 appropinquat&
419 974 457 1003 sic
473 973 555 1002 etiam
572 974 662 1003 virtus
684 974 787 1003 dicitur
808 974 938 1003 ultimum
955 974 990 1002 de

143 1022 281 1059 potentia,
303 1030 356 1050 non
379 1021 445 1058 quia
471 1024 556 1058 ponat
578 1021 666 1057 ipsam
689 1022 838 1058 potentiam
869 1022 895 1049 in
917 1029 992 1050 sum-

143 1077 202 1104 mo,
217 1069 266 1098 sed
281 1069 347 1106 quia
362 1069 426 1097 facit
441 1068 528 1105 ipsam
545 1069 771 1106 appropinquare
786 1069 821 1097 ad
837 1077 990 1097 summum.

144 1117 175 1146 Et
196 1120 345 1154 propterea
359 1124 395 1145 ex
418 1116 470 1145 hoc
492 1116 588 1145 haberi
611 1125 664 1144 non
689 1120 791 1153 potest,
813 1116 887 1153 quod
917 1116 991 1145 ultra

144 1163 270 1192 habitum
294 1163 405 1192 virtutis
427 1171 480 1191 non
504 1163 538 1191 sit
561 1171 663 1200 ponere
685 1163 771 1191 alium
796 1163 921 1192 habitum
945 1171 991 1191 ex-

143 1210 342 1240 cellentiorem.

222 1258 249 1286 [ι.
272 1257 309 1286 Ad
333 1257 401 1286 illud
428 1257 502 1294 quod
525 1257 670 1287 obiicitur.
699 1258 773 1294 quod
802 1260 881 1285 actus
907 1257 992 1285 virtu-

144 1305 179 1334 tis
191 1304 200 1317 ³
223 1305 346 1332 maxime
361 1304 485 1332 consistit
508 1304 533 1332 in
551 1303 713 1335 medietate:
735 1303 900 1337 dicendum,
915 1303 988 1340 quod

144 1351 214 1380 illud
235 1354 278 1380 est
293 1359 390 1379 verum
415 1351 440 1379 in
463 1351 503 1379 eis
518 1350 673 1380 habitibus.
696 1351 858 1388 inquorum
882 1351 991 1379 actibus

144 1401 233 1435 potest
254 1406 315 1427 esse
337 1406 483 1431 excessus;
507 1398 557 1426 lior
579 1401 670 1426 autem
696 1406 747 1425 non
770 1401 812 1426 cst
834 1405 932 1426 verum
963 1397 989 1425 in

143 1445 275 1474 omnibus
301 1445 410 1473 actibus
433 1452 481 1473 nec
510 1444 536 1472 in
566 1445 696 1473 omnibus
726 1445 890 1475 virtutibus,
919 1445 990 1473 sicut

144 1495 220 1528 patet
241 1491 267 1519 iu
289 1491 441 1519 virtutibus
471 1491 631 1527 theologicis
646 1492 669 1525 ¹3
695 1495 722 1520 et
751 1495 898 1528 propterea
920 1492 990 1520 ratio

145 1538 192 1567 illa
213 1547 267 1567 non
290 1538 378 1575 cogite
399 1539 471 1567 sicut
493 1542 582 1575 patet:
604 1539 670 1575 quia
693 1539 793 1567 melius
814 1543 855 1567 est
878 1547 990 1567 servare

144 1586 340 1615 continentiam
371 1585 553 1622 virginalem,
575 1593 646 1623 quae
675 1586 787 1614 omuino
815 1586 927 1614 videtur
954 1586 989 1615 ad

144 1636 304 1662 extremum
321 1632 475 1663 declinare.
489 1640 573 1669 quam
590 1632 786 1660 continentiam
802 1632 990 1669 coniugalem3

1838 190 1893 217 743

1047 268 1147 297 melius
1169 271 1209 297 est
1238 268 1321 296 etiam
1349 268 1442 296 omnia
1464 276 1514 305 pro
1542 267 1599 296 Deo
1627 267 1785 305 relinquere
1808 276 1892 304 quain

1046 315 1183 352 quaedam
1206 315 1286 349 dare⁷
1315 315 1453 351 quaedam
1475 315 1604 343 retinere.
1631 331 1668 335 —-
1698 314 1780 343 Aliter
1802 318 1893 352 potest

1046 362 1116 395 dici.
1138 362 1212 399 quod
1234 365 1276 390 est
1298 362 1421 390 medium
1443 361 1634 399 sufficientiae
1659 365 1685 390 et
1705 361 1829 390 medium
1850 370 1894 390 ea*-

1047 408 1200 436 celleulz'cte.
1230 408 1348 437 Medium
1379 408 1569 446 sufficientiae
1598 412 1639 437 est
1668 408 1791 437 medium
1822 408 1893 437 iuter

1047 455 1221 491 superfluum
1238 459 1264 484 et
1280 455 1463 489 diuiinutuuu
1486 455 1609 484 medium
1627 463 1692 483 vero
1713 455 1894 483 excellentiae

1047 506 1089 531 cst
1104 502 1172 531 illud
1195 502 1269 539 quod
1287 502 1409 530 maxime
1431 502 1536 531 recedit
1551 503 1586 531 ali
1607 503 1681 530 omni
1699 502 1894 539 inaequalitate

1047 553 1074 577 et
1094 549 1130 577 ab
1151 549 1225 577 omni
1249 549 1471 586 imperfecti0ue;
1493 553 1520 577 et
1542 550 1593 578 lioc
1610 550 1732 579 medium
1756 550 1843 587 magis
1858 553 1895 578 at-

1048 596 1171 625 tenditur
1187 599 1323 632 quautum
1339 596 1374 624 ad
1396 599 1476 624 actus
1491 597 1629 625 donorum
1645 600 1672 626 et
1688 597 1892 626 beatitudinum

1047 651 1131 680 quam
1154 646 1289 679 quantum
1313 643 1347 671 ad
1370 646 1449 671 actus
1472 643 1616 672 virtutum.

1128 691 1153 718 5.
1175 689 1213 718 Ad
1242 689 1312 718 illud
1340 690 1415 726 quod
1437 689 1582 723 obiicitur,
1611 691 1686 727 quod
1708 691 1754 719 ille
1783 691 1894 719 habitus

1047 737 1157 773 dignior
1171 740 1228 771 est,
1244 737 1290 774 qui
1307 737 1370 774 plus
1393 737 1476 765 lialiet
1497 737 1609 774 gratuiti
1633 741 1659 766 et
1682 738 1832 771 meritorii;
1855 746 1895 767 re-

1047 784 1241 821 spondendum
1258 787 1299 812 est
1311 792 1365 820 per
1389 784 1633 821 interemptionem
1656 785 1780 813 minoris
1791 785 1812 813 ⁵:
1829 785 1893 822 quia

1047 831 1161 865 caritas,
1177 839 1249 868 quae
1263 834 1305 860 est
1321 831 1347 859 in
1359 832 1452 859 anima
1468 835 1597 868 respectu
1614 831 1760 860 habituum
1776 832 1896 861 existen·

1049 879 1118 906 tium
1141 878 1167 906 in
1189 878 1306 912 eadem,
1328 878 1483 915 aequaliter
1510 877 1600 906 influit
1621 882 1649 907 et
1674 879 1827 916 aequaliter
1849 886 1896 907 eos

1049 925 1141 954 reddit
1155 927 1249 961 gratos
1263 929 1290 953 et
1311 924 1338 953 in
1354 925 1463 953 actibus
1485 925 1543 953 suis
1559 925 1724 953 meritorios.
1744 925 1773 953 Et
1788 925 1817 953 εἰ
1829 925 1897 953 obii-

1048 972 1121 1005 ciat,
1137 972 1212 1008 quod
1230 972 1360 1000 meritum
1383 971 1473 1008 primo
1488 972 1652 1000 attribuitur
1670 972 1791 1006 caritati3
1807 972 1897 1001 dicen-

1048 1019 1129 1053 dum,
1151 1019 1226 1056 quod
1249 1019 1299 1047 lioc
1315 1027 1369 1046 non
1391 1019 1495 1053 obstat,
1517 1019 1596 1056 quia,
1614 1019 1686 1047 sicut
1701 1019 1805 1048 dictum
1823 1023 1863 1047 est
1876 1019 1895 1048 ⁰.

1048 1066 1121 1095 dona
1136 1066 1162 1094 in
1178 1066 1286 1094 actibus
1308 1066 1366 1095 suis
1386 1069 1617 1103 praesupponunt
1632 1067 1776 1095 caritatem
1792 1070 1819 1095 et
1834 1067 1895 1095 eius

1048 1117 1154 1147 actum,
1176 1122 1208 1142 ac
1230 1121 1279 1150 per
1302 1113 1354 1142 hoc
1369 1116 1396 1141 et
1418 1113 1508 1142 meriti
1531 1113 1776 1150 complementum.

1128 1161 1152 1188 6.
1175 1160 1212 1188 Ad
1237 1160 1306 1188 illud
1328 1160 1404 1197 quod
1425 1160 1568 1194 obiicitur,
1590 1160 1664 1197 quod
1685 1161 1775 1197 imago
1791 1168 1896 1189 recrea-

1049 1207 1145 1241 tionis,
1167 1215 1239 1244 quae
1261 1211 1302 1236 est
1323 1207 1495 1236 nobilissima
1517 1207 1542 1235 in
1566 1216 1625 1235 esse
1640 1208 1760 1244 gratiae,
1782 1208 1897 1236 attendi-

1050 1259 1094 1283 tur
1118 1255 1142 1283 in
1168 1254 1334 1288 virtutibus3
1356 1254 1523 1287 dicendum,
1545 1254 1618 1291 quod
1643 1254 1710 1283 illud
1734 1257 1775 1283 est
1797 1263 1895 1283 verum

1048 1306 1183 1339 quantum
1200 1302 1234 1330 ad
1253 1302 1374 1338 primum
1391 1310 1450 1329 esse
1468 1301 1586 1338 gratiam
1604 1305 1795 1330 verumtamen
1812 1310 1897 1338 quan-

1048 1353 1106 1377 tum
1123 1349 1158 1377 ad
1174 1349 1307 1377 maiorem
1324 1348 1478 1385 profectum
1502 1348 1527 1376 in
1544 1348 1615 1376 bono
1637 1356 1691 1376 non
1713 1352 1819 1377 tantum
1836 1356 1898 1377 con-

1047 1397 1118 1425 sistit
1135 1396 1224 1432 imago
1240 1395 1419 1424 recreationis
1444 1395 1470 1423 iu
1486 1395 1579 1423 anima
1602 1396 1627 1424 in
1652 1395 1793 1424 habitibus
1810 1396 1895 1424 virtu-

1049 1447 1121 1477 tum,
1137 1443 1185 1472 sed
1207 1444 1290 1472 etiam
1309 1446 1444 1480 quantum
1461 1443 1496 1471 ad
1513 1443 1625 1472 habitus
1641 1443 1778 1471 donorum
1794 1447 1821 1471 et
1837 1443 1898 1471 bea-

1050 1491 1217 1524 titudinuui;
1238 1491 1313 1528 quod
1336 1494 1426 1527 patet.
1441 1491 1507 1527 quia
1528 1494 1623 1519 nostra
1645 1491 1783 1527 cognitiva
1805 1490 1896 1528 primo

1049 1541 1196 1575 reparatur
1217 1538 1250 1566 ad
1274 1538 1400 1566 habitum
1424 1537 1501 1571 fidei,
1521 1541 1548 1566 et
1562 1537 1663 1566 deinde
1677 1538 1799 1574 amplius
1820 1546 1897 1575 repa—

1048 1588 1127 1613 ratur
1148 1592 1198 1622 per
1220 1584 1323 1613 donum
1342 1584 1510 1618 intelle-otim,
1533 1588 1559 1612 et
1581 1588 1642 1621 post
1658 1592 1706 1621 per
1729 1584 1895 1613 munditiam

1048 1632 1153 1662 cordis,
1175 1640 1246 1668 quae
1268 1631 1389 1668 disponit
1411 1631 1446 1659 ad
1469 1631 1556 1660 Deum
1577 1632 1822 1668 contemplandum
1838 1632 1855 1659 ⁷.

871 1731 1106 1764 ARTlCL'LUS
1132 1731 1169 1764 ΙΙ.

672 1826 712 1854 De
733 1826 818 1854 donis
839 1825 869 1854 in
890 1825 1111 1863 comparatione
1128 1825 1169 1853 ad
1188 1834 1218 1853 se
1239 1825 1369 1853 invicem.

224 1914 432 1951 Consequenter
447 1914 594 1951 quaeritur
609 1913 642 1942 de
655 1913 735 1942 donis
750 1913 905 1942 secundum
922 1921 994 1942 com-

146 1961 330 1998 parationem.
359 1969 443 1998 quam
466 1960 568 1989 liabent
595 1960 631 1988 atl
653 1968 682 1989 se
712 1959 838 1988 invicem.
862 1960 892 1988 Et
920 1960 993 1988 circa

146 2008 238 2038 hanc⁸
258 2010 434 2045 quaeruntur
457 2007 518 2036 tria.

226 2056 316 2084 Primo
337 2055 483 2092 quaeritur
504 2054 538 2083 de
557 2054 695 2083 donorum
718 2062 836 2083 numero
851 2057 878 2082 et
899 2054 994 2082 distin-

1051 1913 1149 1942 ctione.

1129 1959 1255 1988 Secundo
1277 1959 1424 1997 quaeritur
1444 1958 1480 1988 de
1501 1960 1598 1989 ordine
1621 1964 1648 1989 et
1666 1960 1878 1989 combinatione.

1130 2007 1222 2036 Tertio
1246 2007 1392 2044 quaeritur
1414 2007 1448 2036 de
1477 2007 1602 2044 ipsorum
1633 2007 1812 2036 evacuatione
1841 2008 1899 2036 sive

1051 2053 1209 2082 duratione.

921 2140 1084 2177 QUAESTtO
1106 2141 1123 2169 l.

567 2228 670 2256 Utrum
692 2228 770 2256 dona
792 2227 923 2265 Spiritu-5
943 2227 1041 2256 saneti
1060 2227 1119 2256 sint
1141 2228 1342 2256 tantummodo
1363 2232 1477 2265 septem.

227 2328 306 2357 Circa
322 2328 444 2364 primum
460 2327 498 2356 sic
521 2327 682 2365 proceditur
697 2331 724 2356 et
739 2327 904 2361 ostenditur,
920 2327 994 2364 quod

149 2375 219 2404 dona
242 2378 308 2403 sunt
330 2375 523 2403 tantummodo
543 2379 665 2411 septem.-

230 2422 254 2449 l.
277 2421 368 2449 Primo
389 2421 553 2449 auctoritate
576 2421 659 2449 lsaiac
680 2421 827 2449 undecimo
837 2420 858 2448 ⁹:
885 2420 997 2457 Requie-

9 2472 206 2499 mmmmm-eet
226 2477 315 2505 snper
336 2477 400 2496 enm
424 2468 554 2505 Spiritu-s·
579 2467 711 2500 Domini,
732 2467 858 2504 spiritus
885 2467 997 2503 sapien-

151 2516 208 2544 tiae
222 2520 247 2544 et
269 2515 426 2543 intellectus
440 2519 501 2544 etc..
518 2514 564 2542 unt
581 2518 686 2551 septem
702 2514 774 2541 dona
793 2517 995 2541 enumerantur

150 2567 175 2591 et
198 2570 251 2591 non
275 2562 371 2599 plura:
397 2561 418 2589 si
441 2569 507 2597 ergo
528 2561 620 2588 omnia
642 2560 714 2588 dona
736 2560 856 2596 perfecte
885 2560 997 2587 tuci-unt

216 2679 221 2694 ¹
242 2679 299 2701 virtu
325 2679 346 2701 ll.
366 2681 425 2700 svnt.
444 2678 466 2700 d.
485 2678 520 2700 27.
540 2677 595 2699 (ltili.
614 2679 634 2699 13.
651 2689 683 2693 —
701 2677 742 2699 ΡΠ)
760 2678 781 2699 el
798 2676 848 2699 idm
866 2677 935 2699 codd.
962 2677 995 2698 (ll

152 2719 196 2741 LT
206 2727 232 2741 aa
250 2720 271 2741 el
288 2718 344 2741 istm.

213 2758 223 2773 ²
242 2758 298 2780 Vidn
317 2758 399 2780 aristot
417 2775 422 2784 ,
440 2757 462 2779 ΙΙ.
481 2757 549 2778 tinne.
568 2763 586 2778 ‹·.
605 2757 626 2777 (i.
646 2767 674 2771 -
693 2755 761 2777 l’aulo
779 2755 872 2777 interius
890 2759 941 2782 post
957 2754 998 2777 sed

151 2797 207 2827 quia
224 2796 281 2826 fiunt
297 2796 365 2819 codd.
383 2796 489 2818 omittunt
506 2794 589 2824 ipsum.

214 2837 223 2850 1¹
241 2836 297 2858 stmt.
315 2836 331 2858 7,
348 2834 443 2857 habitus
461 2834 582 2856 ristulum.
610 2834 660 2855 l'ost
687 2840 759 2861 pauca
787 2840 828 2861 pro
853 2832 877 2855 in
894 2839 997 2862 qnorum

152 2875 242 2899 actibus
261 2876 310 2897 vm.
327 2874 351 2897 in
369 2880 471 2904 quorum
489 2874 564 2895 ustus.

215 2914 224 2928 ⁴
241 2914 285 2936 tlsr.
303 2919 373 2941 supra
392 2913 414 2934 d.
433 2913 469 2934 226.
487 2919 507 2934 a.
531 2912 547 2933 Ι.
566 2918 587 2939 ιι.
607 2912 627 2933 It.
646 2911 673 2932 :ul
697 2912 713 2933 Ι,
731 2915 753 2933 vt
771 2912 791 2932 Ξ.
813 2917 854 2932 nv(-
867 2917 911 2932 non
924 2910 946 2932 (l.
961 2910 997 2932 27.

153 2958 173 2975 a.
191 2953 212 2975 2.
230 2959 252 2981 q.
270 2953 291 2975 5.

215 2991 224 3005 ⁵
241 2990 284 3013 cn:
303 2998 372 3019 supra
391 2997 444 3019 pig.
462 2991 517 3017 5370,
539 2993 588 3011 nota
607 2991 628 3011 ti.

1054 2327 1079 2355 in
1105 2327 1229 2355 Christo:
1255 2335 1322 2363 ergo
1348 2327 1470 2360 videtur,
1496 2327 1570 2364 quod
1598 2334 1733 2355 numerus
1759 2327 1896 2355 donorum

1053 2373 1208 2410 completus
1229 2373 1264 2401 sit
1287 2373 1311 2401 in
1335 2373 1499 2410 septenario.

1132 2420 1157 2447 2.
1181 2419 1262 2451 item.
1294 2427 1380 2456 super
1402 2419 1469 2448 illud
1504 2419 1549 2447 loli
1572 2420 1662 2456 primo
1675 2420 1706 2447 ¹¹¹:
1740 2419 1812 2447 Nuzi
1831 2424 1899 2447 sunt

1053 2467 1079 2494 ei
1098 2469 1203 2502 septeni
1225 2466 1298 2502 filii,-
1319 2467 1468 2503 Gregorius
1485 2466 1536 2494 ini:
1560 2467 1668 2503 Septem
1693 2466 1739 2495 filii
1763 2467 1824 2500 loli.
1847 2466 1900 2504 spi-

1054 2512 1192 2541 ritualiter
1221 2512 1418 2549 intelligcnd0,
1447 2517 1512 2542 sunt
1539 2517 1645 2550 septem
1678 2513 1750 2541 dona
1779 2513 1899 2550 Spiritus

1054 2559 1149 2587 sancti.

1115 2677 1125 2691 ’ἲ
1143 2677 1182 2698 llit·
1200 2677 1221 2698 in
1239 2684 1302 2705 viu-p.
1321 2680 1343 2699 et
1360 2677 1380 2699 in
1399 2680 1486 2705 quam-t.
1505 2677 1612 2705 prm-cett.

1115 2716 1124 2730 ⁷
1142 2716 1186 2738 Cir.
1204 2723 1272 2744 supra
1293 2723 1344 2744 pag.
1362 2716 1420 2740 7:37.
1440 2720 1489 2738 uota
1510 2718 1530 2738 3.
1550 2729 1578 2732 —
1599 2717 1667 2738 t‘anto
1685 2718 1792 2745 supi-ritis
1811 2724 1852 2745 pro
1870 2717 1901 2738 nd

1054 2754 1159 2777 habitum
1177 2755 1229 2776 mid.
1247 2761 1300 2776 ‹·uin
1319 2756 1404 2783 aliquot
1421 2754 1489 2776 ‹·odtl.
1506 2761 1549 2783 pm·
1565 2754 1678 2777 [nihilum.
1691 2767 1717 2771 —
1729 2756 1786 2777 Vide
1799 2756 1899 2778 scholion

1038 2793 1083 2815 'ad
1105 2795 1122 2815 1.
1136 2794 1203 2815 liuius
1215 2794 1302 2816 articuli
1321 2798 1408 2822 quaest.

1117 2831 1126 2846 ¹³
1145 2832 1200 2854 lidd.
1218 2838 1270 2854 rum
1285 2833 1364 2860 paucis
1376 2832 1444 2854 codd.
1462 2831 1512 2855 linc.

1117 2870 1126 2884 θ
1145 2870 1208 2892 voi-s.
1227 2872 1247 2892 2.

1119 2909 1137 2923 ¹⁰
1156 2909 1218 2931 ers.
1239 2911 1258 2931 2.
1277 2922 1307 2926 —
1326 2910 1399 2932 Verba
1423 2911 1526 2937 (irc-gorii
1551 2911 1634 2932 fusiora
1659 2911 1748 2933 invent<
1770 2912 1791 2933 in
1814 2913 1863 2933 ota<
1887 2912 1899 2933 l.

1056 2949 1132 2971 Morsu.
1150 2956 1168 2970 ι’,
1188 2949 1224 2971 27.
1244 2956 1263 2970 n.
1282 2949 1318 2971 31⁴.

1906 321 1949 339 Alia
1961 321 2035 339 solutio.

1907 367 1981 390 Duplex
1999 372 2038 385 me-

1929 391 1989 409 dium.

1909 836 2015 856 Notandum

1911 1307 2026 1326 Notandum.
