2166 3366
122 947 255 966 Fundamenta.

262 205 318 234 348

258 284 403 312 praecedenti
414 283 563 306 distinctione.
582 283 672 304 Praeter
692 282 754 303 locos
775 281 820 302 citt.
831 285 837 302 z
850 280 911 302 Alex.
924 279 983 307 Hah,
1003 280 1024 301 S.
1038 285 1061 307 p.
1075 279 1109 301 111.

259 330 281 352 q.
300 323 335 345 18.
353 329 383 345 m.
397 323 418 344 1l.
441 325 463 344 et
474 328 504 344 111.
518 323 539 344 2.
552 328 571 344 a.
586 322 606 343 1.
620 333 649 337 —
661 321 682 342 S.
695 320 790 348 Thom,
804 319 825 342 d.
841 319 875 341 15.
892 325 912 341 a.
929 319 949 341 3.
967 319 1109 347 quaestiunc.

264 363 280 384 1.
293 374 323 377 -
340 362 363 384 Β.
381 361 477 388 Alhert.,
495 361 518 383 d.
537 360 573 382 15.
591 367 610 382 a.
629 361 650 382 2.
662 371 694 375 —
706 359 762 381 Petr.
780 365 792 381 a
811 359 875 387 Tar.⁷
889 358 911 380 d.
925 357 960 380 15.
974 364 996 386 q.
1015 357 1036 379 4.
1054 363 1074 379 a.
1089 357 1108 379 1.

260 413 290 416 —
306 400 413 423 Richard.
431 406 442 422 a
461 400 530 428 Med,
549 399 570 422 d.
590 399 625 421 45.
643 405 663 421 a.
683 399 703 420 2.
721 405 743 427 q.
763 398 809 419 1-3.
823 410 852 413 -
865 397 977 425 Durand.,
996 396 1017 419 d.
1037 396 1072 418 15.
1086 402 1109 425 q.

260 441 280 462 2.
298 452 329 456 —
346 440 438 467 Dionys.
456 438 543 467 Carth.,
562 438 583 461 d.
603 438 639 460 15.
657 444 679 466 q.
697 438 718 459 2.
735 449 767 453 —
784 437 843 465 Biel⁷
862 436 884 459 d.
904 435 939 458 15.
957 442 979 465 q.
997 436 1071 458 unica.

938 201 1190 230 SENTENTIARUM
1211 201 1271 229 LIB.
1293 201 1332 228 111.

1231 279 1253 301 11.
1273 279 1304 300 De
1321 285 1368 307 seq.
1387 278 1429 307 (2.)
1447 279 1597 307 quaestione:
1615 278 1676 299 Alex.
1694 277 1753 305 Hal„
1771 277 1813 300 loc.
1832 278 1867 300 cit.
1880 284 1910 300 m.
1923 277 1944 300 5.
1957 284 1977 300 a.
1991 278 2011 300 1.

1166 330 1196 334 -
1209 318 1281 346 scot,
1300 318 1342 339 loc.
1360 318 1396 340 cit.
1414 323 1436 339 0.
1449 318 1485 339 18.
1499 323 1563 346 seqq.
1575 329 1607 333 —-
1618 317 1640 339 S.
1655 317 1749 345 Thom.‚
1762 317 1804 338 loc.
1817 317 1853 339 cit.
1871 317 2011 345 quaestiunc.

1167 357 1194 385 33
1214 357 1236 379 S.
1254 356 1285 379 111.
1303 363 1325 385 q.
1344 356 1380 378 46.
1398 363 1418 378 a.
1437 356 1458 378 6.
1475 368 1506 372 -
1523 356 1547 378 B.
1565 355 1661 383 Albert.,
1688 356 1724 377 hic
1748 362 1768 377 a.
1794 356 1815 378 2.
1834 356 1854 377 3.
1871 367 1903 372 —
1919 356 1977 377 Petr.
1999 361 2012 377 a

1167 396 1230 423 Tan,
1250 396 1292 417 loc.
1310 396 1346 417 cit.
1365 396 1507 424 quaestione.
1525 396 1546 416 2.
1565 407 1595 410 —
1612 394 1718 417 Richard.
1736 401 1748 416 a
1766 394 1836 422 Med,
1855 394 1896 416 loc.
1909 395 1945 416 cit.
1958 401 1978 417 a.
1991 394 2012 416 4.

1167 441 1188 463 q.
1207 435 1227 456 3.
1246 446 1275 449 —
1293 434 1392 456 Durand.
1402 452 1407 461 ,
1426 434 1468 456 loc.
1486 434 1522 456 cit.
1536 440 1558 462 q.
1571 433 1592 455 3.
1606 445 1636 449 —-
1648 433 1739 461 Dionys.
1752 432 1839 461 Cartti.,
1852 433 1893 455 loc.
1906 434 1942 455 cit.
1955 440 1977 462 q.
1990 433 2011 455 3.

1033 537 1196 575 QUAESTIO
1219 538 1246 565 11.

761 635 866 663 Utrum
888 634 920 662 111
942 633 1057 663 Christo
1078 631 1171 670 fuerit
1192 631 1402 660 acerbissimus
1424 631 1516 659 dolor.

340 748 468 777 Secundo
488 747 635 785 quaeritur
657 747 692 775 de
714 745 818 774 doloris
839 744 1006 778 acerbitate,
1028 747 1055 773 et
1070 746 1111 772 est

261 795 402 832 quaestio,
417 797 514 823 utrum
530 794 558 822 in
573 793 683 822 Christo
698 792 783 821 fuerit
801 791 881 820 dolor
902 791 1110 820 acerbissimus.

262 843 292 871 Et
313 842 388 880 quod
412 842 466 876 sic,
489 841 610 870 videtur.

343 891 367 918 1.
384 890 561 918 Threnorum
578 888 669 925 primo
682 887 703 915 ¹:
720 887 742 915 O
755 895 806 915 vos
821 894 936 920 omnes,
951 885 1003 923 qai
1018 888 1112 913 trans-

263 937 311 966 itis
335 945 389 974 per
421 936 518 970 viam,
551 934 688 963 attendite
709 938 735 962 et
765 933 872 967 videte,
901 932 930 961 si
949 936 991 960 est
1011 931 1110 966 dolor,

262 983 340 1012 sicat
361 982 443 1012 (lotor
464 990 567 1015 meas;
598 982 650 1010 hoo
676 980 779 1010 dicitur
801 980 827 1008 in
850 987 970 1017 persona
991 978 1109 1007 Christi:

263 1038 329 1068 ergo
350 1030 479 1064 videtur,
501 1029 576 1066 quod
598 1028 694 1056 nullus
726 1027 798 1055 alius
830 1026 910 1055 dolor
942 1026 1043 1054 habeat
1072 1025 1111 1053 illi

263 1077 386 1114 aequari.

343 1125 369 1152 2.
390 1123 475 1157 11610,
491 1123 519 1151 10
534 1122 679 1151 Psalmo²:
698 1122 803 1150 Omnes
821 1120 929 1157 fluetus
945 1123 1009 1148 tuos
1030 1119 1114 1148 indu-

264 1171 336 1200 xisti
355 1179 444 1208 saper
465 1178 526 1204 me,
550 1169 652 1198 dicitur
668 1169 694 1197 in
712 1176 830 1205 persona
852 1167 954 1196 Christi
966 1178 973 1201 ;
995 1166 1044 1195 sed
1059 1174 1113 1194 000

265 1226 361 1247 0011165
383 1217 495 1246 induxit
516 1220 651 1254 quantum
675 1216 709 1244 ad
732 1216 913 1244 varietatem:
937 1222 1003 1251 ergo
1017 1221 1114 1242 omnes

266 1265 378 1294 induxit
403 1266 538 1301 quantum
562 1263 596 1291 ad
619 1262 855 1299 aequivalentiam
877 1264 904 1289 et
924 1260 1114 1289 acerbitatem.

345 1311 370 1339 3.
393 1311 476 1344 ltem,
498 1309 614 1338 ratione
636 1309 758 1337 videtur.
774 1308 883 1344 Quanto
898 1306 1057 1343 complexio
1071 1314 1116 1334 no-

267 1359 348 1388 bilior
369 1360 426 1392 est,
450 1360 525 1385 tanto
557 1355 648 1392 passio
677 1355 782 1383 doloris
804 1355 831 1382 in
853 1362 886 1382 ea
907 1356 949 1382 est
970 1353 1116 1387 acerbi0r;

267 1406 315 1435 sed
326 1405 455 1434 Christus
466 1403 667 1432 nobilissimam
684 1402 782 1430 habuit
794 1401 1017 1438 complexionem
1025 1417 1063 1421 -—-
1073 1408 1118 1428 00-

266 1452 358 1481 bilitas
387 1451 460 1480 enim
491 1449 693 1487 complexionis
722 1448 872 1486 respondet
901 1447 1036 1476 nobilitati
1062 1446 1118 1475 ani-

268 1507 329 1528 mae
340 1499 350 1514 3
361 1515 398 1519 -
411 1506 477 1535 ergo
494 1506 557 1526 cum
574 1497 703 1525 Christus
718 1495 919 1524 nobilissimam
936 1494 1056 1523 animam
1073 1494 1119 1522 ha-

267 1547 375 1581 buerit,
398 1545 496 1574 habuit
517 1553 583 1581 ergo
616 1544 642 1572 111
674 1542 805 1581 patiendo
837 1542 990 1570 maximam
1013 1541 1117 1570 doloris

267 1594 453 1623 afflictionem.

347 1641 373 1669 lt.
396 1640 476 1674 116111,
493 1642 597 1677 quanto
612 1645 712 1667 sensus
727 1640 816 1666 tactus
831 1639 873 1665 est
888 1635 1027 1670 vivacior,
1043 1637 1118 1663 tanto

269 1689 364 1723 dolor,
386 1687 433 1725 qui
456 1690 497 1716 est
519 1685 673 1715 secundum
697 1692 826 1718 sensum,
849 1686 890 1712 est
905 1683 1028 1717 acutior,
1043 1682 1119 1710 unde

269 1736 296 1764 in
318 1735 373 1764 illis
396 1734 545 1769 membris,
567 1733 595 1761 in
617 1732 721 1770 quibus
742 1731 817 1768 viget
838 1738 937 1759 sensus
956 1732 1062 1764 tactus,
1078 1731 1120 1758 est

270 1783 349 1812 dolor
371 1781 550 1811 acutissimus
562 1792 569 1815 3
591 1780 639 1809 sed
662 1780 689 1808 in
711 1778 821 1807 Christo
842 1778 894 1806 fuit
915 1785 1014 1806 sensus
1030 1779 1119 1805 tactus

270 1828 482 1860 vivacissimus;
509 1838 522 1853 «
539 1826 790 1865 prudentissimum
806 1824 878 1853 enim
895 1823 1059 1852 animalium
1072 1815 1120 1851 ⁴est

271 1877 354 1904 homo
369 1886 396 1909 »‚
418 1879 449 1903 ut
464 1874 531 1903 dicit
547 1873 732 1910 Philosophus
744 1872 753 1884 ⁴
764 1895 771 1906 ,
792 1875 819 1900 et
841 1871 912 1899 inter
933 1878 1030 1899 omnes
1046 1870 1121 1898 Chri-

270 1926 345 1957 stus,
361 1930 425 1951 cum
443 1921 527 1950 fuerit
541 1921 646 1958 optime
661 1919 828 1956 dispositus:
846 1926 913 1955 ergo
929 1918 1020 1952 dolor,
1037 1925 1121 1954 quem

271 1969 371 2004 sensit,
395 1977 480 2006 super
503 1975 599 1997 omnes
622 1967 732 1996 dolores
754 1966 805 1994 suit
828 1965 1015 1994 acutissimus.

352 2017 377 2044 5.
400 2015 482 2047 11601,
505 2017 608 2051 quanto
631 2013 721 2041 maius
743 2015 785 2041 est
806 2012 927 2045 bonum,
949 2011 1023 2047 quod
1044 2010 1121 2038 amit—

272 2063 355 2097 titur,
377 2064 453 2090 16010
476 2061 610 2089 maiorem
633 2060 715 2088 insert
737 2059 862 2087 dolorem
878 2058 901 2086 ei
919 2058 965 2095 qui
982 2056 1121 2094 cognoscit

272 2113 299 2139 et
320 2109 405 2138 habet
436 2116 519 2137 11511111
542 2107 672 2141 rationis;
695 2106 743 2135 sed
766 2106 821 2134 vita
842 2105 944 2134 Christi
966 2107 1027 2133 erat
1047 2104 1122 2133 nobi-

273 2157 394 2190 lissima,
416 2159 443 2185 et
464 2155 556 2193 passio
588 2154 634 2182 illa
658 2153 743 2182 vitam
765 2152 937 2190 perimebat:
960 2159 1027 2188 ergo
1048 2151 1122 2180 dolo-

273 2211 333 2232 rem
355 2203 393 2232 illi
416 2202 524 2231 animae
546 2201 741 2230 acutissimum
764 2199 899 2228 inferebat
912 2198 931 2226 ⁵.

353 2251 378 2279 6.
402 2250 484 2283 ltem,
517 2252 592 2277 tanto
614 2256 703 2285 poena
724 2249 765 2275 est
786 2246 928 2280 acerbior,
954 2249 1058 2282 quanto
1081 2252 1123 2273 ve-

1170 743 1256 771 locius
1276 742 1409 770 virtutem
1432 745 1549 770 naturae
1571 741 1680 775 deiicit,
1701 741 1824 770 maxime
1839 741 1885 769 ubi
1901 741 2015 778 aliquod

1171 789 1363 817 membrorum
1386 788 1583 825 principalium
1605 796 1658 816 non
1681 788 1851 825 corrumpit3
1874 787 1922 816 sed
1941 787 2017 816 Chri-

1171 839 1231 865 stus
1254 836 1280 864 in
1303 836 1391 864 61066
1413 842 1568 872 5051160505
1588 835 1658 863 adeo
1679 835 1732 863 cito
1752 835 1805 863 fuit
1826 839 1970 869 mortuus,
1985 838 2017 863 ut

1168 883 1251 911 etiam
1274 883 1426 911 miraretur
1449 881 1586 910 Pilatus⁶:
1609 889 1676 918 ergo
1698 881 1824 916 videtur,
1839 881 1914 918 quod
1937 881 2017 910 dolor

1168 930 1229 958 eius
1250 929 1433 966 gravissimus
1454 929 1560 957 fuisset.

1248 977 1300 1005 SED
1322 984 1432 1005 CONTRA
1454 976 1505 1004 hoc
1529 977 1553 1003 1.
1576 975 1667 1004 Primo
1688 974 1818 1004 obiicitur
1839 983 1855 1003 a
1876 978 1955 1011 parte
1975 983 2061 1012 ye-Aa
2074 986 2144 1009 opposi-

1170 1024 1250 1052 neris
1271 1032 1399 1060 poenae,
1423 1023 1489 1060 quia
1504 1030 1593 1060 poena
1608 1022 1678 1059 ignis
1693 1021 1803 1050 acutius
1823 1021 1921 1058 affligit
1935 1029 2019 1059 quam

1169 1078 1259 1108 poena
1289 1070 1375 1104 ferri;
1408 1069 1457 1098 sed
1490 1068 1657 1097 Laurentius
1678 1071 1705 1097 et
1732 1068 1892 1097 Vincentius
1923 1067 2016 1097 exusti

1170 1118 1285 1146 fuerunt
1306 1117 1333 1145 in
1356 1117 1435 1154 igne:
1459 1124 1525 1154 ergo
1549 1116 1674 1151 videtur,
1696 1116 1771 1153 quod
1793 1115 1928 1144 maiorem
1944 1115 2018 1144 dolo-

1171 1173 1230 1194 rem
1253 1165 1390 1194 senserint
1411 1172 1494 1202 quam
1518 1164 1654 1192 Christus.

1253 1214 1280 1240 02.
1302 1212 1384 1246 item,
1407 1211 1458 1239 hoc
1480 1211 1572 1248 ipsum
1603 1210 1759 1239 ostenditur
1779 1218 1796 1238 a
1817 1213 1895 1246 parte
1922 1208 2021 1237 volun-

1175 1259 1244 1287 tatis
1264 1258 1413 1296 patiendi,
1436 1258 1499 1295 quia
1511 1280 1524 1296 ,v
1540 1260 1644 1294 quanto
1658 1256 1759 1293 aliquis
1775 1256 1863 1292 magis
1880 1255 2021 1284 desiderat

1174 1305 1245 1342 pati,
1268 1308 1344 1333 tanto
1367 1305 1459 1333 minus
1481 1304 1555 1332 dolet
1587 1305 1613 1332 in
1646 1303 1791 1341 patiend03
1822 1302 1871 1331 sed
1893 1302 2021 1330 Christus

1175 1353 1355 1381 vehementer
1377 1351 1555 1380 desiderabat
1582 1351 1639 1387 pati
1663 1358 1714 1387 pro
1747 1357 1849 1386 genere
1878 1349 2020 1383 humano,

1175 1399 1247 1428 sicut
1268 1399 1371 1427 dicitur
1392 1398 1418 1426 111
1434 1399 1523 1426 Lucae
1539 1397 1705 1426 duodecimo
1719 1397 1726 1410 ⁷
1740 1407 1745 1424 :
1767 1396 1918 1433 Baptismo
1933 1395 2021 1424 habeo

1176 1446 1346 1483 baptizari,
1368 1449 1393 1474 et
1414 1445 1555 1483 quomodo
1584 1448 1733 1477 coaretor,
1755 1452 1847 1481 usque
1869 1444 1938 1472 (tam
1957 1451 2023 1480 per-

1174 1493 1297 1530 ficiatur
1318 1496 1387 1521 etc.:
1410 1500 1477 1529 ergo
1499 1492 1626 1524 videtur,
1648 1491 1721 1528 quod
1745 1490 1824 1519 dolor
1852 1491 1913 1519 eius
1942 1489 2022 1518 valde

1177 1548 1277 1577 parum
1301 1540 1335 1568 de
1357 1540 1507 1568 acerbitate
1528 1538 1634 1567 habuit.

1256 1586 1282 1615 3.
1304 1587 1387 1621 Item,
1410 1586 1461 1615 hoc
1482 1586 1574 1623 ipsum
1598 1584 1754 1614 ostenditur
1775 1592 1791 1612 a
1812 1587 1891 1621 parte
1912 1583 2024 1612 adiuto-

1176 1634 1233 1668 rii,
1256 1634 1321 1671 quia
1342 1637 1446 1671 quanto
1472 1633 1555 1661 homo
1585 1632 1717 1660 maiorem
1751 1631 1833 1660 habet
1863 1631 2023 1665 caritatem,

1178 1684 1253 1709 tanto
1275 1681 1383 1709 facilius
1416 1681 1534 1709 sustinet
1557 1679 1711 1708 cruciatum
1734 1686 1856 1716 poenae3
1878 1677 1927 1706 sed
1949 1677 2025 1705 Chri-

1177 1732 1237 1757 stus
1260 1728 1399 1756 maximae
1422 1727 1544 1756 caritatis
1565 1726 1634 1755 fuit:
1657 1734 1723 1763 ergo
1741 1726 1872 1755 facillime
1887 1727 2025 1753 tormenta

1177 1775 1316 1811 portavit:
1339 1782 1406 1811 ergo
1429 1773 1509 1802 valde
1530 1781 1630 1810 parum
1654 1772 1751 1801 doluit.

1257 1822 1283 1850 11.
1304 1822 1384 1855 item,
1401 1821 1453 1849 hoc
1469 1820 1561 1857 ipsum
1579 1820 1691 1849 videtur
1705 1828 1721 1848 a
1735 1823 1814 1856 parte
1830 1819 1896 1847 boni
1909 1819 2024 1852 amissi,

1177 1868 1258 1905 quia,
1281 1872 1387 1905 quanto
1403 1867 1492 1896 maius
1507 1870 1549 1895 est
1564 1866 1685 1901 bonum,
1701 1866 1776 1903 quod
1792 1866 1935 1903 perditur,
1951 1868 2027 1894 tanto

1179 1916 1267 1943 maior
1290 1915 1370 1943 dolor
1391 1918 1433 1943 est
1460 1915 1485 1942 ei
1507 1913 1553 1951 qui
1576 1913 1694 1947 amittit3
1717 1913 1763 1942 sed
1788 1915 1916 1950 peccator
1937 1911 2027 1949 perdi-

1178 1963 1219 1991 dit
1242 1963 1345 1996 Deum,
1367 1961 1413 1999 (1111
1436 1965 1477 1989 651
1499 1961 1590 1989 maius
1611 1961 1731 1994 bonum,
1754 1968 1838 1997 quam
1854 1960 1889 1988 sit
1904 1960 1960 1988 vita
1975 1959 2027 1988 ista

1178 2009 1350 2047 corporalis:
1374 2016 1440 2045 ergo
1461 2008 1589 2043 videtur,
1611 2008 1686 2045 quod
1708 2007 1835 2036 acerbior
1856 2007 1935 2036 dolor
1950 2007 2027 2035 sitin

1181 2057 1240 2084 viro
1263 2055 1380 2084 contrito
1409 2058 1436 2083 et
1464 2055 1636 2091 poenitente,
1659 2062 1743 2092 quam
1765 2054 1849 2082 suerit
1869 2053 1897 2081 in
1919 2052 2027 2081 Christo

1179 2103 1308 2140 patiente.

1261 2151 1285 2178 5.
1309 2150 1390 2183 item,
1412 2149 1464 2177 hoc
1486 2149 1578 2185 ipsum
1610 2148 1767 2177 ostenditur
1787 2156 1803 2176 a
1824 2149 1903 2184 parte
1923 2153 2029 2174 recom-

1177 2196 1378 2234 pensationis,
1400 2196 1480 2233 quia,
1502 2198 1606 2232 quanto
1627 2195 1710 2223 alicui
1734 2194 1764 2223 fit
1786 2194 1874 2222 maior
1888 2197 1915 2222 et
1930 2192 2028 2221 melior

1180 2243 1402 2280 recompensatio
1424 2243 1458 2271 de
1479 2243 1551 2271 bono
1572 2243 1691 2276 amisso,
1706 2244 1783 2270 tanto
1799 2240 1891 2269 mitior
1904 2240 1913 2253 Β
1928 2242 1970 2268 651
1985 2239 2020 2271 do

337 2384 343 2398 ¹
364 2384 427 2406 Vers.
447 2384 483 2406 le.

336 2423 346 2438 ²
363 2424 419 2446 Psal.
433 2423 470 2451 87,
485 2423 506 2445 8.
519 2435 549 2438 ——
561 2423 583 2444 ln
596 2421 685 2444 vicinari
699 2423 750 2449 post
761 2419 911 2447 varietatem,
928 2426 970 2448 pro
983 2425 1029 2448 quo
1042 2419 1092 2441 cod.
1105 2419 1123 2441 H

273 2462 389 2485 substituit
405 2460 600 2484 numerositatem
617 2463 639 2483 et
651 2460 703 2482 edd.
723 2461 742 2487 l,
761 2460 774 2481 2
787 2465 840 2481 cum
856 2459 942 2487 aliquot
954 2458 1022 2480 codd.
1041 2457 1123 2480 rarita-

275 2503 331 2530 tem,
350 2501 400 2524 Vat.
418 2501 480 2523 addit
496 2506 538 2523 sea
555 2499 738 2522 multitudinem.

337 2540 347 2555 3
363 2540 496 2562 Secundum
509 2540 607 2567 aristot,
626 2539 647 2560 ll.
660 2538 689 2560 de
701 2538 805 2560 Generat.
818 2537 909 2559 animal.
922 2542 940 2559 c.
954 2537 974 2558 3.
991 2537 1039 2564 ipsa
1052 2535 1123 2558 verba

276 2579 329 2602 vide
347 2582 401 2602 tom.
420 2579 442 2600 ll.
461 2585 514 2606 pag.
533 2578 589 2606 380,
608 2581 659 2600 nota
682 2578 698 2599 l.

339 2617 347 2632 ⁴
365 2618 424 2640 Libr.
443 2617 466 2639 11.
485 2617 513 2639 de
530 2618 622 2644 Anima,
636 2619 687 2639 text,
706 2616 743 2638 91.
762 2615 794 2643 (6.
812 2615 856 2643 9.):
869 2614 993 2637 Certiorem
1012 2613 1125 2636 habemus

276 2661 383 2686 gustum,
401 2660 523 2685 propterea
545 2656 607 2685 quod
626 2657 675 2684 ipse
698 2655 792 2684 quidam
810 2657 882 2676 tactus
899 2658 946 2681 est;
971 2655 1031 2676 hunc
1049 2655 1124 2675 autem

276 2696 345 2719 habet
365 2702 459 2719 sensum
478 2697 547 2718 homo
569 2696 729 2717 certissimum.
753 2695 774 2716 ln
797 2694 845 2716 aliis
870 2694 931 2715 enim
953 2696 1075 2721 superatur
1096 2692 1125 2715 ab

277 2736 414 2758 animalibus
432 2736 518 2763 multis,
537 2734 665 2757 secundum
678 2738 753 2756 autem
772 2736 856 2755 tactum
875 2734 946 2756 multo
964 2738 1033 2761 quam
1052 2735 1126 2754 cetera

277 2776 423 2798 excellentius
444 2775 556 2802 percipi(;
580 2773 642 2796 unde
658 2776 680 2795 et
700 2772 912 2802 prudentissimam
930 2772 1062 2793 animalium
1086 2773 1126 2793 est.

277 2813 325 2836 Lib.
344 2814 366 2836 ll.
385 2813 414 2836 de
436 2813 517 2836 Partih.
535 2813 625 2834 animal.
649 2818 668 2834 6.
690 2812 723 2834 16.
742 2812 831 2837 asserit,
857 2819 867 2831 11
881 2811 943 2839 quod
962 2809 1061 2839 [homo]
1079 2816 1127 2831 ma-

277 2853 337 2874 xime
349 2853 454 2874 omnium
466 2852 598 2873 animalium
617 2851 678 2873 valet
690 2856 758 2872 sensu
777 2852 849 2872 tactus
862 2858 871 2869 n
882 2857 886 2877 ς
899 2853 921 2872 et
935 2849 989 2871 ibid.
1002 2849 1039 2871 lV.
1057 2855 1075 2871 c.
1091 2849 1126 2871 10,

278 2890 344 2913 (11611;
363 2893 509 2918 Anaxagoras
522 2891 591 2918 igitur
609 2890 725 2911 hominem
737 2887 950 2917 prudentissimam
965 2888 1069 2909 omnium
1081 2888 1126 2909 nni-

279 2929 373 2951 malium
394 2935 445 2951 esse
466 2930 506 2956 ait,
530 2929 638 2957 quoniam
661 2934 721 2950 unus
743 2929 846 2949 omnium
868 2933 950 2949 manus
972 2926 1067 2953 obtineo
1086 2925 1127 2947 scd

280 2970 339 2990 recta
357 2968 413 2990 ratio
431 2968 509 2995 exigit,
529 2971 553 2989 ut
564 2968 673 2996 quoniam
692 2967 884 2995 prudentissimus
897 2966 1000 2988 omnium
1018 2968 1062 2993 est,
1075 2965 1127 2986 ideo

280 3012 362 3028 manus
374 3007 496 3034 1·eceperit;
510 3012 591 3028 manus
604 3007 664 3027 enim
677 3006 853 3027 instrumentum
866 3008 940 3027 sunt...
953 3005 991 3033 qui
1005 3005 1065 3026 enim
1075 3010 1127 3031 pru-

1180 2379 1327 2401 dentissimus
1344 2380 1390 2405 est,
1408 2379 1468 2399 recte
1492 2376 1598 2404 plurimis
1616 2375 1646 2398 011
1668 2375 1824 2397 instrumentis
1845 2376 1929 2402 potest;
1948 2379 2030 2396 manus

1180 2421 1257 2441 autem
1275 2423 1325 2440 esse
1342 2417 1433 2439 videtur
1445 2422 1489 2438 uon
1508 2421 1579 2437 unum
1593 2416 1782 2441 instrumentum,
1800 2413 1840 2435 sed
1858 2413 1928 2435 multa
1945 2415 1987 2435 etc.
1999 2424 2031 2429 —

1182 2457 1224 2479 Pro
1241 2455 1454 2486 prudentissimam
1470 2454 1532 2477 enim
1551 2454 1599 2476 Vat.
1617 2453 1733 2476 substituit
1747 2451 1957 2481 temperatissimus
1968 2450 2030 2474 euim

1182 2499 1204 2518 ct
1221 2495 1304 2518 deinde
1322 2497 1373 2523 post
1389 2495 1410 2517 et
1432 2493 1493 2516 inter
1516 2498 1596 2516 omnes
1618 2493 1722 2514 interiicit
1739 2491 1844 2514 homines
1867 2490 2030 2520 temperatissi-

1181 2541 1236 2557 mus
1252 2533 1305 2563 fail.

1245 2574 1255 2588 ⁵
1274 2574 1346 2595 Homo
1363 2573 1480 2595 virtuosus
1497 2575 1518 2594 et
1540 2571 1639 2600 probus,
1658 2574 1682 2593 ut
1699 2571 1797 2598 Aristot,
1821 2570 1857 2592 lx.
1876 2570 1945 2591 Ethic.
1969 2575 1988 2591 c.
2010 2568 2030 2590 4.

1183 2613 1264 2640 docet,
1281 2612 1354 2639 diligit
1371 2612 1441 2633 vitam
1454 2616 1531 2638 suam3
1554 2618 1564 2630 ιι
1577 2610 1651 2638 probo
1664 2610 1725 2632 enim
1742 2610 1793 2631 viro
1808 2614 1856 2631 esse
1873 2608 1960 2630 bonum
1973 2611 2030 2630 est...

1183 2652 1210 2674 At
1228 2652 1267 2680 (1111
1291 2650 1359 2672 inulta
1378 2653 1399 2672 ot
1417 2650 1496 2677 gravia
1519 2649 1604 2671 scelera
1627 2650 1788 2676 perpetrarunt
1804 2649 1826 2668 et
1842 2646 1872 2669 ob
1895 2646 2031 2674 pravitatem

1183 2690 1236 2712 odio
1255 2689 1368 2711 habentur
1385 2691 1407 2711 et
1425 2689 1494 2710 vitam
1513 2688 1603 2715 fugiunt
1619 2693 1691 2716 seque
1703 2687 1766 2714 ipsos
1778 2685 1945 2707 interficiunt».
1960 2696 1992 2701 —
2008 2684 2030 2706 10

1183 2729 1271 2753 maiori
1283 2735 1324 2758 pro
1342 2728 1383 2758 qui
1394 2727 1512 2757 coynosctt
1530 2727 1597 2749 codd.
1615 2726 1631 2748 F
1641 2727 1657 2748 (j
1669 2726 1675 2748 l
1686 2726 1705 2748 K
1716 2726 1732 2747 L
1741 2725 1758 2747 N
1768 2725 1785 2747 U
1795 2725 1811 2747 Z
1821 2731 1847 2747 aa
1867 2723 1931 2754 quod
1948 2729 2031 2753 coquo-

1183 2768 1232 2791 3611.
1252 2769 1273 2790 10
1291 2767 1380 2790 minori
1396 2773 1438 2795 pro
1455 2765 1533 2795 passio
1546 2765 1586 2788 illa
1599 2764 1672 2787 vitam
1689 2764 1756 2786 codd.
1774 2765 1791 2785 A
1802 2763 1855 2785 Ebb
1868 2762 1946 2792 passio
1963 2761 2031 2785 illam

1184 2807 1262 2830 vitam.

1248 2846 1257 2861 ⁶
1276 2847 1341 2868 Marc.
1361 2845 1400 2873 1155,
1419 2844 1455 2867 114.

1246 2885 1255 2899 7
1274 2885 1339 2907 Vers.
1357 2884 1393 2906 50.

1247 2924 1256 2939 ⁸
1275 2924 1316 2946 Pro
1333 2923 1413 2946 atilio)-
1430 2922 1497 2945 codd.
1515 2922 1532 2944 N
1543 2922 1560 2944 U
1571 2921 1690 2944 Vaninor.
1709 2920 1777 2941 Paulo
1788 2919 1882 2941 inferius
1899 2918 1965 2941 codd.
1984 2918 2029 2940 GH

1185 2964 1246 2986 lLT
1257 2963 1272 2984 Z
1283 2969 1309 2985 aa
1319 2962 1351 2985 hb
1368 2963 1472 2984 omittunt
1490 2962 1512 2983 et
1528 2963 1580 2988 post
1597 2959 1678 2982 dolore
1693 2957 1823 2987 passionis,
1844 2964 1888 2986 qua
1906 2958 2029 2979 omissione

1184 3003 1297 3030 admissa,
1316 3007 1357 3029 pro
1369 2999 1513 3030 expositione
1530 2998 1654 3026 legendum
1672 2998 1714 3019 erit
1729 3002 1760 3020 em
1775 2995 1895 3026 positione.
