2166 3366
235 189 292 217 858

232 266 296 293 salsa
317 273 345 292 re
371 265 458 291 sciens
487 263 645 289 iurationem
675 261 827 295 interponit.
857 261 895 287 Da
924 260 1006 286 alitun
1033 260 1077 294 qui

231 308 292 338 seit)
316 308 409 333 salsum
430 313 502 337 esse,
521 308 546 331 et
566 304 646 335 dicit,
669 312 760 330 verum
782 311 856 336 esse;
878 306 904 329 et
925 304 1010 335 iurat,
1026 307 1078 329 tan-

233 358 311 385 quam
333 356 424 375 verum
444 349 492 379 sit,
513 347 584 381 quod
599 348 649 373 scit
664 347 757 373 salsum
773 354 847 377 esse3
869 346 978 378 videtis,
998 353 1078 379 quam

234 395 281 419 ista
303 391 459 418 detestanda
478 391 513 416 sit
532 391 628 417 bellua.
645 391 696 416 Fae
711 390 792 416 alium
808 389 852 424 qui
870 392 965 424 putat,
986 389 1079 415 salsum

232 443 303 466 esse,
324 438 349 461 ct
370 435 452 465 iurat,
474 437 599 468 tanquam
621 440 712 459 verum
733 434 782 465 sit;
804 436 830 458 et
849 433 915 458 sorte
935 439 1027 458 verum
1042 435 1081 458 est

231 493 265 498 --
279 478 352 504 verbi
374 477 474 510 gratia,
496 480 524 502 ut
544 477 710 509 intelligatis,
736 475 808 510 pluit
828 476 853 501 in
874 475 918 501 illo
939 475 1015 506 loeo;
1043 475 1081 500 in-

233 526 352 554 terrogas
373 520 521 552 hominem,
542 523 567 546 et
587 520 652 546 dicit
671 519 789 553 pluisse,
811 522 836 545 et
856 522 919 544 tune
939 518 1008 552 pluit
1028 518 1080 551 ibi,

231 564 277 590 sed
298 566 374 597 putat
394 570 444 589 non
466 562 567 596 pluisse
586 577 621 581 —
640 562 766 596 periurus
785 565 831 588 est.
853 562 971 591 Interest,
992 568 1081 594 quem-

232 606 376 633 admodum
399 606 508 632 verbnm
530 605 660 639 procedat
679 613 711 630 ex
730 604 822 631 animo
835 615 845 636 ,¹
870 612 943 630 ream
964 604 1080 637 linguam

234 657 284 676 non
315 650 376 675 saeit
402 649 451 675 nisi
478 656 523 675 rea
544 656 618 675 mens
633 660 656 674 ».
676 663 711 667 —
731 648 775 674 His
796 648 934 674 evidenter
954 647 1083 678 traditur,

233 692 304 726 quod
326 692 466 726 tripliciter
481 692 584 726 peierat
603 692 695 722 homo,
716 694 745 717 ut
764 698 845 724 supra
866 690 999 721 diximus,
1019 690 1082 716 dum

234 734 275 761 vel
294 734 380 761 sciens
400 734 494 760 salsum
517 734 600 762 iurat,
622 733 661 759 vel
673 737 775 768 putans
788 733 890 768 fulsum
903 732 974 766 quod
991 739 1083 758 verum

234 781 287 809 est,
308 778 391 809 iurat,
413 778 453 803 vel
466 777 625 804 existimans
639 784 733 803 verum
748 776 820 810 quod
835 776 930 802 salsum
944 779 992 807 est,
1006 776 1084 802 iurat.

120 829 219 847 onaeuur.
233 835 268 840 -
281 821 332 847 Sed
348 821 398 847 hoc
417 824 566 847 extremum
588 827 639 846 non
660 820 766 845 videtur
780 826 838 846 esse
854 818 1023 853 periurium,
1044 818 1085 844 vel

234 865 254 890 si
275 863 429 899 periurium
451 864 616 896 nominetur,
638 870 669 889 eo
689 862 761 897 quod
782 862 875 888 falsum
904 863 1016 894 iuratur,
1034 869 1085 888 non

236 908 341 933 videtur
361 914 419 933 esse
438 914 499 933 reus
517 905 641 941 periurii
659 907 704 939 qui
726 906 765 931 sie
786 906 870 934 iurat,
891 905 954 939 quia
974 912 1030 930 nou
1050 908 1086 929 esc

164 954 221 977 nesp.
234 958 309 976 mens
329 949 386 976 ems
405 957 468 980 rea,
489 953 515 975 et
534 949 594 975 ideo
609 956 657 975 nee
672 949 769 982 lingua:
784 962 820 967 —
833 948 916 974 imino
934 948 991 974 eius
1010 955 1086 973 mens

235 1002 281 1020 reo
294 997 347 1024 est,
368 993 430 1019 dum
452 993 541 1019 iurare
561 992 709 1026 praesumit
730 992 801 1026 quod
826 992 969 1025 perspicue
993 998 1086 1017 verum

235 1044 286 1063 non
301 1036 486 1070 deprehendit.
505 1036 563 1061 Non
584 1042 647 1068 ergo
660 1043 738 1061 omne
752 1035 899 1068 periurium
914 1032 1087 1059 rmenducium

236 1082 283 1110 est,
299 1086 347 1105 nec
367 1078 455 1104 cuniis
475 1078 519 1112 qui
541 1078 658 1112 peierat,
678 1077 808 1103 mentitur
818 1088 831 1109 ,·
850 1077 896 1103 secl
918 1077 1004 1103 omnis
1018 1083 1088 1102 men-

238 1122 326 1148 tiendo
347 1122 437 1148 ihrans
457 1122 575 1155 peierat,
596 1124 621 1147 et
641 1120 727 1146 omnis
746 1120 792 1154 qui
814 1120 906 1146 falsum
928 1120 1010 1151 iurat,
1031 1119 1088 1145 sive

239 1166 382 1197 nienhem,
403 1165 459 1190 sive
480 1172 546 1197 non,
566 1164 677 1197 peierat.

309 1208 373 1234 Cum
395 1215 457 1233 vcro
478 1207 538 1241 quis
560 1207 628 1233 iurat
648 1206 719 1240 quod
741 1213 833 1232 verum
858 1209 911 1237 est,
932 1205 1088 1231 existimans

108 1259 223 1285 Aliuscasus
238 1259 296 1277 esse
325 1251 436 1281 salsum3
457 1249 614 1283 quaeritur,
634 1248 699 1282 quid
725 1249 759 1274 sit
779 1248 815 1274 ibi
843 1246 1008 1282 periurium.
1028 1247 1088 1281 Ipsa

120 1284 201 1306 ¹³⁰⁰¹L⁰¹²
239 1295 308 1321 enim
323 1293 482 1328 significatio
498 1293 571 1318 vocis
586 1300 648 1318 vera
664 1295 716 1324 est,
739 1292 802 1326 quia
823 1299 916 1318 verum
939 1291 1089 1317 nescienter

238 1338 364 1371 loquitur.
393 1336 451 1362 Non
481 1336 560 1368 igitur
590 1335 647 1369 ipsa
677 1335 837 1368 significatio
864 1334 906 1361 vel
926 1334 1028 1369 falsum
1047 1333 1089 1360 vel

238 1379 411 1406 menducium
440 1382 493 1410 est,
522 1379 584 1412 quia
615 1386 679 1404 vera
705 1382 761 1409 est;
782 1381 807 1404 et
826 1377 898 1412 quod
926 1384 1019 1404 verum
1050 1380 1090 1403 est

167 1430 224 1453 neap.
238 1423 388 1458 periurium
410 1430 460 1448 non
483 1422 588 1448 videtur
608 1428 673 1448 esse.
693 1421 780 1447 —Ad
801 1421 853 1447 hoc
873 1421 1001 1451 dicimus,
1015 1420 1088 1454 ioqui

239 1467 291 1499 sic,
312 1466 415 1492 scilicet
436 1469 530 1492 contrat
543 1469 675 1495 mentem,
692 1464 742 1491 sub
756 1463 921 1491 attestatione
941 1463 1092 1490 iuramenti

239 1517 297 1537 esse
316 1510 474 1544 periurium.
494 1507 610 1536 Mentiri
628 1514 705 1540 ergo,
726 1507 846 1534 adhibita
861 1506 1014 1537 imatione,
1030 1514 1090 1540 per-

241 1554 338 1580 iurium
359 1556 405 1579 est.
427 1552 576 1579 Periurium
598 1559 660 1585 ergo
681 1555 720 1577 est
740 1551 780 1577 vel
808 1550 922 1577 iurando
946 1549 1022 1585 loqui
1037 1550 1091 1584 fol-

239 1605 300 1623 sum
319 1604 380 1623 cum
400 1594 547 1622 intentione
566 1593 699 1629 fallendi,
719 1594 759 1620 rel
773 1593 887 1620 iurando
902 1592 978 1628 toqui
989 1592 1090 1627 stolatam

239 1640 297 1667 sine
312 1639 459 1666 intentione
477 1637 608 1673 fallendi,
629 1638 670 1664 vel
691 1637 804 1664 iurando
825 1637 896 1671 loqui
917 1645 1012 1663 verum
1030 1644 1090 1663 cnm

113 1688 225 1712 opponitur·
241 1682 388 1709 intentione
407 1681 531 1717 fallendi.
544 1696 580 1701 —
594 1681 642 1707 Hic
657 1681 820 1714 opponitur:
840 1680 861 1706 si
882 1680 969 1707 omnis
982 1680 1028 1714 qui
1045 1679 1091 1706 sal-

240 1734 299 1753 sum
320 1726 403 1757 iurat,
425 1726 544 1759 peiera13
565 1728 628 1751 tunc
643 1725 693 1758 ¹qni
715 1724 795 1750 alicui
810 1723 943 1758 promittit
962 1723 1027 1749 clare
1040 1723 1091 1750 snb

242 1773 316 1796 certo
337 1769 449 1795 termino
470 1768 584 1800 aliquid,
605 1767 676 1801 quod
700 1770 786 1793 tamen
807 1774 859 1792 non
880 1766 972 1796 saciet,
991 1773 1022 1792 ex
1037 1773 1091 1800 quo

242 1811 354 1842 iuravit,
383 1810 527 1845 peieravit,
554 1811 617 1844 quia
639 1809 732 1836 falsum
754 1809 860 1835 iuravit.
880 1808 937 1834 Non
959 1808 1028 1834 enim
1056 1809 1090 1834 ita

171 1857 227 1880 nesp.
242 1855 359 1881 futurum
381 1857 452 1885 erat,
473 1857 497 1879 ut
521 1853 627 1879 iuravit.
646 1867 681 1872 —
700 1852 739 1878 Ad
761 1852 812 1878 hoc
833 1852 884 1878 dici
907 1855 1008 1886 potest,
1029 1852 1092 1886 quia

243 1905 294 1924 non
314 1897 400 1923 omnis
421 1897 466 1931 qui
488 1897 557 1922 iurat
577 1896 647 1930 quod
679 1895 773 1921 salsum
803 1898 854 1926 est,
879 1903 911 1920 ex
931 1903 982 1929 quo
1003 1894 1092 1925 itcrat,

244 1941 369 1975 periurus
390 1943 443 1971 est,
463 1940 531 1965 sieut
552 1940 615 1970 iste,
645 1939 677 1965 de
705 1946 759 1972 quo
780 1938 901 1971 agimus3
922 1938 969 1964 sed
989 1946 1021 1963 eac
1041 1946 1093 1972 quo

240 1982 411 2018 propositum
427 1986 530 2013 mmm,
546 1982 585 2008 vel
602 1981 749 2008 terminum
766 1980 982 2016 creansgyreslz‘tzw,
997 1981 1094 2006 iuratio

245 2027 304 2052 talis
325 2027 352 2052 iit
371 2026 520 2060 periurium
541 2028 626 2051 reatu.

609 2111 668 2138 Cap.
690 2111 731 2138 [V.

495 2200 541 2225 An
561 2197 663 2224 iteratio
682 2198 717 2224 sit
735 2197 850 2224 mulam.

317 2286 342 2312 Si
364 2289 452 2311 autem
474 2287 634 2319 quaeratur,
656 2287 744 2311 ulrum
760 2285 849 2310 iurare
869 2284 902 2310 sit
922 2283 1041 2314 malum,
1061 2283 1098 2308 di-

247 2329 347 2359 cimus,
368 2328 513 2362 aliquando
538 2328 636 2354 malum
658 2335 731 2358 esse,
752 2326 897 2361 aliquando
918 2334 978 2352 non.
999 2326 1097 2360 Sponte

247 2372 317 2397 enim
338 2375 363 2398 et
382 2372 439 2397 sine
460 2372 617 2397 nrcessitate
639 2371 739 2403 iurare,
761 2370 801 2396 vel
823 2370 915 2396 salsum
935 2370 1024 2396 iurare
1039 2376 1098 2403 pec-

248 2418 336 2440 eatum
358 2414 459 2447 grande
480 2418 526 2440 est.
556 2414 597 2440 Ex
618 2414 776 2440 necessitate
796 2416 884 2439 autem
907 2413 1010 2444 iurare,
1031 2412 1100 2438 scili—

248 2460 290 2483 cet
310 2457 350 2483 vot
373 2454 408 2483 ad
426 2453 596 2484 asserendam
618 2457 813 2487 innocentiam,
828 2456 868 2482 vel
883 2455 915 2481 ad
931 2455 1038 2482 foedera
1052 2462 1100 2489 pa-

248 2501 287 2525 cis
300 2500 495 2531 confirmanda,
512 2500 551 2526 vel
568 2500 599 2525 ad
615 2499 831 2533 persuademium
844 2498 1013 2525 auditoribus
1027 2497 1098 2532 quod

249 2546 288 2569 est
314 2544 352 2569 eis
380 2544 457 2575 utile,
485 2543 582 2569 maiani
611 2550 661 2569 noa
689 2545 740 2574 est,
760 2542 822 2576 quia
844 2541 1026 2568 necessarium
1052 2544 1099 2567 est.

116 2585 324 2612 A¹¹÷³⁸¹³l1¹¹⁰⁵>Unde
345 2587 509 2619 Augustinus
520 2587 527 2599 ¹
541 2595 546 2612 ς
573 2597 583 2609 «
597 2586 777 2613 iuramentum
799 2585 950 2611 laciendum
965 2587 1004 2610 est
1019 2584 1043 2609 in
1059 2591 1101 2610 ne.-

250 2630 389 2662 eessariis,
408 2637 469 2656 enm
491 2630 558 2663 pigri
579 2630 630 2655 sint
651 2629 773 2655 homines
792 2628 904 2654 credere
921 2627 994 2662 quod
1008 2627 1047 2653 eis
1061 2630 1101 2653 est

251 2673 322 2699 aute.
350 2673 448 2699 luratio
469 2680 519 2699 non
541 2676 580 2698 est
601 2673 684 2703 bona,
705 2675 859 2698 nontamen
880 2671 965 2703 mala,
985 2677 1045 2696 cum
1061 2673 1100 2696 est

317 2827 323 2841 ¹
341 2828 401 2849 Lihr.
421 2829 434 2850 l.
453 2828 482 2850 de
500 2829 572 2850 Serui.
591 2827 680 2849 Domini
698 2828 720 2849 in
739 2830 823 2854 monto,
842 2833 860 2849 e.
882 2826 916 2848 17.
935 2832 956 2848 ιι.
970 2826 1006 2847 51.

315 2866 323 2880 ἵ
343 2868 445 2894 August„
465 2868 561 2894 lixposit.
581 2868 602 2888 in
615 2867 662 2888 Cal.
684 2867 718 2892 (1,
738 2867 784 2893 20.)
804 2872 824 2887 n.
839 2866 859 2887 0.
873 2878 903 2881 -—
915 2866 1042 2893 Sequentes
1055 2864 1102 2886 duo

255 2906 296 2926 loci
309 2909 361 2927 sunt
373 2906 488 2933 eiusdem,
503 2907 516 2928 1,
529 2906 557 2928 de
570 2906 642 2928 Sei-ni.
656 2906 746 2927 Domini
759 2906 780 2927 in
792 2908 881 2933 monte,
894 2911 913 2926 e.
931 2904 964 2926 17.
977 2909 999 2926 n.
1012 2904 1049 2931 51,
1063 2903 1102 2925 ubi

255 2944 351 2965 citantur
368 2944 442 2966 Matth.
456 2945 476 2970 5
490 2944 526 2966 at.
546 2945 582 2966 37.
600 2949 621 2967 et
640 2946 660 2973 (3,
679 2945 711 2966 13.

319 2981 328 2995 3
347 2982 375 3003 lta
389 2982 463 3003 Matth.
483 2983 503 3010 ὅ,
517 2983 556 3011 33;
570 2984 610 3005 cfr.
632 2984 703 3005 Levit.
722 2983 758 3010 19,
776 2983 809 3005 12.
822 2984 844 3005 et
861 2982 925 3004 Dent.
945 2982 980 3010 23,
999 2982 1034 3003 21.
1049 2988 1102 3003 eum

907 183 1160 211 SENTENTIARUM
1181 183 1241 211 Ltss.
1263 183 1304 211 lll.

1136 260 1287 286 necessaria
1302 272 1326 292 u,
1346 260 1373 286 id
1393 263 1446 292 est,
1466 268 1517 286 non
1539 264 1578 286 est
1591 260 1741 294 appetenda
1756 260 1826 286 sicut
1840 260 1921 292 bona,
1935 268 1984 287 nee

1138 306 1225 329 tamen
1254 303 1378 336 fugienda
1409 307 1534 338 tanquam
1564 303 1647 335 mala,
1677 311 1738 330 cum
1766 306 1802 329 est
1825 304 1984 330 necessaria.

1142 357 1152 368 «
1166 346 1223 372 Non
1245 349 1284 372 est
1303 347 1373 372 enim
1394 350 1487 373 contra
1508 349 1681 380 praeceptum
1700 346 1746 372 Dei
1763 346 1874 378 iuratio,
1888 346 1985 372 sedita

1140 389 1294 422 intelligitur
1310 389 1436 415 Dominus
1450 389 1621 423 prohibuisse
1640 396 1655 415 a
1676 389 1836 421 iuramento,
1850 392 1891 422 ιιι,
1905 396 1986 423 quan-

1139 436 1193 458 tum
1215 432 1239 457 in
1262 432 1320 465 ipso
1340 435 1393 463 est,
1413 432 1528 466 quisque
1548 439 1599 457 non
1621 433 1690 458 iuret
1711 446 1746 450 —
1765 431 1837 466 quod
1857 431 1932 457 multi
1953 431 1987 458 sa-

1138 476 1225 507 ciunt,
1248 475 1272 500 in
1294 481 1340 501 ore
1359 474 1489 501 habentes
1516 475 1675 501 iurationem
1706 477 1831 508 tanquam
1862 481 1987 507 inagnum

1139 522 1219 551 atque
1245 525 1327 544 suave
1351 518 1453 552 aliquid
1476 533 1510 537 —
1534 518 1678 552 Apostolus
1698 518 1767 544 enim
1789 517 1862 543 novit
1881 524 1988 551 praecc-

1140 564 1214 595 ptnm
1235 561 1354 592 Domini,
1375 564 1400 586 et
1420 564 1507 587 tamen
1538 560 1654 586 iuravit²
1669 572 1693 587 ».
1722 560 1898 586 Prohibemur
1924 566 1987 592 ergo

1141 604 1230 629 iurare
1250 603 1291 629 vel
1311 603 1473 636 cupiditate,
1495 603 1535 629 vel
1556 603 1733 629 delectatione
1755 602 1869 629 iurandi.
1889 601 1989 633 «Quod

1141 654 1204 679 ergo
1234 646 1354 673 Christus
1378 647 1412 672 ait
1434 646 1458 672 in
1480 646 1642 680 Evangelio:
1662 647 1717 680 Esso
1739 645 1797 672 (lico
1816 645 1909 676 vobis,
1934 653 1991 672 ozon

1141 689 1236 716 imme
1255 697 1390 720 ovmmo;
1420 689 1453 715 ita
1474 689 1630 722 intelligitur
1658 689 1844 723 praecepisse,
1869 696 1902 714 ne
1921 688 1991 722 quis-

1142 740 1222 767 quam
1242 733 1311 759 sieut
1332 731 1433 758 bonum
1453 736 1561 766 appetat
1583 733 1761 759 iuramentum
1789 735 1815 758 et
1834 731 1992 758 assiduitate

1144 775 1247 801 iurandi
1277 775 1384 801 labatur
1412 776 1437 801 in
1468 775 1655 808 periurium».
1683 775 1758 805 Quod
1788 782 1851 800 vero
1871 773 1991 800 addidit:

1149 830 1159 841 «
1174 818 1213 845 Sit
1236 826 1323 844 sermo
1347 822 1451 844 vester:
1479 822 1532 848 est,
1561 821 1619 849 est,·
1638 826 1708 848 ozon,
1728 826 1807 849 non,·
1828 817 1926 844 bonum
1954 820 1994 844 est

1144 864 1170 887 et
1189 861 1378 895 appetendui‘n.
1400 854 1477 893 'Quod
1495 865 1583 887 carolem
1611 860 1730 896 amplias
1754 864 1790 887 est
1813 869 1829 887 α
1846 860 1920 886 malo
1940 863 1993 890 est,

1145 904 1170 930 id
1191 908 1244 935 est,
1263 905 1284 930 si
1306 905 1396 930 iurare
1416 904 1534 938 cogeris,
1558 904 1643 935 scias,
1663 904 1696 930 de
1716 904 1875 930 necessitate
1903 903 1994 929 venire

1145 948 1307 974 infirmitatis
1335 954 1427 973 eorum
1454 947 1553 981 quibus
1573 947 1674 981 aliquid
1695 947 1810 978 suades;
1831 954 1901 980 quae
1926 946 1996 972 infir-

1145 990 1222 1016 mitas
1243 990 1335 1024 utique
1365 990 1462 1016 malum
1493 993 1546 1021 est,
1575 990 1645 1016 unde
1674 997 1721 1016 nos
1745 989 1866 1023 quotidie
1884 989 1994 1016 liberari

1145 1040 1288 1067 precamur
1314 1033 1450 1059 dieentes:
1470 1031 1569 1059 Libera
1597 1040 1646 1058 nos
1666 1040 1682 1058 α
1700 1032 1782 1058 malo.
1807 1031 1923 1066 Ideoque
1943 1039 1995 1058 non

1145 1076 1229 1102 dixit:
1250 1076 1321 1110 quod
1343 1076 1458 1110 amplius
1486 1079 1525 1102 est
1549 1075 1654 1102 molam
1674 1078 1720 1102 est.
1741 1075 1780 1101 Tu
1800 1075 1870 1101 enim
1892 1082 1943 1101 non
1962 1075 1996 1101 sa-

1146 1120 1184 1145 cis
1204 1119 1317 1151 maium,
1338 1119 1382 1153 qui
1405 1119 1472 1145 bene
1492 1119 1575 1146 uteris
1594 1119 1741 1151 iuratione,
1761 1118 1808 1144 sed
1828 1126 1844 1144 a
1864 1117 1937 1144 rizolo
1957 1120 1997 1144 est

1147 1162 1218 1188 illius
1249 1162 1294 1196 qui
1319 1162 1396 1188 aliter
1416 1170 1467 1188 non
1488 1162 1611 1194 eredit»,
1641 1162 1667 1188 id
1696 1165 1735 1187 est
1758 1161 1792 1187 ab
1820 1160 1996 1195 infirmitate,

1147 1211 1215 1238 quae
1236 1204 1381 1238 aliquando
1398 1212 1487 1238 poeno
1512 1208 1565 1236 est,
1595 1204 1740 1238 aliquando
1757 1212 1847 1238 poena
1866 1207 1889 1230 et
1908 1203 1995 1238 culpa.
2038 1204 2040 1207 “

1146 1247 1182 1273 lbi
1203 1255 1265 1281 ergo
1287 1248 1414 1273 Dominus
1435 1247 1573 1281 prohibuit
1592 1247 1707 1279 malum,
1728 1248 1812 1274 suasit
1832 1247 1940 1278 bonum,
1961 1247 1998 1272 in-

1146 1290 1228 1317 dulsit
1247 1291 1437 1317 necessarium.

1521 1376 1581 1402 Car.
1596 1376 1626 1403 V.

1266 1464 1303 1489 De
1323 1462 1493 1493 z'urcmnenw,
1513 1462 1586 1498 quod
1603 1463 1634 1497 fit
1650 1471 1700 1497 per
1719 1466 1866 1489 creaturas.

1219 1549 1361 1581 Quaeritur
1381 1549 1475 1581 etiam,
1502 1552 1591 1575 utrum
1620 1549 1699 1575 liceat
1719 1549 1808 1575 iurare
1828 1555 1876 1582 per
1895 1551 2000 1575 creatu-

1149 1600 1213 1619 ram.
1237 1593 1311 1624 Quod
1332 1600 1383 1619 non
1406 1592 1526 1624 videtur,
1546 1600 1607 1619 eum
1629 1593 1653 1618 in
1674 1592 1763 1625 Lege3
1792 1592 1921 1626 scriptum
1948 1591 1998 1617 sit:

1148 1635 1250 1662 liet-letes
1270 1640 1358 1662 autem
1378 1635 1496 1662 Domino
1516 1635 1672 1662 iim-amenta
1691 1639 1760 1667 ῐιια,·
1780 1639 1806 1661 et
1825 1634 1946 1661 Christus
1972 1635 2000 1661 in

1150 1679 1293 1712 Evangelio
1313 1679 1476 1712 praecipiat,
1490 1686 1546 1705 non
1560 1678 1654 1705 iurare
1673 1677 1802 1709 omnino,
1821 1686 1869 1704 nec
1885 1686 1935 1713 per
1949 1685 2002 1704 cae·

1151 1722 1207 1748 lum
1226 1730 1274 1748 ‘nec
1291 1730 1340 1756 per
1360 1726 1461 1748 terram
1480 1730 1528 1748 nee
1546 1730 1597 1756 per
1619 1721 1814 1756 lerosolymam
1836 1729 1884 1747 nec
1895 1729 1945 1755 per
1962 1729 2001 1747 ca-

1148 1769 1198 1799 put
1218 1769 1302 1791 laum.
1328 1776 1339 1789 «
1353 1765 1460 1791 Iudaeis
1478 1766 1553 1799 quasi
1576 1765 1695 1799 parvulis
1715 1772 1867 1791 concessum
1888 1764 1936 1790 suit
1965 1765 2142 1791 iu-ffieronymus·

1150 1816 1211 1834 rare
1231 1816 1280 1843 per
1299 1808 1465 1839 Creatorem,
1485 1811 1510 1834 et
1528 1811 1717 1842 praeceptum,
1732 1810 1777 1840 ιιι,
1791 1807 1812 1833 si
1830 1807 1919 1834 iurare
1941 1814 2001 1833 eon-

1152 1851 1278 1885 tingeret,
1308 1858 1359 1878 non
1390 1851 1438 1877 nisi
1470 1858 1518 1884 per
1543 1850 1696 1877 Creatorem
1718 1851 1850 1882 iurarent,
1877 1857 1928 1876 non
1954 1857 2002 1884 per

1152 1897 1321 1924 creaturam;
1350 1893 1413 1928 quia
1442 1894 1561 1920 iurantes
1589 1901 1638 1927 per
1671 1893 1785 1927 Angelos
1816 1896 1841 1920 et
1872 1893 2003 1919 elementa

1152 1940 1291 1963 creaturas
1320 1936 1518 1963 venerabantur
1546 1937 1665 1969 honore;
1692 1939 1717 1962 et
1747 1936 1842 1963 melius
1868 1939 1927 1962 erat
1951 1935 2003 1963 hoc

1153 1979 1274 2006 exhiberi
1295 1980 1349 2005 Deo
1370 1987 1451 2014 qnam
1471 1980 1639 2006 creaturis».
1654 1979 1768 2005 infirmis
1782 1987 1844 2013 ergo
1864 1978 1929 2005 illud
1944 1986 2004 2013 pro-

1153 2023 1254 2055 hibuit,
1274 2023 1374 2049 sanctis
1394 2030 1472 2055 vero,
1493 2023 1537 2057 qui
1559 2023 1584 2048 in
1604 2023 1736 2049 creaturis
1755 2022 1907 2049 Creatorem
1928 2029 2005 2048 vene-

1153 2065 1282 2092 rabantur
1302 2069 1419 2097 tantum,
1439 2073 1489 2091 non
1510 2065 1657 2099 prohibuit.
1674 2065 1750 2091 Unde
1764 2064 1880 2098 ΙοεθρΙι4
1900 2072 1949 2099 per
1962 2071 2004 2091 sa-

1154 2109 1234 2135 lutem
1248 2109 1394 2135 Pharaonis
1406 2109 1517 2140 iuravit,
1534 2109 1600 2135 «Dei
1617 2108 1746 2134 iudicium
1762 2108 1787 2134 in
1804 2115 1835 2134 eo
1849 2110 2003 2139 veneratus,

1154 2160 1207 2186 quo
1222 2152 1325 2186 positus
1338 2156 1396 2178 erat
1410 2153 1435 2178 in
1456 2152 1554 2178 intimis
1567 2163 1591 2178 ».
1606 2152 1727 2178 Christus
1741 2158 1804 2177 vero
1819 2151 1854 2178 ita
1868 2158 1917 2185 per
1931 2157 2004 2177 crea-

1155 2200 1228 2222 turas
1249 2196 1337 2222 iurare
1365 2196 1518 2229 prohibuit,
1538 2203 1571 2221 ne
1592 2195 1632 2221 vel
1653 2194 1754 2228 aliquid
1774 2194 1894 2220 (lirinum
1915 2194 1940 2220 in
1966 2194 2004 2220 eis

1154 2238 1325 2270 crederetur,
1345 2246 1393 2272 pro
1414 2246 1468 2272 qno
1488 2238 1638 2264 reverentia
1659 2237 1698 2263 eis
1717 2237 1877 2268 deberetur;
1904 2236 1945 2262 vel
1972 2243 2005 2262 ne

1155 2289 1203 2315 per
1223 2288 1268 2307 eas
1289 2281 1407 2307 iurantes
1426 2281 1520 2307 salsum
1541 2280 1663 2306 homines
1683 2286 1711 2306 se
1732 2280 1880 2306 iuramento
1902 2286 1953 2305 non
1972 2282 2006 2305 te-

1156 2324 1212 2350 neri
1232 2328 1365 2358 putarent

1521 2409 1581 2436 Car.
1602 2409 1644 2436 Vi.

1158 2497 1229 2528 Quae
1248 2495 1348 2522 iuratio
1368 2495 1403 2521 sic
1420 2495 1547 2530 gyravior,
1567 2504 1604 2522 (m
1623 2503 1690 2530 quoe
1719 2495 1749 2529 fit
1770 2502 1821 2529 per
1849 2494 1949 2523 Deum,
1970 2500 2005 2519 cm

1237 2547 1304 2574 quae
1320 2539 1351 2574 fil
1368 2547 1417 2573 per
1436 2543 1590 2569 cronno-as,
1610 2538 1654 2564 vel
1668 2546 1719 2573 per
1739 2536 1926 2571 Eocmyela‘zmz.
2011 2534 2014 2535 ⁷

1227 2626 1253 2652 Si
1274 2629 1363 2652 autem
1393 2626 1546 2660 quaeritur,
1566 2625 1626 2659 quis
1646 2625 1730 2659 magis
1751 2627 1886 2655 teneatur,
1906 2630 1938 2649 an
1958 2622 2004 2656 qui
2019 2630 2100 2649 nubium
2115 2628 2134 2646 2.

1158 2676 1206 2703 per
1226 2669 1324 2700 Deum,
1343 2676 1375 2695 an
1396 2668 1441 2703 qui
1463 2675 1510 2702 per
1530 2668 1718 2702 Evangeliuin,
1738 2667 1778 2694 vel
1799 2674 1847 2701 per
1867 2669 2005 2692 creaturas

1160 2826 1193 2847 Ρε.
1213 2825 1253 2852 stt),
1273 2824 1312 2846 lli:
1330 2824 1409 2846 Redde
1431 2824 1544 2845 Altissimo
1567 2823 1623 2845 vota
1644 2824 1689 2844 tua.
1712 2822 1763 2849 Seq.
1787 2821 1851 2842 locus
1874 2822 1908 2842 cst
1930 2820 2006 2842 Matth.

1159 2864 1182 2890 5,
1202 2863 1237 2885 31.
1257 2875 1287 2878 —-
1305 2861 1402 2891 Profuit
1416 2868 1552 2885 υοηυνεειιηι
1565 2861 1616 2883 cod.
1630 2861 1645 2882 B
1662 2863 1684 2882 ct
1696 2859 1761 2886 edd„
1773 2859 1874 2886 exceptis
1891 2859 1896 2880 1
1910 2876 1914 2887 ‚
1929 2858 1954 2886 S,
1974 2859 2007 2880 est

1159 2908 1305 2929 concessum.
1322 2915 1353 2918 —
1368 2902 1435 2929 Quod
1452 2902 1556 2929 sequitur
1568 2900 1696 2922 seeundum
1709 2904 1802 2920 seusun]
1815 2902 1918 2920 sumtum
1931 2899 1965 2919 est
1981 2903 2008 2919 ex

1160 2941 1288 2964 Commentt
1302 2941 1434 2967 Hieronymi
1448 2940 1475 2961 att
1490 2940 1564 2961 fllatth.
1579 2939 1600 2966 ὅ,
1619 2938 1654 2960 34.

1224 2979 1232 2994 ⁴
1250 2979 1294 3003 Csr.
1305 2980 1360 3002 Gen.
1372 2979 1411 3007 42,
1426 2980 1458 3001 15.
1474 2979 1506 3001 16.
1516 2991 1545 2994 κ
1556 2979 1584 2999 lix
1595 2977 1694 2999 Gratiam.
1703 2976 1726 2999 C.
1738 2977 1813 2998 Movet
1822 2982 1841 2998 e,
1852 2977 1888 2998 22.
1899 2982 1921 3004 q.
1932 2975 2006 3007 ’1.3-2.
