2166 3366
109 688 150 707 Non
169 688 236 711 proba-

155 714 191 730 tur.

109 969 234 992 Distingnitur

108 993 178 1016 lignum
196 998 236 1011 eru-

109 1017 135 1035 cis
152 1016 175 1034 ab
194 1016 237 1034 allis

108 1039 203 1058 crucibus.

122 1389 235 1408 Notandum.

108 1718 172 1736 Honor
187 1716 238 1735 exhi-

109 1742 164 1768 betur
177 1740 238 1764 dupli-

109 1767 162 1783 eiter.

109 1862 207 1881 Conclusio
220 1862 237 1880 1.

110 2006 209 2025 Conclusio
219 2005 238 2023 2.

110 2286 210 2306 Conclusio
222 2286 239 2304 3.

247 186 302 214 208

246 263 298 291 nisi
320 262 427 291 ratione
449 260 599 297 imaginati.
623 260 654 287 Et
675 259 737 287 ideo
759 258 909 292 dixerunt,
924 257 1000 294 quod
1015 257 1091 285 cruci

247 309 348 337 Christi
370 311 411 336 est
432 307 525 335 cultus
541 306 648 334 latriae
662 305 840 333 exhibendus
855 306 882 332 et
896 303 992 332 nullus
1007 303 1092 337 alius,

247 364 297 385 nec
319 355 417 383 duliae
438 362 488 382 nec
510 352 709 390 liyperdult'ae.
732 352 798 380 Rem
814 351 886 380 enim
902 350 1093 379 insensibilem

247 402 365 431 stultum
396 403 438 429 est
470 400 620 433 honorare,
643 407 706 427 cum
730 406 780 434 pro
803 397 970 426 indifferenti
993 397 1094 425 haheat

246 449 381 477 honorem
404 449 430 475 et
451 446 632 483 vituperium.
656 445 686 473 Et
708 445 759 473 hoc
782 444 910 472 nituntur
925 443 1094 472 confirmare

247 502 297 532 per
308 494 521 527 Damascenum,
533 493 560 520 in
573 492 694 528 capitulo
709 491 743 519 de
756 491 867 519 sanctis
879 490 1066 527 Imagyz'm'bus
1076 490 1094 524 ¹,

248 541 296 570 ubi
318 541 403 575 dicit,
418 540 493 577 quod
509 548 564 568 non
586 547 699 568 crucem
720 539 887 573 adoramus,
909 537 958 566 sed
981 541 1095 574 typum,

248 588 276 616 id
298 591 340 616 est
361 587 564 624 figurationem.
588 586 618 614 Et
639 586 678 614 sic
699 593 752 613 ΠοΠ
775 585 903 618 videtur,
925 584 1000 621 quod
1022 592 1095 612 crux

249 635 397 668 adoretur,
419 633 447 661 in
469 636 605 670 quantum
627 636 670 661 est
690 640 737 660 res
758 631 868 668 aliqua,
890 631 937 659 sed
960 631 988 658 in
1010 638 1096 667 quan-

249 684 308 710 tum
331 683 373 709 θεῖ
393 680 520 717 siphum.
542 696 580 699 —
601 680 801 708 Verumtamen
834 678 854 706 si
885 677 1095 715 consideremus

249 728 336 757 verba
366 727 529 755 Damasceni
562 726 589 754 in
612 725 734 763 capitulo
756 726 789 753 de
812 725 941 758 Cruce²‚
964 724 1094 759 videtur,

250 775 324 812 quod
355 782 410 803 non
438 773 615 803 solummodo
646 773 723 801 cruci
745 771 863 806 Christi,
884 774 968 809 prout
989 773 1031 799 est
1057 770 1094 798 si-

247 830 355 859 9mmz,
390 820 448 849 sive
477 821 503 848 in
526 823 663 856 quantum
685 822 771 856 typus
792 821 849 852 est,
871 818 920 846 sed
942 818 1025 846 etiam
1056 825 1097 845 ra-

250 869 323 897 tione
355 867 496 896 materiae
517 866 678 895 exhibenda
699 866 734 893 sit
754 865 926 899 reverentia,
949 865 1015 901 quia
1042 872 1096 892 non

251 915 342 945 solum
364 918 406 943 est
426 913 588 943 veneranda
612 912 731 950 fiyztra,
761 912 809 941 sed
831 912 914 940 etiam
935 920 1039 940 verum
1068 911 1097 939 lz'-

249 970 342 1000 ppum
363 961 469 995 crucis,
491 961 518 988 in
534 968 590 997 quo
605 960 740 988 Dominus
756 959 894 996 pependit.
910 959 939 987 In
954 959 1016 987 aliis
1032 966 1097 987 vero

250 1009 383 1037 crucibus
404 1007 563 1036 veneranda
584 1010 626 1035 est
647 1006 736 1034 solum
759 1005 875 1043 pyum,
890 1013 945 1034 non
961 1004 1096 1033 materia.

249 1056 291 1083 Ait
312 1055 384 1084 enim
414 1054 470 1083 sic:
508 1065 521 1080 «
535 1054 629 1090 Ipsum
661 1053 775 1090 quidem
808 1052 960 1089 pretiosum
989 1052 1097 1088 lignum

250 1102 342 1131 crucis
363 1100 539 1134 venerabile,
559 1100 585 1128 in
609 1108 665 1136 quo
687 1107 715 1128 se
736 1099 829 1136 ipsum
851 1107 903 1136 pro
924 1098 1003 1127 nobis
1023 1098 1099 1126 Chri-

251 1152 311 1178 stus
331 1148 446 1182 obtulit,
468 1152 499 1176 ut
521 1146 723 1175 sanctificatum
747 1149 821 1174 tactu
844 1147 969 1183 corporis
990 1149 1017 1174 et
1039 1153 1098 1174 san-

251 1195 342 1232 guinis
370 1195 500 1223 decenter
521 1196 562 1222 est
583 1193 758 1221 adorandum
774 1203 800 1220 n.
825 1193 854 1221 Et
872 1196 951 1229 post:
973 1203 986 1218 «
1001 1192 1026 1220 Si
1052 1200 1099 1220 au-

250 1246 305 1271 tem
328 1250 364 1271 ex
385 1242 440 1270 alia
471 1241 588 1269 materia
609 1241 680 1269 facta
701 1243 757 1274 est7
781 1248 833 1268 non
855 1240 1013 1268 iizaterz'ctm
1036 1240 1099 1268 ado-

250 1297 365 1323 ramus,
387 1288 458 1317 absit
470 1299 477 1322 ς
499 1288 547 1316 sed
570 1291 679 1325 typam.
702 1287 779 1315 Unde
800 1289 827 1315 et
842 1287 863 1315 si
879 1295 982 1315 aurum
998 1290 1024 1315 et
1040 1294 1099 1323 pre-

250 1336 324 1367 tiosi,
342 1335 447 1372 lapides
478 1335 596 1368 snei-int,
619 1336 680 1370 post
712 1333 774 1371 27in
804 1333 1015 1362 dissolutionem
1044 1341 1098 1361 ΠοΠ

250 1386 315 1412 εΠΠῖ
337 1382 479 1411 adoranda
494 1392 520 1409 ».
545 1381 583 1409 lix
606 1389 661 1417 quo
677 1380 832 1416 colligitur,
848 1380 923 1417 quod
938 1380 1032 1417 aliqua
1046 1380 1098 1416 ipsi

250 1430 326 1459 cruci
349 1430 383 1458 sit
404 1429 561 1458 reverentia
593 1427 769 1461 exhibenda,
799 1430 915 1464 excepta
937 1427 1099 1456 adoratione

250 1477 366 1506 latriae.
390 1477 419 1505 lit
441 1476 526 1504 huius
558 1475 669 1512 signum
692 1478 749 1508 est,
771 1474 837 1511 quia
860 1474 979 1502 Ecclesia
1001 1475 1099 1503 solem-

250 1525 324 1554 nizat
339 1524 366 1552 in
381 1524 472 1552 crucis
487 1523 645 1551 inventione
667 1525 694 1550 et
715 1521 883 1550 exaltatione
896 1521 905 1536 ³
927 1522 998 1550 sicut
1021 1522 1047 1549 in
1063 1521 1099 1550 fe-

252 1571 421 1601 stivitatibus
437 1570 611 1598 Sz‘inctorum.
635 1569 665 1597 Et
688 1569 749 1597 ideo
768 1571 868 1597 neuter
889 1568 1099 1605 praedictorum

252 1619 400 1647 modorum
423 1617 534 1645 videtur
555 1616 668 1644 omnino
691 1615 840 1644 sufficiens.

330 1664 494 1702 Ρῖορῖθῖθῖ]4
510 1663 723 1700 intelligendum
739 1666 789 1697 est,
804 1663 879 1699 quod
895 1662 999 1699 duplici
1016 1663 1100 1691 modo

251 1712 402 1742 exhibetur
424 1711 507 1740 alicui
530 1711 637 1739 honor:
660 1710 810 1746 aliquando
833 1710 858 1737 in
875 1709 1044 1747 obsequium
1058 1718 1101 1738 re-

250 1759 412 1793 verentiae,
435 1762 462 1787 et
482 1758 533 1787 iste
555 1761 596 1786 est
617 1757 706 1785 honor
721 1756 934 1790 venerationi&
949 1756 1100 1793 aliquando

251 1807 279 1835 in
301 1805 498 1834 testimonium
518 1804 637 1832 virtutis
666 1806 693 1832 et
719 1802 901 1840 [cumulatum
924 1803 1101 1840 complacen-

253 1854 326 1888 tiae,
348 1857 376 1882 et
397 1853 448 1881 iste
469 1855 511 1881 est
531 1852 621 1880 honor
643 1851 837 1879 adorationis.
860 1851 981 1888 Uterque
1004 1854 1099 1880 autem

251 1902 340 1930 honor
353 1900 362 1913 ⁵
384 1900 501 1928 istorum
524 1899 641 1927 offertur
656 1898 708 1934 ipsi
723 1898 808 1926 cruci.
824 1898 891 1926 Nam
907 1906 1019 1926 crucem
1034 1898 1102 1926 ado-

251 1955 357 1975 ramus
378 1950 405 1975 et
436 1953 548 1974 crucem
577 1952 776 1977 venercixiiiztr;
798 1944 847 1972 sed
869 1944 896 1972 in
919 1944 971 1973 hoc
993 1947 1034 1973 est
1052 1944 1102 1972 dif-

251 1993 384 2028 ferentia,
415 1993 489 2030 quod
523 1992 612 2020 honor
646 1991 839 2019 venei-ationis
868 1991 1020 2019 exhibetur
1049 1991 1099 2028 ipsi

252 2041 328 2070 cruci
350 2043 482 2077 tanquam
506 2040 693 2067 instrumento
715 2043 826 2067 nostrae
848 2039 956 2067 salutis.
977 2038 1053 2067 Unde
1068 2039 1101 2067 si—

252 2092 299 2117 cut
319 2088 488 2117 exhibemus
509 2086 695 2115 reverentiam
719 2086 920 2119 Sacramentis,
935 2086 1001 2123 quia
1016 2089 1057 2114 est
1074 2086 1099 2114 in

252 2136 292 2165 eis
313 2135 407 2172 aliquo
428 2134 511 2162 inodo
533 2136 645 2162 nostrae
667 2132 765 2161 salutis
780 2133 928 2161 causaliias
940 2144 947 2167 3
970 2133 1008 2161 sic
1023 2133 1100 2162 cruci

252 2182 353 2211 Christi
375 2185 402 2210 et
423 2181 509 2210 clavis
530 2181 590 2209 eius
612 2180 706 2217 aliqua
727 2179 884 2208 reverentia
905 2183 947 2208 est
968 2179 1101 2208 exhiben-

253 2229 306 2261 da;
329 2232 356 2257 et
377 2231 507 2265 respectu
529 2227 610 2256 istius
632 2227 745 2255 honoris
768 2226 851 2255 habet
872 2234 944 2254 crux
966 2226 993 2254 in
1010 2234 1039 2255 se
1054 2226 1101 2254 ali-

254 2276 338 2314 quid,
359 2279 473 2313 propter
495 2274 571 2312 quod
593 2274 675 2303 debet
690 2273 830 2301 honorari.
846 2289 884 2293 —
900 2273 989 2301 Honor
1005 2276 1100 2302 auten]

255 2322 441 2352 adorationis
472 2322 588 2350 offertur
610 2321 662 2358 ipsi
684 2320 760 2349 cruci
783 2320 884 2348 Christi
906 2320 1013 2349 ratione
1036 2320 1101 2348 Cru-

256 2370 331 2400 cifixi
352 2386 392 2392 ——
412 2377 494 2398 nemo
526 2368 599 2397 enim
628 2367 745 2396 intendit
776 2367 800 2395 ei
832 2367 958 2403 placere,
980 2366 1025 2395 vel
1054 2366 1102 2395 ali-

256 2417 323 2454 quid
345 2417 496 2453 impetrare
524 2415 559 2443 ab
590 2423 641 2449 ea,
663 2414 712 2443 sed
743 2415 768 2443 ei
800 2414 847 2451 qui
880 2414 905 2442 in
937 2421 969 2442 ea
998 2413 1102 2443 affixus

921 179 1173 208 SENTENTIARUM
1194 178 1255 207 LlB.
1277 178 1316 206 111.

1149 256 1213 291 fuit,
1229 259 1256 285 et
1271 256 1309 285 sic
1324 264 1378 284 non
1395 256 1514 284 debetur
1529 255 1554 284 ei
1569 255 1621 284 nisi
1637 256 1763 284 adoratio
1779 255 1892 284 latriae.
1905 273 1944 276 ——
1955 256 1998 285 Sic
2031 262 2126 289 Concussit»

1150 303 1236 340 igitur
1248 303 1258 316 ⁶
1281 304 1356 332 cruci
1379 303 1480 331 Christi
1496 302 1604 339 duplex
1619 302 1709 331 honor
1733 302 1865 337 debetur,
1882 305 1909 331 et
1923 310 1997 331 unus
2011 286 2110 309 ³⁹³²‘³'¹⁵'

1150 350 1263 387 quidem
1286 353 1328 379 est
1350 350 1458 384 latria,
1481 349 1553 378 alius
1575 357 1643 378 vero
1664 358 1719 377 non
1753 349 1836 378 debet
1867 349 1919 378 dici
1948 357 1998 378 nec

1151 397 1243 425 latria
1264 405 1314 426 nec
1336 397 1437 430 (iulia,
1460 397 1526 434 quia
1547 404 1601 425 non
1624 399 1665 425 est
1687 396 1793 433 species
1814 396 1999 431 adorationis,

1151 444 1200 472 sed
1223 444 1314 472 vocari
1336 446 1425 480 potest
1447 443 1536 471 honor
1557 443 1763 471 venerationis.
1787 460 1825 463 —
1846 443 2001 471 Conceden-

1152 491 1221 519 dum
1249 493 1290 519 est
1315 490 1419 527 igitur⁷
1453 490 1529 527 quod
1557 498 1629 519 crux
1658 490 1758 518 Christi
1788 492 1830 518 est
1857 489 2001 518 adoranda

1153 537 1241 565 latria

1235 585 1258 611 l.
1280 584 1318 612 Ad
1341 584 1411 612 illud
1443 592 1509 620 ergo
1540 584 1615 621 quod
1647 583 1792 618 obiicitur,
1825 583 1899 620 quod
1929 592 2001 612 crux

1153 631 1254 660 Christi
1285 634 1326 660 est
1357 639 1429 668 pura
1461 634 1609 665 creatura3
1633 631 1800 665 dicendum,
1825 631 1899 668 quod
1929 639 2000 659 crux

1152 686 1206 705 non
1229 678 1364 706 adoratur
1392 680 1423 705 ut
1450 669 1514 710 reo,
1536 677 1585 705 sed
1607 680 1638 705 ut
1660 677 1780 714 sianum
1802 678 2002 705 rememorati-

1154 733 1238 758 oum,
1261 724 1367 753 ducens
1387 724 1415 752 in
1437 724 1627 758 Crucifixum,
1651 724 1723 753 sicut
1738 727 1765 752 et
1788 724 1880 760 imago
1901 724 2003 761 perdu-

1154 780 1218 800 cens
1240 772 1274 800 ad
1297 771 1489 808 imaginatum.

1233 820 1259 846 Ξ).
1281 818 1411 847 Adillud
1440 818 1515 855 quod
1543 818 1686 853 obiicitur,
1711 818 1786 855 quod
1816 818 1901 847 Mater
1926 819 2130 847 Chri-Notandum-

1154 866 1187 894 sti
1209 866 1273 902 plus
1295 866 1501 902 appropinquat
1526 868 1596 899 etc.;
1628 865 1794 899 dicendum,
1826 865 1898 902 quod
1923 865 2001 894 Matri

1154 912 1255 941 Christi
1271 912 1389 940 debetur
1405 912 1530 950 adoratio
1545 912 1667 948 propria,
1683 920 1748 940 cum
1764 912 1824 948 ipsa
1839 912 1873 940 sit
1888 912 2003 941 rationis

1154 967 1261 995 capax:
1284 959 1359 987 unde
1385 958 1526 995 Virginem
1548 958 1734 995 alloquimur,
1757 966 1821 987 cum
1849 959 2000 988 adoramus

1154 1009 1181 1035 θῖ
1212 1006 1272 1034 eius
1303 1005 1523 1034 benevolentiam
1554 1005 1721 1041 captamus⁷
1744 1008 1771 1033 et
1793 1005 2002 1039 desideramus;

1154 1062 1209 1082 non
1231 1053 1270 1082 sic
1291 1056 1333 1081 est
1354 1053 1388 1081 (le
1410 1060 1501 1081 cruce.
1524 1052 1593 1079 Cum
1615 1052 1687 1080 enim
1710 1052 1878 1086 adoramus,
1893 1052 2003 1089 placere

1155 1100 1325 1129 intendimus
1347 1099 1504 1132 Cructfixn,
1526 1107 1580 1127 non
1603 1099 1663 1127 eius
1686 1099 1772 1135 signo.

1234 1147 1259 1176 3.
1282 1147 1320 1175 Ad
1336 1147 1405 1175 illud
1422 1147 1497 1183 quod
1512 1146 1654 1181 obiicitur,
1675 1146 1747 1183 quod
1772 1146 1880 1175 caelum
1903 1150 1944 1175 est
1966 1154 2004 1175 se-

1156 1195 1243 1229 des⁸⁴³
1266 1197 1293 1223 et
1313 1197 1389 1223 terra
1411 1193 1584 1228 scabellum3
1607 1193 1773 1228 dicendum,
1796 1194 1871 1230 quod
1893 1202 1946 1222 non
1963 1197 2004 1223 est

1155 1241 1260 1275 simile,
1293 1241 1358 1278 quia
1390 1240 1502 1269 eaelum
1524 1244 1549 1269 et
1573 1244 1654 1269 terra
1677 1241 1784 1269 ducunt
1806 1240 1831 1268 in
1854 1241 1943 1269 Deum
1966 1249 2005 1270 εθ-

1155 1288 1279 1317 cundum
1312 1288 1471 1324 generalem
1498 1288 1628 1320 modum,
1650 1296 1706 1324 quo
1727 1292 1856 1317 creatura
1879 1288 1955 1316 ducit
1976 1288 2003 1316 in

1156 1335 1335 1369 Creatorem3
1368 1343 1420 1362 non
1447 1335 1486 1363 sic
1507 1338 1601 1363 autem
1623 1338 1665 1363 est
1686 1335 1720 1363 de
1742 1343 1840 1369 cruce,
1858 1335 1942 1363 immo
1963 1338 2004 1363 est

1156 1383 1296 1420 quoddam
1320 1381 1552 1419 specialissimum
1574 1381 1736 1410 memoriale
1757 1381 1899 1410 Crucifixi.

1235 1430 1261 1457 li.
1283 1429 1322 1457 Ad
1351 1428 1421 1456 illud
1443 1429 1516 1465 quod
1548 1428 1646 1456 ultimo
1668 1428 1813 1461 obiicitur,
1835 1428 1910 1464 quod
1933 1436 2004 1456 crux
2020 1432 2161 1474 guffiforlaus]

1157 1476 1226 1505 nihil
1248 1475 1351 1504 meruit
1372 1479 1399 1503 et
1420 1475 1490 1503 nihil
1511 1475 1613 1507 sentit;
1641 1475 1808 1507 dicendum,
1837 1475 1911 1512 quod
1935 1474 2006 1503 sicut

1157 1523 1264 1560 duplex
1286 1526 1328 1551 est
1350 1522 1434 1555 lctus,
1457 1521 1495 1550 sic
1510 1521 1617 1558 duplex
1634 1524 1676 1550 est
1690 1520 1790 1549 lzonor.
1807 1521 1915 1558 Aliquid
1931 1521 2003 1550 enim

1157 1569 1301 1597 laudatur
1324 1571 1438 1605 propter
1460 1567 1658 1596 excellentiam.
1679 1576 1753 1595 suae
1767 1571 1913 1601 naturae,
1935 1567 2007 1596 sicut

1156 1624 1202 1644 res
1224 1615 1322 1652 pulcra
1343 1618 1370 1643 et
1393 1615 1464 1643 bona
1479 1622 1528 1651 per
1545 1615 1688 1651 propriam
1711 1617 1840 1642 naturam
1853 1614 1870 1641 ⁹.
1898 1613 2005 1650 Aliquid

1158 1663 1291 1691 laudatur
1312 1665 1426 1699 propter
1447 1662 1567 1690 virtutis
1588 1662 1789 1690 strenuitatem
1799 1672 1809 1695 ,·
1824 1664 1850 1690 et
1865 1661 1934 1690 haec
1949 1661 2007 1698 qui-

1157 1710 1220 1738 dem
1244 1709 1304 1738 laus
1326 1709 1439 1746 respicit
1462 1709 1574 1743 merita,
1595 1709 1686 1745 prima
1708 1716 1774 1737 vero
1796 1708 1964 1737 non—Sic
1979 1711 2006 1737 et
2019 1713 2145 1755 anestioliri-

1157 1758 1263 1794 duplex
1284 1760 1325 1786 est
1340 1756 1441 1785 honor.
1457 1756 1575 1792 Quidam
1592 1756 1743 1784 exhibetur
1765 1756 1793 1784 in
1815 1756 2005 1784 testimonium
2019 1742 2084 1779 ¹⁰1¹1rf³⁰⁵
2093 1742 2112 1755 ⁵⁰
2121 1742 2146 1755 w*

1156 1804 1297 1837 virtutis,-
1318 1806 1344 1832 et
1368 1804 1418 1832 iste
1440 1811 1493 1831 non
1516 1806 1558 1831 est
1586 1802 1765 1831 exhibendus
1791 1803 1868 1831 cruci
1890 1803 1943 1831 Πίεἰ
1965 1811 2008 1831 ra-

1157 1852 1230 1880 tione
1251 1850 1401 1885 Crucssixi,
1425 1850 1506 1878 cuius
1527 1849 1642 1886 quidem
1664 1849 1755 1878 virtus
1776 1853 1804 1878 et
1825 1849 2006 1886 intelligentia

1138 1902 1184 1927 ·et
1206 1898 1371 1927 excellentia
1392 1900 1433 1926 est
1455 1904 1540 1933 super
1562 1896 1663 1924 omnia.
1679 1896 1755 1925 Alius
1776 1900 1818 1925 est
1840 1896 1943 1931 honor,
1958 1897 2005 1934 qui

1157 1945 1309 1974 exhibetur
1330 1945 1357 1972 in
1379 1944 1490 1981 signum
1513 1943 1631 1972 alicuius
1654 1942 1814 1971 nobilitati-9
1829 1947 1855 1971 et
1871 1944 2008 1972 excellen-

1158 1992 1230 2024 tiae;
1252 1996 1278 2020 et
1301 1992 1352 2019 hoc
1374 1991 1457 2019 modo
1477 1990 1569 2018 honor
1591 1998 1644 2018 non
1667 1990 1754 2027 exigit
1775 1990 1875 2019 merita
1896 1998 1946 2019 nec
1968 1999 2008 2019 re-

1157 2039 1243 2076 quirit
1266 2038 1398 2066 virtutem
1422 2038 1447 2065 in
1471 2038 1622 2069 honorato,
1652 2037 1696 2065 vel
1727 2038 1930 2074 cognitionem,
1958 2038 2006 2067 sed

1157 2086 1280 2122 aliquam
1302 2085 1437 2113 rationem
1460 2084 1617 2121 dignitatis„
1643 2084 1678 2112 oh
1710 2092 1793 2121 quam
1828 2084 1927 2113 debeat
1955 2084 2007 2113 sibi

1159 2132 1314 2161 reverentia
1329 2131 1456 2160 exhiberi
1471 2142 1477 2164 ;
1492 2134 1519 2159 θῖ
1535 2131 1586 2159 hoc
1602 2131 1685 2159 modo
1700 2131 1822 2167 quadam
1835 2131 1978 2159 nobilitate
1989 2131 2007 2145 ¹⁰

1157 2179 1232 2208 Deus
1253 2179 1359 2216 lignum
1382 2178 1473 2207 erucis
1496 2178 1665 2211 nobilitavit,
1688 2177 1756 2206 dum
1773 2177 1798 2205 in
1819 2185 1851 2206 ea
1876 2177 2007 2214 pependit

1157 2229 1184 2254 et
1205 2233 1293 2262 genus
1314 2226 1471 2253 humanum
1494 2225 1631 2253 liberavit.
1656 2225 1685 2252 Et
1707 2224 1770 2253 ideo
1786 2232 1897 2253 crucem
1914 2224 2008 2253 lauda-

1158 2281 1221 2302 mus
1243 2276 1270 2301 et
1292 2280 1460 2301 veneramur
1481 2280 1517 2300 ex
1540 2271 1590 2300 ista
1606 2271 1748 2300 nobilitate
1760 2282 1768 2305 3
1790 2274 1817 2300 et
1838 2271 2007 2307 multiplices

1157 2319 1218 2348 eius
1248 2319 1346 2347 laudes
1379 2319 1507 2347 decantat
1538 2318 1677 2352 Ecclesia3
1699 2322 1726 2347 et
1747 2326 1797 2355 per
1820 2317 2005 2354 praesentiam

1157 2413 1291 2442 beneficia
1312 2416 1339 2442 et
1362 2413 1507 2441 miracula.
1529 2429 1567 2432 -
1584 2412 1614 2440 Et
1636 2413 1674 2441 sic
1695 2416 1791 2450 patent
1812 2412 1928 2440 obiecta.

320 2669 327 2683 ¹
345 2669 405 2691 Libr.
424 2669 458 2690 lV.
477 2669 505 2691 (le
522 2668 576 2690 Fide
593 2668 686 2690 orthod.
704 2674 722 2690 c.
745 2668 783 2690 16:
801 2668 845 2689 Noc
870 2668 997 2695 evangelici
1016 2667 1102 2689 codicis

256 2715 298 2731 nec
315 2709 389 2731 crucis
406 2708 525 2730 materiam
542 2707 678 2734 adoramus,
707 2712 787 2728 verum
813 2706 836 2728 id
854 2706 917 2734 quod
935 2713 976 2734 per
994 2707 1049 2728 haec
1066 2712 1103 2728 ex-

257 2748 363 2776 primitur
380 2744 551 2775 (ἐκτυπὼματι).
569 2746 628 2774 Quid
646 2746 707 2767 enim
725 2746 809 2773 alioqui
831 2745 968 2767 discriminis
991 2748 1025 2767 est
1046 2745 1103 2766 inter

257 2787 317 2808 illam
335 2791 439 2813 crucem,
457 2792 516 2813 quae
534 2785 657 2807 Dominum
675 2790 719 2806 non
736 2785 842 2811 exprimit
854 2788 875 2806 et
887 2784 958 2811 illam,
977 2790 1037 2812 quae
1049 2789 1102 2805 eum

257 2826 428 2853 repraesentat?
447 2824 492 2849 (ed.
511 2824 604 2853 Migne).

319 2864 329 2878 ⁴2
346 2864 406 2885 Libr.
425 2864 461 2885 lV⁴
480 2864 508 2885 de
526 2863 579 2885 Fide
595 2863 685 2885 orthod.
702 2869 720 2885 c.
743 2863 775 2884 ll.
789 2875 818 2878 ——
831 2862 900 2884 Paulo
915 2863 1009 2884 interius
1028 2862 1049 2883 in
1068 2868 1103 2884 se-

258 2903 335 2925 cundo
355 2903 391 2924 illo
409 2903 445 2925 cit.
463 2903 513 2924 loco
530 2902 582 2924 edd.
610 2908 652 2930 pro
675 2907 722 2924 wion
748 2901 874 2924 materiam
895 2901 1027 2924 adoramus
1047 2901 1103 2923 falso
1149 2917 1163 2919 -

258 2942 424 2964 substituerunt
441 2940 490 2963 ideo
508 2941 634 2963 winierium
652 2940 789 2963 adoramus.
817 2940 901 2962 Deinde
919 2940 974 2962 ibid.
993 2943 1044 2967 post
1060 2939 1101 2962 scd

259 2982 340 3010 typum
357 2983 430 3003 textus
447 2980 529 3007 origin.
547 2980 612 3007 plura
630 2979 727 3007 exhibet,
745 2986 804 3008 quae
823 2980 907 3001 Bonav,
926 2980 1015 3001 omittit.

1222 2666 1232 2681 ³
1248 2666 1334 2689 Diebus
1352 2667 1364 2688 3
1383 2667 1432 2688 Maii
1450 2669 1472 2689 ct
1493 2665 1518 2688 14
1537 2666 1598 2693 Sept.

1222 2705 1231 2720 ⁴
1249 2706 1308 2728 Multi
1327 2705 1394 2727 codd.
1413 2705 1553 2732 Praeterea,
1573 2705 1624 2727 cod.
1642 2705 1659 2726 Α
1678 2704 1778 2732 Propter
1796 2703 1846 2726 hoc.

1223 2745 1232 2759 ⁵
1249 2744 1319 2767 Codd.
1340 2744 1380 2766 [Ν
1391 2744 1409 2766 Ο
1427 2744 1458 2766 bb
1470 2743 1597 2766 honorum.
1616 2744 1719 2765 Proxime
1735 2745 1786 2765 ante
1800 2749 1841 2770 pro
1859 2743 1938 2765 autem.
1956 2743 2006 2765 cod.

1160 2784 1176 2805 Z
1194 2782 1263 2805 enim.
1275 2784 1280 2786 ’

1222 2821 1231 2836 ⁶
1250 2822 1279 2843 lta
1297 2822 1368 2844 Codd.
1388 2822 1473 2849 PQZ3
1490 2822 1511 2843 in
1530 2822 1579 2843 aliis
1598 2827 1641 2842 non
1660 2826 1762 2847 congruo
1779 2819 1849 2842 enim.

1222 2861 1232 2875 ⁷
1249 2861 1321 2883 Codd.
1340 2861 1357 2883 M
1370 2861 1387 2882 O
1406 2860 1522 2889 capimus.

1222 2900 1232 2914 ⁸
1249 2900 1305 2922 Edd.
1323 2902 1345 2922 et
1362 2900 1462 2922 nonnulli
1481 2899 1547 2921 codd.
1565 2899 1673 2926 supplent
1690 2897 1740 2921 Dei.

1223 2938 1233 2952 ⁹
1250 2938 1306 2960 Edd.
1326 2939 1361 2960 liic
1379 2940 1484 2965 repetunt
1502 2936 1623 2959 [aimanor.

1224 2977 1243 2992 1⁰
1261 2977 1316 2999 Edd.
1336 2984 1388 2999 cum
1408 2977 1520 2998 nonnullis
1537 2975 1604 2997 codd.
1623 2975 1698 2997 minus
1716 2974 1774 2998 bene
1786 2974 1952 2997 nobilitatione.

2161 1633 2162 1640 ,

2158 1643 2164 1689 ἑ
