2166 3366
144 358 258 377 Notandum.

276 182 327 210 134
953 176 1207 205 SENTENTIARUM
1227 176 1287 204 LlB.
1309 176 1348 203 111.

273 268 372 289 verum
395 262 454 293 est,
475 259 588 295 quando
614 257 707 285 anima
729 259 755 284 et
776 263 841 284 caro
862 263 917 283 non
939 254 1118 291 coniungitur

273 306 398 343 dignori3
420 309 485 334 tunc
507 305 579 333 enim
603 312 657 332 0011
688 303 779 332 501010
810 310 847 331 ex
875 302 968 330 anima
989 304 1016 330 et
1037 308 1120 330 carne

273 353 451 382 constituitur
473 352 532 389 ipsa
552 354 680 384 natura,
704 350 751 379 sed
773 357 810 378 ex
832 349 891 386 ipsa
912 352 1014 377 natura
1036 347 1122 386 hypo-

272 400 363 428 stasis
385 403 411 427 et
428 407 565 436 persona.
586 398 645 425 Non
667 398 706 426 sic
728 399 822 425 autem
851 399 892 424 est
913 395 941 423 111
962 396 1121 432 proposit03

274 447 340 483 qnia
361 446 453 474 anima
474 449 501 474 et
522 453 587 474 caro
608 445 722 473 fuerunt
745 444 796 472 sibi
826 443 943 471 invicem
968 443 1046 471 unita
1068 443 1120 479 ipsi

275 493 381 527 Verbo,
403 500 453 521 nec
476 493 502 520 in
524 492 618 529 aliquo
647 491 757 520 instanti
780 490 833 519 fuit
853 490 947 518 anima
969 489 1031 524 illa,
1054 489 1121 526 quin

275 543 347 569 esset
367 540 445 568 unita
466 539 574 573 Verbo;
596 542 622 567 et
645 539 704 576 ipsa
726 537 883 574 hypostasis
911 540 1024 565 aeterna
1046 532 1122 571 erat,

275 588 301 616 in
324 596 379 625 qua
401 587 604 616 couniebantur
626 594 729 623 corpus
757 589 784 613 et
805 584 911 613 anima:
936 587 963 613 et
984 584 1046 612 ideo
1068 592 1122 612 non

275 635 480 664 constituebant
494 641 660 671 personam,
677 633 722 661 sed
741 632 832 660 solum
854 635 994 660 naturam.
1018 631 1048 659 Et
1060 630 1122 659 ideo

275 690 328 710 non
351 681 494 718 sequitur,
523 680 622 718 quodsi
652 680 698 708 Dei
730 679 814 707 Filius
835 678 969 707 assumsit
1000 677 1122 706 animam

274 728 350 757 carni
373 728 496 758 unitam.
518 727 591 764 quod
614 726 779 754 assumserit
801 732 964 762 personamg
987 724 1053 761 quia
1068 731 1123 751 non

275 775 373 813 prius¹
395 775 450 803 fuit
470 774 521 811 ipsi
545 774 621 802 carni
645 773 737 807 unita,
759 780 844 809 quain
877 774 950 800 esset
982 774 1122 804 assumta,

274 822 413 860 quidquid
434 822 469 850 sit
490 821 524 850 (10
546 820 644 849 ordine
668 819 822 848 secundum
845 822 984 847 naturam.

1023 920 1286 957 SOHOLION.

339 1029 353 1050 1.
373 1029 440 1051 Recte
458 1028 540 1050 dicitur
565 1034 576 1049 a
603 1027 625 1049 S.
652 1027 750 1054 Bonav.,
777 1025 840 1054 quod
863 1025 979 1047 Nestorius
1006 1025 1065 1046 iuxta
1090 1024 1126 1045 1110

274 1069 371 1091 relatum
390 1068 480 1090 tertium
499 1066 639 1094 intelligendi
660 1065 757 1088 modum
784 1065 897 1087 baeresim
923 1070 989 1086 suam
1015 1063 1125 1085 docuerit.

275 1107 330 1129 Nam
359 1106 473 1135 quidquid
496 1112 540 1128 non
565 1106 631 1133 pauci
658 1106 679 1127 in
706 1105 845 1127 contrarium
864 1103 971 1130 dixerint,
990 1106 1077 1124 constat
1099 1108 1126 1123 ex

275 1148 348 1175 ipsius
373 1147 469 1169 Nestorii
486 1146 565 1168 verbis
582 1145 615 1173 (in
634 1151 676 1167 suo
695 1145 716 1166 9.
734 1144 946 1171 anathematismo),
964 1148 1018 1164 eum
1037 1142 1126 1163 disertis

275 1186 354 1209 vorbis
372 1186 539 1208 condemnasse
557 1190 672 1212 errorem,
690 1184 728 1212 qui
747 1190 759 1205 a
778 1187 854 1205 nostro
872 1185 965 1204 auctore
983 1182 1058 1209 primo
1077 1181 1125 1202 loco

275 1229 415 1248 recensetur.
433 1238 464 1241 —
482 1225 556 1247 Multis
573 1224 671 1246 decretis
694 1223 852 1245 ecclesiasticis
869 1228 933 1244 error
950 1221 1046 1243 Nestorii
1064 1220 1127 1242 dam-

276 1268 342 1287 natus
361 1267 407 1291 est,
434 1270 534 1293 quorum
554 1269 625 1285 unum
645 1262 796 1285 transcribere
814 1261 877 1289 libet,
896 1261 981 1283 scilicet
998 1260 1018 1281 2.
1037 1260 1126 1281 anathe-

274 1305 407 1327 matismum
425 1304 446 1326 S.
464 1303 539 1331 Cyrilli
557 1303 631 1330 Alex,
650 1308 660 1323 a
679 1301 779 1324 Concilio
797 1301 911 1328 Epliesino
930 1300 974 1325 (an.
994 1299 1048 1327 131)
1072 1304 1125 1320 eum

275 1344 323 1366 aliis
348 1343 542 1365 anathematismis
568 1341 738 1369 approbatum:
769 1340 813 1361 «Si
840 1340 892 1368 quis
918 1345 961 1360 non
989 1338 1124 1365 confitetur,

275 1383 336 1405 carni
353 1381 484 1405 secandam
501 1380 658 1404 substantiam
681 1379 722 1409 [ita
742 1380 833 1407 antiqua
852 1379 928 1400 vei-sio
953 1378 1029 1399 Latina
1048 1376 1125 1399 reddit

275 1423 359 1444 Graeca
378 1421 449 1444 verba
462 1417 511 1441 καθ’
525 1418 659 1447 ὑπόστασιν]
673 1419 761 1441 unitum
776 1418 813 1439 Dei
828 1418 897 1439 Patris
911 1417 1026 1444 Verbum,
1045 1422 1125 1438 unum-

276 1468 321 1490 que
342 1467 392 1483 esse
416 1460 531 1483 Christum
550 1465 603 1481 eum
622 1459 714 1486 propria
733 1464 813 1484 carne,
831 1456 932 1479 eundem
950 1456 1035 1478 scilicet
1052 1455 1125 1477 Deum

275 1506 295 1525 et
314 1502 443 1527 hominem,
462 1507 482 1522 a.
500 1506 517 1521 s,
531 1508 552 1521 n.

338 1541 361 1562 11,
379 1539 472 1562 Constat
490 1539 559 1566 igitur
576 1537 633 1565 tide,
653 1537 821 1559 distinctionem
839 1536 896 1557 10101·
907 1540 1036 1564 personam
1054 1536 1076 1556 et
1087 1539 1127 1555 ua-

276 1581 357 1603 tia-am
384 1582 431 1601 tum
449 1577 526 1606 quoad
552 1577 628 1599 diviua
656 1579 703 1598 tum
728 1574 805 1603 quoad
831 1574 948 1596 hominem
972 1574 1066 1595 omnino
1089 1572 1127 1594 ad-

276 1618 411 1641 mittendam
423 1623 484 1645 esse,
499 1619 521 1638 ut
534 1616 651 1638 salventur
665 1614 772 1641 dogmata
792 1613 908 1635 Trinitatis
920 1616 942 1634 et
955 1612 1126 1638 incarnationis,

281 1659 342 1687 ’1111111
360 1661 385 1682 ut
402 1657 460 1679 bene
478 1656 616 1678 observatur
634 1655 670 1676 bic
689 1655 709 1675 in
729 1659 792 1680 corp.
817 1653 970 1681 quaestionis,
990 1652 1070 1674 eadem
1090 1658 1126 1673 ne-

277 1699 357 1726 glecta,
371 1697 542 1724 pullulaverunt
554 1696 585 1717 tot
598 1695 717 1719 haereses,
731 1693 788 1714 inter
800 1698 824 1714 50
836 1692 969 1720 oppositae,
983 1697 1041 1720 quac
1054 1690 1127 1712 Eccle-

276 1738 333 1759 siam
346 1743 388 1764 per
400 1736 475 1763 priora
488 1734 577 1756 saecula
593 1731 765 1761 perturbabant.
778 1731 897 1752 Rationem
910 1734 987 1752 autem
999 1735 1126 1759 personae,

276 1777 327 1799 licet
352 1775 480 1798 secuudum
498 1773 627 1800 analogiam
646 1772 675 1794 110
693 1771 769 1793 divina
789 1777 887 1798 persona
905 1774 927 1792 01
944 1771 1045 1792 humana
1065 1769 1127 1791 diea-

277 1819 312 1838 tur
330 1816 380 1842 (cir.
398 1815 412 1836 I.
430 1815 490 1836 Seut.
518 1813 539 1835 d.
565 1812 602 1834 25.
629 1819 648 1834 a.
675 1812 696 1833 2.
715 1818 736 1840 q.
756 1810 800 1839 2.),
819 1812 894 1832 1110100
922 1810 1077 1837 multipliciter
1104 1809 1125 1830 in

278 1858 375 1883 utroque
392 1860 445 1876 casu
464 1853 567 1880 differre,
586 1851 729 1879 exploratum
756 1853 796 1872 est.
815 1849 876 1878 Quid
894 1855 992 1877 persona
1010 1850 1039 1870 sit
1056 1848 1077 1869 10
1095 1847 1127 1870 [Ιί-

277 1894 349 1921 riuis,
378 1893 459 1916 diffuse
485 1894 606 1914 tractatum
624 1894 658 1913 est
676 1891 689 1912 1.
717 1890 777 1911 Sent.
805 1889 825 1911 (14
849 1889 885 1910 23.
904 1894 923 1910 a.
947 1889 969 1915 l,
988 1888 1010 1910 (1.
1030 1887 1066 1909 25.
1085 1893 1127 1915 per

278 1937 347 1956 totam
365 1935 387 1955 et
404 1932 425 1955 d.
444 1931 481 1953 34.
498 1938 520 1960 q.
548 1931 565 1952 1.
584 1931 604 1952 ⁴2.
620 1930 726 1958 Quaestio
743 1932 835 1955 autem,
850 1927 907 1956 quid
924 1928 952 1949 sit
969 1932 1073 1955 persona
1090 1926 1126 1948 vel

277 1972 436 2002 suppositum,
456 1969 613 2000 personalitas
631 1972 652 1991 01
669 1967 819 1991 subsistentia
837 1968 858 1989 in
871 1966 1000 1994 creaturis,
1015 1969 1037 1988 et
1049 1966 1070 1987 in
1084 1966 1127 1996 pri-

278 2013 333 2040 mis,
351 2011 405 2040 quid
432 2012 489 2032 ratio
515 2008 632 2038 suppositi
656 2009 705 2030 sive
730 2013 846 2037 personae
871 2005 1013 2033 superaddat
1033 2010 1127 2027 naturae

277 2050 409 2081 siuyulctri,
437 2050 582 2072 occasionem
609 2047 685 2074 dedit,
713 2050 737 2068 111
762 2046 853 2068 scholae
876 2045 1002 2068 catholicae
1020 2049 1072 2072 post
1090 2044 1124 2066 Ss.

278 2091 393 2112 Tliomam
419 2093 440 2111 et
465 2089 649 2110 Bonaventtuum
677 2086 782 2108 diversas
807 2086 927 2113 opiniones
958 2084 1078 2106 docuerint
1107 2086 1129 2106 01

278 2130 343 2158 quasi
360 2129 453 2150 1111101115
470 2131 492 2150 01
509 2127 632 2149 subtilibus
650 2125 844 2153 disputationibus
855 2124 1006 2146 defenderint.
1025 2124 1053 2145 Ea
1068 2130 1127 2152 quae

278 2169 306 2192 de
325 2169 359 2191 his
384 2168 546 2191 controversiis
572 2167 594 2188 in
612 2167 626 2188 l.
645 2169 706 2187 tomo
733 2165 754 2187 (1.
773 2164 809 2186 25.
835 2172 854 2186 a.
886 2165 902 2186 l.
921 2170 942 2192 q.
965 2164 981 2185 l.
1000 2164 1021 2184 10
1040 2163 1126 2185 scholio

278 2208 380 2230 breviter
398 2207 538 2232 notavimus,
557 2206 593 2227 bie
611 2205 680 2232 paulo
699 2204 826 2226 distinctius
844 2204 958 2231 explicare
976 2203 1046 2224 iuvat.

346 2247 362 2268 l.
382 2244 528 2269 Conveniunt
553 2247 657 2266 auctores
683 2243 798 2269 catholici,
817 2246 979 2270 praeterquam
998 2241 1061 2270 quod
1079 2242 1127 2263 vul-

279 2292 346 2314 gares
372 2285 515 2308 definitiones
539 2284 625 2305 Boethii
651 2286 673 2305 et
699 2282 804 2304 Rieliardi
831 2288 842 2303 a
869 2281 890 2303 S.
918 2281 974 2303 Vict.
993 2280 1126 2307 admittunt,

280 2325 403 2353 praecipue
429 2324 450 2345 in
478 2322 562 2344 tribus:
580 2322 602 2350 a)
621 2322 685 2343 Ratio
711 2327 835 2348 personae,
854 2319 988 2347 dignitatem
1007 2318 1127 2347 quandam

278 2370 334 2392 prae
351 2370 376 2385 se
393 2364 480 2389 serens,
499 2368 543 2383 non
562 2361 670 2383 convenit
687 2361 728 2382 nisi
746 2360 832 2382 naturis
844 2357 1055 2384 intellectualilms,
1074 2363 1127 2386 sup-

276 2403 381 2433 positum
398 2405 474 2424 autem
493 2401 521 2424 de
543 2406 691 2429 quacumque
716 2399 840 2422 substantia
867 2399 1004 2421 subsistente
1031 2397 1126 2425 dicitur,

279 2443 341 2465 unde
358 2442 386 2464 ad
401 2446 532 2470 personam
549 2446 573 2462 se
592 2439 661 2462 habet
678 2441 702 2461 ut
720 2442 845 2466 conceptus
862 2439 968 2465 superior
991 2437 1020 2459 ad
1038 2437 1127 2459 inferio-

279 2488 335 2504 rem.
353 2481 378 2509 h)
396 2480 502 2503 Persona
519 2480 548 2502 ita
571 2479 719 2506 distinguitur
737 2484 749 2499 a
766 2479 856 2499 iiatztra
872 2475 1006 2505 sinqttlarz',
1028 2478 1052 2497 ut
1071 2476 1128 2497 haec

279 2521 365 2543 assumi
384 2521 466 2548 possit,
484 2520 539 2548 quin
558 2522 690 2540 assumatur
713 2518 756 2539 illa.
780 2517 836 2538 Hine
854 2517 1044 2538 communissima
1062 2515 1128 2537 doce<

280 2564 328 2588 tur,
345 2558 538 2589 personalitatem
555 2558 604 2580 sive
630 2557 801 2579 subsistentiam
828 2556 904 2577 (110010
926 2555 1013 2584 aliquid
1031 2554 1128 2577 realiter

280 2598 455 2623 distineatur&
470 2596 602 2626 separatii'e
624 2603 634 2617 a
655 2599 733 2617 natura
760 2595 882 2622 singulari,
909 2595 1025 2622 simulque
1044 2594 1128 2621 impro-

281 2634 347 2660 batur
364 2638 441 2664 opinio
469 2641 608 2664 paucorum,
636 2635 720 2657 50111001
740 2633 839 2656 [iurandi
866 2636 888 2655 01
904 2633 1070 2660 Nominalium,
1089 2633 1128 2661 qui

281 2677 448 2699 distinctionem
466 2676 527 2697 illam
545 2675 573 2697 ad
592 2674 710 2696 diversum
728 2672 826 2696 niodum
844 2671 990 2701 concipiendi
1006 2672 1126 2694 reducunt.

1257 255 1283 282 [1.
1305 254 1344 282 Α11
1368 253 1437 282 illud
1459 254 1533 290 quod
1557 253 1702 288 obiicitur,
1734 253 1809 290 quod
1841 253 1921 282 beata
1942 253 2026 291 Virgo

1177 301 1273 338 genuit
1294 309 1458 338 personani3
1481 300 1647 334 dicendum,
1670 300 1743 336 quod
1768 308 1866 329 verum
1889 303 1945 334 est,
1961 301 2027 337 quia

1178 348 1274 384 genuit
1295 347 1394 376 Filium
1416 347 1480 381 Dei3
1503 347 1551 375 sed
1573 347 1705 383 quoniam
1736 354 1855 384 persona
1877 350 2027 383 generatur

1179 395 1285 423 ratione
1307 397 1438 428 naturae,
1461 397 1488 422 et
1509 393 1617 430 duplex
1645 397 1687 422 est
1718 396 1818 422 natura
1850 394 1876 422 in
1900 394 1947 422 illa
1968 402 2028 430 per-

1179 449 1262 475 sona,
1284 441 1388 470 scilicet
1409 445 1502 470 creata
1524 444 1550 469 et
1571 441 1712 475 increata3
1735 441 1796 469 ideo
1818 441 1924 469 ratione
1940 441 2029 477 dupli-

1180 488 1219 516 cis
1240 491 1357 516 naturae
1387 488 1494 524 duplex
1526 488 1654 516 convenit
1685 487 1709 515 ei
1742 487 1899 523 generatio,
1925 487 2029 516 scilicet

1180 534 1348 571 temporalis
1369 538 1396 563 et
1422 538 1558 562 aeterna:
1583 534 1767 571 temporalis,
1790 535 1816 562 in
1846 542 1901 571 qua
1922 534 2028 562 assimi-

1180 581 1254 609 latur
1280 581 1374 615 Matri;
1407 585 1527 610 aeterna
1559 581 1715 610 secundum
1749 585 1894 615 naturam,
1924 581 1951 609 in
1973 589 2028 618 qua

1180 629 1352 657 assimilatur
1367 629 1440 657 Patri
1456 627 1476 656 ².
1491 628 1555 657 11100
1569 636 1623 656 000
1640 628 1711 665 cogit
1727 628 1797 656 ratio
1818 628 1872 656 illa.
1895 628 2029 664 Quamvis
2041 633 2154 653 Nomadum<

1181 676 1253 705 enim
1277 676 1417 713 generatio
1439 676 1585 704 conveniat
1602 684 1763 712 personae,
1786 675 1914 703 convenit
1938 678 2028 703 tamen

1181 723 1205 751 ei
1227 723 1342 751 ratione
1363 726 1507 755 victimae,-
1527 722 1580 751 hoc
1607 722 1729 750 maxime
1751 730 1851 750 verum
1874 725 1915 750 est
1937 722 1963 749 in
1986 729 2030 758 ge-

1180 769 1323 797 neratione
1345 771 1454 803 oleata,
1477 768 1504 796 10
1526 776 1582 805 qua
1603 772 1644 797 est
1666 776 1719 796 000
1744 771 1851 796 tantum
1873 767 2029 805 personalis

1182 816 1338 850 distinctio,
1360 816 1409 844 sed
1431 815 1568 844 naturalis
1590 815 1784 852 multiplicatio
1797 814 1817 843 ³.

1182 1023 1215 1045 De
1228 1023 1270 1044 hac
1280 1023 1422 1045 distinctione
1434 1023 1529 1051 aliisque
1541 1023 1580 1044 csr.
1594 1022 1607 1044 l.
1621 1023 1682 1045 Sent.
1696 1022 1717 1044 d.
1731 1022 1751 1044 S.
1762 1028 1783 1049 p.
1796 1022 1818 1044 ll.
1831 1028 1852 1050 q.
1867 1022 1887 1050 2,
1900 1025 1922 1044 et
1934 1022 1956 1044 11.
1969 1022 2030 1045 Sent.

1183 1062 1204 1084 d.
1224 1063 1244 1084 3.
1263 1068 1286 1090 p.
1304 1062 1318 1084 1.
1336 1068 1356 1084 a.
1379 1063 1395 1084 l.
1413 1068 1435 1091 q.
1458 1062 1479 1090 l,
1499 1062 1537 1084 ubi
1555 1062 1576 1084 S.
1595 1062 1680 1083 Bonav.
1694 1062 1762 1084 etiam
1781 1061 1858 1090 quoad
1871 1067 1919 1084 esse
1936 1061 2030 1084 actuale

1182 1102 1267 1123 realem
1295 1101 1463 1123 distinctionem
1490 1100 1548 1123 entis
1567 1104 1588 1123 et
1605 1106 1654 1123 esse
1672 1101 1777 1123 insinuat.
1796 1100 1817 1130 c)
1835 1101 1900 1122 Ratio
1915 1106 2031 1130 personae

1183 1141 1218 1162 vel
1236 1140 1351 1169 suppositi
1369 1141 1477 1168 importat
1499 1141 1593 1162 omnino
1617 1139 1767 1169 negationem
1785 1139 2031 1163 contiitwiicabiiitcttis

1183 1180 1228 1207 (vol
1247 1179 1422 1207 dependendae)
1448 1181 1554 1207 respectu
1580 1179 1673 1201 alterius
1695 1179 1849 1207 substantiae,
1867 1180 1896 1201 ita
1914 1181 1939 1201 ut
1955 1180 1977 1201 in
1995 1179 2030 1201 illa

1183 1219 1365 1241 terminationem
1383 1219 1419 1240 vet
1446 1219 1622 1246 completionem
1649 1218 1738 1240 habeat.
1762 1218 1818 1240 Hinc
1836 1218 1917 1240 eadem
1935 1217 2031 1247 positive

1183 1258 1236 1280 dicit
1264 1258 1381 1287 quandam
1409 1258 1586 1285 completionem
1614 1261 1636 1280 et
1663 1258 1787 1279 terminum
1818 1258 1839 1279 in
1868 1264 1953 1285 genere
1978 1257 2030 1280 sub-

1183 1298 1284 1319 stantiae.

1247 1335 1498 1365 2.Di'sfe1·mztautem
1525 1336 1645 1363 opiniones
1670 1336 1692 1357 in
1719 1336 1830 1358 solutione
1857 1336 2031 1364 quaestionum,

1184 1375 1239 1403 quid
1256 1374 1351 1403 proprie
1369 1376 1396 1397 sit
1413 1375 1469 1397 illud
1487 1381 1533 1403 quo
1557 1375 1729 1403 distInguuntur
1747 1375 1837 1397 natm-a
1862 1374 1993 1404 sinqularz's
2010 1378 2032 1398 et

1182 1420 1298 1443 persona,
1316 1414 1373 1444 ([1ιίιί
1390 1415 1445 1436 hacc
1463 1413 1604 1442 superaddat
1622 1415 1664 1442 1111;
1683 1417 1705 1436 et
1722 1415 1871 1442 praesertim,
1895 1418 1972 1437 utrum
1991 1415 2032 1437 ad-

1184 1454 1223 1476 dat
1239 1454 1330 1484 aliquid
1343 1454 1485 1483 positivam,
1506 1458 1527 1476 01
1544 1453 1626 1483 quale,
1646 1460 1674 1475 an
1692 1455 1768 1481 potius
1785 1454 1871 1482 aliquid
1888 1454 2031 1483 aeqan'vum.

1185 1493 1367 1515 Praese-indcium
1386 1500 1396 1515 a
1417 1493 1530 1515 nonnullis
1556 1493 1663 1515 obsoletis
1681 1492 1841 1520 opinionibus,
1861 1496 1959 1521 quatuor
1976 1494 2032 1515 cele-

1184 1532 1238 1555 bres
1255 1533 1378 1555 sententiae
1396 1532 1595 1560 cii-cumseruntur,
1609 1538 1708 1560 quarum
1721 1532 1779 1554 duae
1792 1533 1881 1560 primae
1893 1533 2032 1555 conveniunt

1184 1571 1205 1592 in
1224 1571 1277 1599 hoc,
1296 1571 1360 1599 quod
1377 1571 1433 1593 illud
1449 1570 1625 1598 superadditum
1644 1577 1723 1592 revera
1742 1571 1770 1592 sit
1791 1570 1877 1599 aliquid
1896 1569 2031 1600 positivum.

1247 1610 1330 1632 Prima
1347 1611 1455 1632 sententia
1480 1616 1533 1632 cum
1560 1609 1666 1632 Caietano
1684 1613 1706 1632 et
1724 1610 1827 1637 Philippo
1852 1616 1862 1631 a
1882 1610 1904 1631 S.
1923 1610 2032 1632 Trinitate

1184 1650 1280 1678 aliisque
1305 1656 1331 1672 ex
1349 1650 1427 1672 schola
1445 1650 1467 1671 S.
1487 1649 1590 1671 Ttiomae
1609 1649 1718 1676 affirmat,
1737 1649 1801 1677 quod
1819 1649 1905 1671 dictum
1923 1649 2032 1676 superad-

1185 1689 1258 1711 ditum
1276 1690 1304 1711 sit
1321 1689 1407 1717 aliquid
1428 1688 1556 1718 positivum
1580 1692 1602 1711 et
1628 1689 1733 1711 ultimum
1760 1687 1957 1717 complementum
1981 1687 2034 1711 sub-

1184 1728 1298 1757 stantiae,
1318 1729 1449 1751 distinctum
1468 1735 1479 1750 a
1498 1732 1578 1750 natura
1596 1734 1640 1750 000
1658 1728 1733 1750 solum
1751 1731 1860 1756 tanquam
1878 1727 1963 1750 modus
1980 1733 2034 1750 stre

1184 1767 1332 1798 iitodssicala‚
1352 1768 1393 1790 sed
1412 1771 1519 1797 tanquam
1539 1773 1575 1790 res
1592 1773 1607 1790 a
1624 1773 1656 1790 re.
1674 1768 1716 1789 Alii
1730 1769 1805 1789 tamen
1818 1767 1922 1789 eiusdem
1939 1767 2030 1789 scholae

1184 1809 1274 1836 volant,
1288 1808 1457 1830 distinctionem
1471 1813 1521 1829 esse
1535 1807 1629 1836 quidem
1642 1807 1739 1833 realem,
1752 1806 1793 1828 sed
1805 1805 1924 1829 medalem
1937 1808 2032 1828 tantum.

1247 1846 1357 1870 Secunda
1380 1847 1488 1869 sententia
1512 1852 1566 1868 01101
1588 1846 1686 1874 Suarez,
1712 1845 1777 1873 Lugo
1803 1845 1898 1873 aliisque
1924 1845 2029 1873 plurimis

1184 1888 1255 1913 tenet,
1275 1886 1329 1908 illud
1348 1885 1543 1913 complementum
1561 1891 1611 1907 esse
1634 1884 1720 1913 aliquid
1739 1884 1876 1912 positivum,
1894 1886 1927 1906 ast
1945 1886 2032 1906 tantum

1184 1925 1282 1948 modum
1298 1923 1479 1947 substantialem
1504 1930 1546 1952 per
1571 1930 1595 1946 se
1621 1923 1743 1951 existendi,
1767 1930 1778 1945 a
1797 1930 1821 1945 re
1839 1923 1968 1945 modificata
1986 1922 2033 1945 vir-

1185 1964 1280 1987 tualiter
1298 1965 1429 1987 distinctum
1447 1967 1469 1986 et
1487 1963 1619 1985 naturaliter
1636 1970 1662 1985 ex
1680 1963 1807 1985 substantia
1825 1962 1946 1984 individua
1965 1963 2034 1985 105111-

1186 2008 1281 2031 tantem,
1305 2004 1343 2032 1101
1369 2003 1444 2025 reddit
1469 2004 1543 2031 ipsam
1567 2002 1718 2025 substantiam
1745 2001 1986 2034 incommunicabilem
2012 2004 2034 2024 01

1184 2042 1386 2070 111110111-0111101001.
1404 2042 1489 2064 Dicitur
1507 2044 1583 2063 autem
1608 2041 1692 2063 modus
1717 2039 1896 2069 substantialis,
1917 2043 1941 2062 ut
1958 2040 2034 2063 distin-

1186 2085 1269 2110 guatur
1295 2088 1306 2103 a
1333 2082 1402 2103 modo
1427 2079 1567 2104 accidentali
1592 2080 1703 2102 existendi
1722 2080 1743 2101 10
1761 2079 1878 2108 subiecto,
1897 2083 1918 2102 et
1935 2079 2035 2109 partiali

1185 2120 1294 2143 existendi
1313 2121 1335 2142 iu
1355 2123 1408 2143 toto.

1250 2159 1328 2183 Tertia
1345 2160 1454 2181 sententia
1481 2165 1535 2181 011111
1560 2159 1627 2181 Scoto
1652 2159 1749 2187 eiusque
1766 2158 1844 2180 schola
1863 2158 1939 2185 docet,
1958 2157 2036 2180 subsi-

1184 2201 1288 2222 stentiam
1307 2200 1342 2221 vel
1363 2198 1547 2226 personalitatem
1565 2204 1615 2220 0550
1633 2197 1728 2226 quidem
1746 2198 1848 2219 ultimam
1868 2197 2032 2225 actualitatem,

1185 2240 1359 2261 constitut-ntem
1383 2238 1534 2260 substantiam
1557 2238 1579 2259 in
1597 2243 1646 2260 esse
1663 2238 1757 2259 omnino
1775 2236 1993 2259 incommunicabile
2010 2240 2032 2259 et

1185 2285 1228 2301 non
1247 2278 1374 2300 ordinabile
1400 2278 1428 2300 ad
1450 2278 1582 2299 ulteriorem
1608 2280 1695 2303 actum,
1722 2276 1762 2298 sed
1789 2282 1833 2298 non
1861 2276 1947 2298 addere
1972 2279 2035 2299 natu-

1184 2325 1223 2341 rae
1240 2318 1349 2346 singulari
1363 2318 1404 2339 nisi
1418 2317 1532 2344 duplicem
1546 2316 1691 2343 negationem
1704 2316 1917 2337 communicationis
1934 2316 1961 2337 ui
1972 2320 2031 2344 quo,

1184 2361 1232 2381 tum
1250 2357 1356 2385 actualis,
1375 2360 1422 2379 tum
1436 2355 1603 2384 aptitudinalis;
1617 2355 1666 2381 (cfr.
1685 2355 1780 2382 Seotus,
1799 2355 1831 2376 111.
1850 2355 1911 2376 Seni.
1929 2354 1951 2376 d.
1974 2355 1991 2376 1.
2010 2361 2032 2383 q.

1189 2397 1206 2418 1.
1225 2403 1245 2418 n.
1264 2396 1284 2418 5.
1303 2402 1374 2424 50011.Υ
1400 2395 1423 2417 (1.
1441 2395 1462 2417 5.
1489 2401 1510 2423 q.
1529 2395 1549 2416 2.
1569 2401 1589 2416 n.
1609 2393 1629 2416 4.
1647 2394 1668 2416 5.
1686 2394 1750 2422 (cum
1767 2393 1850 2416 diffuso
1868 2393 2033 2415 commentario

1185 2436 1277 2464 Pontii>;
1296 2435 1378 2463 Quodl.
1398 2435 1436 2461 19;
1461 2434 1473 2456 1.
1498 2435 1558 2456 Seni.
1582 2433 1604 2456 d.
1635 2434 1668 2455 13.
1687 2440 1708 2462 q.
1727 2434 1794 2456 unica
1812 2439 1834 2455 0.
1852 2434 1873 2455 9,
1894 2433 1935 2460 io,
1954 2432 1978 2455 d.
1996 2433 2033 2455 23.

1186 2482 1207 2504 q.
1225 2476 1290 2497 unica
1309 2481 1329 2496 0.
1348 2474 1372 2501 7,
1391 2473 1430 2496 ubi
1448 2473 1538 2500 asserit,
1553 2472 1615 2501 quod
1636 2478 1733 2500 persona
1752 2478 1797 2494 000
1815 2472 1916 2500 aliquam
1934 2472 2034 2499 dignita-

1186 2518 1230 2537 tem
1248 2520 1275 2536 ex
1291 2512 1390 2542 fierali
1406 2511 1555 2542 siynilicuio,
1576 2511 1617 2534 sed
1635 2518 1661 2533 ex
1684 2507 1763 2533 natura
1782 2510 1936 2533 intellrctaali
1952 2516 2034 2532 conno-

1186 2556 1229 2575 tata
1248 2553 1361 2579 importet.
1374 2551 1431 2573 Huic
1442 2551 1566 2573 sententiae
1584 2551 1661 2572 sarent
1677 2551 1745 2571 ctiam
1764 2550 1831 2571 111-01.
1849 2549 1921 2571 Gand.
1940 2548 2032 2577 (Quodl.

1186 2592 1207 2614 5.
1225 2598 1247 2620 q.
1266 2592 1296 2619 8.)
1315 2591 1405 2619 aliique.

1249 2631 1342 2659 Quarta
1359 2637 1415 2652 vcro
1433 2631 1541 2652 sententia
1561 2635 1642 2657 reapse
1659 2635 1670 2650 a
1689 2629 1798 2650 sententia
1817 2628 1876 2650 Scoti
1895 2628 1933 2649 vix
1951 2628 1993 2649 nisi
2011 2627 2033 2648 in

1185 2670 1255 2692 modo
1273 2669 1399 2697 explicandi
1418 2671 1440 2691 et
1465 2668 1579 2697 probandi
1606 2668 1712 2696 discedit,
1739 2673 1791 2689 cum
1820 2667 1912 2694 doceat⁷
1939 2666 2034 2695 quamli—

345 2825 351 2839 ¹
371 2825 457 2853 Supple
476 2831 528 2847 eum
547 2824 614 2847 codd.
632 2824 651 2846 K
663 2824 694 2846 bb
711 2828 733 2846 et
752 2823 800 2846 Vat.
823 2824 933 2852 tempore.
951 2822 996 2845 Csr.
1014 2829 1083 2850 supra
1108 2822 1130 2844 d.

282 2866 302 2888 3.
321 2872 343 2893 p.
362 2866 384 2887 ll.
403 2872 422 2886 a.
441 2865 461 2886 3.
480 2871 502 2893 q.
521 2865 540 2886 2.
558 2876 589 2880 —
615 2864 735 2892 Aliquanto
760 2864 868 2891 superius
893 2869 935 2890 pro
961 2862 985 2885 in
1011 2868 1058 2892 qua
1083 2862 1130 2884 sere

282 2911 362 2927 omnes
380 2904 446 2926 codd,
465 2906 487 2925 01
504 2903 556 2926 edd.
578 2904 601 2931 l,
619 2904 632 2925 2
650 2903 674 2926 in
691 2908 753 2932 quo,
773 2905 795 2924 et
812 2902 910 2924 subinde
933 2908 974 2930 pro
992 2900 1131 2925 munieban-

283 2945 323 2966 tur
337 2944 385 2965 Vat.
399 2941 608 2972 coacqztabrmtar,
624 2942 677 2964 edd.
699 2942 719 2970 t,
739 2943 751 2963 2
771 2940 911 2969 uniebatur,
933 2940 1000 2963 codd.
1019 2940 1061 2968 ΡΩ
1079 2945 1131 2963 con-

283 2981 442 3012 iunyebutur,
462 2981 530 3004 codd.
549 2981 593 3003 111]
612 2980 782 3004 continebatur.

1249 2820 1258 2834 ‘²
1277 2820 1307 2842 De
1326 2820 1411 2848 duplici
1430 2820 1576 2848 generatione
1588 2818 1674 2840 videsis
1690 2818 1745 2839 infra
1764 2818 1795 2838 tit.
1814 2816 1925 2844 Magistri,
1945 2815 1966 2837 d.
1980 2815 2033 2837 Vlll.

1188 2866 1206 2882 0.
1225 2860 1250 2887 2,
1268 2862 1289 2881 01
1306 2859 1434 2881 Commeat.
1452 2865 1471 2880 a.
1491 2859 1512 2880 2.
1530 2864 1552 2887 q.
1574 2858 1591 2879 1.

1250 2898 1259 2913 ³
1276 2898 1320 2921 Cir.
1339 2899 1352 2920 l.
1371 2899 1431 2920 Seni.
1451 2898 1472 2919 d.
1490 2898 1511 2920 9.
1529 2904 1550 2926 q.
1573 2897 1590 2919 1.
1607 2909 1638 2912 -
1651 2896 1718 2918 Paulo
1736 2896 1843 2923 superius
1856 2897 1907 2923 post
1921 2893 2034 2922 Quamvis

1187 2938 1294 2966 permulti
1312 2937 1379 2960 codd.
1398 2940 1418 2959 et
1436 2937 1489 2959 edd.
1512 2937 1534 2964 l,
1553 2937 1566 2958 2
1584 2936 1691 2958 omittunt
1707 2934 1776 2958 enim.
