2166 3366
239 873 244 875 μ
274 881 444 915 increatum,
466 889 522 918 quo
544 881 666 909 Verbum
700 881 840 917 cognoscit
871 889 900 909 se
933 881 1041 917 ipsum;

129 1214 267 1233 Fundamenta.

275 195 332 223 296

274 272 383 300 animae
398 270 499 299 Christi
515 271 628 299 omnino
643 271 814 299 immediate:
828 278 894 307 ergo
906 271 1029 304 videtur.
1046 271 1121 307 quod

275 319 346 348 sicut
367 327 396 347 se
422 319 482 355 ipso
506 318 620 352 unitur,
642 318 680 346 ita
702 326 730 346 se
756 318 816 355 ipso
837 318 944 355 absque
974 318 1065 346 medio
1086 318 1122 346 ab

274 366 366 394 anima
388 366 489 394 Christi
512 368 703 402 cognoscatur.

353 412 378 441 3.
403 412 481 447 item,
503 420 592 449 aeque
614 412 742 440 intimum
765 412 809 440 vel
830 412 920 448 magis
935 415 976 441 est
997 411 1121 440 Verbum

274 460 383 489 unitum
407 460 457 496 ipsi
472 459 596 493 animae,
620 459 692 487 sicut
712 459 804 487 anima
827 459 895 491 sihi,
918 458 961 487 vel
984 458 1055 487 sicut
1076 458 1123 486 ali-

274 506 336 543 quis
351 506 477 539 habitus,
492 506 538 542 qui
559 505 594 534 sit
613 506 639 533 in
655 506 763 539 anima;
786 505 833 534 sed
850 506 941 534 anima
964 505 1066 533 Christi
1082 513 1123 533 co-

274 553 380 589 gnoscit
401 561 430 581 se
452 552 540 590 ipsam
565 560 613 589 per
635 552 677 581 5111
700 553 862 586 essentiam,
884 553 1024 589 cognoscit
1039 551 1121 580 etiam

274 600 400 634 habitus,
415 599 461 637 qui
478 602 543 628 sunt
559 599 585 627 in
604 599 664 636 ipsa
679 607 708 628 se
727 599 807 636 ipsis.
823 608 875 627 non
893 607 943 636 per
965 599 1088 627 medium
1101 598 1123 626 ¹:

273 654 340 683 ergo
363 646 421 683 pari
444 646 550 674 ratione
572 649 599 675 et
620 646 743 675 Verbum
768 646 818 675 sibi
844 646 964 674 unitum.

352 693 379 721 [ι.
402 693 484 727 item,
505 696 605 721 natura
629 693 752 721 humana
774 693 800 721 in
833 693 942 721 Christo
974 693 1052 721 unita
1083 696 1124 721 est

274 740 366 769 Verbo
387 740 413 768 10
436 740 570 768 unitatem
593 748 729 777 personae
744 743 771 768 et
786 740 958 777 hypostasis:
976 748 1042 776 ergo
1058 747 1123 768 cuin

274 787 337 815 talis
358 787 424 815 unio
454 787 536 815 faciat
567 787 849 815 communicationem
882 787 1123 824 proprietatuth

273 834 371 862 eodem
394 834 476 862 modo
491 834 631 870 cognoscit
646 834 773 862 Christus
790 834 873 862 homo
888 834 981 871 ipsum
999 834 1123 863 Verbum

1075 882 1123 910 sed

274 928 395 957 Verbum
419 928 559 965 cognoscit
580 936 609 956 se
631 928 722 964 ipsum
745 936 799 956 non
823 936 871 964 per
893 928 1014 965 aliquem
1049 928 1123 956 habi-

273 978 332 1003 tum
355 975 495 1003 medium:
518 983 584 1012 ergo
605 978 632 1003 et
654 974 782 1003 Christus
804 975 895 1003 homo.
912 975 964 1004 Sed
981 975 1049 1003 nihil
1073 975 1124 1004 scit

273 1022 400 1051 Christus
422 1022 472 1051 nisi
495 1025 631 1059 quantum
654 1022 689 1050 ad
711 1023 832 1050 animam
855 1022 1011 1051 secundum
1027 1023 1124 1051 huma-

273 1077 336 1097 nam
360 1062 512 1098 011101001ἷ
528 1077 594 1105 ergo
616 1069 709 1097 anima
730 1069 831 1097 Christi
854 1070 995 1105 cognoscit
1029 1070 1121 1107 ipsum

273 1116 396 1145 Verbum
419 1124 469 1152 per
491 1116 671 1152 sapientiam,
694 1124 766 1153 quae
788 1120 829 1145 est
851 1116 982 1145 Verbum.

351 1164 403 1192 SED
425 1171 548 1192 CONTRA:
574 1164 597 1191 l.
620 1164 758 1200 Sapientia
773 1164 831 1192 sive
847 1164 965 1201 cognitio
981 1168 1022 1192 est
1037 1164 1123 1201 perfe-

273 1210 326 1239 ctio
348 1200 504 1239 intellectus
525 1215 552 1239 et
574 1210 643 1238 illud
659 1219 714 1247 quo
736 1211 893 1239 intellectus
914 1211 1054 1247 cognoscit
1068 1211 1121 1239 sor-

273 1257 405 1285 maliter³
416 1268 422 1291 ;
444 1257 491 1286 sed
514 1257 639 1286 Verbum
662 1257 816 1286 increatum
839 1266 893 1285 non
925 1262 1016 1294 potest
1048 1259 1121 1286 uniri

272 1303 396 1338 animae,
419 1304 490 1332 sicut
512 1304 643 1340 perfectio
660 1304 838 1340 perfectibili:
855 1312 922 1340 ergo
937 1312 1049 1333 necesse
1065 1308 1121 1339 est,

272 1350 345 1387 quod
370 1354 481 1387 praeter
502 1350 682 1387 sapientiam,
704 1358 775 1387 quae
797 1354 839 1379 est
861 1351 953 1387 ipsum
981 1352 1122 1386 Verbum,

272 1397 365 1425 anima
387 1397 489 1425 Christi
510 1398 612 1425 haheat
633 1397 759 1426 habitum
783 1401 909 1426 creatum
931 1398 990 1427 sive
1011 1399 1045 1427 ad
1080 1407 1122 1427 co-

273 1444 462 1481 gnoscendum
486 1444 627 1478 Verbum,
650 1445 709 1473 sive
730 1445 817 1473 aliud.

353 1493 378 1519 ἱ).
400 1491 484 1525 Item,
506 1491 581 1520 Deus
603 1495 644 1521 est
660 1491 774 1520 intimus
789 1492 863 1520 omni
880 1492 988 1520 animae
1004 1495 1031 1521 et
1046 1500 1122 1529 prae-

273 1538 463 1572 sentissimus,
485 1547 539 1567 non
561 1542 653 1568 tamen
675 1539 709 1567 ab
731 1539 862 1567 omnibus
874 1539 1002 1572 videtur,
1017 1539 1064 1568 sed
1082 1548 1122 1567 so-

273 1585 332 1614 lum
354 1594 370 1613 a.
391 1585 497 1620 Beatis3
520 1586 571 1615 boc
592 1590 685 1615 autem
711 1594 763 1614 non
788 1590 829 1614 est
851 1590 964 1623 propter
978 1586 1122 1615 diversita-

273 1636 327 1661 tem
351 1642 367 1661 a
389 1637 467 1670 parte
489 1633 614 1671 eoffln‘n':
636 1641 703 1670 ergo
734 1637 849 1671 propter
881 1634 1071 1662 diversitatem
1104 1642 1120 1661 a

272 1684 351 1717 parte
373 1681 638 1718 coyizosce·ntz'tti⁷2⁴.
663 1681 733 1717 Ergo
755 1681 775 1709 si
792 1681 845 1709 hoc
860 1684 902 1709 est
933 1689 983 1718 per
1014 1681 1120 1718 aliquid

272 1728 312 1756 eis
333 1728 446 1761 datum,
469 1728 580 1756 videtur
602 1736 684 1765 ergo,
706 1728 780 1765 quod
803 1728 837 1756 ad
855 1728 1010 1765 1100,(100(1
1028 1729 1120 1756 anima

272 1778 419 1811 cognoscat
434 1775 538 1809 Deum,
554 1783 667 1804 necesse
682 1775 733 1809 sit,
748 1775 861 1812 aliquod
880 1775 973 1803 lumen
994 1777 1119 1804 creatum

272 1822 295 1850 ei
319 1822 442 1852 infundi.
465 1822 538 1858 quod
562 1822 597 1850 sit
618 1822 644 1850 in
667 1830 738 1855 una,
760 1825 787 1850 et
808 1830 861 1849 non
895 1822 920 1849 in
952 1822 1020 1850 alia:
1054 1830 1120 1859 ergo

272 1869 399 1902 videtur,
421 1869 496 1906 quod
518 1870 612 1897 aalma
633 1869 734 1897 Christi
767 1869 891 1897 Verbum
924 1869 975 1897 sibi
1008 1869 1118 1897 unitum

271 1920 419 1953 cognoscat
441 1924 490 1953 per
511 1916 630 1945 alicuius
652 1916 736 1944 creati
760 1916 873 1945 luminis
895 1916 1109 1944 adminiculum.

352 1964 377 1992 3.
400 1964 482 1997 Item,
498 1964 627 2000 quamvis
644 1963 766 1992 Verbum
784 1963 938 1992 increatum
955 1963 989 1991 sit
1006 1964 1116 1992 unitum

270 2011 351 2039 oculo
373 2010 474 2039 Christi
496 2015 521 2039 et
544 2010 674 2039 omnibus
696 2010 824 2047 partibus
847 2010 990 2047 corporis.
1012 2018 1066 2038 non
1084 2013 1120 2038 ta-

272 2065 335 2085 men
358 2058 534 2094 cognoscitur
555 2057 590 2085 ab
612 2057 709 2091 oculo,
732 2060 759 2085 et
782 2057 848 2091 hoc,
871 2057 936 2094 quia
958 2065 1010 2085 non
1034 2057 1117 2085 estin

271 2112 303 2132 eo
325 2104 469 2140 dispositio
490 2104 525 2132 ad
556 2104 780 2140 cognoscendum
815 2111 872 2132 rem
906 2103 1117 2140 spiritualem⁵z

270 2158 337 2187 ergo
358 2151 418 2188 pari
442 2151 563 2184 ratione,
585 2153 846 2187 quantumcumque
868 2150 991 2179 Verbum
1016 2150 1119 2179 increa-

270 2200 332 2225 tum
352 2197 467 2226 uniatur
488 2197 597 2225 animae
618 2196 736 2230 Christi,
758 2197 810 2225 nisi
826 2197 919 2225 anima
935 2197 969 2225 sit
984 2197 1118 2234 disposita

951 193 1202 222 SENTENTIARUM
1225 193 1285 221 LlB.
1308 193 1347 221 ttt.

1178 271 1213 299 ad
1237 271 1389 299 videndum
1412 271 1500 300 Deum
1523 280 1573 308 per
1595 272 1706 307 lumen,
1728 273 1803 309 quod
1825 273 1914 310 ipsam
1946 273 2027 302 faciat

1179 317 1358 352 deiformem,
1381 326 1525 355 nunquam
1548 319 1639 355 ipsum
1666 319 1835 348 intuebitur:
1862 328 1928 357 ergo
1954 320 2027 349 vide-

1180 367 1241 398 tur,
1263 365 1338 401 quod
1361 365 1484 394 Verbum
1501 365 1655 394 increatum
1672 370 1818 403 cognoscat
1834 375 1884 404 per
1901 367 2026 396 habitum

1180 412 1316 440 medium.

1259 459 1285 486 h..
1308 458 1389 493 item,
1411 462 1515 496 quanto
1537 460 1611 488 Deus
1632 459 1736 488 clarius
1752 460 1878 495 videtur,
1895 464 1969 489 tanto
1984 470 2028 490 ne-

1180 512 1256 533 cesse
1277 509 1319 533 est
1339 506 1452 534 oculum
1475 514 1535 535 esse
1558 508 1645 544 magis
1667 507 1849 544 dispositum:
1872 509 1920 537 sed
1935 509 2027 537 anima

1180 551 1280 580 Christi
1303 552 1457 581 clarissime
1478 561 1563 590 super
1585 562 1681 582 omues
1702 558 1847 583 creaturas
1869 555 1943 584 videt
1964 556 2029 584 Ver-

1181 598 1247 626 bum
1271 598 1321 626 sibi
1344 600 1468 627 unitum:
1492 607 1558 637 ergo
1580 609 1691 629 necesse
1706 605 1762 635 est,
1779 601 1949 630 intellectum
1966 602 2027 631 eius

1180 653 1241 673 esse
1262 645 1385 674 maxime
1407 646 1573 683 dispositum
1596 648 1631 676 ad
1654 648 1713 676 hoc.
1737 648 1789 676 Sed
1812 657 1865 677 non
1890 652 1977 685 potest
1992 649 2027 678 ad

1182 692 1233 721 hoc
1255 693 1364 730 disponi
1391 694 1440 722 nisi
1475 702 1523 731 per
1554 695 1675 732 aliquem
1709 695 1834 723 habitum
1868 696 2026 724 medium⁶:

1181 747 1247 775 ergo
1269 743 1319 768 etc.

1498 843 1712 864 CONCLUSIO.

1183 927 1330 964 Coyiiitio,
1357 936 1416 965 qua
1442 929 1587 957 mediante
1615 928 1726 958 Clirz'siz'
1753 930 1856 959 animet
1885 931 2030 967 cognoscit

1266 974 1389 1002 Verbum
1404 974 1463 1004 sibi
1476 975 1610 1009 1111111101,
1632 985 1690 1004 iton
1712 980 1752 1004 est
1768 977 1864 1014 ipsum
1890 977 2028 1009 Verbum,

1257 1021 1308 1049 sed
1328 1020 1442 1059 effectus
1470 1022 1554 1050 Verbi
1573 1026 1598 1051 et
1618 1023 1690 1061 quid
1710 1027 1851 1052 creatum.

1260 1115 1435 1144 Respommo:
1458 1117 1497 1145 Ad
1521 1117 1727 1153 praedictorum
1752 1118 1962 1155 intelligentiam
1988 1123 2030 1148 est

1180 1163 1350 1197 notandum,
1373 1163 1533 1200 quodcum
1562 1165 1723 1201 quaeritur,
1756 1169 1851 1194 utrum
1885 1166 2027 1204 00911111ᾈο
2041 1176 2166 1233 0001101111

1180 1218 1235 1246 qua
1257 1211 1346 1237 anima
1371 1210 1470 1238 Christi
1494 1211 1634 1247 cognoscit
1660 1212 1782 1240 Verbum
1816 1212 1867 1241 sibi
1901 1213 2027 1247 unitum,
2042 1200 2133 1218 mensu
2165 1220 2166 1259 1

1180 1257 1214 1284 sit
1236 1256 1326 1293 ipsum
1352 1257 1490 1291 Vetbum
1512 1266 1546 1286 an
1567 1258 1673 1295 aliquid
1696 1263 1839 1293 cteatum3
1855 1260 1877 1288 si
1895 1260 2166 1302 intelliget-Conuiuiat1

1180 1306 1226 1331 tur
1247 1304 1282 1332 de
1303 1304 1458 1341 cognitione
1479 1308 1566 1337 actu,
1588 1305 1694 1341 absque
1716 1306 1802 1334 dubio
1830 1310 1938 1335 certum
1971 1310 2027 1340 est
2161 1305 2166 1337 1,

1180 1350 1253 1387 quod
1277 1354 1318 1379 est
1339 1351 1407 1385 alia,
1429 1352 1496 1388 quia
1525 1352 1592 1381 haec
1613 1352 1704 1389 coepit
1728 1362 1787 1381 esse
1814 1357 1840 1382 et
1872 1358 1912 1382 est
1943 1358 2028 1383 aetus

1180 1397 1288 1426 animae
1310 1400 1337 1426 et
1357 1398 1393 1426 ab
1414 1399 1522 1432 (10111111,
1544 1399 1667 1427 Vetbum
1689 1403 1781 1428 autem
1809 1403 1850 1429 est
1881 1404 2026 1430 aeternum
2165 1409 2166 1441 1

1180 1448 1206 1472 et
1229 1453 1281 1472 non
1303 1448 1344 1473 est
1365 1445 1401 1473 ab
1422 1446 1530 1479 anima,
1553 1446 1600 1474 sed
1617 1454 1633 1474 ’1
1648 1446 1712 1475 Deo.
1727 1464 1766 1467 —
1780 1447 1804 1475 Si
1821 1451 1916 1476 autem
1931 1449 2025 1485 coqnz'-
2038 1443 2166 1480 ongntttoin'

1180 1490 1218 1519 tio
1240 1491 1365 1526 dIthtur
1387 1500 1442 1529 quo
1458 1492 1602 1521 iitctlictnle
1617 1494 1831 1530 cognoscimus⁷
1843 1495 1903 1528 ‚sic
1920 1495 1970 1524 fnit
1990 1495 2028 1524 (11-
2041 1481 2058 1499 ²⁴
2073 1486 2134 1499 ΨΜ

1181 1538 1298 1567 versitas
1319 1539 1503 1575 opinantium.

1257 1585 1376 1622 Quidam
1392 1586 1464 1614 enim
1483 1587 1633 1615 voluerunt
1647 1587 1756 1622 dicere.
1772 1588 1846 1625 qnod
1863 1597 1915 1617 non
1933 1589 2023 1618 solum
2037 1598 2105 1622 Opinio
2119 1598 2136 1616 t.

1179 1632 1206 1660 in
1228 1632 1352 1666 Christo,
1375 1640 1473 1661 verum
1497 1633 1579 1661 etiam
1602 1633 1628 1661 in
1651 1634 1782 1663 omnibus
1803 1635 1864 1664 aliis
1882 1635 2029 1664 1300115311-

1177 1679 1305 1715 pientia,
1320 1687 1375 1716 qua
1391 1683 1562 1716 cognoscunt
1577 1680 1682 1713 Deum,
1698 1685 1739 1709 est
1751 1681 1887 1718 sapientia
1898 1685 2027 1716 aeterna;

1178 1729 1205 1754 et
1228 1726 1269 1755 isti
1292 1726 1374 1754 etiam
1398 1731 1519 1763 ponunt.
1542 1727 1616 1763 quod
1640 1727 1752 1755 dilectio
1775 1728 1838 1762 illa,
1860 1737 1916 1765 qua.
1937 1728 2025 1757 Deum

1177 1773 1297 1810 diligunt
1317 1774 1407 1801 Sancti
1427 1777 1453 1801 et
1470 1773 1558 1807 Beati,
1575 1774 1609 1802 sit
1625 1774 1683 1810 ipse
1699 1775 1821 1811 Spiritus
1836 1779 1958 1804 sanctus.
1975 1776 2026 1804 Pro

1178 1820 1380 1849 inconvenienti
1402 1821 1475 1848 enim
1500 1821 1618 1853 hahent,
1641 1822 1714 1858 quod
1732 1822 1779 1849 illa
1793 1822 1958 1859 sapiencia,
1982 1824 2025 1851 vel

1177 1867 1290 1895 dilectio
1311 1867 1346 1896 sit
1368 1868 1497 1896 accidens
1518 1871 1545 1896 et
1567 1876 1619 1896 000
1643 1869 1813 1903 substantia,
1836 1877 1899 1898 cum
1922 1870 1957 1898 sit
1982 1879 2027 1898 no-

1178 1914 1259 1942 bilior
1280 1915 1381 1942 11010111.
1405 1914 1470 1944 [tem
1494 1923 1544 1952 pro
1566 1915 1769 1944 inconvenienti
1800 1916 1918 1951 habent,
1950 1917 2025 1954 quod

1177 1961 1224 1989 iila
1244 1962 1391 1999 sapientia
1412 1965 1439 1991 et
1460 1962 1573 1990 dilectio
1596 1962 1676 1991 saciat
1704 1963 1827 1991 animam
1860 1972 2025 2000 cognoscere

1176 2012 1202 2036 et
1224 2016 1334 2041 amare,
1357 2012 1383 2037 et
1406 2009 1464 2045 ipsa
1486 2017 1538 2037 non
1562 2013 1710 2045 cognoscat
1731 2013 1758 2038 et
1779 2012 1868 2044 amet,
1890 2018 1953 2038 cum
1981 2018 2025 2038 no-

1177 2055 1258 2083 bilior
1279 2056 1314 2084 sit
1336 2063 1380 2084 res
1401 2064 1569 2092 cognoscens
1592 2064 1644 2084 000
1661 2060 1850 2093 cognoscente.
1868 2057 1919 2085 Pro
1936 2057 2025 2085 incon-

1176 2103 1296 2131 venienti
1319 2103 1400 2131 etiam
1426 2103 1542 2136 habent,
1564 2103 1639 2140 quod
1663 2102 1809 2131 beatitudo
1826 2107 1935 2138 nostra,
1951 2112 2023 2141 quae

1175 2152 1217 2178 est
1240 2150 1341 2178 bonum
1365 2157 1546 2186 supremum.
1569 2150 1700 2178 consistat
1722 2149 1749 2178 10
1772 2150 1970 2179 accidentibus.
1987 2167 2025 2171 --

1176 2197 1228 2225 Sed
1250 2196 1285 2224 ad
1302 2196 1369 2225 haec
1383 2197 1477 2224 omnia
1491 2204 1578 2233 supra
1593 2204 1759 2234 responsum
1775 2200 1815 2225 est
1833 2197 1903 2225 libro
1918 2197 2023 2234 primo,

2041 2203 2152 2227 improbatur

334 2363 340 2377 ¹
360 2362 405 2385 Csr.
422 2363 445 2385 ll.
464 2363 524 2385 Sent.
542 2362 564 2385 d.
583 2363 619 2385 39.
637 2369 657 2385 a.
680 2363 697 2385 l.
715 2369 736 2391 q.

332 2401 342 2415 2
359 2402 415 2424 Edd.
433 2401 580 2424 idiomatum.

331 2441 341 2455 ³
358 2441 416 2463 Vide
434 2442 531 2469 Ariston,
549 2442 572 2463 ΙΙ.
591 2442 619 2464 (le
637 2442 730 2469 Anima,
750 2445 800 2463 text.
820 2441 855 2463 24.
880 2441 909 2468 (c.
928 2442 967 2469 2.).

333 2479 341 2494 ⁴
360 2480 444 2508 Boeth.,
465 2480 490 2502 V.
509 2480 537 2502 de
555 2480 644 2502 Consol.
658 2486 725 2508 prosa
744 2480 768 2502 4:
787 2480 860 2502 Omne
877 2481 937 2502 enim
955 2479 1017 2508 quod
1036 2486 1118 2508 cogno-

270 2520 351 2547 scitur,
379 2525 422 2541 non
448 2519 576 2541 secundum
594 2520 628 2541 sui
647 2520 706 2547 vim,
725 2520 765 2541 sed
783 2519 912 2541 secundum
929 2520 1117 2547 cognoscentium

270 2560 346 2586 potius
364 2559 567 2587 comprehenditur
585 2559 719 2581 facultatem.
742 2571 771 2574 —
790 2559 831 2580 Pro
856 2559 1046 2588 coqizoscenlz'um
1064 2559 1117 2580 cdd.

270 2603 323 2619 cum
348 2598 398 2619 cod.
422 2604 447 2619 cc
464 2596 631 2626 coynoscentis.
650 2597 752 2619 Subinde
778 2603 820 2624 pro
844 2603 887 2626 per
912 2597 1003 2627 aliquid
1029 2597 1079 2619 cod.
1098 2597 1116 2619 U

270 2637 366 2665 propter
382 2635 482 2666 aliquid.

333 2675 342 2689 ⁵
361 2675 445 2702 Boeth.v
465 2675 491 2697 V.
510 2675 538 2697 de
550 2675 640 2697 Consol.
653 2681 720 2703 prosa
739 2674 765 2697 4:
784 2676 894 2703 Superior
905 2675 1117 2703 comprehendendi

270 2714 306 2736 vis
322 2714 467 2741 amplectitur
484 2715 625 2741 inferiorem,
653 2714 745 2736 inferior
770 2720 827 2736 vero
844 2714 873 2736 ad
891 2715 1036 2742 superiorem
1055 2715 1116 2736 nullo

271 2753 340 2775 modo
366 2754 490 2781 consurgit.
516 2753 594 2782 Neque
620 2755 680 2775 enim
706 2758 788 2776 sensus
812 2754 898 2782 aliquid
916 2757 978 2775 extra
996 2755 1116 2776 materiam

270 2793 346 2820 valet,
372 2793 408 2814 vel
434 2793 576 2815 universales
601 2794 690 2820 species
715 2794 848 2821 imaginatio
874 2796 994 2815 contuetur
1019 2796 1060 2815 etc.
1087 2806 1117 2808 —

270 2832 292 2853 S.
311 2832 395 2853 Bonav.
414 2833 435 2853 in
454 2832 544 2860 Quaest.
562 2832 638 2854 adhuc
655 2832 738 2854 inedita
757 2832 785 2854 de
797 2832 911 2859 Sapientia
928 2833 1017 2853 animae
1035 2831 1115 2854 Christi

271 2870 313 2891 hoc
330 2869 390 2892 idem
409 2876 457 2898 arg.
476 2871 508 2892 sic
525 2871 645 2898 proponit:
664 2870 768 2892 Verbum
791 2871 842 2897 Dei,
861 2870 924 2899 quod
942 2875 976 2892 est
993 2870 1115 2898 sapientia,

270 2912 303 2931 est
315 2910 403 2931 unitum
417 2910 494 2937 oculo,
513 2913 535 2932 et
547 2914 621 2932 tamen
635 2910 715 2932 oculus
728 2916 771 2932 non
785 2913 819 2932 ost
830 2911 932 2937 sapiens;
945 2916 1001 2938 ergo
1019 2910 1047 2932 ad
1061 2911 1115 2937 hoc,

270 2947 334 2976 quod
351 2948 424 2969 anima
443 2949 471 2970 sit
488 2949 591 2976 sapiens,
610 2955 654 2970 non
667 2949 749 2971 sufficit
767 2949 786 2970 ei
800 2950 853 2971 unio
871 2950 892 2970 in
912 2950 1041 2976 hypostasi;
1059 2955 1115 2976 ergo

270 2992 363 3008 necesse
381 2991 425 3014 est,
445 2988 507 3015 quod
525 2989 615 3009 uniatur
633 2989 691 3010 sicut
707 2994 849 3015 cognoscens
867 2988 1022 3016 cognoscibili.
1036 2987 1115 3010 Omnis

756 2363 776 2384 2.
795 2363 816 2384 10
835 2368 898 2391 corp.
916 2363 975 2385 circa
994 2362 1070 2384 tinem.

1176 2365 1251 2384 autem
1270 2362 1319 2384 talis
1336 2363 1390 2384 unio
1408 2367 1441 2384 051
1459 2368 1499 2389 per
1517 2362 1715 2390 assimilatione1n;
1729 2362 1771 2384 sed
1790 2363 1865 2384 omnis
1890 2363 2031 2385 assimilatio.

1175 2404 1209 2423 est
1226 2401 1353 2423 secundum
1376 2401 1475 2429 aliquam
1494 2401 1636 2429 qualitatem:
1654 2407 1711 2429 ergo
1729 2408 1821 2423 necesse
1839 2405 1879 2429 cst,
1898 2402 1961 2431 quod
1979 2403 2021 2430 ipsi

1175 2441 1265 2462 animae
1290 2440 1357 2462 detur
1374 2440 1470 2468 qualitas
1487 2440 1611 2467 spiritualis
1628 2443 1714 2467 creata,
1734 2447 1775 2468 per
1801 2447 1870 2469 quam
1888 2441 1917 2463 sit
1939 2441 1968 2463 ad
1986 2447 2021 2463 co-

1175 2478 1446 2506 gnoscendumridoneffl
1465 2480 1523 2501 hanc
1540 2482 1616 2501 autem
1628 2485 1739 2501 vocamus
1752 2480 1887 2507 sapientiam
1907 2484 2019 2502 creatam:

1175 2524 1231 2546 ergo
1247 2520 1289 2540 etc.

1236 2557 1246 2571 '³
1264 2558 1294 2579 De
1312 2564 1358 2586 quo
1375 2558 1396 2579 S.
1416 2558 1500 2579 BonaV.
1519 2558 1540 2579 in
1558 2558 1648 2579 laudata
1662 2558 1753 2586 Quaest.
1766 2558 1848 2580 inedita
1864 2559 1896 2580 sic
1909 2559 2020 2587 loquitur:

1176 2596 1250 2624 Deus⁷
1268 2602 1321 2618 cum
1339 2597 1367 2618 sit
1383 2596 1420 2618 iux
1438 2599 1459 2618 et
1476 2597 1597 2624 sapientia,
1616 2596 1772 2618 diversimode.
1796 2597 1942 2624 cognoscitur
1960 2604 1971 2618 a
1989 2597 2020 2619 di<

1175 2636 1258 2661 versis,
1276 2639 1298 2658 et
1315 2635 1344 2657 ab
1361 2636 1434 2657 anima
1449 2635 1529 2658 Christi
1542 2636 1688 2658 excellentius
1700 2642 1769 2664 quam
1788 2635 1817 2657 ab
1834 2636 1895 2662 aliis;
1914 2640 1952 2658 aut
1963 2642 2019 2664 ergo

1175 2676 1218 2696 hoc
1235 2677 1269 2696 est
1285 2675 1371 2696 rationo
1389 2675 1461 2702 ipsius
1480 2674 1522 2697 Dei
1537 2674 1635 2704 00911111,
1656 2679 1694 2697 ant
1707 2675 1793 2697 ratione
1804 2674 1920 2703 potentiae
1937 2680 2019 2704 009110-

1174 2713 1270 2741 scamis,
1291 2717 1330 2736 ant
1354 2714 1440 2736 ratione
1457 2713 1560 2737 alit-ains
1576 2713 1668 2743 qratiae
1685 2713 1835 2742 disponentis.
1853 2714 1905 2735 *Non
1933 2715 2019 2736 ratione

1174 2754 1246 2780 ipsius
1263 2752 1315 2780 Det,
1336 2760 1388 2775 cum
1407 2755 1456 2781 ipse
1473 2755 1495 2775 111
1513 2760 1537 2775 se
1555 2754 1639 2775 nullam
1663 2754 1745 2775 habeat
1761 2754 1908 2781 varit·taten1;
1928 2760 1969 2775 nec
1986 2760 2019 2775 ra-

1174 2793 1233 2813 tiono
1247 2792 1365 2821 potentiae
1382 2791 1542 2821 coynoscentis
1560 2793 1646 2819 solum⁷
1665 2793 1717 2820 quia
1736 2796 1789 2814 tune
1812 2794 1850 2820 qni
1870 2792 1962 2814 meliora
1982 2793 2018 2814 ha-

1174 2830 1254 2853 berent
1270 2831 1379 2853 naturalia
1403 2832 1553 2858 sapientiores
1578 2834 1599 2853 et
1623 2831 1729 2853 meliores
1746 2835 1831 2857 essent,
1850 2831 1913 2859 quod
1931 2834 1964 2852 est
1981 2831 2019 2853 sai—

1173 2876 1237 2892 sum:
1254 2877 1311 2898 ergo
1329 2871 1372 2892 hoc
1388 2871 1430 2892 erit
1447 2871 1533 2892 ratione
1558 2870 1654 2891 alicuius
1678 2869 1773 2892 habitus
1795 2869 1928 2892 intermedii
1943 2869 2018 2899 dispo-

1172 2908 1264 2936 nentis,·
1280 2909 1321 2931 sed
1339 2910 1388 2931 talis
1405 2909 1496 2931 habitus
1513 2915 1556 2931 non
1575 2912 1608 2931 est
1626 2909 1667 2930 nisi
1679 2909 1788 2936 sapientia
1807 2911 1893 2930 creata:
1907 2915 1962 2936 ergo
1974 2912 2018 2931 eto.

1235 2948 1244 2962 ⁷
1262 2949 1314 2970 Sive
1332 2948 1434 2976 habitus,
1454 2949 1567 2970 mediante
1591 2954 1638 2976 quo
1655 2948 1754 2975 cognitio
1771 2948 1859 2970 elicitur
1876 2954 1887 2969 a
1910 2948 2016 2975 potentia.

1172 2999 1203 3003 —
1220 2988 1269 3009 ilox
1287 2994 1329 3015 pro
1346 2987 1495 3016 opinantium
1512 2988 1563 3010 cod.
1581 2988 1596 3008 Z
1614 2986 1760 3016 opinionum.
