2166 3366
160 1092 245 1110 Axioma,

120 1325 218 1344 Conclusio
231 1325 246 1343 1.

120 1752 249 1770 Consu-matur.

123 2032 221 2050 Conclusio
231 2031 248 2049 ⁹2,

136 2313 208 2339 Salutio
221 2318 252 2336 01»

136 2338 244 2360 pomorum.

138 2452 251 2470 Notandum.

258 214 313 243 308

257 296 403 329 cognoscat
425 300 484 320 rem
506 291 627 328 aliquam
650 291 770 319 videndo
791 291 884 327 ipsum
906 291 1050 325 Verbum,
1076 294 1103 319 et

256 342 319 376 post
340 339 447 368 desinat.
469 339 581 372 videre,
603 338 675 366 sicut
696 338 747 366 suit
769 338 795 366 in
815 340 897 374 raptu
912 337 988 366 Pauli
1002 338 1028 371 ¹;
1045 345 1104 374 pos-

258 386 337 414 sibile
359 388 412 418 651,
429 385 528 419 1616111,
545 387 690 421 postquam
708 384 790 412 desiit
805 384 900 412 videre
915 383 1004 420 ipsam
1019 383 1103 411 Verbi

257 433 421 466 essentiam,
443 432 548 460 habere
567 432 730 460 memoriam
747 431 807 459 eius
822 430 898 467 quod
914 430 982 458 vidit
997 430 1024 458 in
1040 430 1104 458 Ver-

258 480 312 513 bo;
334 480 386 507 1106
407 482 501 507 autem
524 486 577 506 non
598 481 686 511 esset,
710 477 761 505 nisi
784 485 829 505 res
851 477 878 505 in
900 477 992 505 Verbo
1007 484 1104 513 cogno-

258 529 383 555 sceretur
405 525 459 553 alia
481 525 636 561 cognitione
657 532 741 561 quam
763 524 855 561 ipsum
878 523 1000 552 Verbum
1016 533 1021 550 ε
1037 530 1103 559 ergo

258 572 351 600 anima
372 571 472 600 Christi
496 575 522 600 et
543 571 634 599 omnis
656 571 709 599 alia
731 571 839 604 anima,
862 570 883 599 si
899 569 1039 606 cognoscit
1059 576 1103 597 res

258 619 285 647 in
308 619 414 651 Verbo,
437 619 488 647 hoc
510 626 563 646 non
580 621 621 646 est
636 626 685 654 per
700 617 816 645 eandem
836 616 1038 653 cognitionem,
1054 615 1103 644 sed

257 673 308 702 per
328 666 510 702 cognitionem
534 664 617 692 aliam
639 668 666 692 et
686 664 777 692 aliam.

573 765 784 786 CONCLUSIO.

258 854 369 882 Anima
393 852 503 882 Clo-isti
533 852 630 880 codem
652 851 770 885 habita,
793 860 848 889 quo
870 850 1016 888 cognoscit
1042 851 1105 878 Vei*-

339 901 423 934 bam,
446 900 591 937 coquoscit
612 908 659 927 res
689 899 720 927 iu
758 898 863 932 Verbo,
885 898 1020 926 ewistente
1041 896 1104 925 sola

339 947 503 985 differentia
525 947 623 985 quoad
643 949 813 983 respectam.

338 1042 517 1070 Responnno:
542 1041 577 1069 Ad
601 1040 809 1077 praedictorum
831 1038 1040 1075 intelligentiam
1064 1040 1106 1066 est

259 1089 429 1122 notandum,
452 1087 526 1125 quod
543 1087 660 1116 liabitas
681 1086 844 1123 cognitionis
863 1085 1005 1113 numerari
1021 1084 1106 1113 habet

259 1143 345 1172 penes
360 1137 502 1163 rationem
520 1133 735 1171 coynoscemli²⁴
751 1132 886 1169 Quoniam
902 1139 969 1168 ergo
980 1130 1104 1159 Verbum

260 1185 405 1211 aeternum
428 1184 469 1210 est
491 1180 725 1210 sufficientissima
746 1179 825 1208 ratio
847 1178 1037 1216 coyozoseendi
1050 1185 1106 1206 om-

260 1230 306 1257 nia
327 1229 381 1257 alia
402 1237 418 1257 a
436 1237 466 1257 se
488 1245 527 1248 —-
541 1228 616 1265 quod
639 1230 728 1264 patet,
750 1227 816 1264 quia
837 1233 866 1254 se
887 1226 946 1262 ipso
967 1224 1106 1261 cognoscit

259 1275 442 1304 omnia—ad
458 1275 510 1303 hoc
522 1275 540 1309 ³,
556 1274 629 1311 qnod
647 1273 748 1310 aliquis
763 1275 909 1310 cognoscat
930 1280 975 1301 res
996 1272 1023 1300 in
1043 1272 1107 1300 Ver-

261 1320 312 1357 bo,
334 1330 387 1350 non
409 1324 518 1359 oportet
540 1321 567 1349 in
590 1321 649 1357 ipso
671 1328 732 1349 esse
751 1319 899 1357 geminam
921 1318 1105 1355 cognitionem

262 1370 350 1406 ipsius
371 1368 453 1397 Verbi
477 1371 504 1396 et
525 1367 612 1404 ipsius
634 1367 673 1395 rei
696 1367 836 1403 cognitae3
849 1365 1016 1403 geminam,
1032 1364 1106 1398 dico,

261 1419 395 1453 quantum
413 1416 447 1443 ad
464 1414 596 1442 habitum
611 1413 807 1450 cognoscendi,
823 1416 936 1449 propter
952 1412 1016 1445 hoc,
1029 1412 1106 1454 ‚quod

260 1463 367 1491 habens
388 1462 601 1490 deiformitatem
632 1460 751 1497 gloriae,
781 1467 831 1496 per
853 1467 936 1496 quam
967 1459 1107 1495 cognoscit

261 1510 353 1546 ipsum
375 1509 513 1542 Verbum,
536 1508 619 1536 habet
642 1507 715 1536 unde
737 1507 907 1535 assimiletur
929 1506 979 1543 ipsi
1003 1506 1106 1539 Verbo,

261 1556 334 1593 quod
357 1559 399 1584 est
420 1555 542 1592 perfecta
563 1554 641 1583 ratio
664 1553 855 1591 cognoscenda·
875 1553 968 1581 omnia
989 1553 1058 1586 alia,
1081 1555 1107 1580 et

262 1603 314 1637 ita,
336 1602 527 1639 cognoscendo
548 1601 685 1635 Verbum,
709 1600 792 1629 habet
814 1600 956 1634 habitum,
978 1608 1033 1636 quo
1049 1607 1108 1636 pos-

261 1651 296 1679 sit
318 1657 484 1686 cognoscere
505 1649 571 1682 alia,
594 1648 630 1676 ita
652 1648 726 1685 quod
750 1647 862 1675 habitus
885 1647 945 1681 ille,
969 1649 1051 1683 prout
1070 1646 1108 1674 di-

261 1698 333 1727 citur
355 1705 416 1726 esse
437 1696 520 1725 Verbi
543 1699 570 1724 et
589 1695 708 1724 aliorum
725 1703 741 1723 a
757 1694 862 1727 Verbo,
879 1702 932 1722 non
948 1694 1041 1722 differt
1055 1693 1107 1721 nisi

263 1745 322 1774 sola
343 1744 557 1781 comparatione.
580 1758 616 1762 ——
640 1743 689 1771 Per
711 1742 784 1770 idem
806 1741 896 1776 enim,
918 1741 992 1778 quod
1015 1741 1106 1777 ipsum

261 1791 385 1820 Verbum
402 1793 546 1819 aeternum
562 1792 604 1818 est
619 1789 670 1817 tum
686 1792 712 1817 et
727 1788 836 1817 veritas
850 1788 876 1816 in
900 1796 941 1822 se,
957 1790 998 1816 est
1020 1795 1109 1815 exem-

259 1838 329 1875 plar
351 1837 471 1866 aliarum
493 1844 590 1864 rerum
603 1846 610 1870 3
632 1838 659 1864 et
680 1835 755 1870 ideo,
777 1835 824 1872 qui
848 1834 931 1863 habet
952 1834 1026 1862 unde
1048 1842 1109 1862 con-

262 1884 399 1912 formetur
421 1883 472 1919 ipsi
496 1890 622 1910 summae
644 1881 777 1914 veritali,
801 1881 884 1909 habet
905 1881 980 1909 unde
1005 1880 1109 1908 confor-

263 1933 356 1959 metur
387 1929 500 1957 rationi
529 1928 720 1965 cognoscendi
749 1928 850 1955 onmia.
877 1927 1012 1963 Quoniam
1042 1934 1108 1963 ergo

264 1977 387 2006 Verbum
410 1979 556 2004 aeternum
579 1983 628 2011 per
645 1975 716 2003 idem
732 1978 774 2003 est
789 1974 859 2002 ratio
881 1974 1063 2010 cognoscendi
1080 1981 1109 2002 se

263 2027 290 2053 et
311 2024 382 2058 alia,
405 2023 466 2051 ideo
489 2022 565 2057 (lico,
588 2022 662 2059 quod
685 2022 778 2050 anima
806 2021 907 2049 Christi
937 2021 1034 2049 eodem
1064 2021 1109 2048 ha-

263 2071 339 2105 bitu,
362 2078 417 2107 quo
439 2069 577 2106 cognoscit
600 2069 691 2106 ipsum
715 2068 853 2102 Verbum,
869 2068 1008 2104 cognoscit
1022 2075 1067 2096 res
1083 2068 1109 2095 in

263 2117 370 2149 Verbo,
402 2116 539 2145 existente
561 2116 619 2144 sola
640 2115 796 2144 differentia
817 2118 953 2152 quantum
975 2114 1009 2143 ad
1039 2122 1111 2143 com-

263 2164 436 2201 parationem
465 2163 523 2192 sive
555 2166 722 2199 respectum.
744 2179 782 2182 ——
806 2162 1004 2191 Concedendae
1026 2161 1110 2198 igitur

264 2214 329 2240 sunt
350 2210 487 2245 rationes,
509 2218 580 2247 quae
602 2210 654 2237 hoc
676 2209 834 2237 ostendunt.

346 2258 370 2285 1.
392 2257 430 2285 Ad
447 2256 514 2285 illud
532 2256 605 2293 quod
623 2256 713 2292 primo
728 2255 858 2284 obiicitur
879 2255 905 2283 in
922 2255 1110 2289 contrarium,

266 2305 341 2341 quod
362 2311 474 2332 necesse
497 2306 552 2337 est,
576 2302 745 2331 intellectum
769 2301 929 2338 possibilem
944 2302 1058 2330 formari
1074 2301 1107 2330 ad

266 2350 478 2379 similitudinem
510 2350 549 2378 rei
573 2349 727 2378 intellectae
749 2353 819 2383 etc.;
841 2348 1006 2382 dicendum,
1036 2348 1110 2385 quod

266 2405 319 2425 non
342 2400 384 2425 est
405 2397 510 2430 simile,
542 2396 623 2433 quia,
652 2396 780 2433 quamvis
802 2395 877 2423 Deus
898 2395 1003 2423 nullius
1024 2395 1111 2431 possit

266 2452 327 2473 esse
338 2444 428 2472 forma
439 2442 619 2480 perfectiva,
634 2445 724 2479 potest
739 2446 831 2470 tamen
847 2449 907 2470 esse
918 2442 1008 2470 forma
1022 2450 1112 2469 exem-

264 2490 361 2527 plaris
382 2493 409 2519 et
429 2490 508 2518 ratio
529 2489 734 2527 coynosceudi;
748 2489 822 2523 ideo,
840 2489 968 2526 quamvis
982 2497 1036 2517 non
1051 2496 1112 2525 per-

267 2536 342 2565 ficiat
373 2536 530 2565 materiam
562 2544 611 2573 per
640 2544 669 2564 se
691 2535 819 2572 ipsuni⁴¹,
841 2535 933 2564 dando
954 2535 977 2563 ei
1000 2543 1058 2563 esse
1086 2537 1113 2563 et

268 2583 519 2620 complementum,
552 2585 641 2619 potest
662 2585 753 2611 tamen
775 2590 825 2619 per
847 2590 876 2610 se
897 2582 988 2618 ipsum
1012 2581 1113 2610 intelle-

269 2633 347 2657 ctum
367 2630 458 2658 facere
480 2637 646 2666 cognoscere
667 2628 744 2657 aliud
765 2629 963 2666 quodcumque
978 2632 1112 2657 creatum.

270 2677 300 2705 Et
320 2676 348 2704 si
369 2680 400 2704 tu
421 2676 563 2710 obiicias,
586 2676 661 2713 quod
683 2683 796 2704 necesse
817 2678 859 2704 est
880 2675 988 2710 adhuc,
1010 2675 1114 2704 intelle-

333 2805 340 2819 1
359 2806 426 2834 Epist.
440 2806 462 2827 ll.
480 2805 531 2828 Cor.
545 2806 585 2834 Ἰ12,
604 2806 624 2827 2.
641 2812 706 2834 seqq.
719 2817 750 2822 ·—
762 2805 825 2828 Circa
844 2805 912 2827 finem
925 2812 973 2834 arg.
986 2811 1028 2833 pro
1045 2805 1066 2828 si
1077 2811 1112 2828 00-

269 2843 361 2873 91103611
376 2844 428 2866 edd.
446 2843 467 2866 si
483 2845 615 2873 cognoscat.

332 2882 341 2896 ²
358 2882 402 2905 Csr.
420 2883 516 2910 Aristot,
535 2883 570 2904 Vl.
590 2883 659 2905 Ethic.
677 2889 696 2905 c.
715 2883 735 2905 3.
753 2889 818 2911 seqq.

333 2920 342 2935 ³
358 2921 414 2943 cdd,
432 2921 481 2944 ideo
503 2921 535 2944 ad
556 2921 606 2944 hoc.
628 2922 696 2944 Paulo
719 2922 826 2949 superins
849 2928 891 2949 pro
915 2921 1034 2949 Quoniam
1055 2927 1111 2951 erqo

271 2960 338 2982 codd.
356 2960 371 2981 F
381 2961 398 2982 G
408 2961 415 2982 l
424 2961 440 2982 L
450 2961 467 2982 N
477 2961 493 2982 Z
503 2967 528 2983 aa
548 2960 613 2983 Unde
629 2967 693 2990 erqo.

334 2998 343 3013 4
360 2999 407 3020 Non
425 3000 492 3027 pauci
510 2999 576 3021 codd.
595 3006 639 3021 non
657 3002 717 3021 recte
733 3005 757 3022 se
774 2999 857 3028 ipsam.
875 2999 944 3022 Paulo
961 2999 1054 3022 inferius
1069 3005 1111 3027 pro

932 214 1183 243 SENTENTIARUM
1205 214 1264 242 LlB.
1286 214 1325 242 Ill.

1159 295 1235 321 ctum
1258 291 1418 328 possibilem
1439 291 1533 328 aliquo
1556 291 1637 319 modo
1658 291 1789 326 formari,
1810 292 1913 320 adhoc
1927 292 2003 329 quod

1159 339 1265 375 aliquid
1287 338 1422 375 intelligat
1444 339 1470 366 in
1489 341 1553 367 actu
1566 349 1573 372 ;
1588 338 1754 372 dicendum,
1776 338 1850 375 quod
1866 338 1905 367 sic
1919 342 1961 367 est
1976 339 2003 367 in
2017 344 2126 366 Notandum.

1159 385 1309 422 proposito.
1341 385 1487 413 Formatur
1517 385 1588 413 enim
1618 384 1653 413 ab
1675 385 1784 421 atiquo,
1806 385 1855 414 sed
1877 385 1929 413 boc
1950 393 2004 414 non

1159 435 1201 460 est
1222 431 1298 459 aliud
1321 439 1404 468 quam
1428 431 1487 468 ipsa
1509 431 1652 459 influentia
1675 431 1788 460 luminis
1809 432 1932 465 aeterni,
1955 440 2005 468 per

1160 486 1244 514 quam
1266 477 1386 506 efficitur
1407 478 1549 506 deiformis
1580 481 1607 506 et
1636 478 1786 506 conformis
1817 478 1867 514 ipsi
1894 479 2004 513 Verbo,

1160 524 1235 561 quod
1255 528 1297 553 est
1317 524 1396 552 ratio
1418 525 1608 561 6091103660(ἰί
1627 525 1681 553 alia
1693 536 1700 559 ;
1716 528 1743 553 et
1758 525 1820 553 ideo
1842 533 1891 561 per
1913 533 2006 554 conse-

1160 578 1249 607 quens
1270 570 1391 599 efficitur
1413 571 1439 599 in
1461 575 1526 600 actu
1547 575 1676 608 respectu
1697 571 1817 599 aliorum
1839 571 2006 608 cognoscibi-

1161 618 1228 646 lium
1251 626 1266 645 a
1288 618 1394 652 Verbo,
1426 622 1453 646 et
1484 626 1533 655 per
1562 618 1773 647 similitudinem
1802 618 1901 652 Verbi,
1930 618 2005 655 quod

1160 664 1272 701 quidem
1289 664 1413 693 Verbum
1428 668 1470 693 est
1484 665 1638 694 similitudo
1652 665 1791 699 omnium,
1806 664 1926 694 efficitur
1941 673 2006 702 quo-

1161 711 1223 739 dam
1247 711 1329 739 modo
1351 711 1450 740 similis
1464 712 1602 740 omnibus.
1619 712 1682 740 Ideo
1696 720 1750 740 non
1766 715 1890 749 oportet,
1905 712 1927 740 ei
1944 712 2003 740 dari

1160 766 1265 786 novum
1288 758 1413 786 habitum
1436 758 1471 786 ad
1494 758 1725 795 cognoscendum.

1239 806 1265 832 ⁹2.
1288 805 1318 833 Et
1340 812 1390 841 per
1412 805 1464 833 hoc
1486 808 1560 841 patet
1574 805 1717 842 responsio
1732 805 1766 833 ad
1782 812 1914 841 sequens,
1930 804 2005 841 quod

1161 851 1270 885 obiicit,
1292 852 1367 889 quod
1390 859 1502 880 necesse
1522 856 1579 886 est,
1602 860 1769 889 cognoscens
1795 851 1941 880 assimilari
1964 859 2006 880 60-

1161 898 1321 935 gnoscibili3
1343 899 1474 935 quoniam
1497 899 1674 932 assimilatio,
1698 906 1770 936 quae
1791 897 1893 927 sufficit
1914 898 1949 927 ad
1964 906 2005 927 co·
2019 907 2130 927 Notandum.

1161 946 1327 982 gnitionem,
1350 954 1404 974 non
1426 949 1532 974 tantum
1556 949 1597 974 est
1619 953 1668 982 per
1687 945 1807 982 speciem
1822 948 1970 982 acceptam
1986 953 2005 974 a

1161 1001 1193 1021 re
1203 992 1223 1026 ⁵,
1245 993 1289 1021 vel
1305 993 1386 1021 etiam
1404 1001 1453 1029 per
1475 993 1595 1029 speciem
1619 992 1846 1029 appropriatam
1868 992 1926 1029 ipsi
1945 992 2005 1026 rei,

1162 1047 1261 1068 verum
1284 1039 1367 1068 etiam
1388 1048 1439 1076 per
1460 1039 1703 1068 assimilationem
1724 1039 1760 1068 ad
1784 1039 1854 1067 illud
1876 1039 1951 1076 quod
1966 1041 2007 1068 est

1161 1086 1240 1114 ratio
1261 1086 1451 1123 cognoscendi
1471 1090 1570 1115 cetera.

1242 1132 1267 1161 3.
1290 1133 1328 1161 Ad
1351 1133 1420 1161 illud
1450 1133 1525 1170 quod
1547 1133 1691 1166 obiicitur,
1713 1133 1787 1169 quod
1810 1133 1831 1162 si
1853 1133 2006 1170 aspicerem

1162 1180 1198 1208 ad
1220 1188 1296 1214 rem,
1317 1183 1535 1216 aggeneraretur
1558 1180 1584 1208 in
1608 1188 1652 1209 me
1673 1180 1827 1209 similitudo
1848 1180 1905 1214 rei,
1926 1183 1953 1209 et
1974 1180 2007 1209 si-

1164 1226 1280 1260 militer,
1303 1227 1324 1254 si
1347 1226 1381 1255 ad
1404 1227 1565 1263 speculum,
1587 1230 1805 1263 aggeneraretur
1826 1226 1853 1254 in
1875 1234 1919 1254 me
1935 1226 2008 1254 simi-

1163 1273 1251 1301 litudo
1273 1273 1377 1310 speculi
1404 1277 1431 1302 et
1453 1273 1540 1310 ipsius
1561 1273 1621 1307 rei,
1642 1273 1808 1307 dicendum,
1830 1273 1905 1310 quod
1934 1273 1956 1301 si
1978 1273 2004 1301 in
2019 1280 2092 1307 Diuum
2103 1286 2134 1299 no-

1163 1320 1276 1356 speculo
1298 1328 1351 1348 non
1373 1320 1498 1348 differret
1530 1320 1682 1349 similitudo
1714 1320 1753 1349 rei
1779 1320 1815 1349 ab
1837 1320 1897 1357 ipsa
1917 1320 2007 1349 forma
2020 1304 2084 1323 'me'

1164 1366 1285 1402 speculi,
1314 1375 1368 1394 000
1400 1370 1555 1403 oporteret,
1577 1367 1650 1403 quod
1675 1367 1701 1395 in
1724 1375 1767 1396 me
1789 1370 2007 1404 aggeneraretur

1163 1413 1217 1441 alia
1239 1413 1392 1441 similitudo
1414 1413 1595 1449 cognoscendi
1613 1417 1740 1450 respectu
1757 1414 1844 1450 ipsius
1859 1413 1964 1450 speculi
1981 1417 2007 1442 61

1164 1463 1293 1496 respectu
1316 1459 1403 1496 ipsius
1426 1459 1638 1488 16116111660115
1660 1459 1686 1487 in
1708 1460 1841 1496 speculo,
1862 1463 1889 1488 et
1911 1460 1949 1488 sic
1971 1461 2009 1488 in-

1164 1507 1345 1543 telligendum
1366 1509 1407 1535 est
1429 1506 1455 1534 in
1478 1507 1633 1543 proposito,
1655 1507 1786 1543 qnoniam
1809 1507 1874 1535 idea
1896 1507 1922 1535 in
1951 1507 2008 1536 Deo

1163 1553 1232 1582 nihil
1249 1554 1325 1582 aliud
1345 1556 1387 1581 est
1401 1561 1484 1590 qnam
1501 1553 1560 1589 ipsa
1575 1553 1678 1582 veritas
1693 1557 1820 1588 aeterna,
1836 1554 1907 1582 516111
1921 1556 2009 1583 osten-

1164 1608 1226 1629 sum
1250 1601 1301 1628 fuit
1324 1600 1350 1628 in
1374 1600 1463 1636 primo
1486 1600 1557 1628 libro
1567 1600 1585 1627 ⁶.

1242 1647 1268 1675 [ι.
1291 1647 1329 1675 Ad
1352 1646 1420 1674 illud
1453 1647 1527 1683 quod
1558 1647 1705 1680 obiicitur,
1734 1647 1808 1684 quod
1837 1647 2009 1684 impossibile

1164 1697 1220 1728 est,
1243 1701 1287 1721 me
1310 1693 1398 1722 lucem
1428 1701 1595 1730 cognoscere
1623 1697 1780 1728 aeternam,
1802 1694 1868 1731 quin
1891 1694 1955 1722 fiam
1984 1694 2008 1723 ei

1164 1740 1314 1769 conformis
1335 1748 1384 1777 per
1407 1739 1577 1768 influentiam
1601 1740 1733 1775 luminis,
1755 1741 1918 1775 dicendum,
1933 1741 2009 1778 quod
2141 1768 2143 1771 .

1164 1787 1217 1815 1106
1232 1795 1330 1815 verum
1347 1790 1388 1815 est
1399 1798 1406 1820 ,-
1423 1787 1470 1815 sed
1487 1788 1552 1823 quia
1567 1787 1640 1815 Deus
1655 1795 1705 1824 per
1720 1787 1792 1816 idem
1810 1788 1917 1824 ipsum,
1933 1788 2008 1825 quod
2022 1794 2133 1813 Notandum-

1164 1834 1224 1862 est⁷
1247 1833 1298 1861 laec
1320 1833 1351 1861 iu
1371 1842 1417 1867 se,
1440 1837 1481 1862 est
1495 1833 1644 1870 exemplar
1659 1833 1792 1862 aliarum
1807 1843 1928 1868 7‘crum,·
1947 1834 2009 1863 ideo

1164 1889 1218 1908 non
1241 1883 1363 1917 oportet,
1386 1880 1460 1917 quod
1484 1888 1532 1916 per
1554 1880 1629 1909 aliud
1662 1885 1689 1909 et
1720 1881 1796 1909 aliud
1819 1881 1882 1909 fiam
1905 1881 2010 1910 confor-

1166 1927 1218 1955 mis
1240 1927 1304 1964 ipsi,
1327 1930 1358 1955 ut
1379 1930 1421 1955 est
1443 1927 1510 1960 tanc,
1532 1931 1559 1955 et
1581 1931 1611 1955 nt
1632 1931 1673 1956 est
1694 1928 1858 1964 exemplar,
1882 1928 1930 1956 sed
1960 1936 2009 1965 per

1165 1974 1239 2002 idem
1261 1974 1315 2002 alio
1338 1974 1419 2002 modo
1435 1982 1463 2002 se
1479 1974 1592 2002 babens.
1609 1974 1682 2002 ldem
1698 1975 1771 2003 enim
1788 1974 1884 2003 lumen
1895 1975 2009 2012 gloriae

1166 2021 1293 2049 habilitat
1308 2021 1394 2057 ipsam
1411 2021 1531 2049 animam
1549 2021 1583 2049 ad
1600 2022 1821 2058 cognoscendum
1840 2023 1929 2059 ipsum
1946 2023 2010 2051 Ver-

1166 2068 1233 2096 bum
1256 2072 1416 2102 aeternum,
1440 2069 1466 2096 in
1492 2071 1627 2105 quantum
1650 2068 1746 2096 lumen
1767 2072 1946 2106 comparatur
1973 2070 2009 2098 ad

1166 2115 1257 2152 ipsum
1280 2115 1405 2143 Verbum
1427 2115 1480 2143 sub
1501 2115 1607 2143 ratione
1629 2115 1722 2148 lacis;
1744 2115 1816 2144 idem
1837 2115 1919 2144 etiam
1936 2116 2010 2144 habi-

1167 2162 1226 2190 litat
1248 2162 1335 2199 ipsam
1357 2162 1477 2190 animam
1500 2162 1535 2190 ad
1557 2162 1779 2198 cognoscendum
1805 2162 1860 2190 alia
1880 2171 1896 2190 a
1917 2163 2009 2192 Verbo

1166 2209 1193 2237 in
1210 2209 1268 2245 ipso
1283 2208 1386 2242 Verbo,
1402 2208 1428 2236 in
1444 2212 1579 2245 quantum
1596 2212 1774 2245 comparatur
1788 2209 1824 2237 ad
1838 2209 1929 2246 ipsum
1945 2210 2010 2239 Ver-

1166 2256 1251 2289 bum,
1267 2258 1297 2283 ut
1318 2258 1359 2283 est
1380 2255 1528 2291 exemplar
1550 2254 1679 2283 aliorum.
1700 2271 1738 2274 —
1754 2255 1784 2283 Et
1806 2255 1870 2292 quia
1885 2256 2008 2284 Verbum
2023 2259 2136 2278 Notandum-

1167 2306 1209 2331 est
1230 2302 1376 2339 exemplar
1398 2302 1554 2330 voluntarie
1575 2306 1802 2338 repraesentans,
1832 2303 1893 2331 ideo
1914 2303 2009 2331 lumen

1167 2349 1237 2377 illud
1260 2357 1312 2377 non
1336 2352 1515 2385 comparatur
1535 2349 1586 2377 nisi
1610 2349 1645 2377 ad
1667 2349 1714 2377 illa
1735 2357 1807 2386 quae
1828 2350 1920 2386 ipsum
1943 2350 2010 2378 divi-

1167 2403 1234 2424 num
1265 2395 1410 2432 exemplar
1442 2398 1632 2432 repraesentat
1653 2395 1837 2428 voluntarie,-
1858 2396 1922 2424 hinc
1950 2399 2010 2430 est,

1167 2442 1242 2478 quod
1259 2450 1308 2478 per
1323 2441 1393 2469 illud
1408 2441 1516 2475 lumen,
1539 2441 1588 2470 etsi
1600 2442 1610 2456 ⁸
1631 2445 1777 2478 cognoscat
1797 2443 1937 2477 Verbum,
1955 2451 2011 2471 non

1167 2491 1290 2524 oportet,
1306 2488 1380 2525 quod
1396 2491 1542 2524 cognoscat
1556 2489 1649 2516 omnia
1664 2488 1717 2517 alia
1731 2497 1747 2517 6
1768 2489 1874 2523 Verbo,
1889 2497 2010 2526 quorum

1168 2534 1260 2571 ipsum
1284 2534 1406 2563 Verbum
1422 2538 1463 2563 est
1484 2535 1640 2571 exemplar.
1654 2552 1692 2556 -—
1714 2536 1745 2564 Et
1764 2536 1792 2563 si
1817 2539 1847 2564 ta
1872 2536 2009 2570 obiicias,

1168 2580 1241 2617 quod
1258 2581 1387 2617 quamvis
1402 2581 1427 2608 in
1444 2581 1500 2609 Deo
1515 2581 1587 2609 idem
1604 2581 1639 2610 sit
1653 2582 1787 2618 sapientia
1802 2585 1828 2610 et
1843 2582 1959 2616 bonitas,
1975 2586 2012 2611 ta-

1169 2636 1231 2656 men
1243 2627 1320 2656 aliud
1335 2631 1361 2656 et
1376 2628 1451 2656 aliud
1468 2632 1509 2657 est
1523 2628 1550 2656 in
1567 2636 1619 2663 me,
1634 2636 1684 2665 per
1699 2629 1773 2665 quod
1789 2637 1840 2665 ego
1854 2629 2011 2658 conformor

1169 2674 1278 2703 divinae
1291 2674 1440 2711 sapientiae
1455 2678 1482 2703 et
1497 2675 1624 2703 bonitati:
1640 2683 1706 2712 ergo
1721 2675 1780 2712 pari
1796 2675 1902 2704 ratione
1916 2675 2011 2704 aliud⁹

1167 2804 1236 2827 aliud
1255 2805 1307 2827 edd.
1325 2811 1378 2827 cum
1399 2805 1450 2827 eod.
1468 2811 1494 2827 cc
1511 2804 1651 2827 substituunt
1671 2804 1769 2834 aliquod
1785 2808 1806 2827 et
1827 2811 1880 2827 mox
1903 2806 2009 2827 omittunt

1168 2842 1252 2866 adhuc.
1271 2843 1373 2865 Subinde
1391 2849 1433 2871 pro
1450 2843 1475 2866 in
1492 2844 1547 2866 acta
1564 2843 1614 2865 cod.
1633 2844 1650 2865 K
1669 2844 1731 2866 actu.

1229 2882 1239 2896 ⁵
1257 2882 1311 2905 Cod.
1330 2883 1349 2904 K
1367 2882 1397 2905 ab
1414 2882 1464 2911 ipsa
1481 2889 1514 2905 rc.

1230 2921 1240 2935 ⁷
1257 2921 1313 2943 Edd.
1333 2922 1352 2949 l,
1372 2922 1384 2943 2
1400 2928 1443 2950 per
1459 2921 1536 2944 ideam
1553 2921 1642 2951 ipsum,
1663 2927 1723 2950 quae
1739 2922 1779 2944 est,

1231 2959 1240 2974 ⁸
1257 2960 1358 2988 Supple:
1376 2961 1457 2982 anima.

1231 2998 1240 3013 9
1258 2998 1313 3021 Cod.
1331 2999 1347 3020 F
1364 2998 1430 3021 aliud
1446 3000 1467 3021 ei
1484 2998 1558 3021 aliud.

1797 2882 1807 2897 ⁶
1823 2882 1877 2904 nist.
1896 2882 1932 2904 35.
1948 2888 1969 2911 q.
1991 2883 2008 2904 ι.
