2166 3366
118 732 200 751 Dubium
216 732 233 750 3.

119 858 234 881 Fulgentius.

248 176 284 205 36

612 252 673 279 Cup,
693 252 732 278 lu

278 340 354 373 Quod
372 340 458 367 simul
476 338 602 366 assumsit
621 338 744 365 animam
764 342 787 363 ct
807 345 916 364 carnem
942 336 1071 367 Verbmn,

334 391 382 409 nec
401 390 463 409 coro
483 381 562 416 prius
582 385 618 407 esc
638 384 762 415 concepta
780 388 862 415 quam
881 384 1009 406 assumto.

320 469 346 496 Si
366 472 454 496 autem
476 468 628 503 quaeritur,
649 471 739 494 utrum
761 466 876 494 Verbum
891 473 1000 493 caruem
1020 466 1099 493 simul

249 515 275 538 et
294 512 411 538 animam
430 511 601 542 assumserit,
628 518 660 536 au
689 510 764 544 prius
787 509 903 536 animam
934 516 1015 543 quam
1045 515 1101 535 car-

249 562 324 586 nem,
345 554 387 580 vel
414 561 522 580 carnem
552 560 633 587 quam
654 553 788 583 animam;
809 556 835 578 et
854 555 943 578 utrum
965 558 1028 578 earo
1055 551 1099 577 illa

248 598 324 631 prius
343 597 422 623 fuerit
442 597 467 622 in
489 599 564 622 utero
594 596 710 628 Virginis
739 599 869 629 concepta
894 598 919 621 et
939 597 1032 628 postea
1058 600 1100 619 as-

248 643 351 673 sumta,
380 639 519 666 verissime
539 642 564 665 et
584 639 686 673 absque
714 638 767 665 ulla
789 638 963 671 ambiguitate
986 637 1099 669 dicitur,

248 683 325 717 quia,
346 690 379 710 ex
398 690 451 717 quo
478 682 612 709 homiuem
636 683 705 708 Deus
725 682 863 713 assumsit,
893 685 977 708 totum
997 688 1100 707 assum—

247 726 281 752 sit
306 725 440 760 simulque
461 725 510 752 sibi
532 725 618 752 univit
642 725 758 751 animam
778 728 803 751 et
823 731 947 757 carnem;
968 731 1017 750 nec
1035 731 1098 750 caro

247 770 323 803 prius
349 769 397 795 suit
425 772 571 803 concepta,
592 771 617 795 et
637 768 807 802 postmodum
837 771 970 798 assumta,
998 767 1044 793 sed
1072 767 1098 792 iu

249 812 425 846 conceptione
439 816 556 838 assumta
583 815 608 838 et
635 812 660 837 in
686 811 848 837 assumtione
870 813 1007 844 concepta.
1023 810 1099 836 [ude

249 856 413 889 Augustinus
433 855 459 882 in
480 855 547 882 libro
568 855 601 881 de
621 854 685 880 Fide
699 854 732 880 ad
746 855 852 880 Petrum
866 854 891 879 ¹:
910 853 1098 879 «Firmissime

249 901 323 932 tene,
344 902 369 925 et
389 898 540 925 nullatenus
567 897 688 929 dubites,
717 905 767 923 non
788 904 896 923 carnem
917 896 1014 923 Christi
1041 896 1098 922 sinc

898 191 905 201 t
932 173 1184 202 SENTENTIARUM
1206 173 1266 201 Ltss.
1288 172 1327 200 ΙΙΙ.

1155 250 1294 276 (livinitate
1314 253 1472 284 conceptam
1495 250 1520 276 in
1542 253 1618 276 utero
1633 250 1764 283 Virginis,
1778 250 1936 284 priusquam
1955 258 2008 276 sus-

1157 293 1294 327 ciperetur
1321 300 1335 319 a
1366 293 1470 326 Verbo,
1494 293 1539 319 sed
1562 293 1649 327 ipsum
1670 293 1754 319 Deum
1774 300 1839 319 suae
1858 293 1947 319 earnis
1967 300 2008 319 ac-

1157 337 1281 370 ceptione
1301 340 1476 370 conceptum,
1498 337 1639 371 ipsamque
1658 343 1766 362 carnem
1786 336 1867 363 Verbi
1886 336 2007 363 iucarna-

1158 379 1229 405 tionc
1248 383 1444 413 conceptam».
1474 379 1546 405 Idem
1567 379 1593 405 in
1619 379 1687 406 libro
1708 379 1741 405 de
1760 379 1888 406 Trinitate
1902 379 1929 405 ²:
1949 379 2006 406 Non
2017 386 2137 410 Augustinus.

1157 425 1227 448 esset
1246 423 1292 448 Dei
1313 422 1507 457 bominumque
1527 422 1673 455 mediator,
1694 422 1744 448 nisi
1760 425 1829 449 esset
1842 422 1913 449 idem
1927 423 2007 454 Deus,

1157 464 1228 490 idem
1249 464 1343 496 bomo,
1363 465 1389 490 in
1409 468 1524 499 utroque.
1544 473 1613 492 unus
1627 468 1653 492 et
1667 472 1760 497 verus,
1781 472 1862 499 quam
1882 465 2006 491 servilem

1157 507 1284 538 sormam,
1304 514 1319 533 a
1339 507 1395 533 solo
1422 507 1488 534 Filio
1509 511 1678 542 susceptam,
1699 510 1753 534 tota
1773 507 1902 539 Trinitas,
1929 508 2007 534 cuius

1158 557 1208 576 una
1230 553 1268 576 est
1288 549 1410 576 voluntas
1430 553 1456 576 et
1475 551 1608 584 operatio,
1629 551 1699 577 fecit.
1713 550 1771 577 Non
1786 553 1875 577 autem
1890 551 1915 576 in
1930 553 2006 577 utero

1156 592 1273 626 Virginis
1293 592 1368 626 prius
1388 599 1451 618 caro
1472 596 1596 627 suscepta
1617 596 1670 624 est,
1699 596 1725 620 et
1750 592 1922 627 postmodum
1942 592 2007 619 divi-

1157 636 1225 662 nitas
1246 636 1316 662 venit
1337 636 1363 662 in
1383 642 1506 668 carnem,
1535 636 1582 662 sed
1611 643 1673 663 mox
1693 640 1720 663 ut
1740 636 1860 663 Verbum
1880 636 1952 662 venit
1978 636 2005 662 in

1156 682 1276 711 uterum,
1296 683 1401 706 servata
1421 679 1533 705 veritate
1552 680 1679 714 propriae
1699 683 1826 713 naturae,
1846 680 1946 707 factum
1966 683 2006 707 est

1156 729 1219 749 earo
1240 725 1265 748 et
1286 722 1420 756 perfectus
1449 722 1543 753 bomo,
1565 722 1590 748 id
1611 725 1667 753 est,
1688 722 1713 748 in
1734 723 1846 749 veritate
1865 723 1954 749 caruis
1980 725 2005 748 et

1155 766 1259 792 animae
1281 769 1357 791 natus
1377 768 1424 792 est.
1445 779 1481 784 —
1501 766 1537 791 De
1558 765 1609 792 boc
1633 765 1713 791 etiam
1742 765 1885 800 Gregorius
1906 765 1930 791 in
1950 765 2005 792 Mo-
2017 771 2125 795 Gregorius.

1156 809 1258 835 ratibus
1269 808 1277 821 ³
1297 809 1349 835 ait:
1376 820 1387 831 «
1400 808 1500 841 Angelo
1522 809 1658 835 nuntiante
1673 812 1698 835 et
1710 808 1812 842 Spiritu
1831 808 2005 842 adveniente,
2018 818 2100 837 Dubium
2114 819 2132 838 t..

1155 860 1217 879 mox
1229 852 1347 879 Verbum
1363 852 1387 878 iu
1402 855 1485 883 utero,
1501 859 1563 878 mox
1577 851 1645 878 intra
1656 854 1761 878 uterum
1772 852 1891 878 Verbum
1905 859 1969 879 caro
1980 863 2004 878 ».

575 1023 1015 1072 COMMENTARIUS
1050 1023 1111 1071 IN
1145 1022 1586 1070 DISTINGTIONEM
1620 1022 1678 1070 Π.

727 1153 771 1186 De
798 1152 1004 1185 'incarnatione
1030 1163 1068 1185 ex
1092 1157 1178 1197 parte
1203 1157 1330 1184 naturae
1356 1157 1521 1184 assumtae.

574 1273 610 1300 Et
630 1272 702 1310 (sitia.
724 1272 755 1299 2771.
776 1270 891 1299 homine
914 1275 973 1299 tola
995 1270 1127 1299 humana
1148 1274 1262 1299 ἠιιῐιινα
1283 1270 1353 1299 vilio
1375 1273 1518 1307 corrupta
1540 1273 1605 1298 erat
1625 1273 1674 1299 etc.

985 1382 1108 1411 DIVISIO
1130 1382 1267 1410 TEXTUS.

327 1509 418 1546 Supra
442 1508 497 1545 egit
518 1507 647 1544 Magister
675 1506 709 1535 de
738 1506 926 1535 incarnatione
955 1513 990 1534 ex
1020 1508 1099 1542 parte

248 1563 385 1593 personae
400 1554 581 1588 assumentis,
604 1554 630 1582 in
646 1554 698 1582 hac
714 1556 792 1590 parte
808 1553 864 1589 agit
879 1553 913 1581 de
928 1553 1026 1581 eadem
1037 1552 1045 1567 ¹
1062 1560 1099 1581 ex

249 1605 328 1640 parte
344 1605 460 1630 naturae
476 1605 625 1630 assumtae.
641 1600 782 1629 Dividitur
804 1603 896 1628 autem
918 1606 983 1636 pars
998 1600 1050 1628 ista
1071 1598 1098 1627 in

249 1653 307 1678 tres
319 1652 420 1686 partes.
436 1649 464 1677 ln
480 1656 601 1685 quarum
617 1648 709 1685 prima
724 1648 892 1676 determinat
903 1647 1058 1676 veritatem.
1070 1647 1099 1675 lu

250 1697 374 1726 secunda
385 1696 509 1725 confutat
520 1703 640 1729 errores,
653 1695 702 1723 ibi:
720 1694 782 1723 Non
798 1698 869 1723 sunt
879 1703 947 1732 erqo
959 1693 1101 1723 crztdiemli

250 1747 301 1773 etc.
322 1743 351 1772 In
381 1743 462 1772 tertia
481 1750 548 1771 vero
570 1745 696 1771 removet
717 1742 858 1779 quandam
881 1741 1099 1775 dubitationem,

250 1790 300 1819 ihi:
314 1790 347 1819 Sz·
361 1793 459 1818 [tutem
474 1789 640 1828 qttst.ei·iltw·,
657 1792 759 1817 ulrum
778 1788 901 1817 Verbum
916 1796 1036 1816 carnem
1049 1790 1099 1817 etc.

1127 1671 1132 1822 i

1235 1506 1325 1534 Prima
1348 1513 1413 1542 pars
1435 1505 1570 1534 dividitur
1590 1505 1617 1533 in
1632 1505 1703 1534 duas
1718 1493 1819 1542 partefs.
1842 1506 1871 1534 lu
1885 1514 2007 1544 quarum

1158 1552 1247 1589 prima
1268 1555 1347 1590 parte
1369 1552 1536 1581 determinat
1557 1552 1685 1588 Magister
1708 1552 1742 1581 de
1763 1556 1864 1581 natura
1883 1556 2008 1582 assumta

1156 1602 1292 1636 quantum
1315 1599 1348 1627 ad
1373 1599 1495 1636 partium
1512 1607 1629 1627 suarum
1644 1599 1830 1636 integritatem
1842 1599 1860 1627 ².
1880 1599 2008 1628 Secundo

1157 1650 1293 1684 quantum
1315 1646 1350 1674 ad
1372 1646 1515 1680 ordinem,
1538 1645 1594 1674 ibi:
1618 1646 1769 1674 Asszmzsz't
1783 1646 1876 1684 zyz'tur
1896 1647 1949 1675 Dei
1963 1647 2009 1676 Fi-

1158 1693 1216 1721 lius
1238 1701 1356 1721 carnem
1379 1696 1405 1720 ec
1425 1692 1568 1721 animam.
1601 1692 1811 1722 subdivisiones
1832 1696 1926 1722 auten]
1948 1702 2010 1731 par-

1158 1740 1228 1769 tium
1250 1739 1411 1768 manifestae
1433 1742 1499 1768 sunt
1520 1739 1546 1767 in
1570 1739 1669 1768 littera.

906 1910 1092 1940 TRACTATtO
1114 1910 1356 1947 QUAESTIONUM.

330 2036 369 2065 Ad
398 2035 609 2072 intelligentiam
640 2035 724 2064 buius
753 2036 841 2072 partis
870 2035 998 2064 incidunt
1019 2042 1102 2072 quae-

252 2083 354 2112 stiones
375 2084 449 2113 circa
471 2083 532 2111 tria.
557 2083 586 2111 Et
608 2083 754 2120 quaeritur
776 2083 867 2119 primo
890 2082 924 2111 de
945 2085 1047 2111 natura
1061 2090 1102 2111 as-

252 2132 345 2159 sumta
367 2133 505 2166 quantum
527 2129 562 2158 ad
584 2129 694 2158 unionis
716 2129 927 2166 congruitatem.

332 2176 461 2205 Secundo
489 2184 557 2205 vero
585 2176 733 2213 quaeritur
761 2180 897 2214 quantum
920 2176 955 2205 ad
977 2176 1101 2214 partium

252 2223 449 2260 integritatem.

331 2270 424 2299 Tertio
447 2278 514 2299 vero
535 2270 681 2307 quaeritur
704 2274 840 2307 quantum
863 2270 897 2299 ad
913 2270 1102 2307 dispositionis

253 2316 311 2346 sive
333 2317 417 2346 medii
439 2317 640 2346 necessitatem.

317 2498 324 2512 1
343 2497 397 2526 Cap.
418 2499 452 2520 ta.
472 2505 493 2521 n.
512 2499 549 2521 61.
568 2511 597 2514 —
614 2499 657 2521 Pro
674 2498 753 2528 ipsum
778 2499 853 2522 Deum.
879 2499 930 2522 cod.
957 2500 974 2521 D
997 2502 1019 2522 et
1036 2500 1072 2522 ed.
1093 2500 1098 2521 i

254 2536 333 2566 ipsum
355 2536 457 2560 Verbum
476 2537 582 2566 Domini,
603 2538 644 2560 scd
662 2538 772 2566 originale
794 2538 896 2561 Verbum
913 2538 996 2561 Deum.

316 2576 325 2590 ἵ
343 2576 432 2599 Scilicet
450 2577 520 2598 variis
537 2577 559 2599 in
577 2577 632 2599 locis
656 2578 679 2599 in
702 2583 774 2599 unum
798 2578 905 2600 collectis.
929 2578 996 2606 Prop.
1016 2579 1103 2606 prima:

254 2614 309 2638 Non
327 2615 386 2637 esset
402 2618 444 2637 etc.
463 2616 556 2638 collecta
574 2622 623 2638 esse
643 2616 735 2638 videtur
752 2622 778 2638 cx
796 2617 817 2638 lt.
836 2616 865 2639 de
879 2617 942 2639 Trin.
961 2623 979 2639 c.
998 2616 1019 2639 5.
1037 2624 1059 2639 n.
1078 2618 1102 2646 9,

254 2656 277 2676 et
293 2654 328 2676 lV.
347 2660 366 2676 c.
385 2654 406 2676 7.
425 2655 446 2683 8,
464 2661 487 2677 c.
503 2655 539 2677 20.
565 2661 586 2677 n.
605 2655 642 2677 30.
666 2655 771 2677 Secunda
789 2662 868 2684 prop:
887 2656 941 2679 Non
963 2658 1043 2679 autem
1061 2660 1102 2679 ctc.

253 2691 325 2721 (quae
342 2694 410 2715 etiam
428 2700 440 2715 a
458 2694 480 2715 S.
499 2694 659 2722 Bonav.‚ins1·a
679 2694 700 2716 d.
719 2695 739 2716 3.
759 2701 781 2722 p.
799 2695 822 2717 ll.
841 2701 860 2717 a.
880 2695 901 2717 3.
920 2702 941 2724 q.
960 2696 980 2717 9..
999 2695 1062 2717 fund.
1082 2696 1102 2718 3.

254 2732 382 2760 Augustino
400 2731 516 2761 tribuitur)
534 2732 612 2761 quoad
630 2740 723 2755 sensum
742 2735 841 2756 occurrit
859 2734 914 2756 Xttt.
933 2740 951 2756 c.
973 2734 1008 2757 17,
1026 2741 1047 2756 n.
1066 2735 1103 2757 22.

255 2771 290 2793 his
307 2770 397 2793 verbis:
416 2772 446 2793 Ex
464 2778 510 2800 quo
528 2772 598 2794 bomo
616 2779 666 2794 esse
684 2773 770 2801 coepit,
788 2779 815 2795 ex
828 2773 865 2795 illo
878 2776 912 2795 est
923 2776 945 2795 et
961 2773 1029 2801 Deus,
1042 2773 1103 2796 unde

255 2809 343 2832 dictum
360 2812 405 2832 est:
426 2810 528 2832 Verbum
554 2817 607 2833 caro
632 2812 718 2834 suctum
744 2815 784 2834 cst.
802 2811 846 2834 Cir.
865 2813 933 2834 etiam
951 2812 1065 2835 Enclurid.
1084 2819 1102 2835 c.

257 2848 292 2870 36.
311 2855 333 2870 n.
353 2849 388 2870 il.
406 2851 428 2871 et
452 2848 502 2871 libr.
529 2852 605 2871 contra
632 2850 767 2872 Sermonem
793 2852 929 2873 Arianorum
948 2857 967 2873 c.
992 2852 1012 2873 8.
1031 2858 1055 2874 n.
1076 2851 1101 2874 6:

258 2895 268 2908 ε(
280 2887 330 2915 lpse
348 2894 449 2916 namque
466 2894 527 2910 unus
544 2888 647 2911 Christus
671 2892 693 2911 et
718 2889 757 2911 Dei
776 2890 844 2912 Filius
864 2895 956 2918 semper
982 2894 1061 2913 natura
1082 2893 1104 2913 et

257 2927 355 2949 hominis
372 2927 439 2954 filius,
458 2928 536 2955 quiex
552 2930 657 2955 tempore
669 2931 784 2950 assumtus
807 2932 840 2950 est
861 2930 939 2957 gratia,
962 2936 1004 2952 nec
1021 2930 1054 2952 sic
1071 2936 1103 2952 as-

256 2968 347 2987 sumtus
365 2968 408 2994 est⁷
427 2968 452 2988 ut
476 2966 541 2994 prius
566 2970 656 2989 creatus
682 2970 734 2994 post
760 2971 928 2996 assumeretur,
947 2967 988 2990 sed
1005 2970 1029 2990 ut
1054 2968 1103 2996 ipsa

1237 2034 1314 2062 Circa
1336 2034 1460 2071 primum
1483 2037 1659 2071 quaeruntur
1681 2034 1743 2063 tria.

1238 2082 1330 2110 Primo
1351 2081 1505 2118 quaeritur,
1522 2084 1618 2109 utrum
1641 2082 1730 2110 maior
1746 2082 1780 2111 sit
1795 2082 1955 2119 congruitas
1973 2082 2009 2111 ad

1159 2128 1292 2157 unionem
1314 2128 1341 2156 in
1364 2128 1491 2156 rationali
1514 2132 1615 2157 natura
1637 2136 1721 2165 quam
1743 2128 1771 2157 in
1792 2131 1850 2157 toto
1868 2129 2009 2158 universo.

1239 2174 1367 2203 Secundo
1389 2175 1544 2212 quaeritur,
1566 2179 1663 2203 utrum
1685 2175 1774 2204 maior
1796 2175 1831 2204 sit
1849 2176 2010 2213 congruitas

1161 2222 1187 2250 in
1210 2222 1341 2250 liomine³
1364 2229 1450 2259 quam
1472 2222 1500 2250 in
1521 2222 1632 2259 Angelo.

1240 2270 1344 2304 Tertio,
1360 2273 1456 2298 utrum
1473 2269 1561 2298 maior
1583 2270 1618 2298 s1t
1639 2270 1799 2307 congruitas
1820 2270 1856 2299 ad
1877 2270 2009 2299 unionem

1161 2316 1188 2344 in
1210 2319 1267 2344 tota
1289 2316 1380 2353 specie
1402 2324 1487 2353 quam
1509 2317 1535 2345 in
1558 2325 1614 2345 uno
1637 2316 1792 2346 individuo.

1161 2500 1303 2521 assumtione
1315 2502 1430 2521 crearetur
1440 2507 1461 2521 n.
1474 2498 1585 2521 Convenit
1602 2500 1624 2520 in
1637 2499 1747 2521 sententia
1765 2501 1787 2521 et
1800 2499 1913 2521 nonnullis
1930 2498 2009 2521 verbis

1160 2540 1228 2561 eliam
1246 2539 1341 2566 Gregor.
1354 2539 1403 2560 loco
1416 2544 1468 2560 mox
1486 2539 1560 2561 citato.

1223 2577 1233 2592 ³
1250 2577 1311 2600 Libr.
1330 2578 1406 2599 XVlli.
1425 2584 1444 2600 c.
1462 2577 1499 2599 52.
1517 2584 1538 2599 n.
1557 2577 1593 2600 85.

1379 2639 1475 2663 NOTAE
1492 2640 1529 2663 AD
1547 2639 1793 2663 COMMENTARIUM.

1227 2694 1234 2708 1
1252 2694 1310 2717 Cum
1327 2694 1380 2717 edd.
1398 2695 1560 2723 supplevimus
1578 2695 1605 2718 de
1622 2694 1716 2722 eadem,
1735 2701 1795 2724 quae
1812 2694 1883 2717 rerba
1901 2695 1923 2716 in
1941 2694 2008 2717 codd.

1162 2734 1252 2756 desunt.

1224 2773 1233 2787 7-
1251 2773 1273 2795 lu
1292 2773 1342 2795 cod.
1360 2773 1392 2795 bb
1405 2773 1488 2801 legitur
1505 2774 1550 2795 sic:
1564 2773 1638 2795 Prima
1656 2779 1709 2801 pars
1730 2772 1840 2795 dividitur
1857 2773 1879 2794 in
1898 2773 1945 2795 tres
1957 2779 2011 2801 par-

1162 2815 1203 2834 tes.
1221 2812 1244 2834 lu
1262 2818 1361 2840 quarum
1379 2813 1476 2840 prima...
1495 2814 1575 2834 natura
1592 2814 1693 2834 assumta
1712 2814 1824 2840 quantum
1848 2811 1877 2833 ad
1898 2811 2010 2841 congrui-

1163 2852 1241 2874 tatem.
1261 2852 1367 2874 Secundo
1384 2854 1497 2880 qnantum
1515 2851 1544 2873 ad
1561 2856 1657 2873 suarum
1674 2851 1774 2878 partium
1786 2851 1948 2879 integritatem,
1965 2850 2009 2873 ibi:

1166 2890 1249 2913 Totam
1261 2890 1334 2920 iqilur
1345 2892 1460 2913 naturam
1471 2889 1581 2913 hominis.
1595 2890 1673 2912 Tertio
1685 2892 1796 2918 quantum
1809 2890 1839 2912 ad
1850 2890 1955 2912 ordinem
1967 2893 2008 2912 etc.

1164 2930 1227 2958 Quae
1245 2930 1311 2952 lectio
1329 2930 1453 2958 respondet
1470 2929 1575 2952 rubricae
1592 2929 1649 2951 infra
1667 2931 1707 2951 art.
1728 2929 1747 2951 l.
1766 2930 1913 2957 praemissae.

1226 2968 1235 2982 ³
1252 2968 1308 2990 Edu.
1326 2968 1464 2998 conyrztattas
1481 2967 1513 2990 ad
1528 2967 1642 2990 unionem
1658 2966 1683 2990 z'n
1700 2966 1808 2990 humana
1824 2969 1921 2991 natura.
