2166 3366
165 1866 193 1884 Ad
208 1865 283 1889 opposi-

203 1892 247 1907 [Uln-

290 215 307 242 8
969 212 1222 241 SENTENTIARUM
1244 211 1304 240 LlB.
1328 211 1368 239 lll.

289 295 397 322 matum
419 296 446 322 et
467 292 688 330 proprietatum,
718 291 790 319 infra
819 291 994 319 distinctione
1023 294 1138 319 octava:

289 340 362 368 Post
377 339 535 377 praedicta
557 338 673 376 inquiri
693 341 803 375 oportet
824 341 875 366 etc.
901 354 939 357 —
961 337 1053 366 Prima
1073 346 1140 375 pars

290 386 426 416 dividitur
447 387 475 415 in
497 386 575 415 (luas.
599 386 628 413 ln
649 385 741 422 prima
762 385 854 421 agitur
881 384 916 413 cle
937 384 1040 413 unione
1063 388 1141 413 natu-

289 442 407 468 rarum;
429 433 457 461 in
479 433 603 462 secunda
625 432 659 461 de
681 432 782 460 Christi
804 431 999 468 conceptione,
1016 431 1087 459 infra
1103 431 1141 459 di-

291 480 436 510 stinetione
457 479 557 508 tertia:
582 478 745 514 Quaeritur·
767 478 856 506 etictnz
877 478 910 506 cle
932 486 1023 506 earne
1048 478 1139 506 Verbi.

289 527 381 556 Prima
402 534 468 564 pars
489 526 626 555 dividitur
648 526 675 554 in
697 525 768 554 duas
789 528 892 563 partes.
921 525 949 553 ln
977 525 1068 562 prima
1097 525 1142 554 de-

290 574 422 603 terminat
443 574 477 602 de
499 573 602 602 unione
631 576 798 601 naturarum
822 572 848 601 in
871 572 981 601 Christo
1004 580 1040 601 ex
1062 575 1142 609 parte

290 629 427 659 personae
448 621 635 652 assumentis:
662 620 689 648 in
711 620 835 649 secunda
856 628 893 648 ex
915 622 994 657 parte
1023 622 1142 648 naturae

290 671 447 702 assumtae,
477 667 548 696 infra
577 667 753 696 distinctione
782 667 924 696 secunda:
955 667 991 695 Et
1011 666 1083 704 qztict
1111 666 1142 695 in

291 714 405 743 homine
427 718 486 743 tota
508 713 642 743 lntnzctnct
663 718 786 743 natura.

1275 290 1367 318 Prima
1382 297 1461 326 pars.
1477 297 1549 326 quae
1571 289 1692 318 continet
1706 292 1882 325 praesentem
1898 289 2046 318 distinctio-

1196 345 1270 372 nem,
1287 337 1423 366 dividitur
1445 337 1471 365 in
1495 340 1550 365 tres
1572 340 1674 373 partes.
1696 336 1724 365 ln
1746 336 1838 373 prima
1859 337 1980 365 ostendit
1994 337 2046 365 Ma-

1198 384 1299 421 gister,
1322 384 1541 413 incarnationem
1564 384 1664 412 tactam
1686 391 1747 412 esse
1775 384 1803 411 in
1825 391 1943 420 persona
1968 384 2044 418 Filii,

1198 431 1363 460 auctoritate
1384 431 1512 468 Apostoli.
1536 431 1662 460 Secundo
1684 439 1751 459 vero
1773 431 1888 468 inquirit
1906 431 1992 460 huius
2006 440 2048 460 ra-

1198 477 1302 506 tionem
1325 478 1352 505 in
1374 478 1496 506 secundo
1526 477 1683 515 capitulo¹‚
1713 477 1768 506 ibi:
1792 477 1951 514 Diliqenter
1978 486 2046 506 vero

1199 524 1404 552 annotandum
1436 527 1477 552 est
1507 527 1557 553 etc.
1580 525 1609 552 In
1631 525 1712 553 tertia
1734 532 1801 553 vero
1822 527 1947 553 removet
1968 524 2048 552 dubi-

1199 571 1348 606 tationem,
1370 571 1424 599 ibi:
1449 571 1482 599 Si
1503 580 1568 599 vero
1590 571 1763 610 quaeritur,
1786 575 1888 599 utrum
1910 571 2002 599 Pctter
2023 575 2049 599 et

1200 617 1296 646 Filius
1325 622 1350 646 et
1378 617 1509 654 Spiritus
1537 622 1658 647 sanetus
1684 622 1734 647 etc.
1764 617 1974 647 subdivisiones
2001 625 2049 646 au-

1200 668 1255 694 tem
1278 665 1401 702 partium
1423 665 1585 694 manifestae
1607 668 1672 694 sunt
1693 666 1720 694 in
1743 665 1843 694 littera..

945 799 1131 828 TRACTATtO
1153 799 1397 836 QUAESTIONUM.

370 889 410 919 Ad
431 889 640 927 intelligentiam
670 896 738 917 vero
763 888 850 916 liuius
871 888 959 925 partis
981 887 1077 916 incidit
1098 887 1143 916 hic

292 938 418 974 quaestio
440 938 513 966 circa
533 936 755 966 incarnationem
776 935 935 972 (ῃιειιιῑιιιιι2
957 935 992 963 ad
1015 935 1087 963 duos
1102 943 1144 963 ar-

292 984 400 1013 ticulos.

371 1031 463 1060 Primo
484 1031 632 1068 quaeritur
653 1030 688 1059 de
711 1030 771 1067 ipsa
793 1029 983 1058 incarnatione
1005 1032 1143 1066 quantum

293 1079 329 1107 ad
351 1078 462 1107 unionis
483 1078 707 1115 possibilitatem¹

372 1125 500 1154 Secundo
521 1124 668 1162 quaeritur
690 1124 724 1153 de
746 1123 935 1152 incarnatione
957 1125 1094 1160 (plantum
1110 1122 1144 1150 ad

293 1172 405 1201 unionis
426 1172 639 1209 congruitatem.

373 1219 452 1248 Circa
472 1219 596 1256 primum
620 1221 797 1255 quaeruntur
818 1220 948 1255 quatuor.

1279 887 1370 915 Primo
1392 887 1554 924 quaeritur,
1576 890 1673 915 utrum
1696 886 1791 915 diviua
1806 888 1907 914 natura
1928 885 2050 922 potuerit

1201 934 1275 962 uniri
1298 942 1362 962 cum
1384 934 1509 962 humana
1531 937 1641 962 natura.

1280 981 1406 1010 Secundo
1428 982 1590 1018 quaeritur,
1607 984 1704 1009 utrum
1720 988 1776 1009 una
1791 987 1911 1017 persona
1926 979 2050 1017 potuerit

1201 1028 1282 1059 uniri.
1298 1028 1356 1057 sine
1378 1028 1439 1056 alia.
2016 1022 2022 1025 “

1281 1076 1373 1104 Tertio
1396 1083 1461 1104 vero
1483 1075 1646 1113 quaeritur,
1667 1078 1764 1104 utrum
1787 1083 1844 1103 una
1865 1082 1984 1112 persona
2003 1082 2051 1112 po-

1202 1123 1287 1151 tuerit
1308 1122 1381 1151 uniri
1405 1122 1489 1151 simul
1511 1130 1575 1151 cum
1598 1122 1660 1150 alia.

1281 1170 1386 1206 Quarto
1408 1169 1566 1207 quaeritur,
1588 1173 1685 1198 utrum
1714 1169 1855 1206 quaelibet
1883 1169 1969 1198 trium
1991 1177 2051 1207 per-

1203 1225 1336 1246 sonarum
1358 1217 1481 1254 potuerit
1502 1217 1639 1245 incarnari
1663 1224 1713 1254 per
1735 1225 1764 1246 se
1786 1217 1884 1254 ipsam.

1030 1315 1267 1350 ARTICULUS
1292 1316 1314 1349 Ι.

719 1406 771 1439 'De
792 1410 996 1438 incarnatione
1018 1412 1162 1447 quantum
1184 1409 1224 1438 (td
1246 1409 1364 1437 unionis
1381 1409 1614 1446 possibilitatem.

1077 1496 1240 1533 QUAESTtO
1263 1497 1280 1524 1.

673 1585 777 1614 Utrum
799 1585 902 1613 clieinct
925 1588 1037 1613 natura,
1055 1584 1184 1621 potnerit
1207 1583 1291 1612 uniri
1311 1592 1379 1612 enin
1401 1583 1534 1612 lntnzctnct
1557 1588 1676 1613 nrttnrct.

374 1674 452 1703 Circa
466 1674 590 1711 primum
607 1673 646 1702 sic
661 1672 824 1710 proceditur
838 1676 865 1701 et
879 1671 1034 1709 quaeritur.
1046 1675 1143 1700 utrum

296 1722 390 1751 divina
411 1724 513 1750 natura
533 1720 657 1758 potuerit
677 1720 752 1748 uniri
769 1727 831 1748 cum
848 1719 973 1747 humana
987 1723 1097 1747 natura.
1115 1719 1145 1747 Et

296 1769 371 1807 quod
392 1777 463 1803 non,
486 1768 606 1797 videtur.

378 1818 401 1845 1.
423 1816 498 1845 Uniri
522 1818 563 1844 est
583 1815 655 1852 pati,
677 1815 749 1844 sicut
769 1814 851 1843 unire
873 1816 915 1842 est
936 1821 1019 1850 agere
1030 1813 1048 1847 ³,
1077 1821 1144 1850 ergo

295 1864 368 1902 quod
392 1863 563 1901 impossihile
585 1866 627 1892 est
649 1862 704 1900 pati
727 1861 898 1899 impossibile
919 1865 961 1890 est
982 1861 1072 1895 uniri;
1095 1860 1144 1889 sed

296 1911 429 1940 divinam
452 1913 582 1939 naturam
605 1909 776 1947 impossibile
797 1905 839 1937 est
860 1908 934 1945 pati:
957 1916 1023 1945 ergo
1045 1908 1145 1944 impos-

297 1958 376 1987 sihile
397 1960 439 1986 est
460 1965 525 1986 cum
547 1957 601 1985 alia
622 1959 723 1985 natura
744 1956 828 1984 uniri.

376 2006 401 2033 ἓ.
424 2005 507 2039 item,
529 2012 724 2042 quaecumque
745 2003 779 2032 ad
802 2003 922 2032 invicem
937 2002 1084 2037 uniuntur,
1099 2001 1146 2030 ali-

297 2061 352 2090 quo
375 2052 457 2081 modo
478 2055 702 2088 componuntur„
724 2059 790 2088 ergo
812 2050 887 2088 quod
910 2050 1082 2087 impossibile
1103 2053 1145 2079 est

297 2099 377 2129 alteri
399 2099 525 2136 componi
549 2098 720 2136 iniposs1bile
742 2101 783 2127 est
804 2098 884 2126 alteri
913 2097 1007 2131 uniri;
1036 2097 1083 2126 sed
1108 2097 1146 2125 di-

1202 1672 1295 1700 vinam
1318 1675 1448 1700 naturam
1470 1672 1641 1709 impossibile
1662 1676 1704 1701 est
1725 1673 1803 1701 alteri
1827 1674 1964 1711 componi,
1986 1682 2050 1704 cum

1201 1718 1236 1747 sit
1258 1718 1464 1755 simplicissima
1486 1722 1512 1747 et
1533 1719 1773 1756 perfectissima&
1798 1728 1865 1757 ergo
1886 1723 1937 1750 etc.

1281 1767 1306 1795 3.
1329 1766 1412 1801 item,
1434 1774 1515 1795 omne
1537 1766 1642 1795 unibile
1670 1770 1697 1795 et
1726 1775 1778 1795 non
1809 1767 1919 1796 unitum
1946 1771 1987 1797 est
2015 1768 2050 1797 ad

1201 1816 1293 1842 actum
1318 1816 1345 1842 et
1366 1813 1602 1850 couiplei‘nentum
1624 1813 1735 1842 unionis
1750 1814 1894 1850 possibile,
1909 1823 1991 1844 omne
2005 1823 2052 1844 au-

1202 1863 1257 1889 tem
1278 1860 1411 1897 possibile
1432 1860 1468 1888 ad
1490 1864 1583 1889 actum
1612 1863 1639 1889 et
1667 1861 1903 1898 complementum
1930 1865 1971 1890 est
1992 1870 2051 1891 mu-

1201 1907 1286 1935 tabile
1307 1910 1334 1936 et
1355 1907 1571 1944 imperfectum3
1593 1907 1642 1936 sed
1665 1907 1691 1935 in
1712 1907 1769 1936 Deo
1785 1907 1863 1936 nulla
1878 1911 1969 1945 potest
1990 1916 2051 1938 esse

1202 1955 1335 1989 mutatio,
1364 1954 1442 1983 nulla
1471 1954 1682 1992 imperfectio⁵t
1712 1962 1777 1992 ergo
1806 1955 1883 1984 nulla
1915 1959 2052 1993 tempora-

1203 2002 1236 2030 lis
1258 2002 1333 2030 unio.

1281 2050 1308 2078 li.
1329 2050 1412 2084 Item,
1435 2057 1628 2086 quaecumque
1651 2052 1715 2078 sunt
1736 2049 1869 2084 unihilia,
1885 2050 1999 2079 suntad
2015 2050 2052 2079 in-

1203 2096 1292 2125 vicem
1314 2096 1578 2134 proportionabilia.
1600 2097 1730 2133 quoniam
1755 2096 1826 2125 inter
1849 2096 1896 2125 illa
1917 2097 1995 2126 nulla
2010 2100 2051 2126 est

359 2232 366 2246 ¹
386 2233 408 2254 ln
426 2235 502 2254 nostra
520 2232 556 2254 ed.
574 2238 593 2254 c.
617 2233 633 2254 1.

358 2272 368 2286 2
385 2271 441 2294 Cod.
461 2272 474 2292 Ρ
493 2272 515 2294 et
530 2271 573 2294 hoc
591 2272 717 2300 quantum.

358 2311 368 2326 ³
385 2313 403 2333 Α
424 2311 565 2333 Damascene
591 2310 637 2339 (ed.
661 2310 748 2338 liligno,
767 2310 848 2332 Patrol.
871 2310 950 2332 Gracc.
969 2312 1023 2331 tom.
1048 2309 1085 2331 955.
1103 2310 1145 2331 col.

297 2351 349 2378 231,
368 2351 425 2373 inter
442 2349 589 2378 Fragmenta)
608 2350 662 2371 unio
680 2349 817 2377 generaliter
829 2348 936 2371 desinitur
954 2348 1078 2370 διεστώτων
1091 2355 1146 2377 πρα-

295 2389 387 2421 γμάτων
404 2388 522 2416 κοινωνικὴ
541 2388 654 2418 συνδρομή
674 2389 686 2411 i.
705 2396 724 2411 e.
743 2394 821 2411 rorum
840 2388 972 2410 distantium
991 2389 1146 2410 communica-

297 2430 357 2452 tivus
378 2435 505 2452 concursus
526 2428 585 2457 (sive
609 2434 742 2455 concursus,
762 2434 808 2456 quo
826 2420 863 2450 res
886 2427 995 2450 distantes
1017 2434 1068 2450 sese
1085 2433 1146 2450 com-

296 2470 422 2497 municant)
440 2469 489 2497 vcl,
507 2469 566 2491 utin
584 2468 620 2490 ed.
640 2468 713 2495 Migno
726 2468 815 2495 legitur⁷
834 2473 911 2489 rerum
925 2467 1057 2490 distantium
1076 2468 1146 2489 insui

296 2509 394 2530 invicem
408 2508 597 2530 communionem
606 2507 748 2529 venientium
760 2512 893 2528 concursus.
904 2505 938 2528 Ab
948 2506 1030 2528 eodem
1040 2506 1145 2529 Damasc.

296 2547 379 2570 deinde
402 2548 430 2569 «12
453 2547 517 2569 modi
540 2547 630 2569 unionis
651 2548 816 2568 enumerantur
841 2545 901 2573 (iam
922 2546 987 2573 prius
1013 2537 1032 2567 a*
1049 2545 1146 2567 Maximo

297 2586 396 2609 Confess.
414 2586 530 2614 recensiti,
550 2585 578 2608 de
596 2592 642 2614 quo
660 2585 714 2607 vide
732 2585 819 2613 Migne,
838 2585 918 2607 Pati-ol.
937 2585 1016 2607 Gracc.
1036 2588 1090 2607 tom.
1109 2585 1146 2607 91.

296 2626 338 2648 col.
357 2625 419 2653 214),
438 2632 507 2654 quos,
526 2631 579 2647 eum
597 2625 730 2652 complures
747 2630 828 2646 eorum
846 2630 859 2646 a
877 2624 898 2646 S.
921 2624 1007 2646 Bonav.
1030 2624 1148 2646 adducan-

297 2669 340 2693 tur,
359 2666 396 2687 hic
412 2665 493 2687 afferro
511 2665 581 2687 iuvat.
600 2664 637 2687 Est
659 2664 754 2686 etenim:
778 2664 831 2686 unio
854 2663 982 2686 secundum
1006 2663 1147 2686 mistionem

267 2727 269 2729 ,
298 2710 338 2726 seu
357 2704 545 2731 temporationem
565 2703 671 2732 (κρᾶσιν),
689 2705 714 2725 ut
731 2704 752 2725 in
772 2702 858 2730 ssuidis5
876 2702 1005 2724 secundum
1024 2708 1147 2725 coacervo-

298 2742 382 2765 tionem
401 2740 525 2771 (σωρεὶαν),
538 2744 562 2764 ut
574 2743 595 2764 in
613 2743 693 2770 siccis;
706 2742 835 2764 secundum
848 2741 1038 2771 conspersionem
1053 2740 1147 2771 (φύσιν),

298 2782 372 2811 qualis
389 2784 423 2804 est
439 2782 497 2803 inter
515 2781 637 2803 humidum
655 2784 676 2803 et
697 2782 798 2809 siccuni;
822 2781 951 2803 secundum
975 2780 1147 2804 udinioetionfm

298 2822 347 2843 sive
370 2821 545 2848 permixtionem
570 2814 708 2850 (ἀνάμιξιν),
732 2822 756 2842 ut
772 2821 794 2841 in
812 2820 882 2842 varus
900 2820 993 2847 sarInis;
1018 2819 1147 2842 secundum

298 2859 460 2889 confusionem
478 2858 615 2889 (σύγχυσιν),
633 2862 657 2881 ut
669 2860 690 2880 in
709 2859 744 2881 liis
757 2865 817 2887 quae
830 2859 951 2887 liquantur,
970 2865 992 2880 v.
1011 2865 1033 2887 g.
1051 2864 1108 2881 auro
1126 2862 1148 2881 et

298 2900 409 2927 argentm
427 2898 554 2920 secundum
572 2897 802 2927 oompuqinalionem
819 2895 962 2927 (ἁρμονίαν),
982 2900 1005 2919 ut
1027 2899 1048 2919 in
1069 2898 1147 2925 lapidi-

298 2939 354 2965 bus;
373 2938 502 2961 secundum
524 2938 691 2965 appositionem
715 2936 869 2966 (παράθεσιν),
893 2941 918 2960 ut
940 2939 962 2959 in
986 2937 1104 2960 asseribus
1126 2941 1148 2959 ct

299 2977 393 3005 tabulis;
411 2977 539 2999 secundum
553 2975 738 2999 contractionem
755 2976 804 2998 sive
822 2976 965 2998 coalitionem
980 2975 1147 3006 (συναλοιφὴν),

298 3018 324 3039 ut
341 3017 363 3038 in
381 3015 488 3044 lampade
505 3022 531 3038 cx
549 3016 602 3043 igne
620 3015 748 3043 prodeunte
772 3021 798 3037 ac
815 3021 896 3037 rursus
919 3021 972 3038 cum
994 3016 1047 3043 igne
1070 3016 1146 3042 unita;

1204 2231 1332 2253 secundum
1349 2230 1475 2253 essentiam
1494 2227 1601 2259 (οὐσίαν),
1620 2233 1645 2253 ut
1661 2231 1682 2252 in
1701 2230 1827 2253 indiVidnis
1845 2231 1910 2253 Petro
1927 2234 1949 2253 et
1966 2230 2050 2259 Paulo;

1203 2269 1332 2291 secundum
1349 2269 1461 2299 affectum
1479 2269 1584 2301 (σχέσιν),
1603 2272 1627 2291 ut
1645 2270 1666 2290 iu
1684 2270 1764 2291 amicis
1781 2275 1807 2291 ac
1825 2270 1950 2297 sententiis3
1970 2275 2051 2291 secun-

1203 2308 1259 2330 dum
1278 2307 1469 2337 compositionem
1487 2306 1615 2336 (σύνθεσιν),
1634 2311 1658 2330 ιιι
1675 2309 1696 2330 in
1715 2308 1789 2330 anima
1803 2310 1824 2330 et
1841 2313 1951 2336 corpore;
1969 2314 2052 2330 sccun-

1203 2347 1259 2369 dum
1281 2347 1427 2377 hypostasim
1445 2346 1598 2375 (inber-mii),
1617 2350 1640 2369 ut
1663 2347 1683 2368 in
1703 2346 1804 2375 Christo,
1823 2346 1863 2369 ulii
1881 2347 1940 2369 duae
1958 2350 2051 2370 naturae

1203 2393 1272 2409 unam
1291 2393 1413 2414 personam
1430 2386 1524 2415 habent;
1544 2387 1587 2408 alio
1600 2387 1666 2409 etiam
1685 2387 1755 2409 niodo
1768 2387 1822 2409 unio
1840 2386 1968 2409 secundum
1981 2387 2052 2415 hypo-

1203 2427 1280 2448 stasim
1299 2429 1320 2449 οι
1338 2432 1464 2448 concursus
1482 2432 1559 2448 rerum
1578 2425 1683 2448 diversae
1705 2427 1816 2448 essentiae
1838 2427 1860 2448 in
1883 2432 1952 2448 unam
1976 2432 2051 2454 perso-

1203 2471 1268 2493 nam⁷
1287 2468 1377 2487 servata
1394 2466 1519 2494 unicuique
1537 2468 1589 2493 post
1606 2466 1714 2487 unionem
1733 2471 1773 2487 sua
1792 2465 1887 2487 naturali
1905 2466 2050 2494 proprietate,

1204 2507 1228 2526 ut
1245 2505 1267 2526 in
1284 2505 1359 2527 anima
1377 2507 1399 2527 et
1416 2510 1513 2532 corpore
1532 2505 1639 2526 liumano.
1659 2504 1749 2526 Praeter
1767 2505 1808 2526 lios
1825 2505 1849 2526 12
1863 2505 1952 2527 unionis
1969 2505 2051 2529 modos

1204 2544 1271 2566 etiam
1293 2546 1370 2566 notatu
1392 2543 1462 2572 digna
1484 2546 1517 2566 est
1542 2544 1596 2565 unio
1624 2543 1753 2565 secundum
1779 2543 1949 2566 consertionem
1976 2543 2053 2573 (συνά-

1204 2583 1288 2613 φειαν),
1306 2586 1331 2606 ut
1348 2584 1369 2605 in
1388 2584 1493 2609 texturis;
1511 2583 1569 2605 sicut
1586 2585 1607 2605 et
1625 2583 1678 2604 unio
1696 2582 1825 2605 secundum
1839 2582 1990 2606 insertionem
2008 2583 2050 2608 (in-

1204 2624 1327 2651 sitionem),
1346 2623 1374 2645 (le
1391 2629 1437 2651 qua
1455 2623 1520 2644 Rom.
1544 2623 1576 2650 ll,
1590 2622 1630 2644 24:
1648 2622 1755 2645 Insertits
1772 2628 1796 2645 es
1814 2621 1837 2644 in
1851 2621 1936 2645 bonnm
1950 2622 2052 2652 olivam,-

1205 2668 1246 2685 nec
1264 2668 1308 2683 non
1327 2662 1380 2684 unio
1399 2661 1527 2684 secundum
1545 2660 1737 2684 commeationem
1750 2661 1798 2683 sive
1811 2661 2050 2683 circumincessionem

1205 2700 1382 2732 (περι-Λώρησιν).
1401 2713 1431 2716 —
1449 2701 1479 2722 De
1496 2701 1577 2722 maiori
1595 2701 1634 2722 cfr.
1653 2700 1666 2722 l.
1686 2700 1745 2722 Sent.
1764 2700 1785 2722 d.
1808 2700 1840 2722 19.
1859 2706 1880 2727 p.
1901 2699 1923 2721 ll.
1942 2706 1963 2728 q.
1982 2700 2003 2722 3.
2020 2712 2051 2717 —-

1204 2741 1226 2762 ln
1245 2741 1294 2763 Vat.
1313 2740 1472 2762 desiderantur
1489 2739 1560 2762 verba
1578 2745 1634 2769 erqo
1651 2739 1714 2769 quod
1725 2738 1867 2768 impossibile
1879 2740 1912 2761 est
1926 2738 1984 2768 poti.
1999 2739 2050 2762 Post

1204 2779 1333 2802 secundum
1350 2785 1406 2809 erqo
1424 2779 1475 2801 cod.
1494 2779 1508 2801 S
1526 2780 1605 2807 repetit
1624 2778 1729 2802 divinam
1746 2779 1867 2801 natzzrmn.

1267 2817 1276 2832 4
1293 2818 1338 2840 Cfr.
1356 2818 1370 2840 l.
1388 2818 1448 2840 Sem.
1467 2817 1489 2840 d.
1508 2818 1528 2839 8.
1547 2824 1568 2845 p.
1587 2818 1610 2840 11,
1628 2824 1649 2846 q.
1673 2818 1688 2839 1.
1711 2823 1759 2845 seq.
1777 2829 1807 2832 —
1825 2817 1847 2838 ln
1865 2817 1908 2839 hoo
1926 2823 1974 2845 arg.
1996 2823 2052 2845 sup-

1204 2858 1303 2885 ponitur,
1322 2857 1385 2886 quod
1403 2858 1565 2885 componentia
1583 2858 1673 2878 teneant
1690 2857 1801 2878 rationem
1818 2855 1908 2885 partis,
1929 2862 1988 2885 quae
2009 2862 2051 2884 per

1204 2903 1229 2919 se
1245 2896 1340 2919 includit
1356 2896 1560 2924 imperfectionem.
1577 2904 1586 2915 ιι
1601 2896 1653 2917 Pars
1670 2895 1744 2923 enim,
1758 2897 1782 2916 ut
1799 2895 1829 2917 ait
1840 2895 1937 2923 Aristot.⁷
1957 2895 1971 2917 1.
1988 2895 2050 2917 Polit.

1205 2942 1224 2959 c.
1243 2936 1263 2958 3«.
1282 2935 1310 2959 (c.
1329 2935 1367 2963 2.),
1381 2941 1425 2957 non
1444 2935 1517 2957 solum
1530 2935 1622 2957 alterius
1638 2937 1750 2962 estpars,
1770 2933 1810 2956 sed
1823 2935 1917 2956 omnino
1935 2934 2026 2957 alterius
2037 2942 2047 2953 »

1207 2975 1263 3003 (scil.
1281 2976 1367 3002 totius).
1384 2987 1416 2991 -
1433 2974 1475 2996 Pro
1493 2980 1548 3004 erqo
1566 2973 1629 3004 quod
1646 2973 1713 2996 codd.
1731 2973 1800 2995 AFU
1818 2973 1859 2996 secl
1876 2973 1945 3003 quod.

1268 3014 1277 3029 ⁵
1294 3013 1339 3036 Ct‘r.
1358 3014 1372 3036 1.
1391 3014 1451 3037 Sent.
1469 3014 1491 3036 d.
1510 3014 1530 3035 8.
1549 3020 1571 3041 p.
1590 3013 1604 3035 l.
1622 3019 1640 3035 a.
1660 3013 1680 3034 2.
1699 3019 1720 3041 (ι.
1743 3013 1759 3035 1.
1778 3019 1826 3041 seq.
