2166 3366
18 1326 122 1346 Conclusio.

36 1466 90 1486 natio
103 1467 120 1486 l.

34 1654 88 1673 Ratio
101 1654 118 1673 2.

35 1980 88 2000 Ratio
101 1981 118 2000 3.

752 168 833 196 DlST.
856 167 919 196 XXI.
942 168 1014 197 ΛΒΤ.
1037 168 1053 196 1.
1076 168 1210 205 QUAEST.
1233 168 1261 197 11.

137 246 210 275 citur
231 246 348 275 iacuisse
370 246 396 274 in
418 245 562 283 sepulcrm
584 245 632 274 sed
654 246 706 274 hoc
728 253 781 273 non
803 245 905 275 dicitur
926 246 978 275 nisi

138 293 242 321 ratione
264 293 355 321 carnis
377 293 539 322 coniunctae
552 292 573 320 ¹:
596 300 662 328 ergo
684 292 710 320 iu
734 292 827 320 triduo
848 300 913 321 caro
928 292 979 321 fuit

137 339 283 368 coniuncta
303 339 452 368 Divinitati.

215 385 241 414 3.
263 386 345 420 ltem,
367 385 621 423 quandocumque²
643 385 736 422 aliqua
764 385 821 413 duo
841 385 918 413 unita
940 393 979 414 se-

136 435 286 469 parantur,
309 436 357 461 aut
382 433 547 469 elongantur
579 432 732 460 secundum
765 431 978 460 dissimilitudi-

135 487 217 512 nem,
239 483 287 507 aut
309 479 463 507 secundum
483 478 654 515 positionem
663 489 672 511 ;
703 478 751 507 sed
784 486 848 507 caro
876 478 977 507 Christi

136 534 188 554 non
211 526 262 554 t'uit
283 525 409 562 elongata
435 533 450 553 a
483 525 573 554 Verbo
601 526 755 554 secundum
779 525 979 554 dissimilitudi-

136 579 198 600 nem
222 588 258 592 —-
280 571 342 600 talis
362 571 436 599 enim
458 571 594 608 elongatio
615 575 656 600 est
679 572 781 608 peccati
803 579 905 600 -nec
926 571 978 600 suit

136 618 262 655 elongata
290 618 445 647 seeundum
475 618 663 655 posicionem,
696 618 760 655 quia
783 618 906 647 Verbum
929 618 976 647 Dei

136 668 177 694 est
197 665 316 702 ubique:
339 673 405 701 ergo
427 664 453 692 in
477 667 565 693 morte
587 672 640 693 non
663 665 713 693 t'uit
736 665 826 693 soluta
848 665 913 693 unio
937 665 978 693 Di-

135 711 258 740 vinitatis
279 711 313 740 ad
335 719 455 740 carnem.

213 758 240 787 Ιι.
262 758 343 792 ltem,
365 758 434 786 nibil
456 758 565 787 unitum
588 758 663 787 carni
686 766 735 795 per
756 759 911 796 passionem
938 767 977 788 se-

134 804 286 842 parabatur
307 812 323 833 a
344 812 442 839 carne,
465 805 539 842 quod
562 813 614 833 non
638 808 795 842 pateretur,
821 814 904 834 carne
933 814 977 843 pa—

136 851 234 884 tiente;
256 851 304 880 sed
328 851 435 886 Deitas,
458 851 576 888 patiente
605 860 703 883 carue,
726 860 779 880 non
802 853 974 889 patiebatur:

135 906 201 935 ergo
223 906 272 935 per
295 898 450 935 passionem
479 901 506 927 et
535 902 652 927 mortem
682 899 716 927 ab
738 907 768 927 ea
792 907 844 927 non
868 907 976 936 separa-

135 944 217 973 batur
228 944 245 972 ³.

448 1046 659 1066 CONCLUSIO.

244 1131 277 1159 ln
298 1134 389 1159 morte
412 1129 522 1159 Christi
543 1130 640 1159 Deitas
662 1140 681 1159 (ι
703 1140 792 1159 earne
812 1140 867 1159 non

438 1177 498 1215 suit
519 1182 667 1215 separata.

213 1271 388 1300 Respoumzo:
421 1271 590 1303 Dicendum.
617 1272 689 1310 quod
722 1273 746 1301 in
783 1273 892 1301 morte⁴
923 1281 975 1301 nou

134 1317 186 1346 suit
207 1318 299 1347 Deitas
321 1322 447 1355 separata
468 1327 484 1347 a
505 1327 597 1348 carne.
621 1319 650 1347 Et
673 1319 742 1347 ratio
765 1319 849 1348 huius
872 1319 974 1356 triplex

134 1367 191 1399 est,
212 1365 341 1394 videlicet
363 1365 526 1394 liberalitas
540 1374 575 1394 ex
599 1369 676 1402 parte
691 1367 867 1401 assumentis.
883 1366 976 1404 ‹liqui-

135 1414 180 1440 tas
201 1419 237 1440 ex
259 1415 337 1449 parte
359 1412 557 1445 assumtibilis‚
580 1412 691 1440 utilitas
713 1420 747 1440 ex
772 1415 849 1449 parte
871 1420 975 1441 assum-

135 1457 224 1487 tionis.
246 1475 283 1479 —-
305 1458 496 1492 Liberalitas,
519 1459 646 1496 inquam,
678 1466 713 1487 ex
736 1462 813 1496 parte
834 1467 975 1488 assumen-

133 1504 183 1539 tis,
204 1505 285 1542 quia,
307 1513 371 1534 cum
393 1505 467 1534 Deus
488 1505 536 1534 dat
556 1505 668 1542 aliquod
691 1506 811 1539 donum,
834 1514 885 1534 non
913 1506 975 1534 sub-

134 1551 218 1580 trahit
240 1551 308 1580 illud
324 1552 382 1581 sine
397 1552 496 1589 culpa;
511 1552 532 1581 si
548 1560 614 1588 ergo
629 1552 702 1580 nnita
721 1552 802 1589 culpa
818 1553 974 1586 intervenit,

132 1605 186 1626 non
208 1598 300 1627 decuit
321 1598 444 1627 divinam
468 1599 659 1627 liberalitatem
676 1606 803 1633 caruem,
818 1607 901 1636 quam
923 1599 972 1627 sibi

134 1644 284 1673 liberaliter
306 1645 430 1679 unierat,
446 1653 576 1682 separare
598 1654 613 1673 a
634 1653 670 1674 se.
687 1662 724 1665 —
741 1645 876 1682 Digynitcts
890 1646 972 1674 etiam

132 1700 168 1721 ex
188 1695 267 1729 parte
287 1692 469 1721 assumtibilis
490 1693 540 1721 fuit
556 1693 582 1721 in
602 1701 701 1727 causa,
723 1700 810 1729 quare
833 1693 884 1721 ista
907 1693 973 1721 unio

132 1747 186 1767 non
208 1739 304 1768 debuit
325 1739 458 1776 separari.
481 1739 550 1767 Caro
571 1739 643 1767 enim
678 1739 722 1767 illa
745 1747 797 1767 uon
820 1739 915 1767 debuit
938 1740 974 1767 vi-

132 1786 199 1815 dere
219 1781 443 1822 corruptionem,
465 1786 619 1815 secundum
642 1786 711 1814 illud
733 1786 807 1823 quod
829 1786 930 1814 dicitur
946 1786 972 1815 in

133 1832 241 1861 Psalmo
254 1832 277 1860 ⁵:
303 1832 367 1861 Non
388 1833 473 1862 (labis
488 1833 629 1862 Sanctum
652 1837 733 1861 trium
756 1833 852 1861 videre
873 1841 974 1861 corru-

132 1880 275 1917 ptionem;
296 1881 367 1909 sicut
389 1888 455 1917 ergo
470 1888 614 1917 nunquam
636 1880 742 1913 decuit,
765 1880 851 1917 ipsam
875 1880 974 1909 incine-

133 1926 205 1960 rari,
227 1927 266 1955 sic
287 1935 430 1964 nunquam
453 1927 559 1961 decuit,
581 1927 668 1963 ipsam
690 1935 706 1954 a
729 1926 818 1955 Verbo
840 1927 973 1963 separari.

133 1990 171 1994 —-
190 1973 305 2002 Utilitas
320 1977 412 2002 autem
429 1981 465 2002 ex
481 1976 559 2010 parte
574 1973 752 2002 assumtionis
766 1973 801 2001 ad
814 1973 866 2001 hoc
882 1973 972 2009 ipsum

132 2019 257 2049 faciebat.
279 2020 317 2048 Ad
339 2020 390 2049 hoc
422 2020 496 2048 enim
528 2019 612 2049 fiebat
644 2020 689 2048 illa
720 2019 787 2048 unio
818 2019 973 2048 Divinitatis

131 2066 167 2095 ad
195 2066 348 2095 humanam
379 2070 508 2095 naturam
542 2070 568 2095 et
600 2067 690 2095 carnis
721 2066 755 2094 ad
784 2066 921 2100 animam,
942 2069 974 2094 ut

132 2116 333 2149 procuraretur
355 2116 449 2142 nostra
471 2113 555 2141 salus.
572 2113 602 2141 Et
617 2113 748 2149 quoniam
764 2112 901 2149 separatio
916 2120 973 2140 car-

131 2158 174 2187 uis
194 2167 210 2187 a
230 2159 378 2188 Divinitate
400 2159 426 2187 in
450 2159 526 2188 nullo
541 2159 641 2187 faceret
657 2158 691 2187 ad
707 2161 830 2187 nostram
846 2158 972 2192 salutem,

132 2213 183 2242 pro
204 2213 236 2234 eo
257 2206 330 2243 quod
354 2214 407 2234 non
430 2209 519 2242 potest
541 2213 590 2242 per
621 2212 682 2234 eam
705 2205 764 2233 fieri
787 2204 972 2239 satisfacti0⁸‚

131 2259 194 2281 cum
218 2252 351 2281 Divinitas
371 2260 424 2280 non
446 2252 531 2289 possit
546 2252 647 2280 sentire
663 2251 786 2280 dolorem
808 2254 835 2279 et
856 2258 971 2288 poenam

1822 170 1878 199 439

1037 246 1063 274 in
1086 246 1259 283 separatione
1281 246 1368 284 ipsius
1394 254 1409 274 a
1442 254 1540 280 carne;
1564 247 1626 276 hinc
1648 251 1704 281 est,
1726 247 1800 284 quod
1824 256 1877 276 non

1036 296 1095 321 erat
1110 293 1291 327 conveniens⁷
1313 300 1424 321 carnem
1447 294 1570 330 separari
1593 302 1608 322 a
1624 294 1780 323 Divinitate.
1803 294 1879 323 Unde

1036 347 1085 368 nec
1107 339 1197 376 passio
1219 339 1338 367 babebat
1353 339 1386 367 ad
1403 340 1455 368 hoc
1470 340 1590 377 aliquem
1607 341 1743 369 ordinem.
1759 358 1797 361 —
1812 341 1878 369 Con-

1035 385 1174 414 cedendae
1206 389 1270 414 sunt
1300 385 1383 421 igitur
1415 386 1535 415 rationes
1564 388 1691 416 inductae
1728 388 1763 416 ad
1797 388 1877 417 istam

1035 435 1151 469 partem.

1117 480 1140 507 1.
1162 478 1200 506 Ad
1223 478 1291 507 illud
1314 479 1387 516 quod
1410 479 1552 513 obiicitur,
1574 481 1646 517 quod
1670 481 1761 509 soluto
1777 481 1876 515 medio,

1036 526 1183 554 solvuntur
1204 528 1346 559 extrema;
1368 526 1534 561 dicendum,
1556 528 1629 564 quod
1654 527 1720 556 illud
1737 528 1820 557 babet
1835 536 1878 557 ve-

1035 573 1145 601 ritatem
1167 572 1201 601 de
1223 572 1314 601 medio
1342 572 1518 601 necessitatis
1531 573 1551 606 ⁷,
1574 582 1627 601 non
1649 577 1742 603 autem
1765 574 1799 603 de
1822 582 1876 603 me-

1035 619 1080 648 dio
1102 619 1315 656 commilitans,-
1335 619 1427 647 anima
1448 622 1541 648 autem
1575 628 1628 648 non
1660 625 1719 649 erat
1752 621 1874 650 medium

1035 666 1228 699 necessitatis,
1254 665 1302 694 sed
1324 666 1536 702 eonyrattatts,·
1555 671 1726 703 praeterea,
1751 676 1803 696 uon
1836 676 1876 696 so-

1036 712 1093 741 lum
1114 715 1174 741 erat
1207 712 1328 741 medium
1362 712 1466 741 ratione
1498 713 1698 741 coniunctionis
1720 715 1874 743 secuudum

1034 762 1150 793 actum,
1172 758 1220 788 sed
1242 759 1324 787 etiam
1347 759 1501 788 secundum
1524 758 1663 788 habitum.
1688 760 1717 788 Et
1740 760 1802 789 licet
1821 761 1876 789 ani-

1035 814 1078 834 ma
1100 814 1153 835 non
1175 809 1246 835 esset
1268 806 1344 835 unita
1366 806 1441 834 carui
1475 806 1500 834 in
1531 810 1633 840 morte,
1655 811 1714 835 erat
1735 811 1826 835 tamen
1850 808 1874 835 ei

1033 853 1158 887 unibiliS,
1180 855 1206 881 et
1228 861 1277 890 per
1299 853 1350 881 hoc
1371 861 1436 881 caro
1450 853 1532 881 etiam
1549 853 1662 881 unibilis
1677 854 1826 882 Divinitati.

1111 900 1137 928 2.
1159 899 1196 928 Ad
1219 899 1286 927 illud
1310 899 1384 936 quod
1399 899 1543 933 obiicitur,
1559 900 1633 936 quod
1650 900 1791 929 destructo
1807 901 1876 938 prio-

1034 946 1069 980 ri,
1091 945 1246 974 destruitur
1268 946 1421 983 posterius:
1451 945 1616 979 dicendum,
1643 947 1716 984 quod
1742 947 1810 976 illud
1833 956 1876 976 ve-

1034 1001 1096 1021 rum
1129 996 1185 1025 est,
1218 993 1263 1021 ubi
1297 993 1435 1029 posterius
1470 993 1603 1030 dependet
1639 994 1828 1022 essentialiter
1860 1003 1875 1023 a

1034 1039 1132 1076 priori;
1149 1039 1194 1068 ubi
1212 1047 1277 1068 vero
1298 1039 1402 1076 aliquid
1425 1040 1564 1077 praecedit
1590 1040 1709 1069 alterum
1732 1041 1803 1069 sicut
1822 1041 1877 1069 (Iis-

1031 1085 1136 1122 positio
1158 1094 1304 1123 eonyrzia,
1328 1094 1380 1114 non
1402 1089 1525 1123 oportet,
1548 1086 1621 1123 quod
1657 1087 1755 1115 habeat
1778 1087 1876 1115 verita-

1035 1135 1104 1166 tem3
1126 1136 1152 1161 et
1173 1133 1212 1161 sic
1243 1137 1284 1162 est
1307 1133 1331 1161 in
1355 1133 1504 1170 proposito.
1527 1133 1593 1162 Nam
1627 1134 1692 1162 unio
1721 1134 1876 1163 Divinitatis

1034 1180 1068 1209 ad
1091 1188 1201 1209 carnem
1225 1181 1283 1209 sive
1305 1181 1397 1209 carnis
1418 1180 1452 1209 ad
1476 1180 1653 1209 Divinitatem
1667 1181 1676 1194 ⁸
1700 1189 1754 1210 non
1776 1182 1876 1219 depen-

1034 1227 1080 1256 det
1111 1227 1300 1256 essentialiter
1332 1228 1389 1256 sive
1416 1227 1600 1264 dependentia
1630 1228 1808 1257 necessitatis
1840 1229 1875 1257 ab

1033 1274 1134 1303 unione
1156 1274 1268 1303 illorum
1290 1274 1410 1303 duorum
1444 1274 1478 1303 ad
1502 1274 1635 1309 invicem,
1662 1275 1710 1304 sed
1744 1275 1765 1304 si
1799 1276 1874 1304 illam

1033 1321 1252 1358 praesupponit,
1275 1321 1325 1350 hoc
1346 1324 1388 1350 est
1403 1321 1540 1358 quaedam
1557 1322 1753 1359 eonyruz'tacis
1778 1330 1874 1352 conve-

1032 1367 1143 1396 nientia.

1112 1414 1137 1443 3.
1159 1414 1196 1443 Ad
1220 1414 1288 1443 illud
1310 1415 1385 1452 quod
1407 1414 1551 1449 obiicitur,
1573 1415 1648 1452 quod
1664 1415 1798 1445 Divinitas
1820 1425 1873 1445 non

1032 1464 1073 1489 est
1094 1460 1208 1489 unibilis
1229 1464 1344 1489 naturae
1367 1460 1519 1489 irrationali
1541 1464 1568 1490 et
1594 1461 1762 1497 insensibili3
1784 1462 1875 1492 dicen-

1032 1505 1115 1541 dum,
1138 1506 1212 1543 quod
1235 1506 1255 1535 si
1269 1505 1279 1519 ⁹
1301 1514 1365 1535 caro
1380 1506 1480 1535 Christi
1504 1510 1569 1536 tunc
1590 1511 1698 1537 careret
1719 1512 1745 1537 et
1767 1509 1872 1538 ratione

1031 1557 1057 1582 et
1079 1561 1174 1585 sensu,
1197 1553 1316 1581 habebat
1333 1557 1423 1582 tamen
1445 1553 1572 1582 ordinem
1594 1554 1629 1583 ad
1651 1555 1872 1592 animam,quae

1032 1600 1165 1628 rationem
1188 1603 1214 1627 et
1235 1607 1347 1628 sensum
1371 1600 1397 1628 iu
1419 1608 1447 1628 se
1469 1600 1560 1629 habet.
1584 1600 1614 1628 Et
1634 1601 1662 1628 si
1683 1605 1713 1629 tu
1735 1601 1872 1636 obiicias,

1031 1646 1105 1684 quod
1129 1646 1197 1674 illud
1219 1654 1272 1674 non
1295 1645 1426 1679 sufficiat,
1458 1646 1532 1683 quod
1554 1646 1658 1684 aliquid
1686 1647 1721 1676 sit
1743 1648 1873 1684 possibile

1030 1693 1065 1722 asl
1089 1693 1217 1721 unionem
1249 1693 1357 1721 animae
1390 1693 1544 1727 rationalis,
1576 1694 1611 1722 ad
1644 1694 1695 1723 hoc
1716 1695 1790 1731 quod
1814 1703 1875 1724 con-

1030 1748 1133 1777 gruum
1164 1740 1198 1768 sit
1229 1739 1302 1768 uniri
1325 1747 1388 1768 cum
1417 1739 1577 1774 Divinitate;
1600 1740 1768 1775 dicendum,
1797 1742 1873 1779 quod

1030 1786 1135 1823 absque
1157 1786 1242 1814 dubio
1264 1786 1314 1814 boc
1347 1794 1400 1814 non
1432 1786 1584 1815 suffecisset
1612 1787 1637 1815 in
1661 1787 1815 1824 primordio
1838 1789 1875 1817 in-

1030 1833 1211 1866 carnationis,
1244 1833 1329 1861 immo
1359 1832 1443 1860 simul
1475 1832 1568 1861 decuit
1600 1833 1775 1863 Divinitatem
1799 1835 1872 1864 uniri

1030 1879 1105 1907 carui
1127 1882 1154 1908 et
1174 1879 1282 1907 animae
1300 1882 1332 1907 ut
1356 1879 1547 1913 coniunctis¹03
1569 1887 1650 1909 secus
1671 1884 1764 1909 autem
1787 1885 1828 1910 est
1847 1881 1874 1910 in

1030 1926 1161 1963 mysterio
1182 1929 1292 1954 nostrae
1314 1925 1528 1963 redemptionis,
1543 1927 1617 1964 quod
1640 1927 1753 1964 quidem
1776 1927 1875 1957 debuit

1030 1972 1216 2001 consummari
1233 1980 1282 2009 per
1299 1976 1432 2006 mortem3
1454 1976 1481 2001 et
1500 1973 1605 2002 ratione
1621 1974 1701 2003 cuius
1716 1982 1872 2011 congruum

1030 2019 1096 2053 suit,
1118 2023 1148 2048 ut
1169 2019 1216 2047 illa
1237 2027 1308 2056 quae
1330 2020 1408 2056 prius
1430 2020 1510 2048 valde
1532 2020 1678 2049 coniuncta
1700 2024 1795 2056 erant,
1819 2030 1872 2050 non

1031 2066 1122 2094 minus
1143 2074 1265 2102 congrue
1286 2069 1377 2095 essent
1398 2066 1433 2095 ad
1456 2070 1566 2104 tempus
1588 2067 1692 2102 divisa,
1714 2076 1779 2097 caro
1800 2068 1876 2097 vide-

1030 2111 1092 2141 licet
1113 2115 1140 2140 et
1160 2112 1268 2146 anima;
1289 2115 1316 2141 et
1337 2120 1388 2150 pro
1409 2112 1461 2141 isto
1483 2117 1607 2150 tempore
1627 2113 1696 2142 bene
1718 2114 1873 2143 sufficiebat

1030 2158 1080 2195 ipsi
1096 2158 1171 2187 carni
1186 2158 1327 2187 unibilitas
1342 2159 1377 2188 ad
1392 2159 1514 2188 animam
1531 2160 1589 2189 loco
1604 2161 1786 2197 eongruitatis
1812 2162 1872 2190 red—

1029 2204 1119 2233 dentis
1149 2212 1209 2233 eam
1242 2205 1368 2234 idoneam
1401 2205 1435 2234 ad
1468 2206 1599 2235 unionem
1629 2215 1691 2235 cum
1717 2208 1874 2237 Divinitatis

1029 2254 1138 2279 natura.

194 2369 201 2384 ¹
219 2369 263 2393 Ctr.
282 2371 339 2392 infra
357 2370 378 2392 d.
397 2371 433 2392 22.
452 2376 474 2398 q.
496 2371 513 2392 Ι.

192 2407 202 2422 ⁴²
220 2408 280 2430 Multi
291 2408 358 2430 codd.
369 2414 490 2436 perperam
500 2409 724 2437 quantumcumque.
738 2407 839 2429 Subinde
852 2412 894 2434 pro
906 2406 973 2429 unita

131 2446 198 2469 codd⁴
216 2448 233 2469 Α
244 2454 270 2469 aa
289 2446 381 2475 izmcta,
400 2447 449 2469 cod.
468 2447 486 2468 R
505 2446 637 2470 coniuncta.
651 2446 699 2468 Mox
711 2449 732 2468 et
745 2446 813 2473 paulo
825 2446 918 2468 interius
930 2452 973 2473 pro

131 2485 345 2509 dissimilitudinem
356 2485 407 2508 cod.
420 2486 437 2507 A
450 2484 628 2508 [Issiunctionem
645 2488 665 2506 et
678 2484 779 2507 similiter
796 2484 830 2506 bis
846 2483 972 2513 potentiam

133 2531 175 2552 pro
188 2524 336 2554 posicionem.

194 2563 204 2578 ³
219 2564 314 2590 Gregor.
332 2563 408 2590 Nyss.,
427 2563 496 2590 Epist.
515 2563 534 2584 3.
553 2562 583 2584 ad
608 2562 747 2584 Eustathiam
771 2565 791 2583 et
813 2561 972 2584 Ambrosiam:

132 2602 154 2624 lu
172 2605 245 2624 morte
263 2605 286 2624 ut
303 2607 388 2629 corpus
405 2601 434 2623 ab
452 2602 527 2623 anima
545 2604 704 2629 separaretur,
722 2607 763 2628 per
780 2600 973 2627 dispensationem

133 2640 199 2668 roem
217 2643 238 2662 at
255 2640 342 2667 Deitas,
361 2646 419 2668 quae
437 2639 573 2662 divisionem
599 2640 684 2661 nullam
711 2639 818 2666 admittit,
841 2638 880 2660 ubi
903 2639 972 2660 semel

132 2680 151 2701 ei
169 2679 272 2701 subiecto
289 2679 400 2706 cohaesit,
419 2684 493 2707 neque
510 2684 523 2700 a
540 2684 637 2706 corpore
656 2684 729 2706 neque
742 2677 771 2700 ab
783 2678 857 2699 anima
870 2683 972 2706 unquam

131 2718 172 2740 ruit
187 2717 285 2740 divulsa.

193 2755 203 2770 ⁴
221 2756 277 2779 Edd.
295 2756 400 2784 supplent
420 2755 513 2778 Christi.

196 2795 206 2809 ⁵
221 2795 301 2817 Psalm.
323 2794 360 2822 15,
383 2795 423 2821 to,
442 2800 510 2823 quem
529 2800 621 2816 versum
639 2795 735 2821 August.
753 2793 862 2821 (Enarrat.
878 2794 899 2815 in
913 2794 972 2815 hunc

132 2834 166 2856 Ps.
185 2840 205 2856 n.
228 2834 270 2862 10.)
288 2834 320 2856 sic
336 2834 512 2861 interpretatur:
537 2833 614 2861 Neque
631 2832 794 2855 sanctificatum
812 2838 907 2860 corpus,
931 2838 973 2860 per

132 2873 195 2902 quod
212 2876 234 2895 et
250 2873 287 2895 alii
304 2872 458 2896 sanctificandi
476 2875 542 2899 sunt,
554 2872 671 2899 corrumpi
683 2871 781 2898 patieris,
793 2882 825 2887 —·
836 2871 887 2893 Post
899 2876 971 2898 pauca

133 2918 175 2940 pro
191 2911 321 2935 incinerari
345 2912 396 2934 cod.
416 2912 434 2933 V
452 2910 581 2940 corrumpi.
600 2909 701 2932 Subinde
719 2915 760 2937 pro
778 2909 871 2932 Utilitas
893 2910 972 2932 autem

133 2950 201 2973 codd.
219 2952 235 2973 A
246 2951 266 2973 V
285 2950 377 2973 Utilitas
394 2950 471 2973 etiam.

1091 2368 1100 2383 ⁵
1117 2368 1161 2391 Csr.
1179 2375 1248 2397 supra
1266 2369 1288 2391 d.
1307 2370 1343 2391 20.
1362 2376 1383 2398 q.
1407 2370 1427 2391 3.
1445 2382 1475 2386 —
1491 2370 1560 2392 Paulo
1585 2370 1679 2392 interius
1705 2376 1747 2398 pro
1769 2370 1873 2400 aliquem

1029 2406 1136 2430 ordinem
1153 2407 1220 2430 codd.
1239 2408 1256 2429 R
1267 2407 1284 2430 U
1302 2407 1408 2437 aliquam
1425 2407 1604 2431 ordinationem.

1091 2445 1100 2459 ⁷
1119 2445 1142 2468 ld
1159 2449 1193 2468 est
1209 2446 1276 2474 illud,
1294 2447 1342 2468 sine
1355 2452 1401 2475 quo
1413 2447 1541 2469 coniunctio
1554 2450 1708 2469 extremorum
1721 2453 1771 2469 esse
1784 2448 1872 2476 nequit,

1030 2485 1092 2513 quod
1109 2485 1211 2507 medium
1228 2491 1297 2513 supra
1315 2485 1338 2507 d.
1357 2486 1377 2507 ⁵2.
1395 2492 1414 2507 a.
1434 2486 1454 2507 3.
1468 2491 1489 2513 q.
1507 2486 1524 2507 1.
1537 2489 1632 2508 vocatur
1643 2485 1747 2508 medinm
1759 2485 1873 2515 colligyan-

1029 2522 1081 2546 tiae.
1097 2535 1128 2539 —
1145 2523 1213 2545 Paulo
1231 2524 1324 2546 interius
1342 2530 1383 2551 pro
1400 2530 1448 2546 'non
1464 2523 1565 2547 solum...
1582 2524 1623 2547 secl
1638 2524 1707 2547 etium
1721 2525 1769 2546 vat.
1782 2525 1873 2547 exhibet

1029 2562 1187 2585 tautummodo
1204 2568 1274 2585 non...
1292 2562 1333 2585 sed
1349 2566 1370 2585 et
1387 2563 1469 2585 deinde
1495 2564 1551 2585 inter
1576 2563 1647 2585 verba
1674 2564 1704 2586 Et
1721 2563 1772 2586 licet
1789 2565 1873 2586 interii—

1029 2601 1058 2623 cit
1074 2600 1132 2623 ideo.

1091 2639 1101 2654 ⁸
1117 2640 1159 2662 Pro
1172 2639 1321 2662 Dii-ivitatem
1333 2640 1400 2662 codd.
1410 2642 1432 2662 et
1444 2639 1496 2662 edd.
1511 2640 1527 2667 l,
1538 2641 1551 2662 2
1561 2639 1674 2662 animam.
1685 2640 1787 2662 Fortasse
1798 2641 1870 2668 prima

1029 2678 1096 2700 codd.
1109 2679 1219 2706 scriptura
1238 2679 1279 2701 suit
1295 2678 1341 2701 sive
1359 2678 1492 2701 Divinitatis
1508 2678 1540 2701 ad
1556 2678 1662 2701 animam
1677 2685 1719 2706 pro
1731 2678 1780 2701 sit-e
1791 2679 1872 2702 carnis

1028 2716 1060 2740 ud
1071 2716 1228 2740 Divinitatem.
1246 2717 1316 2739 Etiam
1330 2718 1351 2739 in
1364 2717 1408 2739 fine
1423 2718 1490 2739 buius
1507 2717 1573 2740 solut.
1586 2717 1638 2739 edd.
1652 2717 1735 2740 habent
1752 2718 1870 2740 lectionem

1029 2757 1168 2784 variantem,
1186 2757 1243 2778 banc
1260 2757 1358 2779 scilicet:
1375 2755 1416 2779 sed
1431 2755 1453 2778 si
1468 2755 1511 2779 illa
1527 2756 1649 2785 supponit,
1663 2756 1706 2780 hoc
1723 2758 1756 2780 est
1768 2756 1872 2786 quadam

1029 2793 1185 2823 coum-uitatis
1202 2794 1368 2817 convenientia.
1386 2794 1458 2817 Codd.
1471 2796 1488 2816 Α
1498 2794 1515 2816 N
1525 2795 1543 2816 T
1554 2795 1574 2817 X
1587 2794 1644 2818 haec
1661 2796 1694 2817 est
1711 2801 1753 2823 pro
1770 2795 1815 2818 hoc
1831 2797 1870 2818 est.

1090 2832 1100 2847 ⁹
1117 2833 1185 2860 an,
1203 2839 1246 2861 pro
1263 2832 1285 2855 si
1300 2833 1422 2855 substituto
1440 2832 1494 2859 etsi,
1513 2833 1611 2856 subinde
1629 2834 1735 2856 omittunt
1752 2835 1814 2857 tnnc.

1093 2871 1111 2885 ¹⁰
1129 2871 1185 2893 Vide
1203 2878 1272 2899 supra
1286 2871 1307 2894 d.
1321 2872 1341 2894 3.
1360 2878 1381 2899 p.
1400 2872 1422 2894 ll.
1440 2878 1460 2894 a.
1479 2872 1499 2894 3.
1518 2878 1539 2900 q.
1558 2873 1578 2894 2.
1590 2873 1682 2895 —Mox
1700 2879 1742 2901 pro
1760 2873 1870 2903 mysterio

1028 2910 1081 2932 edd.
1099 2916 1151 2932 cum
1169 2910 1254 2939 aliquot
1271 2910 1337 2933 codd.
1355 2910 1495 2933 ministerio.
1507 2911 1601 2933 interius
1617 2917 1660 2939 pro
1676 2911 1803 2941 sufficiebat
1819 2912 1870 2935 cod.

1029 2949 1046 2970 B
1062 2948 1227 2977 satisfaciebat.

1890 487 1961 506 Solutio
1975 492 2007 510 op·

1891 511 2000 534 positorum.

1892 579 2006 599 Notandum.

1891 1002 2005 1021 Notandum.

1888 1748 2001 1767 Notandum.
