2166 3366
32 1038 121 1062 Quaestio
135 1039 163 1057 in-

45 1062 117 1081 cidens.

53 1931 122 1955 Opinio
136 1931 153 1950 ί.

49 2445 118 2469 Opinio
131 2446 150 2465 ἐξ,

772 162 855 190 DlST.
877 163 990 191 XXXIX.
1010 164 1083 192 ΛΒΤ.
1105 164 1146 193 ΙΙΙ.
1168 165 1303 201 QUAEST.
1326 165 1343 194 1.

179 240 275 269 tendat
296 248 325 269 se
346 240 438 277 ipsum
459 240 600 277 obligare,
622 240 761 278 quidquid
786 240 914 269 exterius
935 241 1028 278 loqua-

179 290 235 321 tur,
255 287 332 324 apud
353 287 441 315 Deum
464 295 519 315 non
550 287 603 316 erit
623 287 777 324 obligatus:
800 295 867 324 ergo
889 287 1027 316 iuramen-

180 337 239 362 tum
261 333 389 362 dolosum
420 334 577 363 secundum
610 334 755 362 veritatem
786 342 841 362 non
862 338 905 363 est
925 334 1028 372 obliga-

180 380 292 409 torium.

258 427 284 456 3.
305 427 390 462 Item,
410 427 542 465 obligatio
563 427 713 456 iuramenti
734 435 789 456 non
811 430 853 456 est
873 436 889 456 a
904 427 962 465 leye
975 436 1027 456 na-

179 473 274 502 turali
294 477 419 508 tantum,
450 474 499 502 sed
529 474 613 503 etiam
635 482 652 502 a
684 474 744 510 lege
765 474 886 502 naturali
908 477 935 503 et
956 477 1026 503 actu

174 521 317 558 proprio,-
331 521 380 550 sed
396 521 492 550 nullus
506 521 647 558 obligatur
668 524 733 549 actu
748 521 875 558 proprio,
891 521 942 549 nisi
959 520 1026 550 velit

177 571 205 596 et
225 568 350 596 Intendat
371 576 400 597 se
422 568 514 605 ipsum
536 568 675 604 obligare:
698 568 720 596 si
746 575 813 605 ergo
835 568 932 596 iurans
954 567 1027 596 iura-

177 617 271 643 mento
292 615 389 644 doloso
410 623 465 643 non
486 615 630 643 intendat¹
655 623 685 644 se
707 615 799 651 ipsum
821 615 961 652 obligare,
975 615 1024 643 sed

176 661 264 690 alium
286 662 430 697 deludere,
452 670 506 690 nou
527 662 640 691 videtur
660 662 778 699 obligari
800 661 956 691 secundum
982 669 1026 690 ve-

176 709 296 738 ritatem.

255 755 282 784 [ι.
304 755 387 790 item,
409 755 600 784 iuramentum
616 763 670 784 non
692 758 734 784 est
748 755 956 792 obligatorium,
971 754 1024 783 nisi

175 802 289 838 quando
314 802 424 830 «habet
446 810 512 831 suos
533 802 664 836 comites,
687 801 817 830 videlicet
839 801 975 829 iudicium
997 804 1025 828 et

176 848 309 877 iustitiam
332 852 359 877 et
381 849 525 877 veritatem
539 849 588 883 2»;
610 849 659 877 sed
681 848 809 877 dolosum
832 847 1024 876 iuramentum

175 900 251 924 caret
273 897 404 925 veritate:
427 904 494 933 ergo
522 904 576 924 non
599 895 726 930 videtur,
758 894 831 932 quod
866 894 1025 923 introducat

175 942 382 980 obligationem.

254 990 336 1019 quta
357 990 409 1019 hoc
430 990 592 1028 quaeritur,
614 989 727 1026 quando
758 988 845 1017 verba
873 987 1024 1016 iuramenti

175 1040 241 1065 sunt
261 1037 399 1075 duplicia,
430 1041 457 1066 et
489 1037 585 1065 iurans
607 1036 725 1065 intendit
747 1036 773 1064 in
795 1043 852 1064 uno
874 1043 974 1069 sensu,
996 1037 1023 1063 et

174 1083 312 1121 recipiens
332 1084 358 1112 iu
380 1083 447 1115 alio,
469 1084 550 1112 cuius
582 1082 725 1111 intentioni
757 1082 793 1111 sit
820 1082 963 1110 standum.
992 1081 1023 1110 Et

173 1131 248 1167 quod
271 1130 360 1167 magis
381 1130 513 1159 standum
536 1130 571 1158 sit
603 1129 747 1158 intentioni
779 1128 961 1166 recipientis,
986 1129 1022 1157 vi-

172 1177 256 1206 detur
278 1185 328 1215 per
349 1177 545 1206 auctoritatem
561 1177 657 1206 lsidori
681 1176 760 1214 prius
781 1176 923 1210 habitatin
946 1176 1021 1213 quod

172 1232 240 1253 vero
262 1225 351 1261 magis
372 1224 515 1253 intentioni
550 1223 696 1257 iurantis,
723 1223 835 1252 videtur
857 1231 907 1260 per
928 1226 1023 1252 aucto-

171 1271 282 1300 ritatem
310 1271 435 1308 Gregorii
466 1271 545 1308 prius
573 1271 715 1305 habitam,
744 1279 800 1308 qua
831 1270 913 1305 dicit,
945 1270 1021 1307 quod

176 1319 285 1347 «verba
317 1318 357 1347 illi
389 1318 532 1347 intentioni
566 1317 747 1352 deserviunt,
776 1325 812 1347 ex
844 1326 900 1355 qua
932 1318 1022 1355 prose-

171 1369 274 1395 runtur
287 1377 314 1394 ».

487 1467 700 1489 CONCLUSIO.

169 1554 250 1583 Satis
275 1553 428 1592 probabile
455 1562 514 1582 esse
545 1553 679 1587 videtur,
709 1553 787 1591 quod
817 1553 1019 1582 iuramentum

248 1601 382 1630 dolosum
404 1601 435 1629 in
455 1599 524 1638 foro
546 1600 600 1629 Dei
620 1609 678 1628 non
698 1600 738 1629 sil
758 1600 932 1637 simpliciter
954 1599 1020 1629 obli-

245 1648 414 1686 gater-ium,
435 1647 500 1676 licet
530 1647 562 1675 in
592 1645 660 1684 foro
683 1646 828 1675 Ecclesiae
849 1646 969 1684 obliyet,
993 1650 1020 1675 et

246 1694 338 1723 simul
357 1694 560 1723 committatur
581 1694 694 1722 crimen
711 1693 852 1731 periurii.

247 1789 425 1818 Respcmmzo:
448 1787 487 1816 Ad
509 1787 719 1825 praedictorum
742 1786 954 1824 intelligentiam
977 1791 1018 1816 est

168 1835 338 1870 notandum,
359 1834 434 1872 quod
457 1834 502 1863 hic
522 1836 565 1863 est
585 1833 692 1871 duplex
714 1833 816 1862 modus
837 1833 956 1862 dicendi.

246 1882 366 1920 Quidam
389 1889 510 1919 namque
531 1881 625 1910 dicere
656 1880 821 1915 voluerunt,
847 1881 922 1918 quod
945 1881 1018 1910 iura-

167 1934 294 1959 mentum
315 1929 444 1959 dolosum
466 1928 631 1966 simpliciter
651 1927 775 1965 obligat,
796 1928 942 1965 quoniam,
964 1929 1015 1958 etsi

166 1977 282 2006 dolosus
313 1976 438 2005 intendat
462 1975 549 2004 alium
572 1975 714 2012 decipere,
736 1975 855 2004 intendit
870 1978 961 2004 tamen
977 1975 1016 2004 di-

165 2031 229 2053 cere
250 2023 337 2052 verba
368 2022 551 2060 obligatoria3
573 2025 600 2051 et
630 2022 698 2051 dum
722 2022 768 2050 illa
789 2022 947 2051 voluntarie
969 2030 1016 2051 ex-

165 2070 254 2099 terius
266 2069 380 2107 profert,
394 2069 558 2106 simpliciter
572 2076 602 2097 se
617 2068 710 2106 ipsum
724 2069 837 2106 obligat.
852 2069 911 2098 Nec>
920 2069 1015 2106 aliquo

165 2117 248 2146 modo
269 2120 423 2146 excusatur
444 2124 494 2153 per
515 2115 608 2145 cordis
629 2115 856 2150 fraudulentiam,
878 2117 944 2153 quia
959 2124 1013 2145 non

164 2163 343 2193 solummodo
364 2163 510 2200 recipiens,
532 2162 581 2191 sed
602 2162 686 2191 etiam
709 2162 769 2200 ipsa
783 2162 893 2192 Veritas
914 2163 1014 2200 accipit

164 2210 251 2239 verba
273 2209 429 2238 secundum
451 2217 581 2244 sensum,
602 2217 686 2247 quem
715 2209 830 2243 faciunt,
851 2214 877 2238 et
900 2210 937 2238 ita
958 2218 1012 2238 non

164 2256 342 2286 solummodo
364 2256 390 2285 in
413 2259 563 2293 conspectu
585 2257 747 2291 hominum,
769 2257 853 2285 immo
875 2256 958 2285 etiam
974 2264 1013 2285 se-

164 2304 288 2333 cundum
312 2303 457 2332 veritatem
479 2303 591 2337 dicunt,
619 2303 695 2340 quod
727 2303 917 2331 iuramentum
939 2303 1013 2331 dolo-

163 2358 225 2379 sum
248 2353 290 2379 est
310 2349 517 2386 obligatorium.

242 2397 294 2426 Sed
317 2397 448 2433 quoniam
463 2396 595 2433 obligatio
611 2396 760 2425 iuramenti
775 2399 817 2424 est
837 2396 1012 2433 obligatoria,

164 2444 236 2473 sicut
257 2443 389 2479 obligatio
410 2443 466 2472 voti
488 2446 515 2472 et
537 2442 723 2476 matrimonii;
740 2442 801 2471 ideo
823 2442 935 2471 videtur
949 2442 1011 2471 aliis

164 2491 330 2523 dicendum,
352 2490 426 2527 quod
441 2490 513 2518 sicut
529 2489 754 2518 matrimonium
770 2497 822 2517 non
838 2492 880 2517 est
902 2497 1010 2523 verum,

164 2615 209 2634 tem
226 2616 269 2634 etr.
280 2624 312 2628 —
324 2613 366 2634 l’ro
382 2612 467 2641 parent
485 2617 528 2633 non
548 2611 615 2639 pauci
633 2611 701 2633 codd.
719 2617 772 2633 cum
790 2612 843 2634 cdd.
863 2613 883 2640 l,
896 2613 909 2634 2
921 2613 1008 2641 putent,

162 2654 184 2673 ct
201 2657 243 2679 pro
262 2651 324 2673 Deus
341 2650 392 2673 cod>
413 2650 427 2672 U
448 2649 570 2673 Dominus.
589 2650 684 2672 interius
702 2656 744 2678 pro
757 2650 888 2674 secundum
905 2650 1011 2674 intenlio-

162 2696 216 2713 nem
233 2690 284 2713 cod.
304 2690 320 2712 U
338 2696 369 2712 ea:
386 2689 526 2717 intentione,
544 2692 566 2711 ct
584 2695 625 2717 pro
642 2695 691 2712 non
702 2689 808 2712 intendat
819 2690 888 2712 codd.
907 2690 948 2712 Fi<
962 2696 1011 2713 non

163 2727 267 2752 intendit.

227 2769 232 2783 ¹
251 2768 324 2791 Codd.
342 2769 358 2790 A
369 2769 385 2790 N
403 2767 507 2790 intendit.

224 2808 233 2822 '²
251 2807 383 2830 Secundum
403 2808 492 2829 Hieron.
511 2813 582 2835 super
607 2807 661 2829 illud
689 2807 767 2829 iurem.
791 2807 815 2834 4,
835 2808 863 2830 2:
882 2808 906 2830 Et
924 2808 1010 2830 iudica-

163 2846 212 2869 bis:
232 2847 293 2869 Vivit
312 2847 422 2868 Dominus
440 2847 461 2868 in
480 2847 574 2868 verit-'ilc
597 2850 619 2868 et
637 2847 657 2868 in
675 2846 759 2868 iudicio
777 2850 799 2868 ct
819 2847 840 2868 in
862 2847 951 2869 institia.
964 2847 1008 2869 (Σίν.

162 2886 198 2908 liic
216 2886 246 2908 m.
265 2886 377 2914 Magistri,
396 2892 415 2907 c.
437 2886 455 2907 1.

226 2924 236 2939 ³
251 2924 295 2947 Csr.
315 2924 351 2946 lV.
369 2926 430 2946 Senl.
448 2924 470 2946 d.
490 2924 526 2946 27.
544 2931 564 2946 a.
583 2925 604 2946 2.
623 2931 644 2953 q.
664 2925 689 2951 2„
709 2924 747 2946 nbi
765 2924 794 2946 dc
813 2925 968 2952 matrimonio,
987 2928 1008 2947 et

163 2963 184 2986 d.
203 2964 240 2985 38.
257 2970 277 2986 a.
300 2964 316 2986 1.
335 2970 357 2992 q.
381 2965 401 2991 l,
421 2963 459 2985 ubi
478 2964 506 2985 de
525 2966 586 2985 voto.
604 2976 633 2979 —
652 2964 721 2985 tundo
738 2968 789 2986 ants:
808 2970 850 2991 pro
867 2963 1007 2993 obliquior-iu

1875 168 1932 197 875

1084 243 1136 271 nisi
1159 243 1268 272 intersit
1289 244 1405 272 interior
1426 252 1588 277 consensus,
1610 253 1660 274 nec
1682 248 1724 274 est
1744 249 1843 273 votum
1865 245 1932 274 obli-

1083 291 1239 327 gatorium,
1260 291 1311 319 nisi
1334 291 1370 319 sit
1391 291 1506 320 intentio
1520 292 1661 329 obligandi
1675 292 1698 320 ³:
1722 292 1760 321 sic
1782 292 1864 321 etiam
1882 301 1932 322 nec

1084 336 1176 373 ipsum
1194 337 1396 366 iuramentum
1411 338 1544 366 dolosam
1559 339 1710 368 dicendum
1726 343 1768 368 est
1789 347 1850 368 esse
1864 340 1932 368 sim-

1082 383 1197 420 pliciter
1218 383 1432 420 obligatorium,
1455 384 1482 413 in
1503 394 1559 422 quo
1581 386 1644 423 quis
1668 386 1708 415 sic
1729 386 1813 420 iurat,
1843 390 1874 415 ut
1896 390 1932 415 ta-

1083 438 1146 459 men
1169 438 1218 467 per
1240 430 1287 459 illa
1309 431 1395 459 verba
1416 440 1445 460 se
1466 432 1559 469 ipsum
1574 433 1698 470 obligare
1721 442 1774 462 non
1798 434 1930 463 intendat.

1084 477 1114 505 Et
1142 479 1291 514 propterea
1321 478 1478 507 secundum
1510 479 1577 508 istos
1608 480 1790 517 distinguitur
1822 481 1931 518 duplex

1082 523 1188 557 forum,
1208 523 1337 552 videlicet
1358 524 1450 553 forum
1473 526 1618 555 Ecclesiae
1639 531 1665 555 et
1680 527 1772 556 sorum
1788 528 1931 557 conscien-
1944 533 2016 557 Dumex
2034 534 2060 552 so-

1083 570 1147 598 tiae.
1170 570 1330 599 Secundum
1362 571 1453 600 sorum
1487 572 1632 601 Ecclesiae
1661 574 1851 603 iuramentum
1875 575 1928 604 lale
1941 562 2062 599 Cossffi‘sioi

1082 621 1124 645 est
1144 617 1355 654 obligatorium;
1379 618 1498 647 Ecclesia
1520 620 1593 648 enim
1617 620 1721 649 iudicat
1742 621 1777 650 de
1799 621 1843 650 his
1858 630 1930 659 quae

1081 663 1208 692 exterius
1238 663 1384 701 obligare⁴
1413 669 1545 701 possunt3
1576 667 1652 696 unde
1682 675 1746 696 cum
1776 668 1862 697 verba
1884 669 1931 698 illa

1080 709 1276 746 obligationem
1299 711 1473 748 exprimant,
1506 712 1625 746 iudicat,
1657 714 1696 743 sic
1724 714 1864 744 iurantem
1893 716 1928 744 ad

1082 756 1109 785 id
1130 756 1206 793 quod
1229 757 1315 785 verba
1330 757 1471 787 insinuant
1485 759 1612 796 obligari.
1634 760 1662 789 In
1678 761 1738 789 foro
1753 766 1846 791 autem
1863 763 1929 797 Dei,

1080 803 1127 840 qui
1151 803 1255 832 iudicat
1276 805 1432 833 secundum
1455 809 1563 834 secreta
1581 808 1765 837 conscientiae
1787 812 1814 838 et
1835 818 1930 838 secun-

1081 849 1148 877 dum
1172 849 1332 884 veritatem,
1355 851 1406 880 iste
1421 852 1534 888 quidem
1551 861 1605 881 non
1620 854 1771 890 obligatur,
1793 856 1859 892 quia
1873 864 1927 885 non
1942 860 2040 879 Conclusio
2052 861 2070 879 2-

1080 895 1170 924 voluit
1190 896 1315 933 obligare
1337 905 1367 926 se
1389 898 1491 935 ipsum.
1513 899 1584 936 Quia
1600 903 1691 929 tamen
1714 901 1809 930 dolose
1825 902 1929 932 iuravit

1080 946 1107 971 et
1128 951 1229 972 nomen
1262 943 1308 972 Dei
1343 944 1369 972 in
1400 953 1504 974 vanum
1530 947 1676 982 assumsit,
1699 948 1790 976 statim
1815 949 1840 977 iu
1863 952 1927 979 actu
1940 953 2039 973 Conclusio
2051 955 2069 973 ³-

1081 990 1140 1026 ipso
1161 990 1301 1019 commisit
1321 991 1427 1020 crimen
1448 992 1574 1029 periurii.
1596 993 1650 1022 Nec
1665 998 1790 1031 reportat
1810 1004 1930 1024 commo-

1080 1036 1147 1065 dum
1164 1037 1199 1065 de
1219 1037 1340 1072 malitia,
1362 1037 1428 1075 quia
1451 1039 1528 1076 apud
1552 1040 1639 1068 Deum
1655 1048 1690 1069 ex
1709 1041 1755 1070 illo
1771 1042 1929 1072 iuramento

1080 1083 1220 1112 iudicatur
1234 1084 1243 1097 ⁵
1265 1084 1368 1121 dignus
1389 1093 1478 1122 poena
1499 1090 1622 1115 aeterna.

1159 1131 1189 1159 Et
1210 1131 1262 1160 iste
1283 1131 1397 1169 quidem
1420 1133 1521 1161 modus
1543 1133 1653 1162 dicendi
1686 1135 1753 1164 satis
1774 1136 1928 1172 probabilis
1938 1141 2028 1169 'udicium
2037 1147 2070 1161 ²¹¹¹-

1078 1185 1139 1206 esse
1163 1177 1282 1206 videtur.
1306 1179 1336 1207 Et
1357 1179 1512 1208 secundum
1536 1179 1628 1217 ipsum
1644 1184 1719 1217 patet
1734 1182 1878 1219 responsio
1892 1183 1928 1212 ad
1954 1167 2017 1183 &⁰⁸⁵⁴

1078 1224 1270 1261 quaestionem
1286 1226 1470 1263 propositam
1485 1227 1568 1255 etiam
1585 1235 1636 1264 pro
1650 1236 1749 1265 magna
1761 1233 1839 1266 parte
1854 1234 1928 1267 patet

1078 1271 1224 1308 responsio
1244 1271 1279 1300 ad
1301 1272 1417 1301 obiecta.
1439 1273 1506 1301 Nam
1536 1274 1673 1309 rationes,
1701 1283 1773 1312 quae
1794 1276 1926 1313 probant,
1941 1282 1970 1301 Ad
1982 1288 2033 1306 aris-

1078 1318 1148 1346 illud
1171 1319 1361 1348 iuramentum
1383 1327 1437 1348 non
1459 1328 1520 1349 esse
1541 1321 1755 1358 obligatorium,
1776 1324 1928 1353 ostendunt

1078 1365 1130 1394 hoc
1151 1374 1205 1394 non
1237 1366 1417 1404 simpliciter,
1448 1368 1497 1396 sed
1530 1368 1557 1396 in
1589 1368 1648 1397 soro
1669 1369 1731 1404 Dei,
1752 1370 1800 1407 qui
1823 1370 1927 1400 iudicat

1078 1413 1233 1441 secundum
1256 1413 1454 1450 intentionem,
1484 1415 1640 1444 secundum
1662 1425 1747 1453 quam
1770 1417 1866 1447 dolose
1889 1419 1927 1447 iu-

1077 1468 1143 1489 rans
1159 1469 1213 1489 non
1236 1461 1397 1490 intendebat
1418 1469 1447 1491 se
1470 1463 1561 1499 ipsum
1581 1463 1715 1500 obligare.
1738 1464 1866 1494 Rationes
1880 1474 1927 1494 au-

1077 1511 1149 1541 tem,
1170 1515 1242 1545 quae
1263 1508 1298 1536 ad
1321 1508 1479 1545 oppositum
1502 1509 1693 1545 inducuntur,
1715 1511 1870 1548 procedunt
1886 1520 1926 1541 se-

1076 1554 1201 1583 cundum
1217 1554 1310 1584 forum
1325 1555 1562 1591 ecclesiasticum,
1577 1557 1658 1586 aliter
1674 1566 1727 1586 non
1743 1559 1923 1588 concludunt.

1158 1602 1182 1629 1.
1205 1601 1281 1630 Unde
1296 1602 1331 1630 ad
1346 1603 1541 1632 auctoritatem
1557 1603 1671 1639 Isidori,
1686 1613 1742 1642 qua
1758 1605 1833 1641 dicit,
1849 1607 1924 1643 quod
1938 1610 2010 1637 Sannio
2023 1616 2055 1635 ⁰1>-

1077 1647 1151 1676 Deus
1171 1648 1271 1685 accipit
1292 1649 1378 1677 verba
1406 1649 1562 1685 secundum
1591 1651 1770 1680 intentionem
1794 1636 2049 1689 recipien-p⁰⁵n⁰mm'

1076 1695 1126 1727 tis;
1148 1695 1315 1730 dicendum,
1337 1696 1411 1733 quod
1435 1696 1488 1725 hoc
1509 1697 1590 1731 dicit,
1613 1706 1666 1726 non
1681 1699 1746 1735 quia
1769 1698 1828 1736 ipse
1850 1700 1925 1729 Deus

1074 1742 1110 1770 ad
1132 1742 1185 1771 hoc
1206 1745 1318 1779 reputet
1350 1743 1491 1772 hominem
1522 1743 1693 1781 obligatum,
1726 1746 1774 1774 sed
1801 1746 1863 1783 quia
1887 1755 1923 1775 ex

1075 1788 1143 1823 hoc,
1164 1789 1239 1826 quod
1263 1789 1308 1818 ille
1332 1798 1386 1818 uon
1408 1790 1526 1819 intendit
1548 1791 1655 1826 iurare,
1678 1792 1749 1821 sicut
1772 1793 1816 1822 ille
1840 1793 1925 1822 inten—

1074 1834 1158 1863 debat
1179 1835 1320 1872 recipere,
1343 1835 1433 1869 Deus,
1455 1836 1503 1873 qui
1536 1837 1587 1866 hoc
1609 1838 1771 1875 requirebat
1791 1847 1827 1868 ex
1850 1840 1921 1869 veri-

1074 1885 1129 1911 tate
1150 1886 1177 1911 et
1210 1882 1329 1917 iustitia,
1361 1886 1473 1920 reputat
1505 1884 1595 1920 ipsum
1628 1885 1782 1922 obligatum
1804 1887 1839 1915 ad
1862 1895 1924 1924 poe-

1072 1937 1136 1958 nam
1149 1929 1168 1957 Β.
1190 1946 1229 1950 -
1251 1930 1299 1959 Vel
1322 1934 1412 1967 potest
1433 1930 1479 1959 ille
1500 1938 1594 1960 sermo
1615 1932 1776 1961 causaliter
1798 1933 1923 1971 intelligi,
1937 1939 2004 1958 Alim-

1072 1979 1103 2004 ut
1124 1976 1250 2010 dicatur,
1271 1977 1346 2014 quod
1369 1976 1444 2005 Deus
1465 1977 1503 2006 sic
1525 1977 1637 2015 accipit,
1658 1979 1725 2016 quia
1746 1979 1785 2008 sic
1808 1980 1868 2009 vult
1882 1989 1924 2010 ac-

1071 2022 1124 2060 cipi
1146 2023 1183 2052 ab
1204 2023 1264 2060 ipsa
1286 2023 1423 2058 Ecclesia,
1445 2027 1472 2053 et
1493 2025 1533 2053 sic
1556 2025 1616 2054 vult
1636 2026 1720 2054 etiam
1744 2027 1870 2056 iudicari.

1150 2072 1176 2099 2.
1199 2070 1237 2099 Ad
1258 2070 1329 2100 illud
1351 2071 1426 2108 quod
1448 2071 1596 2107 obiicitur,
1611 2073 1686 2110 quod
1702 2073 1780 2103 fraus
1795 2078 1822 2104 et
1837 2075 1920 2105 dolus

1071 2117 1173 2146 nemini
1196 2117 1299 2146 debent
1321 2118 1506 2155 patrocinari3
1529 2122 1604 2155 patet
1626 2121 1771 2157 responsio
1793 2130 1843 2158 per
1865 2123 1918 2151 iam

1070 2164 1155 2192 dicta:
1178 2164 1244 2201 quia
1265 2164 1343 2193 fraus
1363 2168 1391 2193 et
1411 2164 1493 2193 dolus
1516 2173 1569 2193 non
1591 2166 1802 2202 patrocinantur
1825 2168 1867 2197 isti
1892 2169 1919 2197 in
1935 2173 2048 2193 Notandum·

1070 2210 1129 2238 soro
1152 2210 1312 2244 Ecclesiae,
1335 2211 1420 2239 immo
1452 2211 1630 2248 compellitur
1661 2213 1696 2241 ab
1718 2213 1777 2250 ipsa
1802 2214 1921 2244 Ecclesia

1070 2256 1259 2285 iuramentum
1282 2259 1391 2292 tenere,
1413 2265 1445 2286 ac
1460 2258 1481 2286 si
1505 2258 1625 2287 iurasset
1646 2267 1712 2289 vere
1733 2264 1761 2289 et
1783 2261 1919 2297 fideliter;

1069 2312 1123 2332 non
1150 2304 1360 2341 patrocinantur
1381 2306 1464 2333 etiam
1488 2305 1514 2333 in
1537 2305 1596 2334 foro
1628 2306 1697 2340 Det,
1719 2307 1785 2344 quia
1806 2316 1841 2337 ex
1866 2309 1918 2338 hoc

1069 2351 1128 2388 ipso
1149 2351 1290 2388 obligatur
1311 2355 1338 2380 et
1360 2359 1426 2380 reus
1457 2351 1577 2382 efficitur
1600 2362 1699 2390 magna
1722 2363 1818 2392 poena.
1841 2356 1919 2386 Unde

1068 2398 1090 2426 si
1114 2397 1206 2426 veniat
1227 2398 1261 2426 ad
1286 2398 1502 2435 poenitentiam,
1524 2403 1565 2428 est
1585 2400 1609 2428 ei
1633 2401 1727 2437 gravis
1749 2403 1918 2438 poenitentia

1069 2443 1252 2480 imponenda;
1274 2448 1301 2473 et
1321 2452 1420 2472 sanum
1454 2446 1601 2474 consilium
1634 2449 1676 2475 est
1698 2450 1724 2476 et
1746 2448 1863 2484 decens,
1887 2453 1917 2478 ut

1069 2490 1167 2519 merito
1189 2490 1288 2527 culpae
1309 2492 1361 2520 sibi
1384 2492 1559 2529 imponatur,
1581 2496 1612 2521 ut
1634 2494 1822 2524 iuramentum
1845 2504 1916 2524 com-

1068 2613 1135 2636 codd.
1154 2615 1170 2636 A
1181 2613 1212 2636 hb
1231 2613 1376 2637 voluntaria.
1398 2615 1520 2643 Aliquanto
1538 2615 1632 2638 insertus
1651 2623 1692 2644 pro
1709 2616 1839 2640 secundnm
1859 2617 1915 2641 istos

1067 2652 1118 2674 cod.
1137 2654 1152 2674 A
1170 2652 1302 2675 secundum
1319 2653 1391 2676 istum
1409 2653 1514 2676 mortum.

1131 2691 1140 2706 ⁴
1158 2693 1264 2714 l’erinulli
1282 2693 1349 2715 codd.
1367 2692 1475 2722 obliyari.

1129 2730 1139 2745 ⁶
1156 2731 1211 2755 Cod.
1229 2732 1246 2752 G
1265 2732 1403 2761 reputatur,
1422 2732 1473 2755 rod.
1492 2733 1509 2755 U
1526 2734 1566 2755 cst.
1587 2733 1680 2756 insci-ius
1698 2741 1740 2762 pro
1756 2734 1827 2757 eliam
1845 2736 1912 2758 codd.

1067 2770 1082 2791 A
1094 2770 1110 2791 N
1123 2770 1138 2791 t!
1156 2771 1177 2792 el
1194 2769 1271 2792 etiam.

1129 2808 1138 2823 Β
1156 2809 1223 2836 Ilugo
1240 2816 1251 2830 u
1270 2810 1292 2831 S.
1312 2810 1380 2837 Vict.y
1407 2811 1470 2832 Sum.
1497 2812 1556 2834 Sunt.
1584 2814 1609 2833 tr.
1636 2811 1656 2833 1i.
1675 2818 1693 2834 c.
1712 2813 1733 2834 55.
1752 2813 1795 2834 hol·
1813 2813 1911 2836 xci-bum

1066 2847 1143 2869 isidori
1161 2854 1278 2875 exponi-ns
1295 2849 1340 2870 ait:
1358 2850 1410 2871 Arte
1429 2849 1567 2877 voi-lunum),
1594 2850 1616 2872 id
1642 2855 1676 2873 cst
1699 2852 1738 2880 qui
1757 2852 1785 2873 ad
1804 2852 1911 2875 fraudan-

1066 2886 1121 2908 dum
1139 2887 1208 2908 :ilium
1228 2887 1300 2915 inrnt;
1320 2888 1380 2909 Unus
1398 2891 1450 2910 ίιιιιιτ
1469 2895 1523 2911 vore
1540 2890 1572 2910 siv
1589 2890 1681 2918 :is-picit,
1701 2894 1723 2913 ut
1742 2891 1778 2912 ill-¹
1796 2892 1834 2920 qui
1853 2891 1911 2913 [nln-

1064 2926 1098 2947 xle
1114 2925 1243 2953 ‹li-cipitur,
1262 2927 1364 2954 intuiti-,git
1380 2930 1422 2949 etr.
