2166 3366
721 177 751 204 ΙΝ
774 177 813 204 Ill.
837 177 957 205 LIBRUM
979 177 1240 206 SENTENTIARUM.
1832 181 1854 209 V

112 255 157 277 side
174 257 269 278 toi-mata
282 255 313 283 (q.
327 256 387 284 (SR),
401 255 430 277 de
442 255 541 277 articulis
554 255 605 277 Fidei
617 257 639 276 et
651 254 766 282 Symbolis
780 255 810 283 (q.
824 255 877 282 OQ).
891 255 955 277 Nunc

111 305 187 324 autem
198 302 305 330 vidimus,
316 302 378 331 quod
388 305 466 324 auctor
477 302 633 329 supplementi
644 302 684 323 has
696 302 841 329 quaestiones
852 307 878 323 ex
891 302 954 323 utro-

111 355 155 378 que
172 352 264 371 auctore
281 350 405 376 congessit,
424 348 561 376 plerumque
579 347 607 370 ad
625 347 723 369 verbum
742 347 915 369 transcribendo
927 355 953 369 ea

111 402 170 424 quae
194 395 237 417 sibi
254 399 383 424 opportuna
401 394 549 422 videbantur,
568 394 637 416 modo
654 401 680 416 ex
698 395 782 421 scripto
806 394 951 421 .›1It'.‘raiitlrz',

111 443 180 465 modo
192 450 219 465 ex
231 444 274 465 alio
286 442 310 465 S.
323 442 514 468 bonaventurae,
532 442 603 463 immo
620 441 735 463 interdum
748 441 776 463 de
788 441 869 463 eadem
887 447 910 462 re
924 440 955 463 si-

110 488 162 511 mul
174 496 205 512 ear
222 490 331 518 utroque,
347 488 408 517 quod
421 494 475 510 sane
487 480 573 510 mirum
584 491 624 509 est.
635 488 755 516 Postquam
768 488 828 509 enim
841 488 953 515 integram

110 535 156 557 sere
173 536 341 564 quaestionem,
360 541 419 563 quae
438 535 458 555 in
477 535 572 555 Summa
591 534 624 555 illa
644 534 737 561 legitur,
764 534 893 561 exscripsit,
912 534 953 554 im-

110 582 208 604 mediate
225 581 357 609 subiungit:
380 581 436 603 “Ad
458 582 568 603 maiorem
594 584 670 602 autem
697 581 873 603 declarationem
899 580 954 605 (evi-

110 628 220 657 dentiam)
233 628 338 650 obiicitur
350 628 426 650 adhuc
437 637 446 648 »
461 631 515 655 etc„
529 631 549 650 ct
562 629 645 650 iterum
663 627 778 655 duplicem
792 628 874 649 seriem
887 634 953 655 argu-

110 678 251 703 mentorum,
264 676 438 703 responsionem
452 678 474 697 et
485 675 609 697 solutiones
622 675 780 702 oppositorum
794 674 840 695 sere
852 674 953 701 integras

108 723 177 745 retort
193 729 220 744 ex
241 722 411 744 Commentario
428 722 449 743 S.
468 722 649 744 bonaventurae.
666 721 713 743 Hoc
725 721 838 742 invenitur
850 721 872 741 111
885 726 952 748 quae·

109 770 194 797 stione,
212 770 233 790 in
252 775 296 797 qua
314 769 336 790 vi
354 769 444 790 animae
461 769 489 790 sit
502 768 558 790 tides
571 771 679 796 tanquam
692 769 713 789 in
726 767 829 789 subiecto
841 767 900 794 (coll.
915 767 951 788 34.

108 822 127 838 a.
146 816 177 843 2.)
194 817 216 837 et
234 816 255 836 in
274 816 407 843 quaestione
424 815 453 837 de
470 814 604 837 certitudine
616 814 668 836 iidei
682 814 740 840 (coll.
754 814 790 834 33.
803 819 823 835 a.
841 813 875 840 l.),
888 813 952 841 quod

108 863 129 884 in
149 863 231 884 nostris
248 862 339 884 scholiis
351 862 382 888 (d.
401 862 437 883 23.
455 868 475 883 a.
496 862 515 883 l.
533 868 554 889 q.
573 862 593 882 2.
612 864 633 883 et
651 860 682 887 lt.)
700 860 827 881 accuratius
845 859 952 881 indicavi-

108 915 167 932 mus.
185 909 243 931 Alibi
261 912 349 937 partem
363 908 521 937 responsionis
532 908 614 935 accipit
630 913 657 929 ex
669 907 809 934 Alexandro,
822 907 889 928 aliam
902 912 950 934 par-

107 958 153 978 tem
171 955 262 977 subiicit
277 961 304 977 ex
322 955 493 981 Bonaventura,
512 954 547 975 vel
565 960 577 975 e
589 959 709 975 converso.
726 953 862 980 Saepissime
875 955 951 974 autem

108 1002 129 1024 in
147 1001 299 1024 solutionibus
316 1002 476 1029 oppositorum
493 1000 587 1027 accidit,
601 1003 625 1022 ut
637 1000 753 1027 duplicem
771 1000 907 1022 solutionem
925 1006 951 1022 ex

108 1052 206 1077 utroque
230 1050 329 1071 sumtam
355 1047 496 1070 transcribat.
523 1046 582 1075 Quid
606 1047 742 1069 luculentius
758 1053 808 1069 esse
827 1049 900 1074 potest
922 1047 951 1069 ad

107 1095 266 1123 probandum,
284 1097 400 1117 auctorem
419 1094 575 1121 Supplementi
594 1094 615 1115 in
633 1093 806 1122 quaestionibus
823 1094 855 1115 sic
872 1099 951 1115 eonsu-

107 1143 135 1165 tis
152 1142 181 1164 ad
198 1148 280 1164 manus
298 1141 404 1163 habuisse
422 1141 504 1168 scripta
524 1141 643 1168 utriusque
660 1140 776 1162 doctoris?
795 1152 823 1155 —
837 1141 858 1162 ln
871 1141 951 1162 ceteris

107 1191 184 1211 autern
204 1188 232 1210 de
244 1188 287 1210 illis
299 1187 422 1209 virtutibus
435 1186 620 1215 quaestionibus,
634 1186 662 1208 de
675 1185 760 1214 quibus
773 1186 826 1208 nihil
839 1187 871 1208 im
878 1187 953 1208 enitur

107 1236 128 1257 in
139 1235 233 1257 Summa
246 1234 376 1261 Alexandri,
389 1233 463 1255 solum
476 1233 672 1255 Commentariun]
685 1233 706 1254 S.
721 1233 892 1255 Bonaventurae
905 1234 951 1254 tere

106 1281 221 1308 integrum
231 1279 378 1307 transcribat,
389 1282 482 1307 excepta
493 1285 536 1301 una
547 1279 647 1301 alterave
656 1279 798 1307 quaestione,
811 1285 880 1307 quam
891 1278 951 1301 unde

106 1328 224 1359 sumserit,
250 1329 391 1355 ignoramus.
409 1340 439 1342 —
457 1327 485 1349 Ea
504 1329 591 1354 autem,
614 1333 674 1355 quae
692 1327 713 1348 S.
732 1327 816 1349 Bonav.
835 1328 856 1348 in
874 1326 951 1349 dubiis

105 1376 164 1397 eirca
183 1375 279 1397 litteram
297 1375 396 1402 Magistri
415 1373 516 1396 breviter
533 1376 622 1401 tractat,
641 1375 662 1396 in
676 1374 713 1395 illo
725 1374 890 1402 supplemento
903 1375 951 1402 plu-

104 1422 149 1444 ries
166 1421 272 1444 diffusius
296 1424 318 1443 et
342 1421 364 1442 in
390 1420 463 1442 torma
488 1424 596 1442 consueta
622 1421 780 1448 quaestionum
798 1419 948 1445 exhibentur;

105 1474 176 1497 quam
193 1467 223 1491 ob
240 1474 289 1490 rem
307 1468 329 1490 in
347 1468 429 1490 nostris
447 1468 505 1490 notis
522 1467 550 1489 ad
568 1467 609 1489 ista
626 1466 697 1489 dubia
714 1468 806 1494 saepius
824 1467 899 1489 locum
917 1473 949 1489 re-

105 1515 256 1544 spondentem
274 1516 295 1537 in
314 1515 479 1542 Supplemento
491 1514 658 1541 indicavimus;
671 1515 692 1536 in
705 1513 881 1543 quaestionibus
892 1520 948 1536 vcro

105 1569 131 1585 ex
148 1562 276 1584 Alexandro
293 1563 314 1583 et
331 1561 489 1583 Bonaventura
503 1561 617 1588 congestis
628 1560 773 1587 superfluum
794 1560 948 1582 iudicavimus

105 1609 167 1631 locos
184 1608 341 1636 Supplementi
359 1607 423 1629 istius
440 1607 521 1634 citare;
540 1606 602 1635 quod
620 1608 641 1628 111
659 1606 760 1629 editione
778 1607 884 1628 Vaticana
898 1613 947 1634 pas-

105 1656 148 1677 sim
165 1654 196 1677 fit.
811 1654 815 1657 “

166 1701 213 1722 Alia
232 1704 306 1723 tamen
325 1700 421 1727 ratione,
443 1705 527 1727 nempe
547 1704 591 1726 pro
612 1698 758 1721 emendando
779 1701 839 1721 textu
857 1698 946 1720 illarum

104 1748 276 1777 quaestionum,
294 1752 351 1776 quas
368 1747 450 1768 sumsit
466 1752 493 1768 ex
510 1746 680 1773 Bonaventura‚
699 1745 759 1768 utilis
776 1745 891 1768 interdum
910 1752 946 1768 no-

104 1793 139 1816 bis
156 1794 196 1816 suit
212 1793 280 1815 editio
303 1793 434 1815 Parisiensis
451 1792 510 1814 illius
532 1791 703 1819 supplementi,
726 1792 780 1820 quia
805 1798 946 1820 magnopere

103 1840 223 1863 confirmat
239 1839 402 1866 correctiones,
422 1844 481 1867 quae
498 1838 613 1861 interdum
631 1839 764 1860 auctoritate
786 1842 873 1861 tantum
892 1844 946 1866 pau-

103 1893 183 1910 corum
201 1886 267 1909 codd.
285 1886 385 1908 melioris
398 1888 464 1908 notae
476 1885 542 1908 nobis
559 1888 690 1913 opportune
702 1885 819 1908 faciendae.
836 1885 945 1908 videban-

103 1936 146 1956 tur.
164 1932 236 1955 Editio
251 1933 313 1954 enim
330 1932 379 1958 illa,
402 1932 453 1954 licet
468 1934 553 1954 scateat
576 1931 686 1959 gravibus
703 1931 831 1960 erroribus,
855 1931 946 1955 exhibet

102 1983 179 2003 tamen
196 1979 312 2006 exemplar
327 1979 477 2007 antiquissimi
495 1978 591 2004 codicis,
603 1978 642 2006 qui
660 1978 736 2005 ipsum
749 1979 859 2006 originale
872 1979 893 2000 S.
907 1979 945 2001 Bo-

103 2028 243 2048 naventurae
261 2026 389 2054 propinqua
407 2026 542 2053 cognatione
565 2025 696 2053 contingere
713 2025 811 2047 videtur.
835 2025 882 2047 Hoc
899 2026 944 2047 iam

103 2072 155 2094 inde
172 2073 238 2100 argui
254 2074 343 2100 posset,
361 2071 425 2100 quod
442 2071 541 2094 editores
558 2071 715 2099 supplementi
733 2071 836 2093 codicem
854 2072 876 2092 in
894 2071 945 2099 ipso

103 2118 221 2141 Conventu
240 2119 370 2146 Parisiensi,
388 2117 428 2140 ubi
445 2118 466 2140 S.
480 2118 564 2140 Bonav.
583 2124 637 2140 suos
653 2117 835 2140 Commentarios
852 2124 945 2146 compo-

102 2167 157 2194 suit,
169 2166 312 2188 invenerunt.
325 2166 395 2187 Porro
409 2165 463 2187 illud
476 2165 668 2192 supplementum
681 2164 726 2192 (vel
739 2166 815 2193 potius
826 2164 945 2194 fraqmen—

103 2213 153 2235 tum
175 2213 343 2240 supplementi)
366 2211 550 2240 probabilissime
573 2213 683 2239 scriptum
701 2215 734 2234 est
757 2213 849 2234 vivente
869 2212 945 2234 adhuc

103 2259 125 2280 S.
137 2258 230 2285 Bonav.,
243 2264 296 2280 cum
308 2265 344 2280 an.
363 2258 422 2280 1256
435 2258 562 2281 Alexander
579 2258 614 2280 iv.
628 2258 744 2286 praedicto
756 2259 868 2280 Gulielmo
881 2259 945 2281 Sum-

103 2309 164 2325 mam
182 2304 302 2326 Alexandri
319 2303 466 2326 continuandi
481 2304 582 2326 officium
600 2305 746 2326 commiserit.
759 2305 815 2333 Quia
834 2308 909 2328 autem
923 2305 945 2326 il-

103 2350 142 2372 lud
154 2351 312 2378 imperfectum
330 2351 447 2377 remansit,
469 2357 587 2379 nunquam
599 2352 710 2373 insertum
730 2354 763 2374 est
775 2352 883 2374 Summae
896 2352 945 2374 Ale-

103 2397 182 2419 xandri
199 2402 241 2419 nee
259 2403 359 2425 unquam
380 2397 415 2419 illa
436 2399 507 2419 aetate
525 2397 622 2420 librariis
634 2397 663 2420 ad
681 2398 860 2421 describendum
879 2399 945 2421 tradi-

103 2446 151 2466 tum
169 2444 217 2465 sive
234 2443 360 2466 eorundem
373 2445 512 2472 corruptioni
525 2445 653 2472 expositum
670 2448 710 2467 est.
729 2445 831 2474 Denique
843 2446 894 2474 quis
906 2445 945 2467 du-

103 2489 175 2512 bitare
188 2492 274 2517 potest,
287 2490 341 2517 quin
359 2490 501 2517 compilatori
513 2494 604 2518 praesto
622 2492 689 2513 suerit
700 2491 729 2513 ad
747 2491 945 2513 transcribendum

103 2536 220 2564 exemplar
236 2536 302 2558 fidele
314 2537 390 2563 operis
402 2539 455 2558 tune
467 2538 614 2559 recentissimi
627 2540 649 2559 et
666 2538 755 2559 Parisiis
767 2544 778 2559 a
791 2544 832 2559 suo
846 2537 945 2560 Ministro

102 2582 205 2604 Generali
223 2582 360 2609 conscripti?
379 2582 438 2604 Haec
455 2584 596 2610 praesumtio
613 2584 667 2605 satis
679 2583 827 2605 confirmatur
844 2585 945 2611 proprie-

103 2627 198 2655 tatibus,
216 2634 274 2656 quas
291 2630 363 2649 textus
375 2628 464 2649 illarum
477 2629 636 2656 quaestionum
654 2629 675 2650 in
694 2628 754 2650 dicto
768 2629 826 2651 libro
843 2629 943 2657 exhibet,

102 2680 147 2697 non
164 2674 307 2697 obstantibus
319 2675 424 2702 plurimis
441 2675 495 2697 locis
508 2676 567 2697 male
584 2675 648 2697 lectis
659 2679 681 2698 et
698 2676 892 2704 negligentissime
904 2678 944 2698 im-

103 2722 194 2749 pressis.
208 2734 238 2737 —
249 2721 398 2744 Nihilominus
416 2722 463 2743 sola
475 2723 607 2745 auctoritate
624 2723 781 2750 Supplementi
794 2724 847 2745 nihil
864 2725 885 2745 in
904 2730 944 2746 no-

1012 258 1084 277 strum
1099 258 1182 278 textum
1197 256 1334 283 recepimus,
1347 262 1400 278 cum
1413 256 1548 284 compilator
1564 256 1661 286 proprio
1673 259 1750 280 Μαι-18
1767 258 1853 286 aliquid

1011 302 1126 329 corrigere
1143 302 1179 323 vel
1198 303 1286 324 mutare
1304 303 1413 330 potuerit,
1431 303 1489 325 sicut
1509 304 1591 331 etiam,
1619 304 1668 326 lit-et
1694 311 1760 332 raro,
1780 311 1852 332 pauca

1011 349 1087 370 omisit
1104 349 1139 370 vel
1157 348 1252 371 addidit.

1073 396 1086 423 ζ]
1104 395 1124 417 li.
1144 396 1170 417 ln
1186 395 1272 424 scripto
1290 395 1361 418 lucius
1374 395 1436 418 tertii
1447 395 1502 419 libri
1518 396 1663 420 emendando
1675 399 1697 420 et
1709 397 1852 421 illustrando

1010 448 1057 464 uon
1076 442 1215 465 recessimus
1231 448 1246 465 a
1263 442 1370 466 methodo
1387 442 1412 466 in
1426 443 1620 472 praecedentibus
1638 444 1704 467 liba-is
1721 444 1852 468 observata.

1074 489 1095 510 ln
1113 489 1204 511 scholiis
1222 492 1243 511 et
1261 490 1319 512 notis
1336 491 1418 512 nostris
1443 493 1572 513 constanter
1597 493 1713 514 tenuimus
1737 492 1853 514 scribendi

1011 536 1120 557 rationem
1138 536 1250 558 referendi
1263 538 1349 558 tantum
1362 538 1507 565 antiquorum
1521 541 1641 560 auctorum
1653 540 1776 561 sententias
1788 546 1852 561 com-

1011 582 1109 603 muniter
1121 588 1165 603 non
1183 582 1329 609 reprobatas.
1349 589 1392 604 non
1410 587 1486 605 autem
1504 584 1574 606 aliena
1593 585 1708 607 iudicandi
1726 586 1853 608 1101000511-

1010 628 1074 650 randi
1093 635 1134 651 nee
1151 630 1268 656 propriam
1295 634 1395 652 nostram
1418 632 1549 658 opinionem
1568 632 1707 654 venditandi.
1725 645 1755 648 —
1773 633 1852 655 Obser-

1010 681 1092 697 vamus
1109 678 1198 703 autem,
1216 676 1279 704 quod
1297 677 1406 704 Aegidius
1424 677 1462 704 11.,
1481 684 1554 706 usque
1571 678 1600 700 ad
1618 679 1668 700 dist.
1685 680 1717 701 11.
1730 686 1749 701 a.
1763 681 1783 702 ⁴2.
1797 686 1818 708 q.
1832 681 1852 702 2.

1010 724 1138 743 constanter
1164 721 1184 742 in
1211 721 1302 743 scholiis
1320 728 1331 743 a
1350 722 1415 744 nobis
1432 723 1513 745 citatus
1531 729 1574 745 non
1594 725 1634 746 nisi
1653 731 1727 753 usquc
1743 725 1771 747 ad
1790 726 1852 748 11111111

1010 767 1084 788 locum
1103 768 1193 789 tertium
1213 768 1269 790 Petri
1287 768 1410 791 Lombardi
1429 769 1512 791 librum
1530 774 1697 792 commentatus
1714 774 1786 799 est3a
1800 779 1854 800 sup-

1009 812 1124 840 plemento
1147 813 1261 841 quodam,
1279 814 1342 842 quod
1359 814 1432 837 editor
1448 821 1475 836 ex
1497 815 1545 837 aliis
1562 815 1616 837 lot-i<
1633 816 1736 838 eiusdem
1754 819 1853 839 auctoris

1009 859 1099 886 collegit
1116 863 1138 881 et
1155 860 1248 887 adiecit,
1267 860 1357 882 citando
1374 861 1559 889 supersedimus,
1578 868 1630 884 cum
1649 863 1676 885 sit
1695 864 1789 885 minoris
1807 870 1852 886 mo·

1009 908 1078 929 menti
1096 910 1117 928 et
1134 914 1220 934 paucas
1246 911 1333 930 tantum
1360 910 1506 936 quaestiones
1524 912 1608 931 tractet.
1627 922 1657 925 —
1675 911 1752 932 i'ctrus
1769 917 1780 932 a
1799 911 1851 933 Tar.

1009 954 1029 975 in
1049 957 1142 976 tractatu
1161 954 1189 976 de.
1207 954 1361 976 lnearnatione
1387 956 1432 977 sere
1450 958 1578 978 constanter
1596 957 1617 978 in
1635 957 1748 984 ponendis
1765 958 1853 980 solven-

1009 1000 1090 1029 disque
1116 1001 1288 1030 quaestionibus
1312 1002 1507 1024 Commentariun]
1525 1003 1546 1024 S.
1565 1003 1667 1025 Thomae
1695 1005 1759 1032 quasi
1777 1010 1852 1027 excer—

1008 1047 1084 1075 pendo
1102 1049 1219 1076 sequitur,
1246 1048 1302 1070 (lum
1319 1050 1453 1076 saepissime
1472 1050 1492 1071 in
1512 1050 1525 1071 l.
1543 1052 1564 1072 et
1582 1050 1604 1071 11.
1624 1050 1681 1072 libro
1698 1055 1720 1073 et
1737 1052 1851 1073 interdum

1008 1095 1075 1116 etiam
1088 1095 1109 1115 in
1123 1094 1222 1116 secunda
1237 1098 1299 1122 parte
1313 1095 1342 1116 lli.
1356 1095 1406 1117 libri
1419 1097 1522 1124 sequitur
1538 1097 1614 1123 potius
1627 1097 1648 1118 S.
1660 1097 1852 1120 Bonaveaturam,

1071 1141 1098 1162 In
1115 1141 1182 1163 terta
1200 1141 1227 1162 ad
1252 1142 1392 1168 primitivam
1417 1143 1549 1169 puritatem,
1567 1145 1678 1171 quantum
1698 1144 1770 1171 licuit,
1788 1150 1852 1166 revo-

1008 1186 1081 1208 cando
1098 1189 1119 1208 et
1136 1187 1236 1209 tontibus
1249 1187 1364 1210 doctrinae
1382 1188 1593 1211 Bonaventurianae
1606 1192 1711 1212 accurate
1724 1190 1852 1213 indicandis

1007 1233 1088 1255 iterum
1107 1234 1202 1255 multam
1223 1240 1318 1262 operam
1337 1236 1513 1257 consumsimus.
1536 1236 1617 1264 Quoad
1638 1236 1756 1264 eligendas
1773 1240 1804 1259 tot
1824 1238 1851 1259 lc.-

1008 1281 1093 1302 ctiones
1111 1281 1224 1303 variantes
1237 1287 1280 1302 non
1299 1287 1351 1303 raro
1363 1281 1454 1303 (lillieile
1472 1283 1588 1309 negotium
1602 1283 1712 1305 obiiciunt
1727 1284 1852 1306 locutiones

1007 1326 1122 1354 quaedam
1135 1328 1276 1356 phrasesque
1288 1329 1387 1350 exoticae
1400 1332 1421 1351 et
1434 1330 1507 1356 prima
1520 1330 1595 1356 specie
1608 1329 1778 1358 reprobandae,
1792 1337 1851 1359 quae

1008 1373 1102 1401 quidem
1120 1374 1141 1395 in
1159 1374 1327 1402 antIquioribus
1339 1375 1406 1397 codd.
1425 1378 1558 1402 occurrunt,
1579 1382 1590 1397 a
1610 1376 1775 1403 posterioribus
1795 1383 1851 1399 vero

1007 1420 1150 1442 Scholasticis
1166 1423 1188 1443 et
1200 1421 1221 1442 111
1239 1421 1378 1443 editionibus
1390 1422 1517 1444 eliminatae
1531 1429 1572 1445 nec
1584 1424 1604 1444 in
1618 1423 1695 1452 aliquo
1708 1424 1787 1447 Lexieo
1802 1426 1851 1447 sive

1007 1473 1018 1488 a
1031 1466 1139 1494 Dueange
1151 1468 1200 1489 sive
1213 1467 1241 1489 ab
1254 1468 1303 1489 aliis
1315 1470 1403 1490 notatae
1416 1472 1474 1490 sunt.
1488 1469 1584 1497 Tamen,
1599 1471 1617 1492 si
1630 1471 1673 1492 11οο
1685 1471 1772 1498 accidit,
1787 1472 1851 1493 toties

1006 1513 1051 1534 iarn
1060 1514 1145 1540 experti
1155 1520 1243 1541 sumus,
1253 1515 1392 1543 antiquiores
1401 1515 1468 1537 codd.
1476 1515 1587 1543 praebere
1597 1518 1721 1544 genuinam
1730 1517 1850 1540 lectionem

1005 1562 1027 1581 et
1039 1559 1206 1587 recipiendam,
1220 1566 1272 1582 cum
1283 1564 1334 1588 post
1348 1561 1474 1588 longiorem
1490 1562 1658 1589 inquisitionem
1675 1563 1850 1590 deprehenderi-

1005 1611 1064 1633 mus,
1077 1605 1171 1628 easdem
1188 1606 1313 1628 locutiones
1330 1607 1366 1628 vel
1384 1608 1405 1628 in
1418 1607 1564 1629 versionibus
1576 1609 1716 1631 Graecorum
1729 1613 1849 1632 auctorum

1004 1652 1114 1680 antiquis,
1127 1653 1162 1674 vel
1175 1659 1187 1674 a
1200 1654 1292 1675 coaevis
1305 1653 1437 1676 auctoribus
1449 1654 1562 1677 adhibitas
1574 1662 1631 1678 esse.
1643 1668 1674 1673 —
1687 1657 1786 1685 Exempli
1800 1658 1849 1682 loco

1003 1699 1032 1720 sit
1048 1699 1150 1726 phrasis:
1168 1698 1193 1721 in
1203 1699 1357 1728 paucioribus
1375 1700 1412 1723 υἱιι
1423 1700 1500 1730 maqis
1514 1701 1580 1729 (pag.
1594 1703 1633 1724 821
1651 1703 1692 1725 col.
1711 1705 1727 1726 1.
1740 1711 1788 1733 arg.
1815 1707 1849 1734 1.),

1004 1750 1073 1772 quam
1091 1745 1174 1767 habeat
1191 1745 1266 1773 codd,
1284 1746 1340 1768 dum
1357 1747 1378 1768 in
1399 1748 1447 1770 Vat.
1465 1748 1559 1775 legitur:
1574 1748 1598 1771 in
1618 1749 1773 1778 paucioribus
1790 1752 1849 1775 satis

1003 1791 1176 1814 contineantur.
1194 1793 1306 1820 Suspicati
1324 1793 1382 1815 illico
1399 1800 1495 1821 sumus,
1514 1795 1572 1816 sicut
1588 1795 1618 1817 ibi
1637 1796 1699 1821 (nota
1714 1797 1744 1825 2.)
1764 1799 1849 1820 notavi-

1003 1844 1066 1866 mus,
1085 1838 1176 1861 codiees
1194 1839 1330 1861 locutionem
1348 1840 1455 1862 exhibere
1474 1844 1527 1863 tunc
1544 1842 1663 1870 usitatam,
1685 1846 1759 1865 tamen
1777 1845 1849 1866 haesi-

1003 1886 1114 1913 tavimus,
1133 1888 1178 1908 tam
1196 1886 1319 1908 obscuram
1343 1888 1444 1914 phrasim
1462 1888 1484 1909 in
1504 1892 1588 1910 textum
1609 1890 1724 1917 recipere,
1743 1896 1796 1912 cum
1819 1891 1848 1914 ab

1003 1933 1051 1954 aliis
1068 1932 1200 1955 auctoribus
1221 1939 1272 1955 eam
1297 1933 1422 1956 adhibitam
1440 1940 1502 1961 esse,
1526 1935 1628 1957 invenire
1647 1936 1725 1958 nullibi
1748 1938 1849 1964 potueri-

1003 1984 1061 2000 mus.
1088 1979 1133 2000 5οἀ
1156 1980 1193 2000 vix
1211 1980 1252 2001 isto
1275 1980 1327 2001 solio
1351 1981 1410 2007 typis
1433 1987 1554 2008 expresso,
1579 1981 1703 2004 incidimus
1726 1983 1747 2004 in
1772 1984 1847 2005 locum

1002 2025 1125 2048 Aristotelis
1142 2028 1164 2047 et
1181 2026 1204 2048 Β,
1221 2026 1316 2054 Alberti,
1335 2032 1381 2055 quo
1394 2027 1515 2055 probatur,
1529 2029 1630 2055 phrasim
1649 2029 1709 2050 illam
1722 2030 1743 2050 in
1762 2032 1847 2052 textum

1002 2073 1072 2095 fuisse
1088 2073 1250 2101 recipiendam.
1264 2074 1294 2095 En
1307 2074 1378 2096 verba
1391 2075 1522 2103 utriusque!
1540 2076 1637 2102 Aristot„
1656 2076 1678 2098 11.
1692 2076 1771 2104 Topic.
1789 2083 1808 2099 0.
1822 2078 1847 2099 2:

1005 2128 1015 2139 ι
1027 2118 1092 2149 *Οδῷ
1108 2116 1151 2149 γὰρ
1172 2119 1261 2149 μᾶλλον
1284 2119 1321 2142 καὶ
1339 2118 1360 2142 ἐν
1373 2118 1493 2143 ἐλάττοσιν
1511 2120 1524 2149 ἡ
1542 2121 1618 2151 σκέψις
1638 2124 1651 2144 i.
1664 2129 1683 2145 e.
1702 2124 1844 2151 (secundum

1001 2168 1132 2189 versionem
1150 2168 1248 2196 Boethii)
1267 2174 1319 2190 nam
1333 2169 1426 2190 transitu
1444 2169 1518 2196 magis
1535 2172 1556 2192 et
1568 2170 1589 2191 in
1609 2169 1757 2197 paucioribus
1774 2172 1846 2193 eonsi-

1003 2214 1089 2236 deratio
1101 2222 1121 2236 1».
1134 2214 1165 2236 Ex
1183 2220 1229 2243 quo
1247 2215 1302 2237 baec
1319 2215 1428 2237 formula:
1442 2215 1463 2237 ln
1477 2215 1636 2244 paucioribus,
1656 2217 1668 2238 i.
1690 2223 1709 2239 e.
1727 2218 1846 2239 universa-

1002 2260 1073 2288 libus,
1091 2262 1125 2282 est
1141 2261 1177 2282 via
1196 2262 1271 2288 magis
1287 2261 1364 2283 tacitis.
1383 2260 1426 2283 Cir.
1446 2261 1573 2290 13..ttbert.‚
1591 2263 1613 2284 in
1631 2263 1692 2285 hune
1709 2263 1750 2285 loc.
1770 2264 1811 2288 (tr.
1828 2264 1845 2285 1.

1002 2313 1021 2329 c.
1039 2307 1077 2334 3),
1101 2307 1139 2329 ubi
1158 2307 1223 2329 dicit:
1239 2315 1249 2326 α
1262 2308 1280 2329 Α
1297 2313 1381 2335 genere
1404 2314 1449 2329 non
1467 2309 1541 2330 statim
1560 2308 1747 2331 descendendum
1765 2312 1799 2331 est
1816 2309 1845 2331 ad

1001 2352 1146 2382 sivzqularia,
1167 2353 1220 2381 quia
1238 2354 1322 2375 infinita
1340 2357 1403 2381 sunt;
1428 2355 1481 2382 quia
1500 2355 1542 2376 hoc
1563 2355 1653 2377 disiicile
1671 2358 1730 2377 esset
1747 2355 1782 2377 vel
1805 2357 1844 2377 1111-

1002 2400 1110 2427 possibile
1128 2400 1272 2422 considerare
1289 2401 1419 2428 singillatim
1436 2401 1458 2422 in
1476 2401 1589 2423 universis
1600 2401 1762 2429 singularibus.
1781 2402 1845 2424 Unde

1002 2446 1077 2467 statim
1094 2445 1123 2467 ad
1144 2445 1230 2474 species
1247 2445 1439 2468 considerandum
1462 2450 1506 2474 est,
1524 2452 1552 2468 an
1575 2447 1704 2469 inveniatur
1727 2448 1843 2476 instantia,

1002 2491 1038 2513 vel
1056 2497 1107 2513 non.
1126 2491 1148 2513 ln
1166 2492 1201 2514 his
1217 2493 1277 2514 enim
1295 2495 1329 2514 est
1346 2493 1382 2514 via
1400 2493 1474 2520 magis
1490 2496 1512 2515 et
1529 2493 1626 2521 facilior,
1648 2498 1670 2516 et
1686 2494 1738 2517 ideo
1756 2498 1789 2517 est
1805 2495 1844 2518 vio.

1001 2537 1078 2567 manis
1089 2537 1114 2560 in
1126 2537 1225 2566 talibus,
1245 2539 1297 2566 quia
1321 2539 1342 2560 in
1363 2539 1516 2568 paucioribus
1533 2540 1684 2563 consideratio
1705 2544 1739 2564 est
1757 2542 1843 2564 facilior

1001 2584 1030 2606 ad
1048 2585 1190 2611 proposimm
1208 2585 1422 2607 concludendum».

1063 2631 1170 2659 Sequitur
1187 2631 1293 2658 Syllabus
1311 2632 1415 2654 codicum
1439 2634 1496 2655 tertii
1519 2634 1586 2656 huius
1608 2634 1670 2662 libri,
1688 2641 1747 2664 quos
1769 2635 1791 2657 Ρ.
1809 2636 1843 2657 Fi-

1001 2676 1057 2699 delis
1074 2684 1085 2699 a
1105 2677 1177 2699 Fauna
1201 2679 1223 2699 in
1246 2678 1388 2701 bibliothecis
1410 2679 1496 2702 invenit
1512 2684 1533 2702 et
1556 2681 1577 2702 in
1602 2682 1649 2703 suis
1671 2683 1842 2704 commentariis

1000 2724 1127 2752 descripsit.
