2166 3366
7 844 37 864 Ad
49 843 122 868 opposi-

41 869 86 886 tum.

767 157 847 184 DlST.
870 156 911 184 IX.
933 157 1005 185 ART.
1027 157 1045 184 l.
1067 156 1201 193 QUAEST.
1225 156 1253 184 li.

217 234 242 263 3.
264 234 347 268 Item,
369 234 452 262 homo
481 234 604 271 loquitur
635 234 671 262 ad
702 234 850 270 imaginem
874 235 900 262 in
923 234 981 262 suis

137 281 335 318 petitionibus,
366 289 432 317 ergo
458 281 581 318 loquitur
601 281 636 309 ad
659 280 823 317 imaginem,
846 281 918 309 sicut
944 281 979 309 ad

137 335 284 364 personam
306 327 448 356 rationalis
469 330 627 360 creaturae,
649 327 733 363 igitur
748 327 786 355 sic
802 326 925 363 loquitur
944 327 979 355 ad

137 374 284 410 imaginem
307 373 423 408 Christi,
445 374 517 402 sicut
537 373 572 401 ad
594 373 754 405 Christum;
788 376 814 401 et
846 373 917 401 sicut
945 373 981 400 lo-

137 421 249 458 quitur,
271 421 309 449 sic
329 420 394 449 colit
414 424 440 449 et
460 420 575 449 adorat:
597 428 664 456 ergo
685 420 767 448 debet
781 420 899 448 adorare
915 419 980 446 ima-

137 468 227 505 ginem
250 467 366 501 Christi,
389 467 460 496 sicut
480 466 631 496 Christum.

215 514 242 542 ίι.
257 514 333 547 ltem,
348 513 463 542 eandem
479 513 663 541 reverentiam
679 512 846 541 exhibemus
861 514 888 540 et
902 511 980 539 exhi-

136 560 202 589 bere
233 560 369 589 debemus
400 559 513 596 imagini
544 559 640 588 beatae
672 559 792 595 Virginis
820 565 904 595 quam
927 557 977 593 ipsi

136 607 256 643 Virgini,
278 610 305 635 et
326 606 365 635 sic
386 606 420 635 de
435 606 495 634 aliis
510 605 633 634 Sanctis:
656 614 722 642 ergo
743 608 770 634 et
790 605 886 633 eadem
904 612 979 632 reve-

135 654 224 683 rentia
244 653 403 682 exhibenda
418 657 460 682 est
478 653 590 690 imagini
611 653 728 686 Christi,
750 653 820 681 sicut
837 652 887 689 ipsi
903 651 978 679 Chri-

135 704 195 734 sto;
217 700 265 729 sed
287 700 396 728 Christo
410 699 562 728 exhibetur
578 699 670 728 cultus
686 699 744 728 sive
759 698 848 727 honor
864 698 976 726 latriae:

134 755 200 784 ergo
221 746 303 775 debet
323 746 452 775 exhiberi
474 746 585 783 imagini
608 754 683 775 suae.

212 793 264 821 San
279 801 405 822 cox‘rnix:
424 794 447 820 l.
463 792 550 821 Exodi
566 793 717 829 vigesimo¹
732 815 738 827 ,
755 792 781 820 in
798 793 888 829 primo
903 800 978 820 man-

134 840 216 869 dato:
240 839 304 868 Non
324 838 417 876 facies
440 839 491 867 tibi
521 839 679 876 imayz‘nem
710 847 800 876 aeque
830 838 976 875 scalptam

132 886 373 915 similitudinem:
395 886 417 914 si
440 893 506 922 ergo
536 885 708 922 prohibitum
741 888 798 918 est,
828 884 975 921 imaginem

133 932 210 966 fieri,
232 932 320 961 multo
341 933 429 969 tnagis
451 936 477 961 et
498 932 618 961 adorari.

212 980 238 1007 Ξ.
253 979 318 1007 Item
329 1001 336 1013 ‚
352 979 554 1013 Damascenus,
570 978 691 1015 capitulo
705 978 739 1006 cle
753 977 938 1015 Imaginibus
948 977 975 1006 ’ἲς

139 1026 279 1062 «Magnae
302 1025 449 1062 impietatis
471 1028 497 1054 et
519 1025 691 1062 insipientiae
712 1029 754 1054 est
770 1025 885 1062 figurari
900 1025 976 1061 quod

133 1072 284 1101 divinitatis
305 1075 346 1100 est
360 1081 388 1099 »:
409 1079 475 1108 ergo
498 1071 609 1100 maioris
630 1071 779 1108 impietatis
794 1075 836 1100 est
857 1071 976 1099 adorare

133 1119 186 1146 iam
209 1118 371 1155 figuratum.

212 1165 237 1194 3.
260 1165 342 1199 item,
364 1165 462 1193 melior
483 1168 524 1193 est
546 1167 674 1193 creatura
696 1164 793 1193 vivens
814 1173 897 1201 quam
921 1172 975 1193 non

132 1212 245 1246 vivens,
276 1212 342 1248 quia
373 1211 490 1240 similior
518 1215 559 1240 est
591 1219 718 1240 summae
752 1212 841 1240 vitae:
864 1211 885 1240 si
908 1219 975 1248 ergo

131 1258 293 1288 huiusmodi
316 1259 450 1295 imagines
470 1266 524 1286 non
547 1261 612 1287 sunt
633 1258 773 1292 viventes,
797 1258 889 1287 minus
911 1261 975 1287 sunt

131 1306 231 1343 dignae
252 1306 357 1334 honore
377 1314 460 1342 qnam
482 1305 572 1342 talpae
586 1309 614 1334 et
629 1305 847 1342 vespertiliones.
862 1305 888 1333 Si
908 1313 975 1342 ergo

130 1353 247 1389 impium
270 1356 312 1381 est
332 1352 450 1381 adorare
471 1352 682 1389 vespertiliones
704 1355 730 1380 et
753 1352 856 1389 talpas,
886 1352 974 1380 multo

131 1399 219 1436 magis
241 1399 401 1428 huiusmodi
425 1399 559 1436 imagines
569 1399 587 1427 ³.

208 1446 234 1474 [ι.
258 1446 339 1480 ltem,
361 1445 479 1474 nobilior
500 1449 527 1474 et
548 1446 647 1474 melior
667 1449 709 1474 est
727 1445 818 1481 imago
839 1446 974 1474 divinitus

130 1493 274 1530 impressa
295 1501 378 1529 quam
402 1492 438 1520 ab
460 1491 625 1520 hominibus
645 1492 781 1529 scalpta,·
802 1492 850 1521 sed
866 1493 888 1521 si
910 1493 973 1529 quis

129 1540 260 1568 adoraret
280 1539 422 1568 diabolum
445 1538 488 1567 vel
511 1539 650 1567 hominem
673 1542 859 1575 peccatorem,
876 1539 901 1567 in
917 1548 973 1576 quo

129 1590 171 1615 est
192 1586 283 1622 imago
304 1585 411 1614 Domini
434 1585 599 1622 impressa,
621 1588 766 1622 peccaret:
796 1593 862 1622 ergo
885 1586 972 1614 multo

129 1633 218 1670 magis
240 1633 286 1669 qui
309 1632 406 1660 adorat
428 1631 588 1660 huiusmodi
612 1631 746 1668 imagines
757 1632 773 1659 ⁴.

208 1682 233 1709 5.
255 1680 337 1713 Item,
359 1679 457 1707 fortius
472 1678 621 1715 fugiendus
642 1681 684 1707 est
705 1679 776 1707 ritus
797 1679 970 1708 idololatriae

127 1734 212 1764 quam
235 1725 336 1762 legales
358 1725 559 1759 caerimoniae;
581 1725 629 1753 sed
653 1725 771 1753 Ecclesia
793 1725 863 1762 fugit
885 1725 970 1753 ritum

128 1772 312 1801 caerimoniae
327 1771 439 1808 legalis,
455 1779 488 1800 ne
504 1771 632 1800 videatur
647 1771 805 1800 iudaizare:
829 1772 888 1808 pari
904 1779 971 1808 ergo

128 1820 234 1848 ratione
255 1819 337 1848 debet
357 1819 454 1855 fugere
475 1818 559 1847 ritum
576 1818 764 1852 idololatriae,
787 1826 820 1847 ne
842 1819 970 1847 videatur

127 1866 313 1895 idololatrare.
346 1866 416 1902 Ergo
448 1866 472 1901 si
495 1865 588 1894 cultus
611 1865 782 1894 idololatriae
803 1866 971 1894 consistebat

127 1913 155 1941 in
177 1913 353 1941 veneratione
383 1912 536 1949 imaginum
567 1916 594 1940 et
626 1912 816 1948 picturarum,
849 1912 970 1947 videtur,

126 1960 199 1997 quod
218 1959 282 1988 talia
302 1967 357 1988 non
379 1963 444 1988 sunt
464 1959 608 1987 adoranda
619 1959 636 1986 ⁵.

205 2007 230 2035 6.
253 2006 335 2040 item,
357 2014 420 2035 cum
442 2006 604 2035 huiusmodi
627 2007 761 2043 imagines
782 2014 831 2035 nec
855 2014 903 2043 per
925 2015 970 2034 no-

126 2061 192 2082 vum
214 2061 264 2082 nec
285 2061 335 2090 per
357 2057 437 2081 vetus
468 2053 676 2081 Testamentum
701 2053 911 2090 approbentur,
933 2053 970 2081 vi-

126 2099 224 2134 detur,
246 2099 319 2137 quod
342 2107 440 2128 earum
462 2099 629 2128 introductio
644 2099 728 2128 fuerit
750 2100 878 2128 novitatis
894 2108 970 2136 prae-

1825 160 1881 189 203

1039 235 1158 263 sumtio:
1181 235 1203 263 si
1227 234 1311 271 igitur
1333 234 1398 262 talia
1425 238 1490 263 sunt
1521 235 1721 272 exstirpanda,
1752 236 1880 272 videtur,

1038 281 1113 317 quod
1136 281 1199 309 talia
1221 289 1274 309 non
1298 284 1362 310 sunt
1383 281 1506 310 colenda.

1353 382 1561 404 couccusm.

1077 467 1209 503 Imayz'm'
1231 466 1342 495 Christi
1361 467 1439 496 debet
1459 468 1554 496 cultas
1576 469 1682 498 latriae
1702 469 1839 499 exhiberi.

1116 560 1293 588 Rssseounsso:
1316 561 1485 595 Dicendum,
1517 562 1590 598 quod
1623 562 1774 599 imaginum
1796 564 2018 593 intro-ConclusioL

1037 606 1130 634 ductio
1151 606 1178 634 in
1202 606 1319 635 Ecclesia
1341 615 1393 635 non
1417 607 1467 635 fuit
1489 608 1593 645 absque
1615 609 1770 639 rationabili
1785 619 1877 640 causa.

1037 652 1211 680 Introductae
1233 653 1306 681 enim
1328 653 1442 681 fuerunt
1463 657 1577 691 propter
1599 655 1734 692 triplicem
1751 665 1877 693 causam,

1036 699 1165 728 videlicet
1183 703 1297 736 propter
1318 700 1497 736 simpliciam
1513 701 1689 735 ruditatem,
1705 707 1819 740 propter
1833 704 1877 742 af·
1891 709 1965 732 Trimex
1977 715 2006 727 m·

1034 744 1165 782 sectatam
1187 746 1354 774 tarditatem
1378 749 1404 774 et
1426 750 1539 783 propter
1572 748 1728 777 memoriae
1756 750 1878 780 labitaa-
1927 736 1958 751 uo.

1035 795 1098 819 tem.
1110 809 1148 812 —
1163 792 1278 829 Propter
1291 792 1471 829 simpliciam
1485 793 1644 822 ruditatem
1660 794 1786 824 inventae
1801 801 1874 831 sunt,
1889 802 1958 820 Prima

1034 842 1066 866 ut
1087 839 1242 876 simplices,
1264 840 1312 876 qui
1334 848 1387 867 non
1411 844 1527 876 possunt
1541 841 1715 877 scripturas⁶
1730 842 1835 879 legere,
1851 845 1877 872 in

1036 885 1196 914 huiusmodi
1218 886 1371 922 sculpturis
1402 890 1429 914 et
1460 887 1577 923 picturis
1609 890 1739 924 tauquam
1763 889 1789 917 in
1812 891 1877 918 scri-

1034 932 1124 968 pturis
1146 933 1271 969 apertius
1302 933 1408 970 possint
1428 937 1602 962 sacramenta
1623 938 1734 964 nostrae
1757 935 1819 965 fidei
1843 937 1877 966 le—

1034 987 1108 1015 gere.
1122 996 1162 1000 —-
1177 979 1291 1016 Propter
1313 979 1433 1017 affectas
1455 980 1623 1008 tarditatem
1646 981 1772 1011 similiter
1794 983 1875 1012 intro·
1888 992 1980 1011 Secunda.

1034 1025 1133 1054 ductae
1156 1031 1238 1061 sunt,
1260 1027 1389 1055 videlicet
1409 1031 1441 1055 ut
1462 1027 1602 1061 homines,
1619 1028 1734 1064 quinon
1758 1030 1878 1059 excitan-

1034 1076 1080 1101 tur
1101 1073 1136 1101 ad
1158 1073 1332 1102 devotionem
1365 1074 1391 1102 in
1418 1074 1461 1102 his
1482 1082 1554 1111 quae
1576 1083 1626 1111 pro
1648 1075 1727 1104 nobis
1748 1076 1875 1106 Christus

1033 1119 1130 1156 gessit,
1151 1119 1218 1148 dum
1242 1120 1288 1148 illa
1303 1128 1372 1148 aure
1388 1121 1560 1157 percipiunt,
1582 1121 1679 1149 saltem
1702 1123 1875 1158 excitentur,

1033 1165 1099 1194 dum
1123 1166 1219 1195 eadem
1243 1167 1269 1194 in
1292 1166 1390 1203 figuris
1411 1170 1438 1195 et
1458 1167 1575 1204 picturis
1597 1170 1726 1205 tanquam
1751 1178 1877 1206 praesen-

1033 1213 1070 1241 tia
1091 1213 1179 1242 oculis
1200 1214 1341 1250 corporeis
1362 1218 1488 1243 cernunt.
1513 1215 1575 1243 Plus
1597 1215 1671 1243 enim
1687 1216 1826 1245 excitatur
1840 1218 1876 1246 as-

1032 1260 1120 1288 fectus
1142 1263 1235 1288 noster
1257 1268 1305 1297 per
1327 1268 1358 1289 ea
1380 1269 1451 1297 quae
1474 1261 1564 1295 videt,
1587 1270 1669 1298 quam
1694 1270 1742 1299 per
1757 1271 1789 1292 ea
1803 1273 1875 1301 quae

1032 1306 1118 1335 audit.
1141 1307 1217 1335 Unde
1239 1307 1404 1336 Horatius⁷:

1110 1392 1207 1419 Segnius
1224 1393 1311 1414 irritant
1328 1394 1416 1415 animos
1434 1393 1532 1415 demisso
1551 1401 1592 1422 per
1609 1401 1701 1420 aurem,

1110 1430 1182 1458 Quam
1201 1437 1260 1459 quae
1277 1433 1329 1452 sunt
1347 1432 1418 1453 oculis
1435 1431 1535 1454 subiecta
1554 1432 1671 1460 fidelibus,
1689 1437 1710 1456 ct
1728 1441 1787 1463 quae

1109 1470 1158 1498 lpse
1176 1470 1219 1492 sibi
1237 1470 1304 1492 tradit
1321 1474 1441 1498 spectator.

1030 1539 1144 1576 Propter
1167 1540 1323 1568 memoriae
1349 1540 1534 1575 labilitatem,
1567 1543 1632 1579 quia
1663 1550 1695 1571 ea
1726 1552 1797 1580 quae
1825 1552 1953 1573 aii-Tertia.

1029 1586 1146 1615 (liuntur
1161 1587 1265 1621 solum,
1281 1587 1388 1615 facilius
1407 1587 1557 1616 traduntur
1571 1589 1718 1624 oblivioni,
1740 1599 1823 1627 quam
1840 1600 1871 1620 ea

1029 1640 1100 1669 quae
1122 1633 1261 1661 videntur.
1283 1633 1452 1670 Frequenter
1467 1634 1540 1662 enim
1556 1635 1718 1664 verificatur
1734 1637 1759 1664 in
1776 1638 1872 1667 multis

1030 1679 1099 1708 illud
1121 1679 1194 1715 quod
1217 1680 1361 1708 consuevit
1381 1680 1453 1709 dici:
1477 1681 1593 1709 verbum
1616 1682 1700 1710 intrat
1721 1691 1770 1719 per
1787 1692 1870 1712 unam

1028 1734 1126 1754 aurem
1148 1728 1175 1754 et
1195 1726 1254 1754 exit
1277 1734 1324 1762 per
1346 1726 1437 1754 aliam.
1471 1727 1645 1761 Praeterea,
1678 1737 1731 1757 non
1761 1738 1871 1767 semper

1028 1776 1070 1801 est
1090 1776 1201 1809 praesto
1223 1773 1269 1809 qui
1300 1773 1432 1802 beneficia
1461 1774 1540 1802 nobis
1560 1776 1691 1810 praestita
1713 1776 1747 1804 ad
1771 1785 1871 1805 memo—

1028 1820 1098 1848 riam
1121 1820 1237 1848 reducat
1268 1828 1316 1856 per
1338 1820 1432 1848 verba.
1457 1821 1518 1849 ldeo
1539 1822 1744 1858 dispensatione
1766 1824 1812 1852 Dei
1836 1825 1871 1853 fa-

1028 1870 1102 1895 ctum
1125 1869 1183 1900 est,
1205 1869 1236 1894 ut
1258 1866 1391 1903 imagines
1413 1866 1511 1896 fierent
1533 1869 1681 1905 praecipue
1697 1869 1723 1897 in
1739 1870 1871 1906 ecclesiis,

1027 1916 1059 1941 ut
1079 1913 1205 1942 videntes
1226 1921 1274 1941 eas
1303 1913 1485 1942 recordemur
1505 1915 1539 1943 de
1562 1915 1702 1944 beneficiis
1724 1917 1802 1945 nobis
1824 1918 1872 1946 im-

1028 1959 1119 1996 pensis
1141 1962 1168 1988 et
1188 1960 1352 1988 Sanctorum
1374 1961 1506 1996 operibus
1528 1961 1667 1990 virtuosis.

1105 2006 1240 2043 Quoniam
1264 2006 1348 2043 igitur
1371 2007 1461 2044 imago
1483 2008 1584 2036 Christi
1607 2009 1765 2038 introducta
1780 2014 1821 2038 est
1835 2011 1869 2039 ad

1027 2053 1292 2091 repraesentandum
1316 2061 1380 2082 eum
1402 2054 1449 2091 qui
1473 2063 1523 2091 pro
1539 2055 1617 2084 nobis
1639 2056 1793 2085 crucifixus
1815 2061 1869 2092 est,

1026 2108 1076 2129 nec
1097 2100 1177 2128 offert
1198 2108 1227 2129 se
1248 2100 1347 2129 nobis²³
1367 2109 1422 2137 pro
1442 2109 1488 2135 Se,
1511 2101 1560 2130 sed
1572 2110 1628 2138 pro
1649 2102 1715 2136 z'll0,·
1736 2103 1798 2132 ideo
1815 2111 1870 2132 om-

187 2314 194 2329 1
213 2315 277 2337 Vers.
295 2315 315 2337 4.
333 2315 377 2337 Csr.
395 2315 448 2337 Lev.
471 2315 506 2342 19,
526 2315 545 2337 t.
563 2319 585 2338 et
602 2315 666 2337 Deut.
684 2315 705 2343 5,
723 2316 743 2337 8.

186 2353 195 2367 ²
212 2354 272 2376 Libr.
291 2354 326 2375 lv.
344 2354 373 2375 dc
390 2354 443 2376 Fide
461 2353 550 2376 orthod.
574 2360 593 2376 c.
615 2354 648 2376 16.
666 2354 710 2376 Csr.
732 2354 808 2377 Oratio
827 2355 840 2376 1.
864 2354 892 2377 de
910 2356 966 2377 ima·

124 2393 228 2421 ginibus,
247 2399 267 2415 n.
286 2392 307 2415 4,
325 2396 346 2415 et
362 2393 388 2420 7;
407 2393 429 2415 11.
448 2399 468 2415 n.
487 2393 507 2421 5,
526 2399 567 2415 nec
585 2399 628 2415 non
648 2393 678 2415 111.
698 2400 719 2415 n.
737 2394 758 2415 2.

185 2431 195 2445 ³
211 2430 313 2453 Obiectio
331 2432 382 2453 huic
399 2432 478 2453 similis
495 2432 540 2453 iam
556 2432 611 2453 sacta
630 2435 663 2454 est
680 2439 691 2453 a
710 2432 820 2460 Claudio,
841 2433 966 2454 Taurinen-

123 2471 154 2492 sis
171 2470 280 2491 ecclcsiae
305 2471 384 2497 episc„
410 2474 487 2492 contra
510 2471 575 2492 cuius
593 2470 748 2497 blasphemias
767 2471 845 2498 lonas,
865 2472 966 2493 Aurelia-

123 2510 198 2530 nensis
214 2509 284 2535 episc.
302 2509 329 2535 (ἦ-
347 2508 409 2535 813),
437 2508 544 2530 mundato
569 2508 679 2530 Ludovici
710 2509 813 2531 Caesaris
832 2513 877 2531 tros
895 2510 965 2531 libros

122 2547 212 2575 scripsit
229 2547 258 2568 de
275 2546 340 2568 Cultu
359 2547 498 2574 imaginum,
517 2548 538 2568 in
556 2553 655 2575 quorum
669 2549 743 2574 primo
756 2549 812 2570 inter
830 2548 884 2570 alius
902 2549 965 2570 istius

122 2587 224 2614 episcopi
243 2586 411 2613 propositiones
436 2586 503 2607 etiam
530 2587 587 2607 hanc
612 2586 707 2608 refellit:
734 2586 799 2608 Certo
817 2587 834 2608 si
852 2587 963 2609 adorandi

123 2624 219 2653 [Sancti]
237 2625 338 2652 fuissent,
357 2625 403 2646 viri
430 2625 506 2652 potios
531 2631 600 2653 quum
627 2626 709 2647 mortui
728 2625 839 2647 adorandi
857 2632 907 2647 csse
925 2626 965 2648 ‹lc-

122 2663 221 2685 bum-unt
237 2667 279 2685 etc,
298 2663 355 2685 Vidi¹
374 2663 459 2690 Mignr,
479 2663 558 2684 l‘atrol.
586 2663 621 2684 lat.
646 2667 699 2684 tom⁴
722 2664 770 2685 106.
788 2664 830 2685 col,
849 2664 900 2685 326.
919 2663 962 2686 Csr.

123 2702 144 2724 S.
162 2701 286 2729 Agobanh,
305 2702 409 2729 Lugdun.
427 2702 497 2728 episc.
515 2702 542 2728 (ἦ-
560 2700 605 2723 sto
618 2702 653 2722 vel
667 2701 728 2729 Ml),
742 2701 771 2723 (lc
783 2702 876 2729 imagin.
890 2703 963 2724 Sam-t.

123 2746 142 2762 c.
160 2740 200 2762 28:
217 2739 282 2762 Certe
304 2741 321 2762 si
349 2739 459 2762 adorandi
486 2740 579 2762 fuissent
597 2740 716 2765 hominos,
736 2740 782 2761 vivi
802 2741 875 2767 magis
894 2747 963 2768 quam

122 2779 174 2806 picti
191 2781 232 2801 etit.
251 2778 347 2806 (migne,
366 2779 445 2800 Patrol.
464 2779 499 2800 lut.
519 2781 572 2800 tom.
595 2777 642 2800 104.
661 2778 702 2800 col.
718 2779 779 2805 2⁵32).
797 2778 841 2801 Cir.
860 2780 963 2807 August„

122 2818 221 2839 Enni'rat.
240 2818 260 2839 in
280 2819 313 2839 l's.
335 2818 383 2839 113.
401 2824 469 2839 serm.
488 2818 508 2839 ⁶2.
527 2823 548 2838 n.
566 2818 586 2838 Ξ.
603 2828 635 2833 —
653 2817 694 2839 ΡΠ)
719 2816 808 2839 honore
825 2818 867 2840 cod
887 2818 904 2840 Κ
923 2817 965 2840 lm-

121 2855 212 2879 norat-i.

183 2894 192 2909 ⁴
210 2895 271 2917 lianc
288 2902 380 2924 quoquc.
397 2895 548 2917 obtectionem
566 2895 674 2917 Claudius
691 2896 735 2917 isim
755 2895 859 2923 protulit,
878 2899 900 2917 ct
917 2896 963 2924 qui·

126 2932 178 2954 dem
196 2933 324 2955 secundum
348 2933 423 2955 lonam
451 2934 492 2955 loc.
510 2934 545 2955 cit.
564 2934 598 2955 his
615 2932 708 2954 verbis:
726 2933 747 2954 si
765 2939 833 2960 ops-ra
853 2939 962 2955 manuum

1025 2317 1062 2338 Dei
1081 2323 1124 2338 non
1143 2321 1195 2338 sunt
1212 2316 1327 2338 adoranda
1354 2320 1375 2338 et
1401 2316 1495 2338 colenda
1507 2335 1512 2344 ,
1531 2321 1616 2345 quanto
1639 2318 1713 2345 magis
1731 2324 1800 2345 opera
1819 2325 1868 2340 ma—

1024 2360 1095 2376 nuum
1122 2355 1239 2376 hominum
1264 2355 1380 2376 adoranda
1405 2359 1427 2377 et
1449 2355 1542 2377 colenda
1562 2362 1606 2377 non
1624 2358 1691 2378 sunt!
1711 2356 1805 2378 Prorsus
1824 2363 1867 2379 nec

1023 2393 1044 2414 in
1064 2394 1149 2414 honore
1166 2399 1246 2414 eorum
1265 2399 1363 2421 quorum
1381 2393 1540 2415 similitudines
1557 2400 1606 2416 esse
1625 2394 1739 2416 dicuntur.

1087 2431 1096 2446 ⁵
1113 2432 1196 2453 Similis
1208 2431 1304 2453 obiectio
1317 2433 1415 2454 occurrit
1432 2433 1453 2454 in
1466 2432 1534 2454 Conv.
1547 2433 1637 2455 Nic-nen.
1652 2433 1674 2454 11.
1687 2437 1728 2455 act.
1745 2434 1765 2455 6.
1780 2436 1832 2455 lom.
1847 2433 1865 2456 4.

1023 2469 1130 2492 Claudius
1148 2471 1295 2492 Tnurinensis
1316 2471 1358 2492 loc.
1381 2472 1416 2493 eit.
1438 2471 1499 2498 apud
1523 2472 1615 2493 Ionam:
1639 2472 1660 2493 Si
1685 2472 1773 2499 imago,
1796 2479 1865 2501 quom

1023 2509 1116 2534 adoras,
1134 2509 1194 2531 Deus
1212 2516 1255 2531 non
1273 2513 1321 2537 est,
1340 2516 1484 2538 nequaquam
1505 2511 1634 2533 veneranda
1656 2515 1687 2533 cst
1711 2512 1797 2533 bonore
1814 2512 1866 2533 Sun-

1023 2549 1119 2574 ctorum,
1137 2548 1175 2576 qui
1195 2554 1339 2576 nequaquam
1358 2548 1450 2569 divinos
1466 2548 1509 2570 sibi
1528 2552 1635 2576 arrogant
1653 2549 1758 2571 honores,
1775 2561 1807 2565 —
1825 2549 1866 2570 Pro

1023 2584 1108 2614 leqales
1125 2585 1282 2609 caerimoniae
1298 2587 1351 2608 edd.
1369 2592 1421 2608 cum
1441 2587 1553 2609 nonnullis
1565 2587 1632 2609 codd.
1651 2587 1733 2616 [walis
1750 2587 1865 2610 (niet-imo-

1022 2623 1082 2646 m'ne.
1101 2625 1142 2646 l’ro
1159 2623 1299 2647 consistebat
1317 2625 1364 2647 Vnt.
1383 2625 1494 2652 consistit,
1514 2625 1567 2647 (wid.
1590 2626 1606 2653 l,
1625 2627 1638 2647 2
1656 2626 1774 2648 consistat.

1085 2662 1094 2676 ⁶
1113 2663 1160 2685 Vat.
1174 2664 1255 2685 omittit
1266 2663 1405 2692 scripturas.
1418 2664 1463 2686 Csr.
1482 2664 1593 2690 Dtiinnsc„
1615 2664 1649 2686 lv.
1663 2664 1691 2686 ‹11-
1710 2665 1762 2686 Πύρ
1775 2665 1864 2687 orthod.

1022 2708 1041 2723 c.
1067 2702 1099 2723 16.
1118 2713 1147 2717 —
1164 2702 1212 2723 Mox
1239 2709 1280 2729 pro
1306 2702 1405 2731 Propter
1429 2702 1527 2732 (iffrctits
1549 2703 1615 2724 codd.
1639 2705 1654 2724 ,t
1669 2704 1684 2725 Ζ
1708 2703 1738 2725 bb
1766 2704 1865 2733 Propter

1021 2740 1156 2769 affec-tamn.

1084 2779 1093 2792 ⁷
1111 2780 1131 2801 ln
1151 2780 1218 2807 Epist.
1237 2779 1265 2801 :id
1285 2780 1375 2801 Pisoni-s
1393 2781 1441 2802 sive
1459 2780 1486 2802 do
1504 2783 1555 2803 Arte
1575 2781 1675 2808 poi-tica,
1693 2787 1715 2802 v.
1732 2781 1780 2803 180.
1799 2787 1863 2810 seqq.

1022 2830 1051 2833 ——
1069 2818 1110 2839 Pro
1127 2817 1228 2840 demissa
1245 2819 1266 2840 in
1294 2819 1369 2840 multis
1394 2819 1461 2841 codd.
1488 2819 1570 2847 legitur
1587 2819 1697 2847 dimissa,
1723 2821 1743 2841 in
1762 2820 1829 2841 codd.
1849 2821 1863 2841 1)

1022 2856 1052 2878 bb
1069 2855 1182 2878 immissa.
1201 2857 1285 2878 Deinde
1304 2858 1352 2879 loco
1369 2864 1412 2886 liet·
1427 2863 1513 2880 aurem
1539 2858 1630 2885 plurimi
1653 2858 1719 2880 codd.
1738 2864 1790 2879 cum
1809 2858 1862 2880 edd.

1023 2896 1030 2916 1
1043 2913 1048 2919 .
1067 2896 1079 2917 2
1097 2901 1173 2917 clinum
1193 2898 1275 2917 textum
1294 2897 1375 2923 origin.
1393 2897 1498 2918 extulit-nt
1514 2902 1557 2925 per
1573 2903 1651 2920 aures.

1083 2933 1093 2948 ⁸
1109 2934 1164 2956 Cod.
1182 2934 1198 2956 Z
1216 2935 1306 2962 supplet
1323 2934 1400 2964 imaqo
1419 2935 1467 2957 illa.
