2166 3366
101 633 237 652 Fundamenta.

107 1947 137 1965 Ad
146 1946 238 1970 opposita.

120 1993 135 2011 A
149 1996 201 2016 parte
217 1993 236 2011 Γ]-

243 190 299 218 680

924 185 1176 214 SENTENTIARUM
1197 185 1258 214 LlB.
1279 185 1318 213 Ill.

1023 311 1184 348 0111115110
1207 312 1223 340 1.

846 399 950 427 Utrum
970 398 1042 436 fides
1063 399 1093 427 in
1112 399 1212 436 ylort'a
1234 402 1400 427 evacuetur.

322 489 400 517 Circa
414 488 537 524 primum
554 487 593 516 sic
608 487 770 524 proceditur
782 490 809 515 et
820 486 979 523 quaeritur.
995 489 1091 515 utrum

242 535 312 564 fides
334 535 361 563 in
384 535 472 571 gloria
493 537 653 563 evacuetur.
678 534 708 562 Et
730 533 804 570 quod
827 533 881 567 sic,
903 533 1033 562 videtur:

325 584 348 610 1.
371 582 453 619 Quia,
476 582 631 610 secundum
647 581 722 618 quod
738 581 803 610 dicit
826 581 971 618 Apostolus
985 581 1006 615 ¹,
1021 580 1092 617 fides

244 633 285 657 est
306 633 516 667 armamentum
547 637 649 656 rerum
678 636 736 656 non
758 628 985 665 appeti-culmum
1007 635 1092 664 super

245 676 319 713 quod
342 676 409 704 dicit
440 675 605 711 Gregorius,
627 675 700 711 quod
729 683 828 712 «quae
850 678 986 712 apparent
1008 674 1090 703 fidem

245 732 299 752 non
322 724 441 755 habent,
456 723 503 751 sed
520 722 712 759 agnitionem»
727 732 732 750 ;
755 722 776 751 51
793 730 859 759 ergo
875 722 901 750 in
924 722 1012 759 patria
1029 730 1094 750 cun-

245 774 288 800 cta
310 779 381 808 quae
403 778 476 798 nunc
498 769 655 799 credimus.
680 773 762 798 erunt
785 769 944 803 manifesta,
967 769 1092 803 videtur,

246 818 319 855 quod
344 817 413 846 fides
435 817 597 854 simpliciter
619 816 671 845 erit
692 816 861 845 evacuanda.

326 866 350 893 2.
374 864 456 898 116111,
478 864 649 901 Augustinus
681 863 789 892 decimo
819 867 919 900 quarto
948 863 982 891 de
1008 862 1094 890 Trini-

246 915 301 940 tate
314 911 342 939 2:
370 922 383 937 «
398 912 473 940 Mens
494 911 598 948 quippe
620 911 755 943 humana,
771 918 833 939 cum
852 910 935 939 fidem
957 918 1036 938 suam
1057 909 1094 937 vi-

246 960 307 993 det,
329 967 386 996 qua
407 959 496 987 credit
517 958 592 995 quod
609 966 661 986 uon
686 958 776 992 videt,
798 966 851 985 nou
874 956 978 994 aliquid
996 956 1095 993 sempi-

246 1009 356 1034 ternum
380 1005 464 1034 videt.
493 1005 610 1041 Quando
642 1005 714 1033 enim
747 1004 782 1033 ad
812 1004 932 1041 speciem
965 1011 1015 1031 uos
1044 1010 1093 1039 per

246 1053 330 1082 fidem
354 1053 503 1090 perductos
525 1060 585 1081 esse
617 1051 818 1089 gaudebimus,
851 1059 903 1079 non
937 1051 991 1078 iam
1024 1050 1093 1078 111165

246 1101 314 1134 6111,
337 1108 392 1137 qua
413 1098 565 1127 credantur
587 1107 659 1136 quae
675 1107 727 1127 non
744 1098 891 1132 videntur,
907 1098 955 1127 sed
972 1098 1093 1134 species,

246 1155 302 1184 qua
324 1147 471 1175 videantur
493 1154 564 1183 quae
586 1145 773 1174 credebantur
788 1156 814 1173 »ι
837 1153 903 1182 ergo
925 1148 975 1173 etc.

326 1194 351 1222 3.
373 1194 456 1227 Item,
478 1193 547 1221 ratio
569 1193 769 1226 evacuationis,
786 1200 869 1230 quam
892 1192 1014 1228 assignat
1029 1192 1096 1228 Apo-

247 1241 350 1275 stolus,
373 1244 414 1270 est
435 1240 608 1277 imperfectio
630 1256 668 1260 —
689 1240 727 1268 ait
748 1240 859 1268 enim³t
892 1239 964 1268 Cum
986 1239 1096 1267 uenerit

247 1288 324 1326 qaod
342 1286 505 1325 perfectum
527 1291 584 1321 est,
608 1287 801 1320 evacuabitur
816 1287 893 1324 quod
908 1295 942 1314 ea:
956 1290 1041 1323 parte
1055 1290 1096 1314 est

247 1351 286 1356 ——
301 1335 348 1363 sed
372 1337 573 1368 constans-est,
589 1334 663 1370 quod
680 1333 799 1370 cognitio
814 1333 877 1362 fidei
894 1337 935 1362 est
950 1342 984 1361 eac
996 1337 1092 1369 parte,

248 1390 310 1411 61111]
334 1382 369 1410 511
389 1390 440 1418 per
461 1381 611 1418 speeulzmz
639 1384 666 1409 et
688 1380 718 1408 iu
750 1380 930 1418 aenigmate.-
963 1388 1029 1416 ergo
1051 1388 1095 1408 ne-

248 1436 324 1458 cesse
355 1432 411 1463 est,
444 1428 531 1465 ipsam
564 1428 710 1459 evacuari,
743 1427 957 1464 superveniente
990 1427 1094 1456 visione

248 1475 358 1513 speciei.

327 1523 352 1550 [1.
375 1522 457 1556 116111,
479 1521 595 1550 credere
617 1521 794 1550 manifestum
811 1529 864 1549 non
880 1524 985 1558 spectat
1000 1521 1032 1550 ad
1050 1522 1096 1549 lia-

247 1570 336 1598 bitum
359 1569 478 1598 alicuius
500 1569 625 1603 virtutis,
641 1577 704 1597 cum
721 1569 884 1605 simpliciter
904 1569 938 1597 sit
955 1569 1097 1597 necessita-

247 1617 301 1647 tis:
323 1617 370 1646 sed
394 1617 420 1645 in
444 1616 532 1653 patria
554 1619 652 1645 cuncta
674 1623 745 1653 quae
770 1616 927 1650 credimus,
944 1616 1097 1645 manifesta-

248 1665 371 1693 buntur:
395 1672 461 1700 ergo
483 1664 598 1692 credere
622 1663 656 1691 ibi
680 1671 734 1691 non
756 1663 809 1691 erit
823 1663 858 1691 ab
873 1663 966 1700 aliquo
985 1664 1096 1692 virtutis

247 1711 354 1740 habitu.
376 1711 428 1739 Sed
452 1711 563 1739 babitus
578 1711 666 1747 ipsius
682 1710 759 1744 fidei,
780 1710 964 1738 essentialiter
987 1710 1096 1747 loquen-

248 1759 298 1793 do,
323 1758 411 1786 virtus
433 1758 510 1786 est‘:
534 1757 555 1786 si
577 1765 643 1793 ergo
659 1757 695 1785 ibi
718 1756 861 1785 auferetur
883 1757 953 1785 ratio
973 1758 1096 1791 virtutis,

247 1813 360 1834 necesse
375 1807 431 1837 est,
447 1804 538 1841 ipsum
555 1807 691 1841 quantum
714 1804 746 1832 ad
771 1804 917 1832 essentiam
934 1812 1013 1833 suam
1036 1812 1096 1833 eva-

249 1852 326 1880 cuari
349 1854 376 1880 et
397 1851 463 1879 tolli.

328 1898 380 1926 SED
396 1898 422 1925 in
438 1897 608 1925 contrarium
630 1897 759 1933 arguitur
774 1897 864 1933 primo
879 1905 895 1925 a
910 1901 988 1934 parte
1004 1898 1097 1935 ipsius

249 1943 318 1981 fidei
347 1943 541 1978 cvacuandae,
573 1943 674 1972 deinde
695 1951 711 1971 a
733 1947 811 1980 parte
842 1944 920 1977 61113,
945 1952 992 1981 per
1021 1945 1095 1981 quod

249 1992 319 2020 fides
342 1991 425 2019 babet
445 1991 595 2019 evacuari.
614 1991 651 2019 Ex
667 1993 746 2027 parte
768 1990 855 2027 ipsius
869 1991 939 2027 fidei
952 1992 1095 2028 arguitur:

332 2040 355 2066 1.
379 2038 469 2066 Primo
492 2038 597 2067 ratione
619 2038 660 2066 sui
675 2037 684 2050 ⁵
705 2038 820 2075 yenerz's
842 2039 888 2067 sic.
912 2039 988 2068 Fides
1010 2043 1051 2068 est
1069 2040 1096 2068 in

250 2093 351 2122 genere
379 2085 490 2113 virtutis
511 2084 689 2121 simpliciter,
704 2088 731 2113 et
752 2084 826 2121 quod
848 2085 969 2122 amplius
990 2090 1047 2119 est,
1070 2087 1096 2114 in

251 2140 351 2169 genere
373 2132 485 2160 virtutis
506 2131 694 2168 tlieologieae3
722 2131 768 2160 sed
792 2131 882 2160 virtus
903 2136 944 2161 est
967 2133 1097 2169 perfectio

250 2179 404 2216 potentIae,
426 2182 453 2207 61
483 2178 635 2215 theologica
663 2178 752 2206 virtus
780 2182 821 2206 651
850 2179 937 2207 maior
966 2180 1097 2216 perfectio

251 2234 334 2263 quam
368 2225 536 2260 cardinalis3
570 2225 617 2254 sed
649 2225 780 2261 perfectio
806 2225 909 2262 gloriae
941 2234 995 2255 non
1029 2227 1098 2255 tollit

250 2273 447 2311 perfectionem
476 2273 613 2309 potentiae
642 2280 691 2300 nec
713 2275 828 2300 evacuat
858 2280 905 2301 eas
933 2281 1004 2310 quae
1033 2278 1097 2302 sunt

250 2321 277 2348 111
294 2328 394 2357 genere
417 2319 528 2348 virtutis
549 2318 711 2353 cardinalis,
734 2319 799 2355 quia
821 2319 939 2347 virtutes
965 2320 1042 2354 illae,
1066 2321 1099 2349 si-

1149 490 1196 515 cut
1217 486 1283 514 dicit
1298 485 1469 522 Augustinus
1481 485 1507 520 ⁶,
1524 486 1677 514 manebunt
1691 487 1718 514 in
1735 487 1838 524 patria:
1853 495 1920 524 ergo
1935 496 1999 517 cum

1149 533 1219 561 fides
1242 541 1294 561 uon
1318 533 1408 561 solum
1436 532 1471 561 sit
1496 533 1601 567 virtus,
1628 534 1676 562 sed
1702 534 1784 562 etiam
1812 535 1901 563 virtus
1928 535 2001 563 theo-

1150 580 1256 616 logica,
1286 580 1413 613 videtur,
1438 580 1513 616 quod
1539 580 1616 608 nullo
1639 581 1720 609 modo
1742 581 1777 610 sit
1804 589 1855 618 per
1883 582 1999 618 gloriam

1150 626 1319 655 evacuanda.

1230 674 1255 701 2.
1278 673 1360 707 116111,
1383 673 1435 702 1106
1466 673 1557 710 ipsum
1590 674 1746 703 ostenditur
1767 683 1783 703 a
1804 678 1883 712 parte
1912 684 2002 704 essen-

1152 721 1208 749 tiae
1229 723 1256 749 et
1276 719 1453 757 definitionis
1480 721 1568 757 ipsius
1598 721 1680 750 fidei:
1709 722 1775 758 qula
1803 721 1874 759 sides
1906 731 2002 751 secun-

1151 768 1219 796 dum
1246 764 1407 804 Apostolum
1420 768 1428 782 ⁷
1449 771 1490 796 est
1509 766 1738 804 fundamentum
1759 778 1861 797 reram
1882 778 2001 806 speran-

1152 814 1279 848 darum,
1312 815 1467 843 secundum
1497 815 1683 852 Augustinum
1716 819 1757 844 est
1794 816 2000 845 «illuminatio

1151 861 1255 889 mentis
1276 861 1311 890 ad
1335 861 1487 890 videndum
1509 862 1599 890 Deum
1614 873 1641 897 »3
1656 863 1703 891 sed
1721 863 1809 900 gloria
1824 863 2000 899 adveniente,

1152 907 1379 946 fcmzclamentam
1396 909 1549 946 spiritualis
1563 910 1681 939 aedificii
1698 918 1750 938 non
1767 910 1936 945 destruitur,
1952 911 2000 940 sed

1152 956 1245 992 potius
1277 956 1434 989 stabilitur,
1467 956 1646 985 illuminatio
1668 965 1721 985 non
1744 958 1923 992 excluditur,
1951 958 1998 987 sed

1152 1003 1245 1039 potius
1276 1002 1421 1040 perficitur
1443 1006 1469 1032 et
1491 1004 1665 1040 completur:
1688 1012 1754 1041 ergo
1776 1005 1903 1039 videtur,
1926 1005 2000 1042 quod

1152 1050 1265 1078 habitus
1287 1050 1350 1079 fidei
1375 1058 1423 1086 per
1445 1050 1561 1087 gloriam
1585 1059 1639 1079 non
1661 1055 1822 1080 evacuetur.

1233 1097 1258 1125 3.
1281 1097 1363 1132 ltem,
1387 1098 1438 1126 1106
1461 1098 1550 1134 ipsum
1574 1099 1730 1127 ostenditur
1762 1107 1779 1127 a
1810 1102 1888 1136 parte
1917 1103 2001 1128 1161115

1149 1143 1336 1180 principalis.
1359 1145 1441 1173 Actus
1462 1145 1535 1173 enim
1559 1145 1647 1182 ipsius
1676 1145 1740 1174 fidei
1770 1146 1931 1183 principalis
1960 1150 2001 1176 est

1137 1191 1295 1219 'assentire
1309 1191 1416 1228 primae
1432 1192 1546 1220 Veritati
1568 1197 1683 1229 propter
1699 1201 1728 1221 se
1743 1196 1770 1221 et
1786 1201 1871 1230 super
1892 1194 2001 1230 onmia,

1153 1241 1179 1267 61
1201 1238 1267 1266 velle
1289 1238 1311 1267 ei
1334 1239 1449 1267 credere
1472 1239 1530 1267 sive
1551 1239 1725 1268 credidisseS
1740 1257 1778 1260 —
1792 1241 1858 1277 quia
1873 1241 1998 1272 eiusdem

1154 1285 1266 1313 babitus
1287 1288 1329 1314 est
1350 1285 1420 1314 velle
1442 1286 1556 1314 credere
1578 1289 1605 1314 et
1626 1286 1697 1315 velle
1719 1287 1871 1317 credidisse
1892 1306 1932 1309 —
1953 1290 2001 1319 sed

1153 1332 1180 1360 in
1202 1332 1292 1369 patria
1313 1332 1498 1361 assentiemus
1521 1334 1627 1370 primae
1650 1334 1763 1362 Veritati
1786 1338 1902 1372 propter
1924 1344 1954 1365 se
1975 1339 2002 1365 et

1154 1387 1239 1416 super
1260 1380 1368 1413 omnia,
1391 1380 1518 1409 volemus
1539 1381 1623 1409 etiam
1649 1381 1801 1410 credidisse
1824 1382 1897 1411 Deo:
1921 1383 2002 1412 liabe-

1153 1427 1247 1455 bimus
1269 1427 1354 1463 igitur
1375 1430 1468 1455 actum
1491 1426 1555 1456 fidei
1572 1428 1773 1464 principalem:
1789 1436 1855 1466 ergo
1870 1432 1897 1457 et
1912 1429 2000 1466 ipsam

1155 1473 1248 1502 sidem.

1232 1521 1315 1555 Item,
1338 1521 1410 1549 11069
1431 1521 1588 1550 ostenditur
1608 1530 1624 1550 a
1646 1525 1724 1559 parte
1746 1522 1825 1556 eius,
1847 1530 1898 1559 per
1925 1524 2144 1574 1111011’3ΘιξεὶὲῑιξὲῡῖιίιιέΞ

2013 1577 2109 1593 vacuatur.

1154 1562 1256 1596 dicitur
1278 1567 1347 1596 fides
1369 1568 1519 1596 evacuari.

1233 1615 1259 1643 li.
1283 1615 1347 1643 Plus
1368 1615 1441 1643 enim
1466 1618 1602 1652 repugnat
1618 1615 1676 1652 ipse
1692 1615 1804 1644 habitus
1826 1616 1890 1645 fidei
1913 1616 2002 1646 defor-

1155 1663 1241 1690 mitati
1262 1662 1376 1699 peccati
1402 1670 1486 1699 quam
1509 1662 1670 1699 perfectioni
1701 1663 1823 1699 gloriae3
1853 1664 1901 1693 sed
1928 1665 2002 1693 habi-

1155 1712 1200 1737 tus
1222 1709 1284 1737 fidei
1308 1717 1362 1737 non
1393 1709 1499 1737 tollitur
1530 1716 1580 1737 nec
1611 1713 1765 1738 evacuatur
1786 1718 1836 1746 per
1858 1711 2001 1739 tenebram

1155 1756 1257 1792 peccati
1272 1756 1307 1784 l⁰:
1331 1764 1397 1793 ergo
1419 1764 1468 1785 nec
1490 1759 1549 1793 per*
1562 1757 1773 1794 completionem
1796 1758 1909 1793 gloriae.

1235 1805 1260 1832 55.
1283 1804 1362 1837 ltem,
1385 1803 1509 1841 cognitio
1531 1804 1680 1832 inatutz'na
1702 1804 1729 1832 in
1752 1804 1862 1841 Angelis
1881 1813 1934 1833 non
1956 1813 2003 1834 ex-

1155 1850 1243 1879 cludit
1264 1850 1447 1887 cognitionem
1470 1851 1673 1887 vespertinam,
1696 1852 1782 1879 immo
1803 1852 1886 1881 simul
1906 1860 2003 1888 cogno-

1155 1900 1236 1925 scunt
1258 1905 1303 1926 res
1324 1898 1350 1925 in
1374 1897 1465 1926 Verbo
1487 1901 1514 1926 et
1535 1898 1560 1925 in
1578 1898 1692 1935 proprio
1707 1899 1855 1935 genere¹¹:
1878 1906 1944 1935 ergo
1966 1898 2002 1927 vi-

1155 1944 1195 1972 sio
1216 1944 1264 1972 Dei
1287 1944 1313 1972 in
1344 1944 1457 1981 propria
1489 1945 1609 1973 essentia
1629 1947 1656 1973 et
1677 1948 1778 1973 natura
1800 1953 1852 1973 non
1876 1945 2002 1974 excludit

1155 1992 1287 2020 visionem
1312 1991 1399 2027 ipsius
1421 1991 1447 2019 in
1471 1991 1584 2028 speculo
1606 1995 1632 2020 et
1654 1991 1680 2019 in
1703 1995 1847 2025 creatura,
1863 1993 1911 2021 sed
1933 1993 2002 2021 visio

1155 2038 1218 2067 fidei
1241 2042 1283 2067 est
1305 2039 1374 2067 visio
1396 2038 1568 2075 specularis:
1590 2046 1657 2075 ergo
1679 2046 1729 2075 per
1749 2039 1881 2068 visionem
1897 2039 2001 2076 gloriae

1155 2094 1208 2114 non
1233 2086 1315 2114 habet
1337 2086 1476 2114 evacuari.

1236 2134 1260 2161 6.
1283 2133 1363 2167 116111,
1387 2132 1483 2161 lumen
1510 2141 1577 2161 cam
1606 2132 1715 2161 ltmtz'ne
1736 2141 1789 2161 non
1815 2133 1899 2161 habet
1920 2141 2003 2170 oppo-

1156 2180 1299 2214 sitionem,
1321 2188 1371 2209 nec
1386 2180 1412 2208 in
1429 2180 1621 2217 corporalibus
1636 2188 1687 2208 nec
1702 2180 1728 2208 11]
1744 2180 1953 2216 spiritualibus,
1969 2180 2002 2209 si-

1155 2230 1203 2255 cut
1223 2230 1315 2264 patet:
1338 2227 1404 2264 quia
1426 2227 1452 2255 11]
1475 2227 1572 2255 eodem
1596 2227 1687 2255 medio
1709 2227 1792 2264 plura
1811 2231 1927 2264 possunt
1941 2235 2001 2256 esse

1156 2274 1262 2302 lumina
1284 2274 1479 2310 impermixta.
1501 2274 1573 2303 sicut
1594 2273 1660 2302 dicit
1675 2274 1822 2310 Dionysius
1838 2274 1864 2302 in
1880 2274 1952 2302 libro
1967 2275 2002 2303 de

1156 2321 1260 2349 Divinis
1282 2321 1445 2349 Nominibus
1457 2320 1492 2355 Ν,
1515 2321 1642 2349 similiter
1663 2325 1690 2349 et
1712 2321 1739 2349 in
1754 2321 1947 2357 spiritualibus
1963 2321 2003 2350 lu-

314 2442 320 2456 1
340 2442 408 2464 Hebr.
430 2443 462 2464 ll.
485 2442 502 2463 1.
521 2454 550 2457 —-
567 2442 670 2469 Gregor„
689 2442 711 2463 ll.
730 2441 811 2463 Homil.
829 2442 850 2463 in
869 2442 955 2469 Evang.
969 2443 1046 2464 11011111.
1060 2443 1096 2465 26.

251 2489 272 2505 11.
291 2483 311 2504 S.
331 2495 360 2498 —
379 2482 473 2504 luserius
491 2487 533 2509 pro
551 2482 636 2504 cuncta
654 2481 696 2509 (516
713 2480 763 2503 cod.
782 2481 809 2509 U)
833 2481 900 2503 codd.
918 2485 939 2504 et
961 2482 1013 2504 edd.
1043 2483 1058 2510 Ι,
1084 2484 1096 2505 2

250 2522 340 2549 cetera.
355 2521 405 2543 Vnt.
423 2521 512 2543 secreta
528 2523 550 2543 et
566 2519 725 2549 Supplemeiit.
743 2520 806 2541 Sum.
828 2520 888 2542 Alex.
908 2520 955 2542 llal.
969 2521 1042 2543 collat.
1060 2521 1096 2543 74.

251 2567 270 2582 a.
294 2561 310 2582 l.
329 2559 414 2582 omnia.
433 2560 495 2581 idem
513 2560 611 2582 occurrit
629 2559 650 2581 in
669 2559 770 2581 fundam.
790 2558 809 2580 l..

313 2598 322 2612 ²
340 2598 395 2626 Cap.
414 2599 434 2620 Ξ.
453 2605 475 2621 11.
494 2598 513 2620 >1.
532 2599 553 2620 111
577 2601 635 2620 textu
659 2599 740 2626 origin.
768 2601 818 2625 post
842 2597 1010 2626 sempiternwn
1038 2598 1097 2621 uidet

252 2638 316 2666 plura
335 2641 387 2660 sunt
404 2638 488 2659 additu.

315 2676 325 2691 ³
341 2677 410 2704 Epist.
429 2677 442 2698 l.
460 2676 510 2699 Cor.
535 2677 567 2705 13,
590 2677 627 2704 10,
646 2677 739 2699 inferius
756 2676 877 2703 respicitur
895 2682 915 2697 v.
938 2676 971 2697 12.

315 2714 323 2729 ⁴
342 2715 369 2737 Ut
386 2718 503 2737 ostensum
521 2719 555 2737 est
572 2721 641 2743 supra
661 2715 682 2737 (l.
702 2715 737 2737 23.
756 2720 775 2736 a.
798 2714 814 2736 1.
833 2720 854 2742 q.
877 2714 893 2735 l.
917 2713 961 2736 Cfr.
983 2714 1050 2736 etiam
1075 2715 1096 2736 d.

252 2754 288 2776 24.
307 2761 326 2776 a.
346 2755 366 2776 2.
385 2760 406 2782 q.
429 2755 446 2775 l.
464 2760 512 2781 arg.
532 2753 551 2776 4.
570 2754 598 2776 ad
617 2760 698 2782 oppos.

313 2793 322 2808 ⁵
340 2794 396 2816 Edd.
414 2793 494 2822 ipsias.

314 2832 323 2847 ὃ
340 2833 409 2860 Epist.
433 2832 480 2855 135
499 2833 563 2860 (alias
581 2832 628 2861 52.)
647 2839 664 2854 c.
684 2832 704 2854 ⁴2.
723 2839 744 2854 n.
766 2832 803 2859 lss;
822 2832 857 2853 Vl.
875 2831 952 2853 Music.
975 2837 993 2852 6.
1021 2831 1052 2853 16.
1075 2838 1096 2853 11.

252 2872 287 2894 51.
306 2875 383 2900 seqq,
402 2872 448 2893 Xll.
467 2872 495 2894 <le
513 2872 568 2894 Gen.
587 2872 615 2894 nd
633 2872 663 2893 111.
682 2877 700 2893 c.
720 2872 756 2893 31.
775 2878 796 2893 u.
815 2871 856 2898 59,
875 2874 896 2893 ct
914 2870 972 2892 Xtv.
992 2870 1019 2892 de
1034 2870 1096 2892 Trio.

252 2917 270 2933 e.
289 2911 309 2932 9.
328 2917 348 2932 11,
372 2911 404 2932 12.
424 2923 453 2926 -
471 2910 550 2938 Quoad
569 2910 684 2933 vinitorem
703 2910 742 2932 cfr.
761 2916 829 2938 supra
849 2909 870 2932 d.
894 2910 928 2931 ²23.
948 2915 967 2931 a.
996 2909 1012 2931 l.
1032 2915 1052 2937 q.
1080 2909 1096 2931 l.

252 2957 327 2978 semp,
346 2950 374 2972 de
386 2949 475 2972 mium-i
490 2950 544 2972 vide
562 2949 616 2971 ibid.
635 2953 656 2972 et
673 2950 695 2971 ll.
709 2950 769 2972 Seni.
788 2949 809 2971 d.
829 2949 864 2971 27.
884 2948 938 2971 dub.
952 2949 972 2971 3.
986 2961 1015 2963 —
1028 2948 1096 2970 Paulo

252 2989 358 3016 superius
377 2995 418 3016 pro
435 2990 534 3011 6111611111
545 2994 584 3011 eus
597 2988 702 3017 [supplez
720 2988 828 3017 virtutes]
846 2988 896 3010 eod.
916 2988 933 3010 U
951 2988 1049 3010 evacuat
1061 2993 1095 3009 ea.

1220 2443 1229 2457 ⁷
1244 2443 1312 2466 Hebr.
1340 2444 1371 2470 11,
1402 2444 1423 2465 l:
1450 2443 1486 2465 Est
1507 2446 1584 2466 autem
1607 2443 1664 2466 fides
1687 2443 1854 2471 sperandarum
1876 2443 2002 2466 substantia

1155 2488 1240 2504 rerum.
1259 2495 1288 2497 —
1306 2482 1337 2504 De
1354 2482 1422 2504 altera
1441 2482 1571 2504 definitione
1589 2482 1652 2508 fidei,
1676 2488 1735 2511 quae
1758 2483 1910 2510 Augustinum
1934 2482 2002 2505 liubet

1155 2525 1284 2547 auctorem,
1303 2521 1356 2543 vide
1373 2528 1444 2549 supra
1462 2527 1515 2549 pag.
1534 2521 1586 2549 501,
1605 2525 1657 2543 nota
1670 2521 1691 2543 5
1879 2523 1882 2526 ”

1217 2560 1226 2575 ⁸
1245 2560 1302 2583 Vide
1321 2567 1391 2589 supra
1409 2561 1430 2583 (l.
1453 2561 1488 2583 23.
1508 2567 1528 2583 a.
1548 2561 1567 2583 1.
1585 2568 1607 2589 q.
1626 2561 1646 2582 2.
1665 2564 1687 2583 et
1711 2560 1733 2582 d.
1752 2560 1788 2582 24..
1807 2568 1826 2582 n.
1857 2561 1874 2582 l.
1893 2566 1914 2589 q.
1934 2561 1954 2582 2.
1971 2572 2003 2576 —

1155 2600 1224 2621 Paulo
1242 2600 1335 2622 inferius
1348 2606 1390 2627 pro
1404 2599 1519 2626 volemus,
1538 2602 1561 2621 ut
1573 2599 1655 2627 legitur
1673 2600 1693 2621 in
1713 2598 1780 2621 codd.
1798 2599 1814 2620 Z
1827 2598 1858 2620 bb
1870 2601 1892 2621 61
1905 2599 1926 2620 in
1943 2598 2001 2628 Sup-

1154 2638 1269 2667 plemento
1292 2639 1355 2660 Sum.
1375 2639 1435 2660 Alex.
1453 2638 1512 2666 Hal„
1530 2638 1565 2660 alii
1584 2637 1651 2660 codd.
1674 2640 1695 2660 61
1717 2637 1770 2659 edd.
1795 2636 1917 2665 vellenms,
1942 2643 2001 2666 quae

1155 2678 1220 2700 lectio
1238 2677 1389 2705 improbanda
1407 2680 1447 2700 est.

1217 2716 1226 2730 ‘³
1244 2716 1298 2738 Cod.
1316 2717 1332 2738 L
1344 2716 1349 2737 l
1360 2717 1374 2737 Z
1393 2716 1502 2738 adiiciunt
1518 2715 1604 2744 ipsum.

1220 2755 1238 2769 ¹⁰
1257 2755 1300 2778 Cfr.
1319 2762 1387 2783 supra
1406 2755 1428 2777 d.
1447 2755 1483 2777 2⁷3.
1502 2761 1521 2777 a.
1541 2756 1560 2776 ἱ).
1580 2761 1601 2782 q.
1622 2754 1641 2776 1.
1659 2760 1707 2782 seq.

1218 2794 1235 2808 ¹¹
1255 2795 1312 2817 X'Ide
1326 2795 1348 2816 ll.
1362 2795 1421 2817 Sent.
1436 2794 1457 2816 d.
1471 2793 1491 2816 4.
1510 2800 1529 2815 a.
1544 2794 1564 2815 3.
1583 2800 1604 2822 q.
1618 2794 1638 2815 2.
1656 2793 1700 2816 Csr.
1712 2793 1780 2815 etiam
1798 2799 1867 2820 supra
1881 2799 1934 2820 pag.
1948 2792 1999 2820 319,

1156 2836 1207 2855 nota
1225 2834 1245 2855 ’3.

1219 2872 1237 2886 ¹‘2
1254 2872 1308 2900 Cap.
1328 2873 1348 2895 2.
1366 2872 1379 2901 ζ’,
1398 2872 1417 2894 11.
1436 2871 1513 2894 Verba
1531 2872 1579 2899 ipsa
1598 2870 1684 2893 videsis
1703 2874 1756 2893 tom.
1775 2871 1796 2892 ll.
1810 2877 1863 2898 pag.
1877 2870 1928 2898 329,
1947 2872 1998 2892 uota

1157 2910 1176 2932 4,
1189 2923 1218 2925 —
1231 2911 1261 2933 De
1279 2918 1372 2939 propos.
1391 2918 1438 2940 seq.
1457 2911 1496 2933 cfr.
1515 2917 1583 2938 supra
1601 2916 1655 2938 pag.
1674 2910 1726 2937 521,
1745 2912 1796 2931 nota
1815 2910 1835 2931 8.
1848 2922 1878 2925 —-
1890 2910 2000 2937 Superius

1155 2954 1197 2975 pro
1216 2949 1384 2978 opposicionem
1401 2949 1453 2972 edd.
1472 2948 1565 2979 opponi.
