2166 3366
125 618 201 641 Quaest.
216 617 244 635 in-

137 641 208 659 cidens.

113 1277 176 1295 Lati-ia
193 1276 244 1294 exhi-

114 1301 168 1327 betur
182 1300 243 1323 dupli-

113 1326 166 1342 citer.

113 1371 212 1389 Conclusio
226 1370 231 1387 l

113 1513 190 1540 Triplex
196 1512 247 1530 adiu⁴

127 1539 203 1555 tortum.

114 2029 244 2048 Corollnriuin⁴

255 206 311 233 212

256 283 357 317 mutat,
379 291 408 311 se
430 282 581 316 conficere,
603 290 687 318 quam
710 281 756 309 ille
778 281 825 318 qui
851 280 977 314 conficit,
999 289 1050 317 pro
1072 288 1104 309 eo

255 330 331 367 quod
352 329 416 358 facit
437 328 573 365 populum
597 328 794 356 idololatrare:
817 336 883 364 ergo
906 327 951 356 ille
972 328 1019 365 qui
1041 327 1105 356 ado-

256 380 299 404 rat
320 376 438 404 hostiam
461 383 515 403 non
539 377 746 408 consecratam,
767 377 809 402 est
830 374 978 402 idololatra
993 382 1043 402 nec
1058 382 1106 402 ex-

255 427 370 452 cusatur
392 426 507 459 propter
530 422 732 458 ignorantiam:
755 429 821 458 ergo
843 421 903 458 pari
926 421 1032 450 ratione
1054 429 1105 450 nec

255 471 301 499 ille
323 473 493 502 excusatur,
522 469 571 506 qui
599 469 697 497 adorat
718 468 885 502 luciferum,
906 468 1023 497 credens
1044 476 1105 497 esse

254 518 406 546 Christum.

334 564 415 592 quta
436 564 488 592 hoc
510 563 673 600 quaeritur,
699 563 840 600 quomodo
872 562 941 591 illud
973 562 1105 591 ultimum

256 611 357 639 habeat
378 611 540 643 veritatem,
563 609 638 646 quod
661 609 792 637 sacerdos
814 609 901 646 possit
915 609 1006 637 facere
1023 617 1108 645 popu-

254 658 313 685 lum
336 657 524 686 idololatrare.
547 657 625 685 Tunc
646 656 719 684 enim
746 659 819 684 esset
847 656 874 684 in
905 659 1039 692 potestate
1068 664 1108 684 sa-

255 704 376 733 cerdotis
396 704 487 732 facere
510 703 645 740 populum
667 710 800 739 peccare,
816 702 900 731 vellet
914 702 1016 736 nollet;
1031 702 1105 739 quod

255 751 413 780 absurdum
436 754 478 779 est
499 750 601 779 dicere.

573 850 788 871 CONCLUSIO.

258 937 317 973 Qui
336 937 508 974 simpliciter
537 937 647 965 adorat
677 935 789 965 Christi
816 935 1028 964 adversarium
1049 944 1107 963 non

334 987 496 1012 accusatur
512 992 531 1011 a
543 986 662 1020 peccato
674 986 796 1019 propter
819 982 1040 1019 ignorantiam,
1055 990 1107 1010 nec

333 1031 444 1069 sufficit
465 1030 592 1058 conditio
612 1030 796 1059 habitualiter
819 1033 934 1058 tantum
955 1029 1106 1067 apposita,

333 1087 408 1116 quac
440 1082 536 1106 tamen
567 1077 677 1115 sufficit
705 1081 837 1114 respectu
867 1077 1055 1106 adorationis
1077 1077 1108 1105 in

334 1125 527 1154 Sacrcmiento
549 1125 669 1153 altaris.

336 1221 517 1248 Respoivnsso:
540 1219 712 1254 Dicendum,
735 1219 809 1256 quod
832 1220 923 1248 honor
943 1219 1050 1248 latriae
1064 1227 1110 1256 po-

258 1270 311 1296 test
332 1267 461 1295 exhiberi
483 1266 647 1295 adversario
668 1266 770 1295 Christi
793 1266 958 1303 dupliciter:
974 1270 1023 1295 aut
1043 1267 1110 1294 sim-

254 1314 387 1351 pliciter,
410 1317 459 1342 aut
479 1313 533 1341 sub
562 1313 732 1341 condilionc.
766 1314 791 1341 Si
814 1313 1004 1350 simpliciter,
1027 1313 1088 1342 dico
1102 1336 1108 1347 ,

256 1361 330 1398 quod
353 1369 406 1389 non
439 1364 530 1397 potest
561 1368 621 1389 esse
651 1360 709 1389 sine
739 1364 868 1397 peccato;
891 1361 1009 1388 offertur
1036 1360 1110 1388 enim

255 1408 349 1436 cultus
372 1407 468 1435 latriae
490 1407 589 1435 alteri¹
612 1414 696 1444 quam
720 1407 792 1440 Deo;
809 1410 836 1435 et
852 1407 914 1435 ideo
936 1410 977 1435 est
1000 1407 1036 1435 ibi
1052 1414 1112 1444 pec-

255 1458 346 1483 catum
364 1454 547 1482 idololatriae.
562 1453 616 1482 Nec
630 1456 784 1482 excusatur
800 1454 906 1482 ratione
922 1454 1102 1490 ignorantiae.

257 1502 342 1530 Habet
365 1501 439 1530 enim
462 1501 565 1537 triplex
588 1500 774 1534 adiutorium,
797 1508 846 1537 per
869 1500 944 1537 quod
967 1504 1056 1537 potest
1071 1509 1112 1529 er-

256 1557 351 1577 rorem
374 1548 508 1577 devitare.
542 1548 666 1576 Primum
696 1551 738 1576 est
766 1547 925 1576 remedium
947 1548 1112 1584 praemoni-

259 1596 347 1624 tionis
359 1604 466 1624 sacrae
482 1595 658 1632 Scripturae
671 1594 691 1629 ²,
708 1602 780 1632 quae
795 1595 938 1623 multoties
950 1595 1025 1629 dicit,
1036 1595 1112 1632 quod

259 1643 337 1671 multi
361 1643 387 1671 in
420 1643 532 1671 nomine
563 1642 666 1670 Christi
699 1642 808 1670 venturi
843 1645 907 1670 sunt
930 1642 1110 1671 mendaciter.

257 1690 418 1719 Secundum
441 1693 483 1718 est
515 1689 672 1718 remedium
705 1689 850 1717 orationis
882 1688 1032 1722 interime,
1055 1697 1111 1726 qua

257 1737 291 1765 ad
313 1737 402 1765 Deum
426 1736 509 1765 debet
540 1736 624 1764 homo
656 1744 820 1770 recurrere,
843 1739 875 1764 ut
896 1744 943 1765 cor
965 1736 1026 1764 elus
1050 1736 1110 1764 illu-

258 1784 351 1812 minet.
374 1784 499 1812 Tertium
523 1787 564 1812 est
579 1783 732 1820 suspensio
748 1782 934 1811 credulitatis
955 1791 1035 1811 suae.
1051 1782 1108 1811 Non

256 1832 329 1859 enim
352 1831 435 1859 debet
457 1831 541 1858 homo
573 1830 654 1858 omni
673 1829 797 1867 spiritui
820 1829 956 1863 credere,
971 1829 1022 1857 scd
1043 1838 1110 1866 pro-

256 1878 345 1911 bare,
377 1878 406 1905 si
426 1886 460 1905 ex
493 1878 550 1905 Deo
571 1877 668 1905 szt'iitss.
703 1877 761 1913 Qui
781 1876 858 1904 enim
880 1876 935 1904 cito
968 1876 1060 1904 credit
1082 1876 1108 1904 in

259 1925 378 1959 talibus,
402 1924 471 1952 levis
493 1928 533 1952 esi
555 1924 657 1957 corde,
680 1926 706 1952 et
727 1923 853 1952 fortassis
876 1923 960 1951 etiam
986 1922 1109 1959 inflatus

257 1972 359 2005 corde,
383 1971 450 2000 dum
474 1971 508 1999 ad
539 1971 607 1999 tales
640 1971 760 1999 visiones
792 1973 819 1998 et
847 1970 1032 1999 revelationes
1054 1970 1110 1998 ido-

258 2027 341 2048 neum
360 2027 389 2048 se
405 2027 465 2048 esse
480 2019 616 2047 aestimat.
631 2034 669 2039 -—
686 2018 762 2047 Unde
779 2018 847 2046 tales
863 2017 1051 2055 apparitiones
1066 2026 1110 2054 po-

258 2066 312 2094 tius
327 2069 392 2094 sunt
407 2065 601 2094 formidandae
624 2073 708 2102 quam
724 2065 936 2093 desiderandae.
953 2065 1089 2093 Narratur
1101 2064 1108 2078 ⁴

257 2112 329 2140 enim
353 2112 387 2141 de
409 2112 531 2149 quodam
555 2115 649 2140 sancto
671 2111 763 2145 Patre,
786 2111 861 2148 quod
883 2119 947 2139 cum
970 2111 995 2139 ei
1017 2111 1110 2139 diabo-

257 2160 300 2189 lus
320 2159 347 2187 in
364 2160 455 2196 specie
474 2159 574 2187 Christi
591 2162 755 2196 appareret,
773 2158 818 2187 ille
834 2158 937 2187 clausis
959 2158 1048 2186 oculis
1070 2157 1109 2186 di-

258 2206 311 2240 xit,
334 2214 363 2234 se
386 2206 412 2234 in
435 2206 486 2234 hac
520 2206 575 2233 vita
604 2205 746 2234 Christum
769 2205 842 2233 nolle
864 2205 975 2237 videre;
997 2212 1029 2233 ac
1051 2204 1109 2232 dia-

259 2253 359 2287 bolus,
381 2253 442 2282 eius
464 2252 622 2281 humilitate
644 2252 791 2286 confusus,
821 2251 913 2280 statim
935 2251 1056 2280 evanuit.
1082 2251 1109 2279 E-

258 2304 353 2328 contra
381 2300 415 2328 de
445 2299 575 2336 pluribus
603 2302 749 2331 narratur„
781 2299 827 2335 qui
861 2306 890 2327 se
921 2298 954 2326 ad
988 2298 1108 2326 visiones

258 2347 372 2376 idoneos
394 2350 599 2384 reputaverunt
620 2350 646 2375 et
662 2346 910 2377 desideraverunt,
926 2345 973 2382 qui
997 2345 1022 2373 in
1040 2345 1109 2373 mul-

258 2398 299 2422 tas
322 2394 442 2422 insanias
464 2398 491 2421 et
512 2401 623 2422 errores
645 2393 819 2430 praecipitati
842 2395 915 2421 sunt.

337 2441 367 2469 Et
390 2441 468 2475 ideo,
492 2441 513 2469 si
535 2440 707 2477 simpliciter
729 2440 827 2468 adorat
853 2439 916 2476 quis
938 2438 1040 2467 Christi
1062 2438 1108 2467 ad-

259 2488 432 2521 versarium,
456 2496 509 2515 non
526 2490 679 2515 excusatur
695 2495 711 2514 a
726 2489 854 2523 peccato,
870 2485 978 2514 etiamsi
1001 2485 1106 2519 credat,

258 2535 348 2571 ipsum
372 2542 433 2563 esse
458 2535 610 2562 Christum.
642 2534 667 2561 Si
700 2536 793 2561 autem
830 2532 928 2561 adoret
958 2532 1012 2560 siit)
1045 2540 1107 2559 con-

935 203 1188 233 SENTENTIARUM
1209 203 1269 231 LlB.
1292 204 1331 231 111.

1161 281 1284 315 ditione,
1318 282 1370 310 hoc
1401 285 1491 318 potest
1522 289 1582 310 esse
1610 281 1774 318 dupliciter:
1801 285 1850 310 aut
1880 283 1946 319 quia
1966 285 2008 311 est
2022 289 2145 314 Condittoap-

1161 328 1209 357 illa
1223 329 1343 357 conditio
1365 328 1566 362 liabitualicer,
1587 332 1635 357 aut
1656 329 1812 357 actualiter
1834 330 2009 358 considerata

2034 313 2109 335 punitur
2116 313 2146 332 du-

2034 336 2113 359 pliciter.

1162 375 1220 403 sive
1242 375 1376 412 apposita.
1398 375 1424 403 Si
1446 375 1622 409 amicabilem
1650 376 1689 404 sic
1720 384 1774 404 non
1797 376 1895 404 adorat
1918 376 2008 412 ipsum
2023 386 2140 406 Conclusi02

1163 422 1327 456 luciferum,
1350 422 1398 450 sed
1421 422 1509 459 magis
1531 422 1688 457 Christum,
1710 422 1776 459 quia
1797 430 1851 450 non
1873 426 1927 451 stat
1948 423 2011 451 ado-

1163 469 1249 503 rati0,
1272 469 1323 497 nisi
1356 472 1446 498 stante
1478 469 1652 504 conditione;
1683 473 1710 498 et
1741 469 1777 498 ad
1802 478 1867 498 eum
1889 470 2011 498 refertur

1163 515 1302 550 adoratio,
1323 516 1358 544 ad
1380 524 1464 552 quem
1497 516 1618 544 refertur
1650 516 1820 545 adorationis
1852 516 2010 553 implicatio.

1164 563 1189 590 Si
1212 565 1306 591 autem
1328 562 1377 591 illa
1398 563 1519 591 conditio
1541 564 1575 591 sit
1597 563 1650 592 sub
1672 563 1910 592 consideratione⁵
1934 562 2147 594 liubi-ennomus.

1164 608 1255 642 titali,
1278 609 1329 637 hoc
1353 609 1435 637 modo
1458 617 1511 637 non
1527 609 1629 638 sufficit
1644 610 1679 638 ad
1700 610 1843 638 vitandum
1866 613 2011 646 peccatum

1163 654 1337 683 idololatriae
1360 659 1490 692 respectu
1512 656 1597 684 huius
1611 655 1811 692 apparitionis
1832 655 1890 683 sive
1905 655 2013 683 transfi-

1164 702 1333 738 gurationis,
1356 702 1459 731 sufficit
1480 706 1572 731 tamen
1588 706 1719 739 respectu
1733 702 1922 731 Sam-amenti
1941 702 2013 731 alta-

1164 749 1216 777 ris.
1249 749 1315 777 Nam
1340 749 1401 777 talis
1434 749 1661 787 transfigyuro-tio
1683 753 1725 778 est
1755 749 1880 783 insolita,
1902 753 1930 777 et
1950 749 2013 778 ideo

1164 804 1218 824 non
1241 796 1324 825 debet
1338 797 1373 825 ad
1389 804 1451 825 eam
1467 797 1683 834 praecipitanter
1704 797 1782 834 sequi
1804 796 1940 830 adoratio,
1963 796 2012 825 sed

1164 851 1227 872 cum
1251 844 1412 872 maturitate
1433 847 1460 872 et
1476 844 1588 880 praevia
1603 844 1735 872 oratione.
1747 860 1786 863 —
1798 843 1849 872 Sed
1865 851 2014 871 consecra-

1165 890 1203 918 tio
1225 889 1335 918 hostiae
1356 894 1397 919 est
1419 894 1566 924 consueta,
1582 891 1644 919 ideo
1660 890 1774 924 sufficit,
1796 890 1871 927 quod
1892 890 2013 919 adorans

1165 936 1192 964 in
1215 937 1313 965 habitu
1336 937 1407 966 hanc
1422 937 1524 966 habeat
1539 937 1743 971 conditionem,
1764 937 1894 965 videlicet
1915 936 1936 965 si
1953 944 2014 965 con-

1165 984 1283 1012 secratio
1300 984 1393 1012 debito
1415 984 1497 1012 modo
1519 984 1590 1012 facta
1606 988 1662 1017 est;
1678 984 1753 1012 unde
1774 984 1855 1021 pauci
1877 983 1920 1012 vel
1943 983 2013 1012 nulli

1165 1031 1263 1059 fideles
1284 1030 1311 1058 in
1334 1031 1385 1059 hac
1413 1031 1575 1059 adoratione
1608 1034 1731 1068 peccant.
1753 1031 1855 1059 Omnes
1877 1031 1951 1059 enim
1973 1038 2015 1059 ac-

1165 1078 1269 1107 cedunt
1295 1086 1358 1107 cum
1382 1078 1539 1107 conditione
1561 1079 1621 1107 ista.
1643 1095 1683 1099 —
1703 1078 1782 1114 Quod
1804 1081 1896 1106 autem
1923 1077 2015 1106 obiici-

1166 1128 1228 1159 tur,
1250 1125 1324 1162 quod
1347 1125 1478 1154 sacerdos
1499 1125 1563 1153 facit
1585 1133 1632 1154 eos
1648 1125 1842 1159 idololatrare,
1865 1125 1916 1153 hoc
1938 1124 2015 1153 intel-

1166 1171 1281 1208 ligitur,
1303 1176 1440 1209 quantum
1469 1171 1500 1199 itt
1521 1180 1550 1199 se
1571 1175 1625 1206 est,
1657 1172 1722 1209 quia
1754 1180 1803 1208 per
1834 1172 1927 1208 ipsum
1959 1179 2014 1199 non

1166 1219 1327 1253 renianet⁶3
1349 1219 1469 1248 scienter
1497 1219 1571 1247 enim
1597 1219 1712 1247 exhibet
1741 1218 1917 1247 adorandum
1938 1218 2014 1255 quod

1168 1265 1218 1294 scit
1233 1266 1408 1294 adorandum
1425 1274 1478 1293 non
1495 1273 1564 1294 esse.
1576 1282 1614 1286 —
1627 1266 1702 1294 Patet
1716 1266 1817 1302 igitur,
1832 1265 1905 1302 quod
1922 1265 2015 1294 cultus

1168 1312 1264 1340 latriae
1287 1320 1340 1340 non
1364 1315 1453 1349 potest
1467 1312 1594 1341 exhiheri
1616 1312 1716 1341 Christi
1732 1309 1894 1340 adversario
1909 1312 2015 1348 absque

1168 1361 1280 1395 peccato
1308 1359 1490 1387 idololatriae.
1519 1359 1548 1387 Et
1580 1359 1773 1387 concedendae
1801 1361 1866 1387 suut
1894 1358 2016 1386 rationes

1167 1405 1202 1434 ad
1225 1406 1277 1434 hoc
1300 1405 1437 1434 inductae.

1250 1454 1274 1480 1.
1296 1452 1333 1480 Ad
1357 1452 1425 1481 illud
1449 1460 1515 1489 ergo
1536 1453 1610 1490 quod
1633 1453 1778 1487 obiicitur,
1793 1453 1867 1490 quod
1891 1452 2016 1490 ignoran-

1168 1500 1206 1527 tia
1227 1499 1290 1528 sacti
1306 1503 1436 1533 excusat,
1451 1499 1577 1527 adhibita
1592 1499 1750 1536 diligentia3
1765 1499 1925 1533 dicendum,
1939 1499 2015 1536 quod

1168 1554 1233 1575 cum
1265 1546 1364 1575 lucifer
1396 1546 1544 1580 adoratur,
1577 1554 1721 1583 nunquam
1755 1545 1848 1574 debita
1872 1545 2015 1583 diligentia

1167 1594 1327 1623 adhibetur.
1344 1593 1426 1627 Nam,
1442 1593 1514 1621 sicut
1535 1593 1639 1621 dictum
1656 1596 1709 1627 est,
1732 1593 1835 1629 triplex
1857 1593 2013 1622 remedium

1168 1644 1257 1678 potest
1278 1644 1375 1669 contra
1397 1641 1449 1669 hoc
1470 1640 1598 1669 inveniri.
1720 1639 1721 1642 ’

1249 1690 1275 1716 ἓ.
1297 1688 1335 1717 Ad
1356 1687 1425 1717 illud
1460 1688 1535 1725 quod
1568 1687 1715 1721 obiicitur,
1748 1687 1822 1724 quod
1854 1694 1950 1715 emens
1971 1694 2017 1715 cu-

1166 1743 1267 1772 prum,
1290 1735 1437 1764 intendens
1457 1742 1551 1763 emere
1573 1742 1692 1768 aurum,
1715 1742 1769 1762 non
1801 1733 2014 1768 damnificatur,

1166 1782 1330 1817 dicendum,
1352 1782 1427 1819 quod
1450 1782 1564 1810 intentio
1586 1781 1696 1810 emendi
1717 1789 1819 1809 aurum
1845 1784 1894 1809 aut
1925 1783 2016 1817 potest

1166 1837 1226 1858 esse
1248 1829 1339 1857 solum
1363 1829 1394 1857 in
1415 1832 1520 1862 mente,
1542 1832 1590 1856 aut
1612 1828 1643 1856 in
1664 1836 1803 1856 sermone.
1826 1828 1851 1856 Si
1875 1828 1965 1856 solum
1983 1827 2014 1855 in

1165 1880 1276 1909 mente,
1299 1879 1330 1904 ut
1352 1875 1429 1904 nulla
1452 1875 1600 1912 praecedat
1622 1875 1724 1903 mentio
1747 1875 1773 1903 in
1795 1882 1937 1909 sermone,
1959 1883 2014 1903 non

1166 1923 1250 1952 hahet
1272 1924 1315 1952 ius
1330 1923 1482 1960 repetendi.
1504 1923 1530 1950 Si
1552 1926 1645 1951 autem
1668 1922 1699 1950 in
1719 1930 1851 1950 sermone
1872 1922 1920 1950 fiat
1941 1929 2014 1951 men-

1166 1971 1203 1999 tio
1225 1971 1260 1999 de
1281 1979 1366 2005 auro,
1387 1970 1418 1998 fit
1440 1970 1642 1999 circumventio
1668 1969 1702 1997 ab
1724 1969 1794 2004 ali03
1816 1972 1843 1998 et
1864 1969 1931 2006 quia
1953 1977 2015 1998 con-

2026 901 2123 919 Conelusio
2134 901 2149 920 t.

2040 1088 2069 1106 Ad
2082 1091 2150 1112 quaest.

2033 1112 2151 1131 incidentem.

2028 1463 2100 1490 Solutio
2113 1469 2144 1487 op-

2028 1489 2136 1510 positorum.
2153 1495 2154 1507 ι

2030 1793 2116 1820 Not-anda
2129 1793 2147 1812 di

2028 1819 2111 1835 sunctio.

1165 2020 1272 2046 tractus
1304 2020 1441 2054 quantum
1473 2017 1506 2045 ad
1540 2016 1627 2045 verba
1652 2020 1679 2045 et
1712 2016 1889 2044 intentionem
1922 2024 2015 2045 versa·
2052 2011 2058 2015 ”

1165 2068 1212 2093 tur
1234 2064 1306 2092 cirea
1328 2064 1410 2092 aliam
1434 2063 1594 2098 materiam,
1627 2063 1689 2091 ideo
1709 2071 1768 2090 tion
1789 2062 2013 2100 damnificatur,

1166 2110 1321 2138 secuudum
1345 2110 1414 2138 iura.
1439 2110 1477 2138 Ex
1501 2110 1551 2138 hoc
1573 2112 1667 2138 autem
1698 2117 1752 2137 non
1775 2109 1916 2146 sequitur,
1938 2109 2014 2146 quod

1165 2161 1309 2194 peccatum
1334 2157 1507 2186 idololatriae
1528 2165 1583 2184 non
1605 2160 1785 2193 perpetretur
1800 2156 1943 2185 adorando
1958 2156 2014 2185 dia-

1166 2204 1261 2232 bolum
1283 2204 1473 2240 simpiiciter,
1496 2204 1544 2232 sed
1567 2203 1641 2240 quod
1665 2211 1719 2231 non
1747 2206 1926 2240 perpetretur
1948 2211 2013 2232 cum

1165 2251 1330 2279 conditionis
1352 2251 1505 2279 adiectione
1528 2251 1624 2285 tacita,
1647 2250 1689 2279 vel
1712 2258 1855 2287 expressa.

1244 2297 1269 2325 3.
1293 2298 1330 2325 :td
1353 2305 1488 2334 sequens,
1510 2297 1585 2333 quod
1618 2296 1748 2325 obiicitur
1780 2297 1814 2325 [le
1844 2297 2013 2325 matrimonii

1165 2352 1302 2373 consensu
1324 2344 1349 2372 in
1372 2352 1468 2372 errore
1490 2351 1641 2380 personae,
1674 2346 1763 2380 potest
1796 2343 1958 2380 responderi
1981 2343 2014 2372 si-

1165 2390 1276 2419 militer.
1292 2390 1432 2419 —Potest
1447 2391 1529 2418 etiam
1546 2390 1608 2423 dici,
1621 2390 1696 2427 quod
1712 2398 1766 2418 non
1778 2393 1819 2418 est
1831 2390 1930 2424 simile,
1946 2390 2011 2427 quia
2025 2402 2091 2420 amer.

1164 2438 1202 2466 sic
1224 2446 1277 2465 non
1301 2440 1390 2474 potest
1421 2437 1519 2465 evitari
1549 2445 1629 2465 error
1661 2437 1723 2471 ille,
1746 2437 1817 2465 sicut
1839 2437 1903 2471 iste;
1924 2437 2009 2465 habet

1164 2484 1236 2513 enim
1260 2485 1344 2512 honio
1365 2484 1400 2512 ad
1423 2484 1567 2512 vitandum
1590 2484 1666 2512 hunc
1687 2491 1813 2512 errorem
1839 2478 2011 2512 adiutorium

1165 2536 1243 2559 iuxta
1266 2539 1302 2559 se.

321 2687 328 2702 ¹
347 2688 402 2710 Cod.
421 2688 435 2710 F
452 2687 515 2711 milli
531 2688 607 2710 alteri.

321 2728 330 2742 Ξ
347 2728 421 2750 Matth.
441 2728 480 2755 et,
500 2728 523 2753 5;
543 2729 609 2750 More.
629 2728 664 2755 13,
683 2728 707 2755 (ἐς
729 2728 780 2749 Luc.
799 2728 835 2754 21,
854 2727 915 2748 8.—
928 2727 995 2748 paulo
1013 2727 1107 2748 insin-ins

259 2774 300 2795 pro
317 2767 435 2790 illuminet
452 2767 504 2789 cdd.
523 2766 678 2790 illuminetur.

320 2806 329 2820 ³
348 2806 392 2828 Cl'r.
410 2807 424 2828 l.
443 2807 501 2828 loun.
521 2806 547 2831 li.
569 2807 586 2827 1.
603 2819 634 2822 -
652 2806 831 2832 Testimonium,
851 2805 913 2833 quod
937 2806 1051 2833 sequitur,
1070 2805 1106 2826 ha-

260 2845 325 2867 betur
351 2846 416 2868 Eccli.
448 2846 485 2873 19,
513 2845 532 2867 «l.
550 2857 581 2861 —-
603 2845 654 2867 Post
678 2844 781 2873 probare
807 2844 857 2866 cod.
884 2844 901 2866 U
928 2850 981 2866 cum
1009 2844 1105 2871 Vulgata

258 2882 350 2912 supplet
375 2884 481 2913 spiritus.
501 2885 569 2906 Paulo
588 2885 681 2906 interius
699 2885 750 2906 voci
776 2883 937 2913 apparitiones
963 2883 1015 2905 mid.
1043 2890 1106 2911 prae·

260 2924 350 2946 mittunt
369 2923 467 2946 visiones
481 2923 530 2951 t*(¹l,·
543 2924 593 2945 cod,
607 2925 623 2945 Α
643 2930 684 2951 pro
698 2923 858 2952 apparitiones
871 2923 987 2945 substituit
1000 2922 1105 2945 visiones.

322 2962 330 2977 ⁴
348 2963 408 2985 Libr.
429 2963 454 2985 V.
473 2963 501 2985 de
520 2963 576 2984 Vitis
594 2963 696 2988 Pati-um,
715 2963 782 2984 libell.
805 2963 837 2984 l5.
857 2969 877 2984 n.
895 2962 932 2984 70.
946 2962 994 2988 (ed.
1019 2962 1105 2990 Migne,

260 3002 339 3025 l‘atrol⁴
358 3002 404 3024 Lat.
423 3005 477 3024 tom.
495 3002 550 3029 73.).
569 3014 597 3017 —-
617 3002 736 3030 Aliquanto
759 3002 853 3023 insci-ius
871 3007 912 3029 pro
936 3002 1106 3030 reputaverunt

1163 2686 1230 2707 codd.
1249 2686 1293 2707 GIl
1305 2686 1310 2707 l
1321 2685 1336 2707 L
1347 2686 1361 2706 N
1373 2685 1390 2707 T
1402 2686 1419 2707 V
1431 2685 1451 2706 X
1462 2691 1487 2706 aa
1506 2685 1684 2713 reputaverant,
1704 2686 1726 2705 et
1748 2683 1845 2705 subinde
1869 2689 1911 2710 pro
1928 2682 1970 2711 qui
1985 2681 2010 2705 in

1163 2724 1251 2747 mullas
1269 2724 1335 2747 codd.
1354 2724 1360 2746 l
1380 2724 1410 2746 bb
1428 2723 1490 2753 quod
1504 2723 1527 2746 in
1544 2723 1646 2751 inultas,
1668 2723 1718 2745 cod.
1731 2723 1748 2744 Η
1766 2721 1808 2751 qui
1823 2721 1893 2744 etiam
1910 2721 1934 2744 iii
1950 2721 2010 2744 mzti-

1164 2765 1214 2791 tus,
1234 2764 1286 2785 cdd.
1305 2762 1368 2793 quod
1384 2762 1415 2786 nd
1431 2762 1526 2785 multas.

1226 2803 1235 2817 5
1252 2802 1323 2824 Codd.
1348 2804 1363 2824 Α
1377 2803 1394 2824 G
1408 2802 1426 2824 H
1439 2803 1443 2823 l
1458 2802 1473 2823 L
1486 2802 1503 2824 U
1517 2802 1535 2823 V
1548 2802 1569 2823 Χ
1582 2808 1607 2823 aa
1625 2807 1719 2823 erronee
1736 2799 1874 2823 conditione.
1893 2800 1961 2821 Paulo
1979 2800 2009 2821 in-

1163 2843 1232 2864 serios
1250 2849 1292 2870 pro
1309 2841 1373 2864 [lebet
1389 2841 1421 2864 ad
1442 2848 1494 2864 eam
1512 2848 1556 2863 non
1575 2842 1641 2869 pauci
1659 2840 1726 2863 codd.
1744 2842 1765 2862 et
1782 2839 1834 2861 cdd.
1857 2840 1878 2867 1,
1898 2840 1910 2861 2
1929 2840 2010 2861 vitiose

1163 2881 1226 2904 (lebet
1243 2880 1275 2903 od
1291 2888 1351 2903 enin.

1224 2921 1234 2935 ⁶·
1252 2921 1304 2942 Sive
1330 2927 1374 2942 non
1400 2920 1525 2948 impeditur
1552 2920 1611 2947 (scil.
1629 2918 1783 2946 idololatria);
1802 2919 1841 2940 cfr.
1860 2919 1893 2940 Du
1916 2917 2008 2946 Gange,

1163 2961 1261 2982 Glossar.
1280 2964 1335 2988 etc,
1353 2960 1396 2982 sub
1414 2960 1486 2982 verbo
1504 2964 1634 2981 remanere.
1647 2969 1678 2973 —
1689 2956 1745 2979 Cod.
1758 2959 1773 2979 Α
1793 2958 1875 2979 omittit
1891 2957 1948 2986 quia.
1956 2963 2007 2986 per.
