2166 3366
37 564 104 588 omnio
118 564 134 581 l.

18 1074 48 1093 lon
65 1075 131 1098 placet.

11 1586 103 1606 -zonciusio
112 1587 128 1605 εὶ

766 200 848 229 DIST.
870 201 924 230 XV.
946 201 1019 230 ΛΒΤ.
1042 202 1060 230 Ι.
1082 202 1218 238 ΩΠΑΕΞΤ.
1241 202 1269 230 11.

149 278 285 315 primum,
307 282 333 307 et
354 278 445 306 innuit
465 278 609 315 Magister,
631 277 692 306 illos
714 277 838 307 defectus
864 278 991 307 decuisse

149 328 175 352 et
195 324 372 361 expedivisse
387 324 467 352 illum
487 331 644 358 assumere,
666 324 713 361 qui
735 324 840 353 faciunt
866 325 935 353 «vel
955 324 991 353 ad

149 370 273 399 veritatis
293 374 410 399 naturae
430 374 571 399 assumtae
591 371 792 405 ostensionem,
814 371 858 399 vel
879 371 915 400 ad
930 379 992 408 ope-

149 417 188 445 ris
214 417 432 454 propterquod
460 420 574 446 venerat
601 418 869 446 consummationem
888 428 915 445 ».
938 418 991 447 Sed

147 463 253 497 adhuc,
275 463 322 500 qui
337 467 402 492 sunt
417 464 459 492 isti
482 463 618 498 defectus,
633 463 746 492 difficile
766 467 808 492 est
822 464 990 493 discernere.

226 510 382 539 Voluerunt
403 513 496 539 autem
518 510 604 547 aliqui
626 510 735 545 dicere,
763 511 839 548 quod
861 511 905 540 isti
926 515 992 540 sunt

148 556 288 591 defectus,
309 565 379 594 quos
405 557 507 585 «Deus
518 557 667 594 plantavit
680 557 707 585 in
723 561 816 586 nostra
832 562 933 587 natura
945 559 951 573 ¹
964 569 991 587 ».

148 603 267 639 Quidam
289 604 362 632 enim
394 604 519 633 defectus
549 608 626 638 sunt,
647 604 694 640 qui
715 608 808 633 ortum
831 605 935 634 habent
955 614 991 634 ex

149 650 274 678 absentia
294 651 414 687 gratiae,
436 651 508 680 sicut
528 651 684 688 ignorantia
715 655 742 680 et
763 652 878 681 rebellio
899 653 991 681 carnis

148 696 184 725 ad
205 697 333 733 spiritum
362 700 389 726 et
419 698 580 727 consimilia.
603 699 722 735 Quidam
738 702 832 728 autem
854 703 928 734 sunt,
943 699 990 736 qui

147 750 201 771 non
223 743 314 772 solum
336 751 372 772 ex
388 744 440 772 hoc
454 747 547 772 ortum
563 745 679 779 hahent,
694 745 743 774 sed
764 746 847 774 etiam
869 753 905 774 ex
920 754 992 774 com-

149 789 283 826 positione
304 790 426 827 partium
449 791 689 825 constituentium,
711 792 783 820 sicut
804 792 900 826 fames,
922 792 990 826 sitis,

149 844 240 870 mors,
262 836 342 865 dolor
363 841 390 866 et
410 837 576 872 consimilia,
599 846 671 875 quae
695 842 789 867 ortum
811 839 915 867 habent
936 846 990 867 non

148 886 255 912 tantum
277 891 312 912 ex
335 884 430 921 culpa,
451 884 500 913 sed
522 892 557 913 ex
573 884 639 919 hoc,
655 885 730 921 quod
747 885 867 913 humana
890 888 990 913 natura

146 933 189 959 est
208 938 244 959 ex
266 931 414 959 contrariis
435 931 597 965 constituta,
630 934 658 960 et
678 931 748 960 tales
770 931 894 960 defectus
916 935 989 965 sunt,

145 977 194 1014 qui
214 976 318 1005 faciunt
339 977 374 1006 ad
396 977 521 1006 veritatis
542 981 660 1006 naturae
679 981 821 1007 assumtae
835 978 991 1006 manifesta-

147 1024 249 1052 tionem
270 1027 297 1052 et
318 1024 353 1052 ad
375 1024 467 1061 operis
494 1025 614 1061 suscepti
637 1024 921 1058 consummationem
943 1024 989 1053 alii

146 1077 214 1099 vero
234 1070 356 1099 minime.
377 1087 413 1092 -
438 1071 490 1100 Sed
512 1071 581 1099 illud
596 1071 690 1099 adhuc
705 1071 789 1099 habet
810 1071 988 1104 calumniam,

145 1120 260 1154 propter
281 1118 334 1146 hoc
354 1118 429 1155 quod
445 1117 636 1154 aegritudines
657 1118 762 1146 multae
776 1121 868 1146 ortum
885 1118 990 1146 habent

145 1172 182 1193 ex
203 1164 397 1202 complexione
412 1164 548 1199 hominis,
569 1172 640 1201 quas
655 1167 762 1193 constat
776 1164 918 1193 Christum
934 1173 987 1193 non

145 1211 320 1240 assumsisse.
342 1211 519 1245 Praeterea,
545 1219 641 1240 omnes
671 1211 797 1240 desectus
818 1211 904 1240 nostri
928 1219 989 1248 poe-

144 1257 221 1286 nales
249 1257 338 1295 magis
366 1258 496 1287 videntur
525 1258 612 1287 secuti
640 1266 701 1287 esse
728 1266 765 1287 ex
786 1261 881 1287 nostra
902 1261 990 1287 trans-

144 1305 285 1341 gressione
299 1308 327 1333 et
340 1305 435 1333 divina
449 1305 593 1342 punitione
613 1313 698 1342 quam
714 1313 749 1334 ex
765 1305 899 1342 primaria
914 1305 989 1342 plan-

145 1351 256 1379 tatione.

224 1398 255 1426 Et
276 1398 443 1434 propterea²
465 1394 554 1435 potest
575 1398 629 1427 alio
651 1399 734 1427 modo
755 1399 825 1433 dici,
840 1399 914 1436 quod
931 1399 989 1435 qui-

81 1447 85 1450 ”
113 1460 131 1484 “2
144 1443 207 1472 dam
230 1447 295 1473 sunt
316 1444 455 1479 defectus,
470 1444 518 1481 qui
534 1448 599 1473 sunt
612 1453 649 1473 ex
663 1445 766 1482 calpa,
781 1445 896 1482 quidam
913 1453 988 1478 vero,

106 1508 110 1511 -
144 1491 191 1528 qui
207 1494 272 1519 sunt
286 1499 322 1519 ex
343 1490 428 1528 culpa
451 1495 479 1520 et
499 1491 540 1519 ad
560 1491 692 1528 culpam,
714 1492 787 1520 sicut
807 1492 932 1529 pronitas
952 1491 987 1520 ad

146 1537 250 1566 malum
282 1541 309 1566 et
336 1537 486 1566 difficultas
507 1538 542 1566 ad
575 1538 688 1566 honum.
717 1538 780 1567 Illos
801 1541 896 1567 autem
917 1538 990 1567 defe-

144 1586 220 1618 ctus,
241 1584 288 1621 qui
311 1592 366 1612 non
388 1587 497 1612 tantum
513 1588 579 1613 sunt
599 1593 634 1612 eae
648 1584 753 1621 culpa,
769 1585 817 1613 sed
839 1585 922 1613 etiam
938 1585 988 1613 via

143 1630 184 1659 ad
205 1630 337 1667 culpam,
359 1639 413 1659 non
446 1631 539 1659 decuit
569 1631 711 1660 Christum
742 1639 901 1666 assumere,
923 1632 989 1669 quia

145 1677 272 1706 Christus
303 1677 354 1706 suit
384 1678 511 1706 minister
532 1678 665 1712 iustitiae,
690 1679 803 1707 omnino
824 1683 988 1716 segregatus

142 1732 158 1753 a
180 1727 293 1761 peccato
305 1724 324 1752 ⁸.
346 1724 418 1753 Alios
440 1728 534 1753 autem
560 1724 686 1754 defectus
717 1725 811 1754 decuit
833 1726 925 1762 ipsum
948 1734 989 1754 as-

141 1778 267 1806 sumere,
290 1771 338 1800 sed
359 1779 416 1799 aon
439 1779 551 1805 omnes,
572 1771 638 1808 quia
652 1771 766 1809 quidam
782 1775 848 1800 sunt
862 1772 988 1801 desectus

140 1818 311 1852 naturales,
331 1818 446 1855 quidam
472 1818 650 1855 personales.
672 1818 801 1848 Defectus
822 1821 916 1847 autem
937 1827 988 1847 na-

142 1864 252 1894 turales
274 1873 342 1894 voco
363 1865 425 1894 illos
445 1865 491 1902 qui
515 1865 667 1902 respiciunt
686 1868 771 1894 totam
793 1868 922 1894 naturam
938 1866 988 1894 hu-

142 1919 253 1940 manam
275 1912 487 1947 universaliter,
509 1912 581 1941 sicut
601 1912 688 1941 fames
719 1915 746 1941 et
767 1912 826 1941 sitis
858 1916 885 1941 et
917 1912 988 1941 dese-

141 1961 202 1987 ctus
233 1958 399 1987 consimiles.
432 1958 606 1987 Personales
637 1962 730 1988 autem
766 1959 891 1988 defectus
922 1962 987 1988 sunt

142 2005 189 2042 qui
211 2005 366 2042 respiciunt
387 2005 495 2042 aliquas
517 2013 650 2042 personas
671 2005 839 2043 specialiter,
856 2006 928 2034 sicut
949 2006 988 2034 di-

141 2060 239 2081 versae
260 2052 468 2089 aegritudinum
500 2052 614 2089 species.
647 2052 783 2089 Quoniam
805 2052 890 2090 igitur
911 2052 988 2081 Chri-

142 2102 203 2128 stus
224 2103 339 2128 venerat
366 2102 496 2128 naturam
529 2099 681 2128 humanam
703 2099 842 2128 redimere
864 2107 987 2128 commu-

206 2558 213 2573 ¹
232 2559 347 2586 Damasc.‚
366 2559 399 2581 ΙΙΙ.
418 2558 446 2581 de
463 2559 516 2582 Fide
534 2559 623 2582 orthod.
641 2566 660 2582 c.
679 2560 700 2582 6.
717 2563 738 2582 et
755 2560 791 2581 20.
805 2560 862 2582 Vide
874 2566 943 2588 supra
957 2559 987 2582 lit.

145 2598 255 2625 Magistri,
269 2597 290 2619 d.
309 2598 331 2619 ll.
344 2603 363 2619 c.
377 2598 438 2619 l.—
450 2597 518 2619 Paulo
530 2601 581 2620 ante
593 2604 636 2626 pro
653 2597 694 2627 qni
709 2599 765 2621 sunt
782 2598 849 2620 codd.
867 2598 908 2619 Fu
920 2598 925 2620 Ι
936 2598 951 2619 L
961 2604 987 2619 aa

145 2636 186 2666 qui
201 2636 254 2659 sint.
278 2636 380 2658 Subinde
398 2638 449 2664 post
466 2635 559 2666 difficile
575 2638 608 2659 est
625 2636 692 2659 codd.
711 2637 742 2658 ll.
752 2643 777 2658 aa
803 2637 940 2659 interficiunt
957 2635 988 2659 ri-

144 2675 198 2698 dere
215 2676 243 2698 et.

206 2714 215 2729 ²
232 2714 305 2737 Codd.
323 2714 338 2736 F
348 2715 364 2736 L
374 2714 392 2736 'l'
403 2714 420 2736 U
433 2715 450 2737 V
461 2720 486 2736 aa
505 2714 535 2737 Et
549 2715 679 2743 praeterea.

207 2753 217 2768 ³
233 2754 361 2782 llespicitur
378 2753 433 2775 illud
450 2753 497 2775 Gal.
516 2754 540 2781 2,
560 2753 604 2775 47:
626 2762 636 2773 a
648 2753 754 2782 Nunquid
772 2752 875 2776 Christus
901 2753 986 2781 peccati

144 2793 247 2815 minister
263 2793 315 2814 est?
333 2791 429 2819 Absit»;
447 2794 469 2814 ct
485 2792 552 2814 etiam
578 2791 647 2814 llebr.
672 2791 699 2819 7,
725 2792 762 2813 26.
785 2791 829 2814 Cfr.
847 2798 916 2819 supra
935 2798 988 2819 pag.

145 2830 201 2859 264,
219 2833 270 2853 nota
288 2831 310 2853 7.

207 2869 216 2883 ⁴
233 2870 346 2898 Damnem,
365 2870 396 2891 lll.
410 2869 437 2892 de
457 2869 508 2891 Fide
526 2869 616 2891 orthod.
634 2875 653 2891 c.
671 2869 715 2891 20:
732 2868 846 2891 Christum
865 2875 934 2896 porro
953 2875 989 2891 na-

146 2908 229 2930 turales
254 2909 394 2937 minimeque
419 2908 621 2936 reprehendendas
645 2901 797 2937 [ἀδιάβλητοι]
819 2908 917 2929 hominis
940 2914 988 2935 pas-

149 2947 224 2968 siones
241 2947 378 2969 assumsisse
395 2946 537 2969 confitemur.
555 2947 610 2968 Nam
628 2947 728 2975 suscepit
745 2949 816 2969 tntum
833 2947 948 2968 hominem
967 2949 989 2969 et

145 2991 305 3013 quaecumque
323 2986 421 3007 hominis
437 2989 499 3011 sunt,
518 2989 613 3013 excepto
630 2988 731 3013 peccato.
754 2985 831 3014 Neque
849 2985 909 3007 enim
927 2984 987 3007 istud

1840 203 1896 232 333

1049 280 1120 308 niter
1142 280 1201 308 sine
1228 287 1414 317 personarum
1435 280 1623 315 distinctione,
1653 281 1717 309 hinc
1739 284 1796 315 est,
1818 281 1893 317 quod
1907 286 2007 305 Conclusio
2017 288 2037 306 ³.

1049 325 1174 354 desectus
1194 326 1366 360 naturales,
1395 334 1448 354 non
1478 326 1647 363 personales
1669 327 1810 362 defectuS,
1832 336 1896 364 poe-

1049 372 1130 400 nales
1151 375 1275 407 tantum,
1297 381 1352 401 non
1383 373 1519 407 vitiosos,
1552 373 1650 402 debuit
1671 373 1697 401 in
1720 381 1749 402 se
1771 374 1894 408 habere,

1049 418 1121 448 sicut
1140 419 1291 448 ostendunt
1312 419 1433 448 rationes
1452 420 1487 448 ad
1509 420 1581 449 hanc
1597 423 1704 457 partem
1725 420 1863 449 adductae
1876 420 1894 448 ⁴.

1131 467 1154 493 l.
1177 467 1203 493 2.
1225 466 1261 494 Ad
1286 466 1356 495 illud
1377 474 1444 503 ergo
1471 466 1546 503 quod
1579 466 1709 495 obiicitur
1740 467 1768 495 in
1789 471 1896 496 contra-

1049 512 1124 540 rium
1146 512 1181 541 de
1203 512 1389 547 Damasceno,
1418 513 1492 550 quod
1526 517 1614 542 totum
1636 514 1784 548 assumsit,
1808 517 1838 543 ut
1859 517 1896 542 to-

1049 561 1108 586 tum
1130 562 1258 591 curaret;
1290 559 1454 593 dicendum,
1485 559 1562 596 quod
1592 560 1645 588 hoc
1674 560 1838 597 intelligitur
1860 561 1896 590 de

1049 605 1092 633 his
1113 613 1186 642 quae
1207 608 1272 633 sunt
1288 605 1323 634 de
1344 605 1546 634 constitutione
1568 609 1702 641 naturae,
1724 615 1779 635 non
1801 607 1835 636 de
1850 607 1893 636 his

1049 659 1121 688 quae
1142 652 1281 689 pertinent
1301 652 1336 680 ad
1359 651 1502 689 defectum
1524 656 1655 687 naturae;
1677 656 1703 682 et
1728 654 1780 682 hoc
1801 654 1893 691 ipsun]

1050 698 1168 727 verbum
1181 698 1191 710 ⁵
1213 698 1342 727 insinuat.
1365 698 1431 726 Nam
1454 699 1568 736 proprie
1596 699 1673 737 quod
1693 703 1810 729 curatur
1831 700 1895 729 dici-

1049 748 1095 773 tur
1117 748 1230 779 natura,
1253 745 1369 773 morbus
1391 752 1457 773 vero
1478 748 1519 774 est
1541 745 1623 780 illud,
1645 754 1664 774 a
1686 754 1741 783 qao
1762 750 1893 781 curatur,

1048 791 1114 828 quia
1135 791 1252 820 morbus
1272 791 1436 828 expellitur,
1459 792 1508 820 sed
1527 795 1628 821 natura
1643 795 1780 821 servatur.
1803 809 1841 813 —
1863 793 1894 822 Et

1048 845 1098 874 per
1119 838 1171 866 hoc
1193 841 1268 875 patet
1300 838 1444 875 responsio
1472 838 1508 867 ad
1530 846 1662 876 sequens,
1695 847 1751 876 quo
1773 839 1892 874 dicitur,

1047 885 1122 921 quod
1145 884 1348 913 inassumtibile
1369 888 1411 913 est
1432 885 1599 920 incurabile,
1627 886 1679 914 hoc
1700 886 1774 914 enim
1797 886 1894 915 intelli-

1047 931 1123 967 gitur
1144 931 1179 959 de
1199 935 1313 960 natura
1334 934 1361 960 et
1382 931 1443 960 eius
1460 932 1614 968 partibus,
1629 940 1701 969 quae
1722 933 1835 970 proprie
1856 933 1895 962 di-

1047 981 1151 1006 cuntur
1173 978 1282 1012 curari,
1305 986 1359 1006 non
1382 978 1416 1007 de
1431 977 1606 1015 defectibus,
1622 979 1670 1016 qui
1685 979 1778 1016 potius
1799 979 1896 1008 dicunss

1047 1027 1093 1052 tur
1114 1025 1265 1053 coassumi
1284 1033 1368 1061 quam
1391 1025 1538 1059 assumi⁶,
1559 1026 1647 1062 magis
1662 1026 1745 1054 etiam
1761 1026 1894 1055 dicuntur

1046 1070 1149 1107 expelli
1168 1078 1253 1108 quam
1274 1071 1390 1099 sanari.

1126 1117 1152 1145 3.
1175 1117 1214 1146 Ad
1235 1117 1306 1146 illud
1327 1118 1402 1155 quod
1424 1117 1555 1146 obiicitur
1576 1118 1610 1147 de
1632 1118 1789 1147 ostensione
1815 1119 1894 1147 mise-

1046 1163 1198 1198 ricordiae,
1221 1164 1385 1198 dicendum,
1407 1164 1482 1201 quod
1514 1164 1706 1193 misericordia
1732 1172 1843 1202 semper
1863 1173 1892 1194 se

1045 1210 1182 1244 ostendit,
1204 1210 1282 1239 salva
1302 1210 1470 1239 rectitudine
1485 1211 1606 1240 iustitiae
1628 1214 1655 1240 et
1675 1212 1773 1240 ordine
1788 1212 1894 1249 sapien-

1046 1257 1136 1291 tiae73
1159 1257 1221 1285 ideo
1252 1257 1344 1285 nullos
1376 1257 1501 1286 desectus
1532 1258 1630 1287 debuit
1661 1266 1822 1293 assumere,
1844 1259 1891 1296 qui

1046 1312 1100 1332 non
1122 1307 1214 1333 essent
1235 1304 1354 1333 ordinati
1376 1305 1411 1333 ad
1434 1308 1562 1334 nostrum
1584 1305 1740 1342 profectum
1762 1309 1788 1334 et
1810 1314 1892 1343 expe-

1046 1351 1178 1379 ditionem
1209 1354 1321 1380 nostrae
1349 1351 1463 1384 salutis;
1492 1352 1571 1380 multi
1604 1355 1698 1380 autem
1730 1355 1810 1387 sunt,
1843 1353 1891 1390 qui

1045 1398 1138 1434 potius
1160 1397 1383 1434 impedivissent,
1405 1406 1489 1435 quam
1511 1398 1659 1433 iuvissent,
1674 1399 1746 1428 sicut
1767 1399 1891 1428 detectus

1046 1444 1254 1479 membrorum,
1277 1444 1320 1473 vel
1342 1452 1475 1473 sensuum
1505 1448 1532 1474 et
1552 1445 1672 1474 aliorum
1694 1446 1890 1475 consimilium.

1047 1491 1077 1519 Et
1098 1491 1160 1519 ideo
1181 1499 1235 1519 non
1258 1491 1385 1528 sequitur
1407 1491 1487 1520 illud.

1124 1538 1150 1566 [ι.
1173 1538 1211 1566 Ad
1235 1537 1302 1566 illud
1336 1545 1402 1566 vero
1433 1539 1509 1575 quod
1541 1542 1684 1576 postremo
1704 1539 1835 1568 obiicitur
1856 1539 1891 1569 de

1046 1584 1255 1618 humiliatione,
1284 1584 1434 1613 dicendum
1467 1585 1661 1619 consimiliter,
1693 1586 1769 1623 quod
1801 1586 1891 1615 omnis

1046 1631 1203 1659 humiliatio
1222 1631 1347 1660 virtuosa
1368 1634 1396 1659 et
1417 1631 1565 1660 laudabilis
1586 1635 1680 1661 ortum
1696 1632 1780 1662 habet
1801 1641 1837 1661 ex
1853 1633 1892 1662 di-

1045 1677 1181 1706 scretione
1210 1678 1339 1711 rationis;
1371 1686 1425 1706 non
1457 1678 1530 1706 enirn
1563 1679 1715 1715 procedere
1743 1679 1825 1708 debet
1854 1687 1890 1708 ex

1045 1724 1152 1761 impetu
1162 1724 1179 1758 ⁸,
1202 1724 1250 1753 sed
1272 1732 1308 1752 ex
1340 1732 1424 1753 causa
1452 1725 1617 1753 rationabili.
1640 1725 1670 1753 Et
1701 1726 1766 1762 quia
1789 1726 1824 1755 de
1845 1726 1892 1754 ali-

1044 1771 1147 1808 quibus
1169 1770 1323 1799 defectibus
1351 1771 1514 1800 rationabile
1535 1779 1590 1800 non
1611 1775 1687 1806 erat,
1709 1775 1740 1801 ut
1762 1772 1890 1801 Christus

1046 1826 1074 1847 se
1110 1826 1159 1855 per
1191 1825 1289 1846 eorum
1321 1818 1521 1847 assumtionem
1553 1818 1729 1853 humiliaret,
1761 1820 1827 1856 quia
1859 1828 1890 1849 se

1045 1865 1138 1902 potius
1159 1872 1195 1893 ex
1225 1864 1271 1893 illa
1299 1864 1492 1894 humiliatione
1523 1865 1650 1894 inutilem
1682 1873 1766 1903 quam
1793 1866 1889 1895 utilem

1045 1911 1226 1944 reddidisset,
1249 1912 1320 1940 sicut
1342 1912 1365 1940 si
1387 1912 1485 1941 fuisset
1505 1920 1623 1947 caecus,
1645 1912 1688 1941 vel
1710 1912 1891 1950 gibbosus-et

1044 1958 1220 1992 huiusmodi;
1242 1958 1304 1987 ideo
1326 1958 1394 1987 tales
1415 1958 1493 1987 nullo
1515 1959 1598 1987 modo
1619 1959 1716 1988 debuit
1730 1967 1890 1994 assumere,

1044 2005 1093 2034 sed
1115 2005 1177 2034 illos
1199 2005 1308 2038 solum,
1330 2005 1365 2034 de
1386 2005 1490 2042 quibus
1511 2013 1597 2042 supra
1618 2006 1724 2034 dictum
1740 2010 1796 2041 est,
1818 2007 1892 2035 vide-

1044 2052 1108 2081 licet
1129 2052 1191 2080 illos
1212 2052 1260 2089 qui
1283 2051 1436 2089 respiciunt
1457 2052 1546 2089 ipsam
1569 2055 1699 2081 naturam
1714 2056 1741 2081 et
1756 2053 1890 2089 praebent

1044 2099 1116 2127 viam
1138 2098 1174 2127 ad
1197 2098 1343 2133 iustitiam,
1365 2107 1420 2127 non
1441 2099 1475 2127 ad
1499 2099 1609 2136 culpam
1621 2099 1639 2127 ⁹.

1045 2560 1146 2582 naturale
1163 2563 1197 2581 est
1214 2566 1288 2588 neque
1305 2566 1316 2581 a
1335 2559 1441 2582 Creatore
1459 2560 1524 2582 nobis
1542 2561 1657 2583 insitum...
1680 2561 1797 2583 Naturales
1820 2567 1889 2589 porro

1045 2602 1066 2620 et
1083 2598 1212 2626 inculpatae
1229 2592 1381 2628 [ἀδιάβλητοι]
1403 2599 1521 2626 passiones
1539 2600 1581 2621 liae
1598 2602 1663 2627 sunt,
1681 2606 1740 2628 [tuae
1757 2600 1778 2622 in
1796 2600 1890 2623 arbitrio

1045 2639 1123 2658 nostro
1140 2637 1195 2659 sitae
1213 2643 1257 2659 non
1275 2639 1342 2665 sunt3
1360 2643 1419 2666 quae
1438 2638 1545 2660 nimirum
1564 2639 1585 2660 in
1603 2638 1680 2660 violati
1699 2640 1815 2667 praecepti
1839 2645 1890 2667 poe-

1045 2681 1097 2697 nam
1116 2676 1230 2697 humanae
1248 2676 1307 2698 vitae
1324 2677 1476 2704 irrepserunt,
1495 2677 1557 2699 velut
1574 2677 1656 2705 sames,
1677 2678 1748 2700 sitis...
1766 2684 1825 2706 quae
1843 2679 1890 2706 qui-

1046 2714 1098 2736 dem
1116 2715 1205 2736 natura
1221 2713 1332 2737 universo
1350 2715 1469 2737 hominum
1488 2716 1565 2742 generi
1584 2717 1723 2738 conveniunt
1735 2716 1780 2742 (ed.
1798 2717 1889 2744 migne).

1109 2751 1119 2766 ⁵
1133 2751 1188 2775 Cod.
1206 2751 1224 2774 Ο
1241 2752 1354 2775 subnectit
1370 2752 1526 2782 assianatum.
1545 2754 1596 2776 Post
1613 2760 1685 2782 pauca
1708 2754 1776 2777 codd.
1793 2757 1810 2777 Α
1822 2755 1862 2777 ΡΗ
1873 2755 1889 2777 Ν

1046 2790 1066 2812 X
1084 2789 1157 2812 verbo
1174 2789 1260 2813 dicitur
1276 2790 1405 2819 adiungunt
1421 2797 1476 2814 esse.

1107 2829 1117 2843 ⁶
1134 2828 1178 2851 cfr.
1196 2836 1265 2857 supra
1285 2829 1306 2852 d.
1325 2829 1345 2852 5.
1363 2836 1383 2852 a.
1401 2831 1422 2852 ⁴2.
1441 2836 1462 2859 q.
1481 2830 1502 2853 5.
1520 2831 1547 2853 ad
1570 2831 1588 2853 l.

1107 2868 1117 2882 ⁷
1134 2868 1178 2890 cfr.
1197 2875 1266 2896 supra
1285 2875 1338 2897 pag.
1356 2869 1416 2897 267,
1435 2872 1486 2892 nota
1505 2869 1525 2892 5.
1542 2881 1574 2886 —
1590 2869 1653 2892 Circa
1672 2870 1740 2893 finem
1752 2870 1835 2894 obiect.
1847 2878 1890 2899 pro

1044 2906 1206 2930 membrorum
1224 2907 1274 2929 cod.
1293 2908 1311 2930 V
1329 2907 1474 2931 morborum.

1107 2945 1117 2960 ⁸
1134 2946 1166 2967 De
1183 2947 1225 2968 huc
1243 2946 1340 2969 dictione
1358 2947 1397 2969 cfr.
1415 2949 1469 2969 tom.
1488 2947 1501 2969 l.
1520 2953 1572 2975 pag.
1590 2947 1647 2976 785,
1666 2951 1717 2970 uota
1736 2949 1757 2970 2.

1107 2984 1117 2999 ⁹
1134 2985 1192 3007 Vide
1209 2985 1310 3007 scholion
1329 2985 1358 3007 ad
1376 2985 1551 3014 praecedentem
1572 2989 1659 3015 quaest.

1908 477 1980 503 Somno
1993 483 2025 500 op-

1908 503 2016 524 positorum⁴

1905 1639 2022 1658 Notandum,
