2166 3366
9 1697 123 1718 *Conclusim

60 1837 121 1857 Ratio.

35 2071 122 2096 emplum.

741 165 822 193 DIST.
845 165 932 194 xxssl.
955 166 1027 194 ΛΒΤ.
1050 166 1068 194 l.
1090 166 1224 202 QUAEST.
1248 166 1286 194 111.

137 243 264 272 cundum
286 242 477 271 diversitatem
499 242 695 277 credibilium3
717 243 797 272 etsie
820 243 891 272 redit
914 243 985 272 idem

138 289 213 327 quod
237 289 323 326 prius.

219 336 244 364 3.
268 336 351 369 item,
384 335 489 364 donum
520 335 682 372 sapientiae
711 339 737 364 et
762 336 900 365 scientiae
921 340 986 365 sunt

138 383 251 412 diversa
272 382 362 416 dona,
384 385 411 411 et
432 382 484 410 hoc
506 390 558 410 non
581 382 616 410 ob
637 382 730 416 aliud,
751 383 801 410 uisi
817 383 882 420 quia
898 391 985 411 unum

139 432 181 458 est
201 429 236 458 de
257 429 393 461 aeternis,
425 432 452 457 et
473 428 550 457 aliud
572 432 614 457 est
636 429 670 457 de
693 429 894 465 temporalibus
908 430 933 458 ¹:
964 430 985 458 si

139 484 206 513 ergo
226 476 297 513 fides
318 480 360 505 est
382 476 416 504 de
438 475 496 503 istis
518 479 545 503 et
566 475 601 503 de
623 475 692 506 illis,
715 476 840 507 videtur.
863 477 936 513 quod
959 480 986 505 et

140 523 199 560 ipsa
221 523 321 551 babeat
343 522 496 550 formaliter
517 521 708 550 diversificari.

217 570 244 598 li.
267 569 350 603 item,
379 568 466 597 timor
491 571 517 597 et
537 576 602 605 spes
624 571 688 596 sunt
709 568 866 597 affectiones
888 570 986 597 forma-

140 616 202 645 liter
223 616 399 649 differentes,
421 618 448 643 et
476 614 546 648 boc,
569 615 634 651 quia
657 614 744 642 {iinm-
765 619 807 644 est
827 616 861 644 de
883 616 986 644 suturis

139 663 235 697 malis⁷
257 671 320 699 spes
341 665 435 691 autem
459 661 493 690 de
515 661 617 690 tuturis
639 661 717 690 bonis
731 662 759 693 ²:
781 663 828 691 sed
844 662 916 699 fides
931 670 984 691 non

139 713 246 739 tantum
268 712 310 738 est
331 710 366 737 de
388 708 490 737 futuris
513 708 604 742 bouis,
627 712 721 745 utpote
744 709 778 737 de
798 710 885 745 gloria
900 713 986 738 aeter-

138 764 188 790 na,
210 756 258 785 sed
281 756 363 785 etiam
386 755 420 784 de
441 755 544 784 futuris
566 755 661 787 malis,
685 759 779 792 utpote
799 756 834 784 de
849 756 985 792 supplicio

137 806 268 832 aeterno:
291 810 358 839 ergo
381 803 507 836 videtur,
529 802 604 839 quod
626 802 697 839 fides
719 802 752 830 de
776 803 818 830 liis
839 803 915 831 etde
931 802 985 831 illis

138 849 239 879 habeat
259 849 413 878 formaliter
433 848 626 878 diversificari.

217 897 242 925 5.
265 896 348 930 lteui,
380 895 458 924 nulla
489 895 579 924 virtus
611 895 694 923 babet
716 895 826 932 plenam
849 896 982 924 rationem

137 943 263 978 virtutis,
286 943 336 971 nisi
359 951 420 971 eam
442 942 643 971 concomitetur
666 946 740 970 recta
762 942 875 970 intentio
895 950 985 979 respe-

137 993 183 1019 ctu
200 990 281 1024 tinis3
297 989 345 1018 scd
365 1000 379 1014 11
391 989 460 1018 fides
474 991 531 1022 est,
546 996 618 1026 quae
633 988 727 1025 dirigit
744 988 920 1017 intentionem
935 988 943 1002 ³
957 999 982 1016 »z

137 1044 204 1074 ergo
224 1044 336 1065 necesse
357 1039 414 1070 est,
436 1035 510 1072 quod
533 1035 603 1064 fides
624 1043 720 1063 omnes
736 1035 853 1064 virtutes
868 1035 984 1064 circum-

137 1087 182 1112 eat
203 1086 338 1121 quantum
361 1083 396 1111 ad
422 1090 520 1111 earum
543 1082 630 1111 fines:
652 1090 719 1118 ergo
740 1082 761 1110 si
786 1082 890 1115 virtus,
912 1089 984 1119 quae

137 1137 234 1159 omnes
256 1129 373 1158 virtutes
395 1129 506 1162 circuit,
529 1136 582 1157 non
605 1132 646 1157 est
669 1129 758 1156 virtus
777 1128 919 1165 specialis,
935 1128 983 1157 sed

136 1177 227 1205 virtus
252 1175 389 1213 generalis
420 1176 455 1204 ad
485 1183 600 1208 omnes;
633 1175 743 1204 videtur
765 1183 800 1203 ex
824 1175 875 1203 boc
903 1182 983 1211 posse

137 1223 240 1260 colligi,
262 1222 344 1252 fidem
369 1231 423 1251 non
454 1229 516 1251 esse
547 1222 680 1250 virtutem
713 1230 798 1250 uuam
827 1221 981 1250 secuudum

136 1271 266 1307 speciem.

450 1370 662 1391 CONCLUSIO.

136 1457 237 1490 Fides,
258 1456 318 1485 sive
338 1456 377 1485 sit
392 1456 423 1485 iu
444 1456 557 1489 eodem,
579 1456 640 1484 siue
662 1455 692 1483 iu
707 1455 849 1489 diuersis,
865 1459 905 1483 est
918 1463 981 1483 uua

214 1503 310 1532 virtus
331 1503 492 1531 secuudum
506 1503 638 1540 speeiem,
661 1502 796 1540 quumvis
812 1502 842 1530 iu
857 1502 981 1530 diversis

215 1550 428 1587 diversificetur
448 1550 609 1578 secuudum
630 1558 795 1578 numerum.

215 1644 391 1673 Ruspounuo:
415 1643 585 1677 Dicendum,
607 1643 681 1680 quod
705 1642 787 1676 tides,
810 1642 868 1671 sive
891 1642 916 1670 in
939 1650 980 1671 eo-

137 1690 216 1725 dem,
239 1690 296 1720 sive
319 1690 346 1718 in
368 1690 502 1724 diversis,
524 1698 581 1718 una
601 1693 643 1718 est
665 1689 818 1718 secundum
840 1689 978 1726 speciem,

136 1745 187 1775 pro
208 1745 241 1766 eo
262 1737 337 1774 quod
359 1745 414 1766 non
436 1736 571 1766 dividitur
593 1737 619 1764 in
642 1735 779 1773 species⁴,
802 1736 930 1773 quamvis
952 1735 979 1764 in

137 1785 256 1814 diversis
270 1784 477 1813 diversificetur
493 1783 647 1813 secundum
664 1791 823 1812 numerum.
835 1799 874 1803 —
886 1783 916 1811 Et
931 1783 980 1811 hu-

135 1831 179 1860 ius
201 1831 272 1860 ratio
292 1834 347 1865 est,
367 1831 498 1868 quoniam
521 1830 613 1859 unitas
635 1829 745 1858 virtutis
767 1829 920 1858 attenditur
941 1837 980 1858 se-

135 1878 259 1908 cundum
292 1878 428 1906 unitatem
450 1881 535 1906 aetus
553 1876 751 1914 principalis,-
772 1877 864 1905 unitas
885 1879 979 1905 autem

135 1929 220 1954 actus
232 1924 412 1962 principalis·
425 1924 579 1953 attenditur
591 1923 744 1952 secundum
761 1923 894 1952 unitatem
910 1922 980 1951 obie-

136 1972 175 2001 cti
185 1971 300 2009 p7·imi;
314 1975 341 2000 et
356 1972 487 2008 quoniam
504 1971 644 1999 obiectum
655 1970 789 2007 primum
811 1969 875 1998 fidei
891 1977 978 1998 unum

136 2021 194 2047 est:
218 2018 281 2047 binc
302 2021 360 2052 est,
381 2018 456 2055 quod
479 2025 589 2047 necesse
610 2020 667 2050 est,
689 2016 820 2044 virtutem
841 2016 904 2045 fidei
919 2024 979 2045 esse

135 2073 229 2094 unam.
251 2081 289 2085 —
311 2065 364 2093 Hoc
385 2068 478 2093 autem
501 2064 611 2100 planius
632 2063 662 2091 fit
684 2070 733 2099 per
760 2062 923 2100 exemplum
952 2063 979 2091 in

135 2111 279 2141 consimili.
312 2111 388 2140 Sicut
419 2111 492 2140 enim
521 2110 647 2139 videmus
673 2110 700 2138 in
732 2109 830 2138 habitu
850 2109 978 2144 videndi,

135 2158 210 2195 quod
232 2158 322 2187 virtus
344 2157 432 2187 visiva
454 2157 537 2186 babet
557 2157 695 2185 obiectum
708 2164 762 2193 per
781 2156 932 2190 accidens,
947 2156 980 2185 si-

135 2209 183 2235 cut
197 2205 317 2234 dicimur
333 2205 427 2234 videre
442 2212 546 2241 equum
569 2207 595 2232 et
616 2204 773 2237 hominem;
792 2203 876 2231 habet
896 2203 977 2232 etiam

135 2251 275 2280 obiectum
294 2259 348 2288 per
369 2260 415 2285 se,
438 2251 509 2280 sicut
530 2250 651 2279 dicimur
674 2249 769 2278 videre
790 2249 886 2278 album
901 2253 928 2278 et
942 2249 980 2278 ni-

134 2409 226 2431 scientia
244 2412 266 2431 et
283 2414 365 2431 sensus
383 2409 404 2430 in
423 2414 459 2430 res
472 2417 482 2428 ι»
503 2408 555 2436 (pro
573 2414 619 2436 quo
638 2408 659 2429 in
672 2407 777 2429 versione
794 2406 979 2429 Arabico-Latina

135 2447 167 2470 sic
184 2447 281 2475 legitur:
301 2447 408 2469 Dicamus
425 2447 506 2474 igitur,
528 2446 592 2475 quod
613 2445 673 2469 scire
695 2449 717 2468 et
739 2444 824 2468 sentire
846 2445 979 2468 dividuntur

135 2486 263 2508 secundum
288 2486 425 2508 divisionem
448 2485 552 2513 entium).
576 2485 607 2507 De
631 2485 761 2507 diversitate
783 2485 904 2507 voluntatis
925 2485 979 2507 vide

134 2529 203 2552 supra
226 2530 279 2552 pag.
302 2524 358 2551 368,
382 2526 434 2545 nota
460 2524 476 2545 1.
494 2535 526 2539 -
548 2523 605 2551 Vat,
628 2529 671 2550 pro
691 2522 732 2545 sed
754 2521 884 2545 voluntates
905 2515 979 2550 posito

134 2562 175 2585 sed
190 2562 313 2590 scientiae,
334 2563 416 2584 omittit
433 2562 515 2584 deinde
532 2561 672 2589 volitorum,
692 2560 800 2584 similiter
822 2560 931 2584 scientiae
947 2567 979 2584 se-

135 2601 240 2624 cundum
257 2601 423 2624 diversitatem.

198 2639 205 2654 ¹
225 2640 283 2662 Vide
301 2640 357 2662 infra
376 2640 405 2662 lit.
425 2640 537 2668 Magistri,
556 2639 577 2661 d.
596 2639 692 2662 XXXV.
710 2645 729 2662 c.
749 2640 767 2661 l.
786 2645 858 2668 seqq,
876 2643 897 2662 et
913 2639 980 2663 Com-

134 2682 204 2702 ment.
222 2679 277 2701 ibid.
297 2685 318 2707 q.
338 2679 357 2700 l.
376 2685 424 2707 seq.

197 2718 207 2732 2
223 2717 268 2740 Csr,
286 2718 343 2740 intra
362 2717 384 2740 d.
403 2718 438 2739 26.
456 2717 512 2740 dub.
531 2718 551 2740 2.
569 2721 591 2740 et.
609 2717 630 2739 d.
649 2717 684 2739 34.
703 2723 725 2745 p.
744 2717 767 2739 11.
786 2716 841 2739 dub.
864 2717 881 2739 l.

197 2755 206 2771 3
223 2757 250 2779 Ut
272 2756 325 2779 dicit
342 2757 450 2784 August,
468 2762 537 2784 supra
561 2762 613 2784 pag.
632 2755 687 2783 471,
707 2759 758 2778 nota
777 2756 797 2777 8.
815 2755 932 2784 allegatus.
948 2767 980 2772 —

134 2794 206 2818 Codd.
224 2795 259 2817 GI
276 2795 308 2824 (L
326 2801 337 2817 a
362 2795 435 2823 prima
459 2795 542 2824 manu)
560 2795 580 2816 V
602 2795 653 2816 voci
677 2793 828 2817 intentionem
850 2794 980 2822 praefigunt

136 2835 232 2857 rectam.

196 2872 205 2887 ⁴
223 2873 295 2896 Codd.
314 2873 440 2896 GlLVaa
463 2879 511 2896 ium
535 2872 709 2902 diversificatur
732 2872 862 2896 secundum
885 2872 978 2902 species.

134 2911 179 2934 Ctr.
198 2912 233 2934 bic
251 2912 281 2934 lit.
300 2912 415 2940 Magistri,
434 2918 452 2934 c.
471 2912 492 2934 6.

199 2950 209 2965 ⁵
224 2951 255 2973 De
274 2951 316 2973 boc
334 2951 415 2979 triplici
433 2950 523 2973 obiecto
540 2950 593 2972 vide
611 2951 708 2977 Aristot„
728 2950 751 2972 ll.
770 2949 798 2972 de
816 2950 907 2977 Anima,
926 2952 977 2972 text.

1832 167 1888 195 479

1044 252 1145 280 gruum
1168 244 1250 272 babet
1271 244 1353 273 etiam
1376 244 1514 273 obiectum
1538 252 1591 273 non
1608 244 1697 273 solum
1711 253 1764 281 per
1779 253 1824 277 se,
1840 245 1889 273 sed

1043 291 1125 319 etiam
1145 291 1261 328 primo,
1284 291 1355 319 sicut
1376 291 1497 319 dicimur
1520 292 1614 320 videre
1637 292 1781 320 111εηί(1111115
1803 308 1841 312 -
1862 294 1889 320 et

1043 338 1172 375 quamvis
1193 338 1331 366 obiectum
1352 347 1404 375 per
1426 338 1561 366 accidens
1583 339 1641 367 sive
1662 338 1801 367 obiectum
1830 347 1890 366 inu-

1044 384 1145 412 teriule
1176 384 1263 420 ipsius
1296 385 1373 413 visus
1405 385 1612 414 diversificetur
1635 385 1660 413 in
1683 385 1789 422 specie,
1818 386 1889 414 sicut

1043 438 1133 467 equus
1154 431 1247 459 dissert
1269 431 1358 467 specie
1380 431 1415 459 ab
1444 431 1571 465 homine,
1593 435 1620 460 et
1640 432 1723 460 etiam
1749 432 1888 461 obiectum

1040 486 1094 514 per
1115 486 1144 505 se
1165 477 1256 514 specie
1278 477 1402 507 differat.
1425 479 1496 506 sicut
1527 478 1622 506 album
1646 479 1737 516 specie
1759 479 1852 508 dissert
1873 488 1889 508 a

1046 523 1139 560 uigr03
1161 531 1215 551 non
1237 526 1329 552 tamen
1362 523 1479 552 habitus
1512 525 1622 553 videndi
1653 525 1807 554 secuudum
1831 534 1889 563 spe-

1043 570 1113 599 ciem
1136 569 1358 603 diversificatur,
1380 571 1446 607 quia
1468 571 1537 599 ratio
1559 572 1656 600 obiecti
1681 572 1772 609 primi,
1795 573 1888 601 videli-

1042 620 1085 645 cet
1107 617 1165 653 ipsa
1187 617 1257 644 ratio
1282 616 1492 649 luminositatis,
1508 625 1564 645 una
1579 621 1620 645 est
1643 618 1667 646 iu
1690 619 1763 646 omni
1787 619 1886 648 visibili

1043 680 1082 684 —
1102 664 1141 692 sic
1162 666 1188 692 et
1210 664 1236 691 iu
1259 663 1400 700 proposito
1422 663 1632 700 intelligendum
1654 668 1711 699 est,
1727 666 1801 702 quod
1825 666 1887 695 licet

1044 710 1112 739 fides
1134 710 1233 739 babeat
1249 710 1335 738 multu
1351 710 1457 738 obiecta
1467 706 1522 746 'per
1537 710 1689 744 decidens,
1705 712 1775 740 sicut
1795 714 1888 742 omnia

1042 765 1114 794 quae
1135 760 1345 794 consequuntur
1359 756 1393 785 :id
1409 756 1557 791 articulos,
1581 757 1668 785 multa
1683 758 1765 786 etiam
1781 759 1888 788 obiecta

1041 812 1092 841 per
1113 812 1159 838 se,
1182 804 1273 832 510111ὓ
1295 804 1368 841 ipsos
1390 803 1524 832 articulos
1546 803 1642 840 plures
1670 807 1696 833 et
1727 805 1887 840 distinctos3

1042 851 1107 888 quia
1129 854 1219 879 tamen
1242 859 1298 879 una
1320 854 1361 879 est
1380 851 1460 879 ratio
1482 850 1619 879 credendi
1640 851 1665 879 in
1689 852 1828 886 omnibus.
1851 853 1888 881 vi-

1042 897 1142 927 delicet
1164 898 1223 934 ipsa
1245 905 1356 926 summa
1378 898 1500 932 veritas,
1521 899 1565 926 cui
1588 898 1647 935 ipsa
1670 898 1739 927 fides
1761 899 1887 928 innititur

1042 948 1156 982 propter
1177 952 1207 972 se
1227 947 1254 973 et
1276 952 1361 981 super
1375 944 1483 972 omnia:
1508 945 1569 973 idco
1593 945 1652 981 ipsa
1673 945 1742 974 tides
1763 949 1805 974 est
1830 954 1888 983 spe-

1042 991 1081 1020 cie
1104 999 1173 1025 uua,
1196 994 1424 1028 quantacumque
1448 991 1605 1028 reperiatur
1637 992 1662 1020 in
1685 992 1888 1021 credibilibus⁷

1041 1038 1298 1067 differentia—Et
1313 1042 1354 1067 est
1376 1038 1480 1067 simile:
1503 1038 1524 1066 si
1552 1046 1603 1075 ego
1630 1039 1775 1067 crederem
1803 1039 1885 1068 alicui
1900 1043 1971 1062 Simile-

1042 1085 1146 1113 homini
1168 1084 1273 1118 veraci,
1295 1085 1360 1121 quia
1389 1093 1476 1113 verax
1508 1087 1565 1119 est,
1586 1085 1684 1114 eadem
1706 1085 1887 1121 credulitate,

1041 1139 1097 1168 qua
1112 1131 1267 1164 crederem,
1284 1131 1375 1168 ipsum
1391 1138 1452 1159 esse
1468 1138 1605 1166 veracem,
1621 1132 1774 1167 crederem,
1795 1133 1888 1161 omnia

1040 1185 1101 1206 esse
1118 1185 1196 1212 vera,
1212 1185 1284 1214 quae
1305 1177 1387 1212 dicit,
1409 1180 1668 1215 quantumcumque
1682 1178 1691 1191 ⁸
1713 1178 1748 1207 de
1769 1179 1888 1208 diversis

1041 1224 1165 1253 materiis
1188 1224 1358 1261 loqueretur.
1382 1224 1431 1253 Per
1453 1224 1528 1253 huuc
1560 1225 1674 1253 modum
1697 1225 1723 1253 in
1746 1226 1888 1263 proposito

1041 1271 1252 1308 intelligendum
1275 1274 1324 1299 est.
1347 1287 1385 1291 —
1407 1271 1437 1299 Et
1469 1271 1572 1300 idcirco
1604 1272 1796 1300 concedendae
1823 1276 1888 1301 sunt

1040 1317 1161 1346 rationes
1182 1317 1374 1351 ostendenteS,
1396 1317 1479 1346 fidem
1510 1317 1613 1346 babere
1636 1318 1769 1347 unitatem
1792 1327 1887 1348 secun-

1039 1364 1107 1393 dum
1130 1364 1259 1401 speciem.

1123 1413 1144 1439 1.
1167 1411 1205 1440 Ad
1228 1411 1296 1440 illud
1319 1418 1385 1440 vero
1409 1411 1483 1448 quod
1519 1411 1610 1448 primo
1631 1411 1776 1446 obiicitur,
1808 1413 1883 1450 quod
1899 1418 1994 1444 Soletioo
2008 1428 2016 1432 -

1039 1461 1118 1487 actus
1133 1458 1358 1487 diversificantur
1372 1465 1422 1495 per
1437 1458 1557 1493 obiecta;
1573 1458 1627 1486 iam
1643 1461 1718 1496 patet
1733 1460 1885 1496 responsio,
1900 1443 2010 1465 ¹¹⁰⁵“0mm'

1038 1505 1169 1542 quoniam
1192 1505 1243 1533 boc
1266 1513 1319 1533 non
1342 1504 1504 1542 intelligitur
1526 1505 1561 1533 de
1576 1513 1754 1543 quocumque
1769 1506 1885 1541 obiecto,
1901 1515 2015 1534 Notandum.

1038 1552 1086 1581 sed
1109 1552 1143 1580 de
1165 1552 1287 1584 obiecto,
1309 1552 1383 1589 quod
1400 1554 1441 1580 est
1455 1551 1594 1580 obiectum
1608 1560 1662 1588 per
1676 1561 1705 1580 se
1726 1556 1753 1581 et
1771 1553 1885 1590 primo,

1038 1599 1113 1636 quod
1136 1599 1249 1636 quidem
1266 1607 1319 1627 non
1336 1602 1443 1627 tantum
1459 1598 1543 1627 babet
1559 1599 1693 1628 rationem
1710 1599 1885 1634 materialis,

1040 1646 1086 1674 sed
1110 1645 1193 1674 etiam
1216 1645 1351 1673 rationem
1383 1645 1474 1673 activi
1504 1649 1530 1673 et
1560 1645 1679 1679 motz'vt,·
1710 1646 1762 1674 hoc
1790 1650 1885 1675 autem

1038 1691 1120 1720 modo
1132 1699 1186 1719 non
1201 1694 1243 1720 est
1257 1690 1396 1719 obiectum
1413 1690 1487 1725 fidei,
1503 1691 1553 1720 nisi
1571 1691 1631 1729 ipsa
1643 1692 1751 1721 Veritas
1766 1700 1885 1727 summa,

1039 1738 1110 1767 sicut
1142 1737 1233 1766 infra⁹
1254 1737 1355 1766 melius
1387 1737 1506 1774 patebit,
1528 1745 1593 1766 cum
1625 1738 1660 1767 de
1691 1738 1798 1768 obiecto
1820 1739 1884 1768 fidei

1036 1785 1201 1822 inquiretur.

1116 1833 1141 1860 2.
1164 1831 1202 1859 Ad
1225 1830 1294 1859 illud
1315 1831 1390 1868 quod
1412 1831 1557 1866 obiicitur,
1585 1831 1660 1868 quod
1690 1832 1728 1860 sic
1750 1840 1779 1861 se
1802 1832 1885 1861 habet

1038 1877 1109 1907 fides
1130 1878 1165 1906 ad
1187 1877 1346 1912 credibilia,
1362 1878 1433 1906 sicut
1450 1878 1579 1907 voluntas
1593 1878 1628 1907 ad
1645 1878 1743 1913 volita,
1759 1882 1786 1908 et
1799 1879 1885 1908 scien-

1038 1925 1075 1953 tia
1095 1924 1130 1953 ad
1153 1923 1273 1958 scibilia:
1295 1924 1459 1958 dicendum,
1481 1924 1556 1962 quod
1578 1933 1632 1953 non
1648 1928 1689 1954 est
1704 1925 1803 1960 simile,
1817 1933 1884 1963 quo·
1898 1933 2013 1953 Notandum.

1037 1971 1112 2000 niam
1134 1971 1256 1999 scientia
1278 1971 1304 1999 in
1326 1971 1445 2000 diversis
1473 1971 1617 2000 scibilibus
1649 1972 1775 2001 diversas
1797 1972 1884 2001 intue-

1036 2021 1083 2046 tur
1105 2018 1225 2047 rationes
1246 2022 1273 2047 et
1294 2018 1406 2047 diversa
1428 2018 1528 2053 media,
1550 2027 1600 2055 per
1622 2027 1693 2056 quae
1714 2019 1761 2047 illa
1784 2027 1883 2056 cogno-

1036 2064 1086 2093 scit
1099 2064 1130 2098 ¹⁸3
1155 2064 1281 2093 similiter
1302 2064 1438 2093 voluntas
1460 2065 1487 2093 in
1509 2064 1627 2094 diversis
1657 2065 1748 2094 volitis
1769 2066 1881 2095 diversa

1036 2111 1161 2139 intuetur
1182 2111 1357 2148 appetibilia,
1385 2114 1501 2148 propter
1523 2119 1594 2149 quae
1616 2111 1663 2140 illa
1683 2113 1795 2149 appetit.
1818 2112 1881 2141 Ideo

1037 2160 1093 2185 tam
1114 2156 1250 2185 voluntas
1271 2165 1355 2194 quam
1370 2157 1492 2186 scientia
1507 2157 1712 2187 diversificatur
1733 2166 1818 2195 penes
1834 2158 1881 2187 illa

1036 2211 1107 2240 quae
1128 2203 1232 2241 appetit
1252 2207 1279 2232 et
1300 2204 1447 2240 cognoscit.
1470 2204 1556 2232 Fides
1576 2207 1670 2233 autem
1699 2205 1811 2233 unicam
1843 2205 1881 2233 in-

1035 2253 1131 2279 tuetur
1153 2250 1303 2284 rationem,
1326 2250 1480 2279 secuudum
1503 2258 1587 2288 quam
1612 2251 1705 2279 omnia
1736 2251 1881 2280 credibilia

1036 2408 1072 2430 63.
1091 2414 1155 2436 seqq.
1174 2408 1202 2432 (c.
1221 2408 1252 2436 6.)
1278 2413 1320 2430 uec
1345 2413 1389 2429 non
1413 2407 1441 2429 de
1463 2407 1535 2429 Sensu
1556 2410 1578 2429 et.
1602 2413 1661 2429 sens.
1683 2413 1703 2429 c.
1725 2407 1746 2429 22.
1768 2413 1831 2437 seqq.
1849 2420 1879 2423 —

1036 2447 1147 2474 Superius
1164 2452 1206 2474 pro
1224 2445 1248 2468 in
1265 2445 1345 2468 habitu
1363 2445 1456 2468 videndi
1473 2445 1540 2468 codd.
1553 2446 1569 2467 Α
1580 2446 1598 2467 K
1610 2446 1628 2474 Q
1638 2446 1653 2467 Z
1664 2445 1691 2468 in
1707 2447 1763 2469 actu
1780 2444 1879 2469 ridendi.

1099 2485 1109 2499 ὃ
1126 2485 1173 2507 Non
1191 2485 1259 2512 pauci
1271 2484 1338 2507 codd.
1354 2490 1395 2507 nec
1413 2490 1457 2506 non
1470 2484 1522 2507 edd.
1539 2487 1591 2512 post
1602 2484 1664 2507 sicut
1678 2484 1786 2506 adiiciunt
1797 2484 1877 2513 etiam,

1036 2524 1099 2553 quod
1117 2526 1177 2546 recte
1194 2524 1299 2546 omittunt
1316 2523 1383 2546 codd.
1402 2524 1418 2545 ll
1430 2523 1461 2545 bb
1478 2526 1500 2546 et
1517 2524 1584 2546 etiam
1602 2523 1670 2545 codd.
1688 2523 1747 2545 GlL
1758 2524 1820 2552 Vaa,
1839 2525 1878 2553 (1111

1037 2563 1132 2590 insuper
1149 2563 1255 2585 omittunt
1272 2562 1341 2591 ipsos.

1097 2601 1107 2615 ⁷
1125 2601 1166 2623 Pro
1184 2600 1345 2629 credibilibus,
1365 2600 1428 2629 quod
1445 2601 1578 2623 auctoritate
1601 2600 1667 2623 codd.
1685 2600 1785 2622 ACDM
1796 2600 1878 2623 OWZ

1036 2641 1167 2668 posuimus,
1186 2640 1221 2662 alii
1239 2639 1305 2662 codd.
1324 2638 1481 2667 credemibus,
1501 2639 1554 2662 edd.
1572 2638 1700 2662 credendis.

1098 2678 1107 2693 ⁸
1123 2678 1195 2701 Codd.
1213 2679 1229 2700 L
1239 2685 1264 2701 aa
1282 2678 1492 2708 quandocumque,
1508 2681 1529 2701 et
1541 2679 1610 2706 paulo
1626 2679 1720 2701 inferius
1737 2685 1779 2706 pro
1792 2678 1878 2702 idcirco

1036 2724 1089 2740 cum
1107 2717 1174 2740 codd.
1192 2717 1255 2739 GlV
1273 2717 1329 2740 ideo.

1098 2755 1107 2770 ⁹
1126 2756 1179 2778 Dist.
1198 2755 1234 2778 24.
1252 2762 1271 2778 a.
1291 2757 1311 2778 t.
1329 2763 1350 2785 q.
1369 2757 1390 2778 2.

1099 2794 1118 2808 ¹⁰
1135 2793 1179 2817 Csr.
1197 2795 1294 2822 Aristot.,
1308 2794 1343 2816 lV.
1356 2794 1453 2822 Metaph.
1471 2797 1522 2817 text.
1543 2795 1562 2817 l.
1579 2800 1643 2823 seqq.
1661 2797 1683 2817 et
1700 2795 1737 2817 XI.
1754 2801 1773 2817 c.
1793 2796 1812 2817 t.
1831 2796 1877 2824 (111.

1036 2840 1054 2856 c.
1074 2834 1094 2855 l.
1113 2840 1160 2862 seq.
1179 2836 1200 2855 et
1217 2833 1245 2855 X.
1264 2839 1282 2856 c.
1305 2834 1341 2861 1.).
1359 2845 1389 2849 -
1405 2833 1448 2855 Pro
1466 2832 1564 2856 diversis
1581 2832 1700 2856 scibilibus
1717 2834 1767 2856 Vat.
1780 2833 1879 2858 diversis

1035 2871 1152 2902 speciebus
1169 2871 1295 2895 scibilibus.
1314 2872 1382 2894 Paulo
1399 2872 1493 2895 interius
1510 2878 1552 2900 pro
1568 2873 1665 2902 propter
1682 2878 1742 2902 quae
1759 2872 1811 2895 edd.
1824 2879 1876 2895 cum

1035 2911 1149 2934 nonnullis
1167 2911 1233 2933 codd.
1248 2917 1294 2940 per
1310 2917 1377 2941 quae.
1396 2911 1498 2934 Subinde
1516 2917 1558 2939 pro
1575 2910 1671 2934 unicam
1689 2911 1738 2934 cod.
1757 2911 1774 2934 U
1792 2912 1877 2942 magis.
