2166 3366
11 2391 42 2411 Ad
54 2391 126 2416 opposi-

749 213 831 241 DlST.
854 213 918 241 xlv.
940 213 1013 241 ΛΒΤ.
1035 213 1062 241 ll.
1085 213 1220 249 QUAEST.
1243 213 1260 241 1.

138 295 180 321 est
198 300 214 320 a
235 291 404 328 cognitione,
426 299 511 328 quam
541 290 661 327 Angelus
682 290 766 319 habet
790 290 825 319 de
846 298 877 319 re
899 291 925 318 in
947 298 976 319 se

137 338 210 375 ipso;
232 338 280 366 sed
301 338 421 375 Angelus
443 338 469 366 in
491 345 520 366 se
542 338 601 374 ipso
622 337 760 373 cognoscit
782 345 827 365 res
847 345 898 374 per
919 345 977 374 spe-

138 385 207 414 ciem
229 385 350 422 aliquam
379 384 430 413 sibi
459 385 565 413 datam:
599 391 666 420 ergo
694 383 819 418 videtur,
848 384 923 421 quod
945 392 978 412 ea

138 430 308 467 cognitione,
329 438 400 467 quae
428 434 470 459 est
500 431 526 458 in
558 430 665 464 Verbo,
687 433 835 466 cognoscat
856 438 901 458 res
923 438 976 458 non

138 477 277 506 mediante
297 477 390 514 aliqua
417 477 599 505 similitudine
630 476 718 513 ipsius
739 477 795 511 rei,
816 480 927 513 praeter
950 476 978 504 il-

138 523 194 552 lam
215 531 286 560 quae
308 527 350 552 est
381 524 408 551 in
440 523 545 552 Verbo:
578 530 644 559 ergo
674 523 770 551 eadem
803 523 978 559 cognitione,

138 578 193 607 qua
207 570 346 607 cognoscit
360 570 493 604 Verbum,
508 570 647 606 cognoscit
662 577 720 598 rem
736 569 818 598 aliam
835 569 862 598 in
878 569 977 598 Verbo.

217 617 243 644 Ξ.
265 616 346 650 ltem,
362 616 485 644 Verbum
500 618 542 644 est
556 615 696 644 sufficiens
712 616 781 644 ratio
796 615 978 653 cognoscendi

139 662 231 691 omnia
251 662 305 690 alia
324 670 341 690 a
361 662 452 691 Verbo
465 661 474 677 ¹
496 678 535 683 ——
555 665 686 699 tanquam
709 663 855 699 exemplar
876 665 917 691 est
939 670 979 690 ra-

139 709 176 737 tio
197 709 378 745 cognoscendi
400 708 591 745 exemplatum
615 726 654 729 —
674 709 723 737 sed
744 717 910 746 cognoscere
925 709 978 737 suf-

139 754 276 783 ficientem
299 755 431 783 rationem
447 755 576 789 alterius,
592 755 643 784 hoc
659 763 712 783 non
734 759 775 784 est
795 755 870 784 aliud
894 763 977 792 quam

139 808 304 837 cognoscere
326 801 414 837 ipsam
437 808 512 835 rem;
533 801 631 830 eadem
653 801 726 829 enim
742 804 784 829 est
804 801 922 837 cognitio
938 809 979 829 ra-

140 847 221 876 tionis
242 848 423 885 cognoscendi
438 851 466 876 et
481 847 568 884 ipsius
583 848 622 876 rei
645 848 784 885 cognitae:
801 856 867 884 ergo
881 848 978 876 eadem

139 894 308 930 cognitione,
330 902 386 931 qua
406 894 498 922 anima
520 894 658 931 cognoscit
680 895 820 929 Verbum,
841 895 980 931 cognoscit

139 947 184 968 res
205 940 274 969 alias
294 949 310 968 a
331 940 431 969 Verbo.

218 986 244 1014 3.
265 986 341 1020 item,
364 987 463 1015 melius
479 987 654 1023 cognoscitur
669 994 714 1015 res
729 987 755 1015 in
778 987 873 1015 divino
887 994 980 1015 exem-

139 1032 224 1069 plari,
245 1041 328 1070 quam
351 1037 532 1069 cognoscatur
554 1033 580 1061 in
602 1041 647 1067 se,
663 1033 763 1061 melius
778 1033 860 1061 etiam
883 1041 980 1069 cogno-

140 1079 226 1108 scitur
248 1087 297 1116 per
318 1079 444 1108 divinum
460 1080 617 1117 exemplar,
633 1087 716 1117 quam
733 1083 914 1117 cognoscatur
928 1088 979 1116 per

139 1125 280 1162 propriam
302 1125 512 1154 similitudinem
524 1126 549 1160 ἵ;
564 1126 612 1155 sed
628 1126 725 1155 eadem
740 1126 908 1163 cognitione,
923 1135 980 1163 qua

139 1172 202 1209 quis
232 1172 371 1209 cognoscit
401 1172 612 1201 similitudinem
635 1173 691 1207 rei,
723 1172 861 1209 cognoscit
890 1172 978 1209 ipsam

139 1226 211 1247 rem:
233 1226 299 1255 ergo
320 1222 370 1247 etc.

217 1265 243 1292 ίι.
266 1264 347 1299 Item,
370 1265 392 1293 si
414 1265 565 1294 similitudo
580 1266 619 1294 rei
635 1266 662 1294 in
677 1266 789 1303 speculo
804 1266 881 1294 nullo
897 1266 979 1294 modo

140 1311 265 1340 differret
285 1311 320 1340 ab
342 1312 401 1348 ipso
422 1312 543 1348 speculo,
558 1312 655 1340 eadem
677 1312 845 1349 cognitione,
861 1320 916 1349 qua
937 1320 979 1341 co-

140 1361 320 1394 gnosceretur
340 1358 432 1395 ipsum
455 1358 617 1395 speculum,
632 1362 845 1395 cognosceretur
867 1359 926 1396 ipsa
948 1359 981 1387 si-

139 1404 268 1433 militudo
290 1404 328 1433 rei
344 1405 445 1441 etipsa
460 1413 521 1433 res:
537 1413 603 1441 ergo
625 1413 688 1433 cum
708 1405 733 1433 in
757 1405 847 1434 Verbo
868 1409 980 1434 aeterno

139 1458 193 1479 non
215 1450 324 1479 differat
354 1451 507 1480 similitudo
535 1451 574 1480 rei
606 1451 641 1479 ab
663 1451 722 1488 ipso
742 1468 780 1472 -—
801 1460 865 1480 nam
887 1452 979 1488 ipsum

140 1500 181 1526 est
201 1497 347 1534 exemplar
367 1501 394 1526 et
415 1497 485 1526 ratio
500 1498 680 1534 cognoscendi
704 1514 743 1518 —
763 1498 889 1532 videtur,
904 1498 979 1535 quod

140 1544 236 1573 eadem
259 1543 425 1581 cognitione,
446 1552 501 1581 qua
518 1544 580 1581 quis
595 1544 672 1572 novit
687 1544 819 1578 Verbum,
841 1544 980 1580 cognoscit

140 1592 167 1619 et
187 1597 231 1618 res
253 1589 279 1618 in
303 1590 406 1618 Verbo:
429 1590 513 1626 igitur
544 1590 636 1618 anima
666 1590 766 1619 Christi
789 1598 838 1627 per
859 1590 979 1619 eundem

140 1636 267 1665 habitum
289 1636 450 1673 cognitionis
466 1637 604 1673 cognoscit
619 1637 743 1665 Verbum
758 1640 785 1665 et
799 1637 853 1665 alia
868 1637 894 1665 in
911 1638 979 1674 ipso.

219 1684 244 1711 5.
268 1683 349 1717 item,
372 1683 394 1711 si
415 1683 508 1711 anima
539 1683 640 1712 Christi
672 1687 849 1720 cognosceret
872 1691 930 1712 rem
953 1684 979 1712 in

141 1729 232 1758 Verbo
252 1737 302 1766 per
332 1729 418 1757 alium
451 1729 577 1758 habitum
599 1732 626 1758 et
647 1729 729 1757 aliam
751 1729 978 1763 similitudinem,

140 1783 224 1813 quam
246 1779 392 1813 cognoscat
412 1776 506 1812 ipsum
526 1776 667 1810 Verbum;
688 1779 737 1804 aut
758 1776 805 1804 illa
827 1776 979 1805 similitudo

139 1826 212 1851 esset
233 1831 311 1856 una,
332 1825 381 1851 aut
401 1822 517 1851 multae.
544 1822 608 1851 Una
629 1830 682 1851 non
706 1825 793 1859 potest
817 1830 892 1857 esse,
914 1823 980 1859 quia

139 1877 324 1906 unaquaeque
346 1877 389 1898 res
410 1872 502 1898 creata
522 1869 607 1898 habet
620 1869 830 1898 similitudinem
853 1869 903 1898 sibi
920 1877 980 1906 pro-

140 1915 230 1953 priam
252 1916 278 1944 in
311 1924 412 1953 genere
436 1919 589 1945 creaturae.
622 1916 648 1944 Si
680 1915 804 1944 multae:
826 1924 892 1952 ergo
914 1924 978 1944 cum

140 1971 193 1992 non
216 1962 251 1991 sit
271 1966 359 1991 status
381 1963 407 1991 in
430 1962 540 1997 multis,
555 1962 601 1992 sed
625 1963 652 1990 in
668 1962 755 1997 un0³,
777 1962 895 1999 cognitio
915 1963 980 1991 alia-

140 2017 204 2038 rum
226 2017 321 2038 rerum
343 2017 360 2037 a
391 2009 480 2037 Verbo
511 2009 537 2037 in
560 2009 619 2046 ipso
640 2009 731 2037 Verbo
762 2017 816 2037 non
843 2011 980 2046 spectaret

139 2055 175 2084 ad
196 2055 378 2092 cognitionem
400 2055 519 2092 gloriae,
540 2055 566 2084 in
589 2064 644 2093 qua
664 2058 706 2084 est
727 2058 815 2084 status
836 2059 863 2084 et
884 2055 978 2093 quies:

139 2101 224 2138 igitur
244 2101 265 2130 si
289 2101 340 2130 hoc
360 2104 402 2130 est
423 2101 632 2136 inconveniens,
656 2105 760 2136 restat,
782 2102 857 2139 quod
879 2102 976 2131 eodem

139 2147 237 2176 habitu
257 2148 434 2184 cognitionis,
456 2156 511 2185 quo
532 2148 708 2185 cognoscitur
730 2149 822 2185 ipsum
844 2149 977 2183 Verbum,

139 2198 340 2231 cognoscantur
361 2198 388 2223 et
408 2194 462 2223 alia
484 2194 510 2222 in
531 2195 631 2229 Verbo,
647 2198 703 2223 tam
718 2195 753 2223 ab
767 2195 860 2223 anima
875 2195 975 2223 Christi

139 2248 223 2277 quam
245 2241 280 2269 ab
301 2241 355 2269 alia
376 2241 468 2269 anima
490 2241 577 2269 beata.

218 2287 271 2315 Snn
291 2295 417 2316 CONTRA:
442 2288 465 2315 1.
487 2287 563 2316 Sicut
584 2288 700 2316 materia
721 2295 750 2316 se
766 2288 849 2316 habet
870 2288 905 2316 ad
927 2288 979 2316 for-

141 2341 231 2367 mam,
252 2333 290 2362 ita
309 2334 465 2362 intellectus
481 2333 619 2370 possibilis
634 2342 662 2362 se
678 2334 759 2363 habet
781 2334 816 2363 ad
838 2342 892 2367 res,
907 2342 978 2371 quas

140 2380 307 2417 cognoscit⁴3
329 2380 377 2409 sed
399 2380 569 2417 impossibile
590 2384 647 2414 est,
669 2381 744 2417 quod
766 2389 908 2410 summum
930 2389 979 2409 ens

140 2426 186 2454 det
207 2435 266 2454 esse
287 2426 338 2463 ipsi
360 2427 492 2456 materiae
513 2427 563 2456 nisi
586 2427 774 2464 imprimendo
789 2427 912 2464 aliquam
927 2428 979 2455 for-

1818 212 1874 240 307

1037 298 1109 319 mam
1143 294 1263 319 creatam
1297 290 1348 327 ipsi
1371 289 1522 324 materiae,
1543 290 1682 319 diversam
1705 297 1722 318 a
1742 297 1786 318 se:
1808 298 1874 327 ergo

1034 337 1204 374 impossibile
1225 340 1274 371 est,
1297 337 1371 374 quod
1394 344 1536 365 summum
1560 336 1654 364 lumen
1675 336 1768 370 faciat,
1796 336 1876 365 intel-

1035 383 1138 412 lectum
1161 383 1320 420 possibilem
1342 383 1448 420 aliquid
1470 386 1534 411 actu
1557 383 1726 420 intelligere,
1748 383 1799 411 nisi
1829 382 1877 411 im-

1034 430 1136 467 primat
1157 430 1180 458 ei
1203 430 1323 467 speciem
1344 433 1371 459 et
1392 430 1601 458 similitudinem
1624 430 1711 466 ipsius
1726 430 1766 458 rei
1788 430 1878 466 cogni-

1035 479 1095 505 tae:
1118 485 1184 513 ergo
1205 477 1323 513 cognitio
1354 477 1472 505 aliarum
1501 484 1597 504 rerum
1618 484 1634 504 a
1656 476 1746 505 Verbo
1768 476 1794 504 in
1816 477 1876 513 ipso

1035 522 1125 551 Verbo
1146 523 1251 559 aliquid
1274 522 1338 559 plns
1369 523 1456 559 exigit
1477 531 1561 559 quam
1584 523 1766 559 cognitionem
1789 523 1876 560 ipsius

1035 569 1134 603 Verbi,
1156 572 1182 597 et
1196 572 1237 597 est
1252 577 1302 605 per
1323 569 1404 597 aliam
1425 569 1559 597 rationem
1582 569 1777 606 cognoscendi,
1793 578 1876 606 quam

1035 615 1070 643 sit
1091 615 1209 651 cognitio
1231 615 1318 651 ipsius
1339 615 1430 643 Verbi.

1113 662 1138 689 2.
1163 661 1244 695 ltem,
1266 661 1300 689 ad
1323 661 1390 695 hoc,
1406 662 1480 698 quod
1496 662 1652 691 intellectus
1674 662 1779 699 aliquid
1801 663 1877 692 intel-

1036 707 1114 744 ligat,
1136 715 1247 736 necesse
1269 711 1325 741 est,
1348 708 1439 744 ipsum
1471 708 1619 737 assimilari
1651 709 1690 737 rei
1713 709 1874 746 cognitae⁵z

1035 761 1101 790 ergo
1123 761 1186 782 cum
1202 753 1340 790 cognoscit
1354 754 1407 782 alia
1421 762 1437 782 a
1452 754 1557 788 Verbo,
1573 763 1684 784 necesse
1705 759 1761 790 est,
1783 756 1875 793 ipsum

1035 800 1182 828 assimilari
1205 808 1258 827 non
1280 800 1370 828 solnm
1393 800 1442 837 ipsi
1472 801 1575 835 verbo,
1597 802 1645 830 sed
1674 802 1756 830 etiam
1778 803 1839 831 aliis
1860 812 1876 831 a

1036 846 1145 880 Verb03
1167 847 1215 875 sed
1236 847 1297 875 aliis
1319 855 1335 875 a
1356 847 1447 876 Verbo
1469 856 1522 875 non
1545 852 1633 884 potest
1653 848 1800 877 assimilari
1825 850 1874 877 nisi

1036 901 1085 930 per
1117 893 1319 930 susceptionem
1352 893 1567 922 similitudinum
1600 895 1731 923 aliarum:
1753 903 1819 932 ergo
1840 896 1874 924 ad

1036 939 1105 973 hoc,
1127 939 1201 976 quod
1224 939 1380 968 intellectus
1401 940 1501 977 aliquis
1529 944 1653 975 creatus,
1676 942 1734 970 sive
1756 941 1876 976 Christi,

1036 986 1094 1014 sive
1115 986 1199 1020 alius,
1221 990 1367 1023 cognoscat
1388 987 1456 1015 alias
1478 995 1523 1016 res
1544 987 1570 1015 in
1601 988 1706 1022 Verbo,
1727 997 1781 1016 non
1804 988 1877 1017 sulli-

1035 1033 1072 1061 cit
1093 1041 1258 1070 cognoscere
1281 1033 1371 1070 ipsum
1395 1033 1526 1062 Verbum.

1115 1079 1140 1107 3.
1163 1080 1241 1114 Item,
1263 1080 1284 1108 si
1307 1080 1459 1116 aspicerem
1475 1081 1509 1109 ad
1525 1081 1648 1118 aliquam
1672 1090 1740 1116 rem,
1763 1090 1877 1119 aggene-

1036 1130 1147 1154 raretur
1169 1126 1194 1154 in
1212 1134 1255 1155 me
1277 1127 1430 1155 similitudo
1446 1127 1520 1156 illius
1534 1128 1589 1156 rei:
1605 1128 1748 1163 similiter,
1763 1129 1785 1157 si
1807 1130 1876 1166 aspi-

1036 1180 1127 1201 cerem
1159 1173 1193 1201 ad
1227 1173 1389 1210 speculum,
1420 1182 1474 1201 non
1495 1174 1584 1202 solum
1606 1179 1823 1211 aggeneraretur
1846 1176 1872 1204 in

1035 1227 1080 1248 me
1095 1219 1247 1248 similitudo
1262 1220 1376 1256 speculi,
1392 1220 1439 1249 sed
1455 1220 1538 1249 etiam
1554 1221 1707 1249 similitudo
1723 1222 1761 1250 rei
1773 1222 1793 1250 ⁶:
1811 1230 1876 1259 ergo

1036 1266 1056 1294 si
1089 1266 1211 1295 Verbum
1244 1269 1389 1295 aeternum
1420 1267 1541 1296 continet
1571 1268 1597 1295 in
1632 1276 1661 1296 se
1682 1268 1758 1297 ideas
1780 1277 1874 1297 rerum

1035 1313 1176 1347 omnium,
1205 1312 1242 1341 ita
1272 1313 1482 1349 generabuntur
1513 1313 1709 1343 similitudines
1730 1323 1827 1343 rerum
1850 1316 1875 1344 in

1035 1359 1127 1387 anima
1148 1359 1296 1396 aspiciente
1318 1359 1418 1396 ipsum,
1441 1359 1512 1388 sicut
1533 1360 1554 1388 si
1581 1361 1673 1388 anima
1695 1365 1875 1391 contueretur

1036 1405 1110 1442 ipsas
1131 1413 1190 1434 res:
1212 1413 1278 1442 ergo
1309 1405 1436 1439 videtur,
1468 1407 1543 1443 quod
1575 1414 1619 1435 res
1652 1407 1678 1435 in
1710 1408 1801 1436 Verbo
1822 1417 1876 1437 non

1036 1455 1143 1480 tantum
1165 1452 1340 1488 cognoscitur
1370 1452 1405 1480 ab
1437 1452 1577 1481 intellectu
1599 1456 1691 1481 creato
1712 1462 1762 1490 per
1784 1454 1874 1491 ipsum

1036 1498 1175 1533 Verbum,
1197 1498 1245 1527 sed
1261 1499 1342 1527 etiam
1358 1506 1408 1536 per
1423 1499 1617 1528 similitudines
1633 1500 1794 1537 impressas:
1810 1509 1876 1539 ergo

1036 1552 1085 1581 per
1106 1545 1288 1581 cognitionem
1310 1544 1392 1573 aliam
1415 1548 1442 1573 et
1462 1545 1553 1573 aliam.

1114 1592 1140 1619 [ι.
1163 1592 1228 1620 ltem
1239 1592 1257 1626 ⁷,
1279 1591 1411 1628 contingit
1443 1600 1608 1629 cognoscere
1638 1593 1728 1630 ipsum
1753 1595 1874 1623 Verbum

1037 1641 1067 1666 ut
1088 1637 1196 1671 lucem,
1217 1640 1244 1666 et
1265 1638 1397 1674 contingit
1425 1646 1590 1675 cognoscere
1622 1639 1712 1676 ipsum
1735 1644 1766 1669 ut
1786 1649 1876 1670 exem-

1033 1684 1103 1721 plar
1124 1701 1163 1704 —
1194 1688 1259 1713 tunc
1281 1687 1374 1713 autem
1406 1685 1581 1721 cognoscitur
1613 1686 1735 1714 Verbum
1758 1691 1788 1715 ut
1809 1688 1876 1722 lux,

1036 1730 1148 1768 quando
1169 1731 1343 1768 cognoscitur
1365 1731 1395 1759 z'n
1425 1739 1472 1764 δικ
1494 1735 1558 1760 tnnc
1586 1736 1678 1761 autem
1701 1735 1876 1770 cognoscitur

1036 1780 1067 1806 ut
1087 1777 1249 1814 eaeemplar,
1271 1777 1383 1814 quando
1405 1777 1432 1806 in
1448 1778 1507 1815 ipso
1528 1783 1733 1815 cognoscuntur
1755 1781 1817 1810 alia
1838 1799 1876 1803 —

1035 1823 1083 1852 sed
1106 1823 1275 1860 impossibile
1290 1827 1331 1852 est
1346 1831 1510 1860 cognoscere
1526 1825 1616 1861 ipsum
1640 1826 1761 1854 Verbum
1776 1843 1815 1846 —
1837 1827 1877 1856 lu-

1036 1878 1112 1903 cem,
1134 1870 1200 1907 quin
1222 1870 1385 1899 infundatur
1407 1870 1485 1899 nobis
1517 1871 1624 1905 lumen,
1646 1873 1720 1908 quod
1742 1873 1805 1902 facit
1827 1882 1876 1903 nos

1035 1917 1190 1946 conformes
1212 1917 1262 1954 ipsi
1285 1917 1358 1946 luci:
1380 1925 1446 1954 ergo
1468 1918 1638 1955 impossibile
1659 1922 1700 1947 est
1722 1919 1812 1956 ipsum
1835 1929 1876 1949 co-

1036 1971 1167 2000 gnoscere
1189 1966 1219 1991 ut
1240 1963 1406 2000 exemplar,
1438 1964 1504 2000 quin
1530 1964 1693 1994 infundatur
1725 1966 1804 1995 nobis
1835 1975 1877 1996 eo-

1036 2010 1132 2047 gnitio‚
1154 2018 1225 2046 quae
1246 2010 1310 2038 facit
1331 2018 1381 2038 nos
1401 2011 1556 2039 conformes
1578 2011 1645 2048 ipsis
1666 2013 1786 2042 aeternis
1807 2013 1877 2042 ideis

1035 2060 1062 2085 et
1084 2057 1249 2085 rationibus:
1281 2065 1347 2093 ergo
1376 2065 1427 2086 nec
1458 2058 1550 2086 anima
1581 2058 1681 2087 Christi
1713 2059 1767 2088 alio
1795 2061 1876 2089 modo

1035 2111 1120 2140 quam
1141 2103 1193 2132 isto
1214 2103 1349 2139 cognovit.
1372 2103 1405 2132 Si
1425 2108 1456 2132 ιιι
1477 2104 1574 2138 dicas,
1590 2105 1664 2141 quod
1681 2105 1753 2134 idem
1771 2110 1813 2135 est
1827 2110 1853 2135 et
1866 2107 1875 2121 ⁸

1035 2150 1110 2186 quod
1130 2149 1300 2178 assimilatur
1332 2149 1383 2187 ipsi
1415 2150 1506 2179 Verbo
1535 2154 1566 2179 ut
1588 2151 1663 2185 luci,
1685 2154 1711 2180 et
1733 2152 1824 2181 Verbo
1845 2157 1876 2181 ut

1035 2196 1206 2233 exemplari,
1227 2200 1343 2224 eontra.-
1366 2196 1497 2233 possibile
1522 2201 1563 2225 est
1595 2206 1760 2234 cognoscere
1783 2199 1873 2235 ipsum

1036 2242 1171 2277 Verbum,
1193 2246 1220 2271 et
1242 2245 1333 2271 tamen
1348 2251 1402 2271 non
1417 2246 1630 2280 cognosceretur
1647 2252 1699 2278 res,
1715 2245 1795 2273 cuius
1810 2245 1874 2274 Ver-

1035 2288 1102 2316 bum
1124 2292 1165 2317 est
1185 2289 1348 2326 exemplar:
1370 2297 1437 2325 ergo
1458 2289 1580 2323 videtur,
1602 2290 1676 2326 quod
1704 2290 1757 2318 alia
1779 2291 1813 2319 sit
1834 2299 1876 2319 ra-

1036 2335 1088 2369 tio,
1111 2342 1159 2371 per
1180 2343 1263 2371 quam
1286 2335 1348 2371 quis
1369 2335 1558 2363 conformatur
1579 2335 1630 2372 ipsi
1653 2335 1743 2364 Verbo
1758 2339 1788 2364 ut
1805 2337 1874 2370 luci,

1035 2385 1062 2409 et
1084 2381 1133 2418 ipsi
1156 2381 1247 2410 Verbo
1267 2385 1298 2409 ut
1319 2381 1482 2417 exemplari.

1115 2429 1139 2455 5.
1163 2428 1244 2461 ltem,
1274 2427 1476 2464 intelligamus,
1505 2428 1578 2464 quod
1608 2428 1709 2464 aliquis
1735 2428 1761 2456 in
1784 2429 1874 2457 Verbo

202 2593 209 2608 ¹
228 2593 285 2616 Vide
303 2594 317 2616 l.
335 2594 395 2616 Sent.
413 2593 435 2616 d.
453 2594 473 2616 6.
492 2601 514 2623 q.
532 2594 556 2622 3,
575 2595 596 2617 d.
615 2594 652 2616 27.
670 2601 691 2622 p.
710 2595 731 2616 ll.
750 2601 771 2623 q.
791 2596 811 2616 2.
828 2595 859 2617 De
877 2596 978 2623 proposi·

139 2633 199 2655 tione
215 2632 316 2655 subnexa
334 2633 373 2655 ct'r.
391 2632 446 2655 ibid.
464 2633 486 2655 d.
505 2633 541 2655 35.
556 2639 578 2662 q.
600 2634 616 2655 l.
635 2639 699 2662 seqq.
717 2636 738 2655 ct
750 2633 772 2655 d.
790 2634 827 2655 36.
845 2640 864 2655 a.
882 2634 903 2655 2.
921 2640 942 2662 q.
960 2634 976 2655 1.

139 2677 194 2699 seq,
213 2671 252 2693 ubi
273 2672 340 2693 etiarn
359 2671 468 2698 principia
491 2677 556 2699 argg.
574 2677 638 2700 seqq.
656 2672 804 2694 insinuantur.
818 2684 847 2687 —
860 2671 908 2694 Vat.
927 2674 978 2693 ante

140 2711 253 2739 tanquam
270 2710 373 2731 interlicit
383 2710 410 2732 et.
430 2709 451 2731 ln
465 2709 508 2731 fine
525 2716 574 2737 arg.
588 2716 629 2737 pro
641 2716 656 2732 a
672 2709 744 2732 Verbo
761 2710 811 2732 cod.
825 2710 841 2732 ll
855 2709 879 2732 ίη
897 2709 976 2733 Verbo.

201 2747 210 2762 ²
227 2747 282 2770 Cod.
301 2747 319 2770 Ο
336 2747 398 2770 addit
411 2747 472 2770 sicut
482 2747 566 2771 melius
583 2747 732 2777 cognoscitur
749 2754 787 2771 res
797 2754 840 2778 per
856 2748 977 2778 speculum

139 2792 211 2816 qnam
226 2792 269 2815 per
283 2786 408 2815 propriam
423 2785 607 2809 similitudinem.

202 2825 212 2840 ²
227 2825 293 2853 Nam,
312 2829 336 2848 ut
356 2826 453 2853 Aristot„
475 2826 498 2847 ll.
520 2825 548 2847 de
570 2825 637 2847 Caelo
654 2830 675 2848 et
697 2825 795 2854 mundo,
817 2828 867 2849 tcxt.
889 2827 925 2848 22.
944 2826 976 2855 (c.

140 2863 171 2892 4.)
189 2865 229 2892 ait¹
250 2872 260 2884 ι
273 2865 336 2892 prius
358 2867 436 2886 natura
454 2865 475 2886 in
494 2870 634 2893 unoquoque
651 2871 734 2892 genere
750 2867 784 2887 cst
801 2871 872 2887 unum
890 2866 976 2893 multis,

139 2906 161 2925 et
177 2903 272 2931 simplex
290 2904 416 2931 composito
427 2911 448 2925 ι.

202 2940 211 2955 ⁴
227 2940 272 2963 (Ην.
295 2942 392 2970 Aristot.‚
414 2941 447 2964 lll.
470 2941 498 2963 de
520 2942 612 2969 Anima,
630 2944 681 2964 text.
703 2942 735 2964 17.
753 2949 801 2971 seq.
824 2942 853 2967 (c.
871 2942 909 2970 5.).
932 2941 977 2964 Csr.

141 2980 208 3002 ctiam
226 2980 250 3001 ll.
268 2980 327 3002 Sent.
346 2980 368 3002 d.
386 2979 422 3002 24.
440 2986 462 3008 p.
482 2980 494 3002 l.
513 2986 532 3002 a.
551 2981 571 3002 2.
589 2987 611 3009 q.
629 2980 649 3003 4.
668 2981 698 3003 De
715 2980 803 3003 minori
813 2981 865 3003 vide
883 2981 937 3003 ibid.
955 2981 977 3003 d.

1040 2595 1071 2616 12.
1090 2602 1108 2616 a.
1131 2595 1148 2616 l.
1167 2601 1188 2623 q.
1210 2596 1228 2616 1.
1241 2607 1270 2610 -
1283 2596 1402 2624 Aliquanto
1414 2595 1507 2617 inferius
1525 2601 1567 2623 pro
1579 2596 1600 2618 et
1616 2595 1792 2619 similitudinem
1806 2598 1873 2620 codd.

1036 2634 1051 2655 E
1062 2634 1066 2655 Ι
1077 2634 1093 2655 L
1104 2634 1119 2655 N
1130 2634 1147 2656 U
1158 2634 1176 2655 V
1186 2634 1206 2656 X
1217 2634 1232 2656 Z
1242 2641 1267 2656 aa
1285 2634 1310 2656 in
1326 2633 1508 2657 similitudinem.

1096 2672 1106 2686 ⁵
1123 2673 1219 2699 iti-istoc,
1239 2673 1274 2694 Vl.
1293 2673 1361 2695 Eune.
1379 2678 1397 2694 c.
1420 2673 1440 2694 l:
1458 2673 1480 2694 Si
1498 2673 1592 2701 quidem
1612 2680 1637 2695 cx
1660 2674 1804 2696 similitudine
1818 2681 1874 2703 qua-

1036 2710 1088 2732 dam
1105 2714 1127 2732 et
1144 2711 1249 2733 affinitate
1272 2711 1371 2738 cognitio
1388 2711 1460 2733 existit
1481 2711 1535 2738 ipsis
1556 2711 1615 2739 (scil.
1640 2713 1744 2739 potentiis
1761 2713 1872 2742 animae).

1035 2748 1079 2770 Csr.
1097 2749 1199 2777 August,
1219 2749 1254 2771 tx.
1273 2750 1300 2771 de
1319 2750 1380 2771 Trin.
1399 2756 1417 2772 c.
1439 2750 1472 2771 ll.
1491 2756 1512 2772 n.
1534 2751 1565 2772 16.
1579 2763 1602 2766 -
1623 2751 1690 2773 Paulo
1708 2751 1800 2773 insin-ius
1823 2756 1874 2780 post

1035 2786 1216 2810 similitudinum
1227 2788 1332 2811 aliarum
1344 2789 1394 2810 cod.
1412 2789 1428 2810 Α
1441 2789 1533 2817 supplet
1545 2795 1632 2812 rerum.
1646 2790 1746 2812 Subinde
1759 2796 1800 2818 pro
1812 2790 1873 2813 alias

1035 2832 1073 2848 rex
1090 2827 1140 2849 cod.
1159 2827 1176 2848 U
1193 2826 1248 2849 ulia.

1096 2865 1106 2880 ⁶
1123 2866 1193 2887 Simul
1206 2866 1270 2888 nudi:
1283 2866 1304 2887 in
1317 2867 1409 2894 speculo
1422 2867 1755 2894 repraesentatae.-Subindc
1765 2875 1806 2896 pro
1818 2875 1873 2898 erqo

1034 2903 1055 2926 si
1070 2903 1121 2926 cod.
1140 2904 1157 2925 U
1174 2909 1230 2933 erqo
1246 2904 1313 2927 sicut.
1424 2904 1434 2919 ⁷
1450 2904 1521 2927 Codd.
1540 2906 1558 2927 Μ
1569 2905 1615 2927 OT
1628 2906 1643 2928 Z
1662 2907 1715 2929 Item
1735 2907 1872 2937 Gregorius.

1095 2942 1105 2957 ⁸
1121 2942 1192 2965 Codd.
1212 2943 1257 2965 ΜΟ
1275 2944 1378 2966 omittunt
1395 2945 1430 2971 el,
1445 2950 1486 2971 pro
1504 2950 1550 2973 quo
1572 2945 1619 2968 Vnt.
1637 2951 1689 2967 cnm
1708 2946 1758 2968 coil.
1776 2952 1801 2967 cc
1820 2946 1871 2969 sub-

1035 2982 1105 3004 stituit
1120 2988 1169 3011 per.
1188 2982 1236 3004 Mox
1255 2988 1296 3010 pro
1312 2983 1334 3005 ct
1350 2983 1428 3005 tanim
1444 2983 1496 3005 cdd.
1514 2983 1562 3006 etsi.
1581 2984 1696 3007 Mattomus
1714 2986 1739 3007 ul
1756 2986 1840 3008 tamen.
