2166 3366
113 326 156 345 Alia
169 326 243 345 solutio.

126 419 241 438 Notandum.

127 1173 159 1191 Ad
172 1173 247 1196 opposi-

163 1198 209 1214 lum.

254 195 312 223 422
929 192 1181 220 SENTENTIARUM
1204 191 1263 219 LlB.
1284 191 1324 219 lll.

254 282 303 307 re,
325 273 375 302 sed
396 271 549 305 iztdieari;
570 274 597 300 et
619 271 681 299 ideo
703 270 730 299 in
752 271 805 299 hoc
833 278 888 298 non
909 270 1008 299 debuit
1035 269 1103 298 dare

254 320 372 349 formam
405 318 531 347 imitandi
560 325 596 346 se.
626 334 665 337 —
692 317 776 345 Aliter
804 319 897 353 posset
928 316 999 351 dici,
1028 316 1102 353 quod

254 368 329 396 Deus
350 365 488 403 exigendo
510 364 724 393 satisfactionem
754 363 842 400 magis
873 362 1003 400 praebuit
1024 362 1103 391 nobis

255 414 389 447 formam,
405 420 490 449 quam
506 411 527 440 si
544 419 598 439 non
613 410 761 447 exegisset.
776 409 908 438 Praebuit
922 409 996 438 enim
1011 416 1105 438 exem-

256 460 333 497 plum
356 462 384 488 et
404 458 530 487 subditis
544 461 572 487 et
583 457 748 494 praelatis.-
763 456 889 485 subditis
905 456 931 484 in
947 456 1012 491 boc,
1028 456 1103 493 quod

255 507 363 536 remisit
394 510 421 535 et
452 505 595 543 pepercit3
625 504 769 541 praelatis
791 504 907 533 veroin
928 504 1000 539 hoc,
1028 503 1104 541 quod

255 554 403 583 emendam
425 552 586 590 requisivit,
609 555 640 580 ut
662 552 746 580 decor
779 552 900 580 iustitiae
922 554 1103 585 servaretur,

256 600 330 637 quod
353 602 458 636 spectat
479 599 513 627 ad
535 606 582 627 eos
604 598 651 636 qui
668 598 792 626 iudicant
807 601 928 632 terram,
947 597 1102 626 secundum

256 647 326 675 illnd
348 646 503 683 Sapientiae
525 645 616 682 primo
629 645 654 673 ¹:
682 644 798 682 Diliyite
823 644 969 672 iustitiam
990 643 1043 682 qui
1062 643 1103 672 iu-

255 693 363 722 dicacis
385 697 506 721 terram.

1240 270 1265 298 6.
1287 269 1326 298 Ad
1349 269 1420 298 illud
1440 269 1516 306 quod
1538 269 1638 297 ultimo
1658 268 1804 303 obiicitur,
1820 270 1895 306 quod
1910 269 2007 299 decen-

1162 316 1216 345 tius
1237 316 1335 345 fuisset
1356 323 1489 353 reparare
1510 323 1598 352 genus
1621 315 1775 344 humanum
1796 316 1854 345 sine
1868 316 2008 345 adiutorio

1162 363 1301 396 humano,
1322 365 1349 391 et
1371 362 1408 390 ita
1423 362 1481 391 sine
1496 362 1680 390 satisfactione
1693 362 1722 395 ²;
1744 362 1910 397 dicendum,
1932 363 2007 400 quod

1162 409 1214 438 hoc
1235 409 1336 438 falsum
1358 413 1407 438 est.
1430 409 1561 437 Summae
1582 408 1656 437 enim
1679 408 1808 437 bonitatis
1829 413 1871 438 est
1885 417 2007 438 commu-
2020 415 2136 435 Notandum.

1162 456 1255 485 nicare
1274 459 1420 485 creaturae
1435 456 1609 492 operationes
1624 455 1746 490 nobiles,
1762 456 1918 484 secundnm
1932 457 2007 493 quod

1163 504 1222 540 ipsa
1244 507 1307 531 nata
1328 506 1370 532 est
1391 503 1553 540 suscipere3
1574 506 1600 531 et
1622 506 1752 532 creatura
1781 503 1887 540 aliquid
1920 506 2009 540 potest

1162 550 1252 578 facere
1276 550 1300 577 in
1324 550 1514 586 reparatione,
1536 549 1665 586 quamvis
1680 549 1766 578 solius
1785 549 1832 578 Dei
1849 550 1884 578 sit
1898 550 2007 587 operari

1162 597 1189 625 in
1212 596 1346 633 primaria
1368 603 1462 624 rernm
1486 596 1684 632 productione,
1706 596 1752 624 ubi
1776 605 1829 624 non
1851 600 1893 625 est
1913 605 2008 634 opera-

1163 644 1200 672 tio
1222 644 1248 672 in
1270 643 1393 680 aliquam
1416 643 1560 671 materiam
1585 643 1786 679 praeiacentem
1800 643 1817 670 ³.

1023 789 1186 827 QUAESTlO
1207 789 1247 817 Ill.

498 878 603 906 Utrum
624 877 728 915 aliqua
748 880 889 905 ereatura
907 885 991 914 pura
1010 876 1138 913 potuerit
1158 874 1334 913 satisfacere
1351 884 1408 912 pro
1431 879 1486 903 toto
1506 884 1610 911 ,qenere
1633 874 1772 904 humano.

336 977 428 1006 Tertio
459 977 621 1014 quaeritur,
643 979 740 1005 utrum
761 975 855 1013 aliqua
877 979 1007 1004 creatura
1035 983 1106 1011 pura

257 1024 379 1061 potuerit
400 1024 559 1053 satisfacere
582 1031 632 1060 pro
647 1026 703 1051 toto
718 1029 819 1059 genere
836 1022 967 1050 humano.
985 1022 1015 1050 Et
1029 1021 1105 1059 quod

257 1072 312 1106 sic,
333 1071 453 1099 videtur.

338 1119 362 1146 1.
386 1118 442 1147 Una
463 1120 593 1146 creatura
625 1124 697 1154 pura
719 1116 808 1153 potuit
830 1119 917 1144 totum
940 1123 1029 1152 genus
1058 1115 1106 1143 liu-

260 1173 373 1194 manum
396 1157 510 1193 inficere
530 1172 580 1201 per
602 1164 713 1200 culpam
737 1163 855 1192 suam⁴z
884 1171 951 1199 ergo
972 1162 995 1191 si
1017 1162 1106 1198 gratia

257 1216 299 1241 est
321 1211 488 1249 principium
511 1210 713 1244 satisfaciendi,
735 1210 806 1239 sieut
831 1210 914 1246 culpa
935 1209 1105 1246 principium

257 1258 414 1292 inficiendi;
436 1258 563 1292 videtur,
592 1257 668 1294 quod
689 1257 783 1294 aliqua
805 1264 876 1293 pura
897 1259 1028 1285 creatura
1056 1263 1106 1292 per

257 1314 337 1334 suam
369 1304 486 1342 gratiam
520 1304 641 1342 potuerit
673 1303 831 1332 satisfacere
854 1311 905 1340 pro
927 1306 983 1330 toto
1004 1310 1106 1339 genere

257 1353 389 1381 humano.

336 1400 361 1427 Ξ).
385 1399 467 1432 ltem,
483 1406 537 1426 non
553 1397 617 1434 plus
632 1397 755 1433 exigitur
771 1397 797 1424 in
813 1396 886 1425 iusta
901 1404 1005 1433 poena,
1020 1403 1106 1433 quam

256 1446 438 1474 commissum
460 1445 512 1473 fuit
534 1445 560 1472 in
582 1444 682 1481 culpa:
705 1443 728 1472 si
750 1451 817 1480 ergo
838 1451 927 1480 genus
949 1443 1105 1471 humanum

257 1493 367 1529 lapsum
389 1491 441 1520 fuit
466 1499 516 1528 per
544 1491 794 1528 transgressionem
827 1498 914 1527 purae
940 1493 1106 1524 creaturae,

257 1539 384 1572 videtur,
406 1538 481 1575 quod
504 1546 576 1574 pura
597 1541 727 1566 creatura
741 1537 864 1574 potuerit
879 1536 1038 1565 satisfacere
1054 1544 1105 1573 pro

257 1593 359 1623 genere
381 1586 512 1614 humano.

337 1633 363 1661 3.
386 1633 467 1667 ltem,
489 1632 618 1661 diabolus
650 1632 722 1661 iuste
754 1631 876 1668 perdidit
900 1638 989 1667 genus
1011 1630 1108 1658 huma-

258 1688 342 1714 num,
364 1680 430 1717 quia
451 1679 577 1708 extendit
600 1687 714 1707 manum
740 1686 820 1707 suam
842 1677 869 1706 in
892 1677 1105 1706 innocentem⁵:

257 1735 324 1764 ergo
346 1727 367 1756 si
390 1727 480 1764 potuit
500 1734 561 1755 esse
582 1726 676 1763 aliqua
699 1733 770 1763 pura
791 1728 921 1754 creatura
941 1724 1055 1752 omnino
1070 1724 1108 1751 in-

258 1782 375 1809 nocens,
397 1782 469 1811 quae
490 1781 519 1802 se
541 1782 592 1810 pro
614 1773 704 1801 salute
725 1772 835 1809 generis
857 1772 972 1800 humani
988 1778 1108 1808 expone-

258 1824 316 1856 ret,
338 1825 365 1850 et
386 1821 515 1850 diabolus
537 1828 651 1849 manum
674 1820 701 1848 in
726 1828 786 1848 eam
822 1819 1006 1852 extenderet3
1034 1818 1108 1847 vide-

259 1873 321 1903 tur,
343 1868 419 1905 quod
451 1868 545 1905 aliqua
566 1875 637 1904 pura
659 1870 789 1896 creatura
810 1866 950 1895 redimere
973 1865 1108 1902 potuisset

258 1923 346 1952 genus
367 1915 525 1944 humanum
547 1915 581 1943 de
602 1913 739 1942 diabolica
760 1916 911 1950 potestate,
926 1913 1006 1941 etita
1026 1912 1104 1941 satis-

259 1962 350 1991 facere
370 1970 422 1999 pro
443 1962 550 1990 eodem.

337 2007 554 2044 4.1teu1,plus
582 2010 680 2044 pensat
712 2007 786 2035 Deus
818 2006 903 2034 vitam
936 2009 964 2034 et
984 2006 1107 2034 animam

259 2055 344 2084 unius
365 2055 430 2083 iusti
452 2062 536 2091 quam
559 2054 645 2082 vitam
666 2056 694 2082 et
714 2053 835 2081 animam
859 2053 1107 2081 innumerabilium

260 2105 437 2139 peccatorum
450 2102 460 2115 ⁶
473 2112 479 2130 2
502 2102 523 2130 si
546 2109 614 2138 ergo
635 2101 729 2138 aliqua
744 2108 816 2137 pura
831 2103 961 2129 creatura
976 2100 1108 2129 innocens

261 2152 288 2178 et
309 2152 403 2178 sancta
424 2157 454 2178 se
474 2149 532 2177 Deo
553 2151 580 2177 et
598 2147 671 2176 Patri
686 2147 833 2176 obtulisset
847 2155 898 2184 pro
914 2147 1108 2184 peccatoribus

260 2195 395 2230 hostiam,
428 2195 499 2224 facta
530 2197 603 2224 esset
634 2194 854 2230 recompensatio
876 2193 965 2228 iusta,
987 2201 1054 2230 ergo
1082 2195 1108 2222 et

260 2242 409 2271 satisfactio
430 2242 532 2271 debita.

340 2290 366 2317 5.
388 2289 468 2322 Item,
490 2292 548 2317 esto
570 2288 644 2325 quod
667 2288 795 2316 Christus
824 2287 921 2316 fuisset
942 2295 1015 2324 pura
1036 2294 1110 2315 crea-

260 2339 324 2364 tura
345 2339 372 2364 et
394 2338 523 2364 mortuus
538 2334 635 2363 fuisset
650 2334 677 2362 in
693 2342 790 2369 cruce,
806 2334 877 2362 sicut
892 2336 1022 2362 mortuus
1036 2333 1108 2367 fuit3

261 2390 366 2419 quaero
388 2385 466 2410 tunc:
490 2385 539 2410 aut
560 2381 657 2410 fuisset
672 2381 802 2409 (letericus
818 2380 844 2408 in
861 2380 963 2414 limbo,
979 2383 1027 2408 ant
1041 2388 1108 2408 non.

261 2429 385 2464 Constat,
397 2429 472 2466 quod
485 2429 511 2457 in
528 2428 613 2457 limbo
629 2428 758 2456 detentus
772 2436 830 2456 non
845 2427 958 2461 fuisset,
974 2427 1039 2464 quia
1054 2435 1109 2455 non

260 2476 360 2505 habuit
380 2479 490 2505 reatum
513 2475 615 2513 peccati
637 2475 798 2512 originalis:
819 2483 885 2512 ergo
900 2478 1029 2512 apertum
1045 2474 1110 2503 fuis-

261 2527 303 2552 set
323 2523 348 2551 ei
370 2523 496 2551 caelum:
521 2522 669 2551 meruisset
689 2530 756 2558 ergo
778 2522 905 2550 Christus
936 2522 1109 2559 apertionem

1163 974 1271 1003 ianuae.
1294 974 1320 1002 Si
1341 982 1407 1010 ergo
1436 974 1520 1002 ianua
1552 981 1606 1002 non
1638 974 1737 1002 babuit
1758 974 1860 1011 aperiri
1883 975 1934 1003 nisi
1960 983 2009 1011 per

1163 1021 1346 1050 sufficientem
1367 1021 1597 1054 satisfactionem,
1620 1021 1740 1055 videtur,
1760 1021 1835 1058 qnod
1850 1030 1923 1058 pura
1937 1029 2011 1050 crea-

1164 1072 1227 1097 tura
1248 1068 1406 1097 satisfacere
1429 1067 1563 1104 potuisset
1585 1075 1636 1104 pro
1657 1070 1713 1096 toto
1735 1075 1837 1104 genere
1859 1068 1990 1096 humano.

1242 1115 1294 1142 SED
1316 1122 1443 1143 comas:
1471 1115 1492 1142 1.
1515 1114 1540 1142 Si
1563 1122 1635 1151 pura
1656 1118 1786 1143 creatura
1806 1117 1893 1149 esset,
1909 1119 1958 1143 aut
1972 1119 2152 1143 es-Fundamenta·

1164 1164 1205 1190 set
1226 1160 1327 1195 homo,
1359 1165 1408 1189 aut
1435 1160 1601 1189 ‘non-Immo.
1634 1161 1661 1189 Si
1693 1164 1766 1189 esset
1796 1169 1885 1198 purus
1907 1160 2010 1195 homo,

1163 1216 1230 1245 ergo
1251 1211 1324 1237 esset
1345 1211 1473 1245 peccator
1494 1211 1521 1236 et
1542 1207 1669 1236 debitor:
1702 1215 1769 1244 ergo
1801 1216 1854 1236 non
1878 1208 2012 1245 potuisset

1163 1263 1224 1283 esse
1246 1255 1383 1283 mediator
1404 1258 1431 1283 et
1453 1254 1660 1288 reconciliator,
1691 1262 1755 1283 cum
1789 1255 1847 1291 ipse
1876 1255 2012 1292 indigeret

1164 1301 1395 1330 reconciliatione.
1418 1301 1444 1329 Si
1466 1304 1539 1329 esset
1559 1300 1733 1335 non-lzomo,-
1754 1302 1803 1330 sed
1826 1310 1876 1339 pro
1899 1302 2010 1331 homine

1165 1356 1218 1376 non
1241 1348 1323 1376 debet
1344 1348 1503 1376 satisfacere
1525 1347 1575 1376 nisi
1599 1348 1699 1382 homo,
1721 1349 1786 1385 quia
1807 1349 1842 1377 ad
1865 1357 1930 1377 eum
1951 1356 2012 1386 per-

1165 1394 1233 1423 tinet
1254 1394 1419 1428 satisfactio,
1442 1394 1468 1423 in
1487 1403 1544 1432 quo
1558 1395 1610 1423 fuit
1624 1395 1826 1432 transgressio:
1843 1403 1910 1432 ergo
1924 1395 1947 1424 si
1963 1403 2013 1424 nec

1164 1449 1254 1478 purus
1277 1442 1360 1469 lioino
1382 1449 1432 1470 nec
1447 1442 1597 1470 non-homo
1613 1442 1701 1479 potuit
1716 1441 1875 1470 satisfacere
1890 1450 1941 1479 pro
1956 1445 2012 1470 toto

1164 1496 1265 1525 genere
1287 1489 1426 1522 humano,
1448 1489 1576 1523 videtur,
1598 1489 1673 1525 quod
1696 1489 1774 1517 nulla
1796 1497 1867 1526 pura
1882 1493 2012 1518 creatura

1165 1535 1287 1572 potuerit
1297 1536 1315 1563 ⁷.

1244 1583 1269 1610 ⁹2.
1293 1582 1375 1617 item,
1398 1582 1547 1611 satisfactio
1568 1582 1651 1611 debet
1672 1583 1876 1620 proportionari
1893 1583 2013 1612 offensae

1165 1631 1191 1657 et
1213 1628 1349 1663 iniuriae;
1372 1629 1420 1657 sed
1455 1632 1529 1657 tanta
1550 1632 1591 1658 est
1615 1629 1720 1658 offensa
1741 1632 1768 1658 et
1789 1629 1907 1665 iniur1a‚
1929 1638 2013 1667 quan-

1166 1679 1211 1705 tus
1232 1680 1273 1705 est
1295 1676 1341 1705 ille
1373 1676 1418 1705 cui
1450 1676 1588 1705 infertur:
1610 1684 1674 1705 cum
1697 1676 1783 1713 igitur
1803 1677 1878 1705 Deus
1899 1676 1934 1705 sit
1956 1676 2015 1705 infi-

1165 1723 1252 1757 nitus,
1284 1723 1390 1752 offensa
1417 1726 1445 1752 et
1467 1723 1568 1751 iniuria
1590 1723 1638 1752 Dei
1661 1727 1703 1752 est
1724 1723 1839 1752 infinita.
1861 1724 1914 1752 Sed
1935 1723 2014 1752 nulla

1165 1773 1296 1799 creatura
1327 1778 1377 1798 nec
1397 1770 1458 1798 eius
1479 1770 1604 1807 operatio
1625 1774 1667 1799 est
1688 1770 1812 1798 infinita:
1845 1778 1911 1807 ergo
1936 1770 2014 1798 nulla

1165 1824 1237 1853 pura
1258 1819 1388 1845 creatura
1410 1820 1499 1853 potest
1520 1817 1679 1846 satisfacere
1701 1825 1752 1853 pro
1773 1817 1878 1845 offensa
1899 1820 1927 1845 et
1946 1816 2014 1845 iniu-

1165 1863 1207 1891 ria
1229 1863 1285 1891 Deo
1307 1863 1391 1891 illata.
1425 1863 1477 1891 Sed
1503 1863 1566 1892 talis
1586 1863 1638 1892 fuit
1659 1863 1762 1892 iniuria
1784 1863 1856 1892 Adae
1878 1866 1904 1892 et
1925 1866 2014 1900 poste-

1166 1909 1255 1938 ritatis
1276 1917 1359 1942 suae,
1381 1910 1446 1947 quia
1468 1910 1557 1938 Deum
1579 1909 1782 1946 contempsit³:
1805 1918 1872 1947 ergo
1893 1913 1944 1939 etc.

1245 1956 1269 1985 3.
1293 1957 1376 1991 ltem,
1397 1957 1493 1985 nullus
1515 1957 1663 1991 satisfacit,
1684 1957 1737 1986 nisi
1761 1957 1889 1986 restituat
1904 1960 2011 1986 tantum

1165 2006 1192 2032 et
1212 2003 1349 2040 amplius,
1372 2006 1508 2040 quantum
1530 2003 1664 2038 abstulit3
1687 2004 1734 2032 sed
1758 2004 1835 2032 nulla
1854 2012 1926 2041 pura
1941 2011 2014 2033 crea-

1165 2053 1229 2078 tura
1251 2050 1324 2079 valet
1346 2053 1434 2079 totum
1457 2058 1545 2087 genus
1566 2051 1740 2086 humanum,
1759 2051 1835 2088 quod
1857 2059 1907 2088 per
1922 2059 2014 2088 pecca-

1165 2100 1225 2126 tum
1257 2097 1331 2126 Adae
1362 2097 1414 2126 fuit
1446 2098 1501 2126 Deo
1532 2097 1724 2133 subtractum,
1754 2098 1919 2127 restituere:
1946 2106 2012 2135 ergo

1165 2145 1243 2173 nulla
1265 2153 1337 2181 pura
1358 2148 1488 2173 creatura
1509 2148 1599 2182 potest
1620 2145 1779 2174 satisfacere
1801 2153 1852 2182 pro
1874 2145 1933 2182 ipso
1945 2145 1963 2173 ⁹.

1244 2192 1270 2220 [ι.
1293 2192 1376 2226 Item,
1398 2191 1494 2220 nullus
1516 2194 1604 2228 potest
1626 2192 1788 2221 satisfacere
1810 2200 1860 2228 pro
1875 2192 1949 2220 omni
1966 2192 2012 2220 ho-

1166 2239 1255 2273 mine,
1278 2239 1330 2267 nisi
1362 2242 1455 2275 posset
1487 2238 1605 2267 influere
1627 2239 1653 2267 in
1676 2247 1787 2268 omnem
1811 2239 1950 2267 bominem
1974 2239 2012 2267 in-

1166 2285 1285 2319 stitiam,
1307 2285 1379 2314 sicut
1400 2285 1509 2322 primus
1530 2293 1632 2322 parens
1654 2285 1807 2314 transmisit
1821 2285 1949 2322 culpam;
1964 2285 2013 2314 sed

1167 2332 1245 2361 nulla
1277 2340 1348 2369 pura
1379 2335 1508 2360 creatura
1540 2335 1630 2369 potest
1650 2332 1712 2361 aliis
1737 2332 1856 2361 influere
1878 2332 2011 2361 iustitiam

1167 2379 1211 2408 vel
1233 2379 1300 2408 dare
1322 2379 1456 2415 gratiam,
1479 2379 1550 2407 sicut
1571 2383 1713 2408 ostensum
1740 2379 1793 2407 fuit
1814 2379 1840 2407 in
1870 2379 1960 2416 primo
1985 2379 2014 2407 li-

1169 2426 1256 2455 brom:
1279 2434 1345 2462 ergo
1362 2425 1438 2454 nulla
1452 2434 1524 2462 pura
1539 2429 1668 2454 creatura
1682 2429 1773 2463 potest
1787 2426 1946 2455 satisfacere
1961 2434 2012 2463 pro

1167 2476 1224 2501 toto
1245 2480 1346 2509 genere
1368 2472 1501 2500 humano.

1247 2521 1272 2548 5.
1296 2520 1378 2554 ltem,
1400 2528 1453 2548 non
1487 2520 1579 2548 minus
1604 2519 1763 2557 obligamur
1784 2520 1840 2548 Deo
1862 2528 1913 2557 pro
1934 2520 2014 2548 bene-

326 2675 332 2689 1
352 2676 417 2698 Vers.
439 2676 457 2697 l.

325 2714 333 2728 '2
351 2715 406 2737 Edcl⁴
425 2714 580 2744 suttsfactore.
599 2728 628 2730 —
646 2714 689 2737 Cfr.
714 2715 736 2737 ll.
758 2715 818 2737 sent.
837 2714 859 2736 d.
887 2715 904 2736 l.
927 2721 948 2742 p.
967 2715 980 2736 l.
999 2721 1019 2737 a.
1042 2715 1063 2737 2.
1087 2721 1108 2743 q.

263 2753 284 2775 2.
302 2753 331 2775 ad
351 2754 371 2775 l.

325 2791 335 2806 ⁷³
352 2792 411 2814 Vide
428 2793 530 2815 scholion
548 2792 577 2814 ad
595 2792 771 2820 praecedentem
789 2794 878 2821 quaest.

324 2829 333 2844 ⁴
350 2829 394 2853 Cfr.
412 2831 435 2852 ll.
454 2831 513 2853 Sent.
532 2831 554 2852 d.
573 2831 609 2852 30.
627 2837 647 2852 a.
670 2831 686 2852 l.
705 2837 726 2859 q.
746 2831 766 2852 2.

324 2869 334 2883 ⁵
352 2869 409 2892 Vide
426 2876 496 2897 supra
515 2870 536 2892 d.
555 2870 590 2892 19.
610 2869 665 2892 dub.
684 2870 704 2891 3.

324 2906 334 2921 ⁶
351 2906 395 2929 Cfr.
414 2908 469 2929 Gen.
491 2908 528 2935 18,
544 2907 580 2929 24.
598 2914 663 2936 seqq.

325 2945 334 2959 ⁷
351 2945 460 2973 Fulgent,
480 2946 503 2968 ll.
521 2946 550 2968 ad
567 2947 665 2968 Trasim.
683 2953 701 2968 c.
721 2947 742 2968 2.
760 2946 853 2974 probat,
874 2947 991 2969 hominem
1010 2952 1051 2969 nec
1069 2952 1110 2974 per

262 2983 337 3005 solum
355 2984 481 3012 bominem,
501 2990 542 3006 nec
558 2985 626 3006 etiam
644 2991 685 3012 per
702 2985 815 3012 Angelum
834 2986 935 3012 potuisse
952 2986 1062 3013 reparari.

1229 2673 1238 2688 8
1256 2673 1313 2696 Vide
1332 2674 1438 2701 Ansclm.,
1458 2674 1471 2695 l.
1489 2673 1535 2696 Cur
1553 2673 1613 2695 Deus
1630 2674 1710 2701 homo,
1729 2679 1747 2695 c.
1766 2674 1801 2695 21.
1820 2676 1842 2695 et
1858 2674 1881 2695 ll.
1899 2680 1917 2695 c.
1936 2674 1957 2695 6.

1228 2713 1238 2727 ⁹
1255 2713 1302 2735 Hoc
1319 2719 1367 2740 arg.
1386 2713 1513 2735 insinuatur
1530 2712 1559 2735 ab
1582 2713 1688 2740 Anselni.‚
1708 2712 1721 2734 l.
1740 2712 1786 2735 Cur
1810 2713 1870 2735 Deus
1895 2713 1974 2740 homo,
1993 2718 2011 2734 c.

1167 2752 1203 2774 23.
1221 2755 1243 2774 et
1254 2752 1276 2774 ll.
1290 2758 1308 2774 c.
1331 2751 1363 2774 14.
1383 2752 1440 2774 Vide
1451 2758 1521 2779 supra
1539 2758 1591 2779 pag.
1606 2751 1661 2780 265,
1681 2754 1732 2773 nota
1749 2752 1766 2773 1.
1781 2752 1845 2773 -ln
1864 2751 1952 2774 maiori
1967 2757 2009 2779 pro

1167 2792 1283 2820 quantum
1301 2797 1344 2813 non
1364 2791 1430 2818 pauci
1448 2790 1516 2813 cedd.
1534 2796 1614 2820 quum.

1231 2829 1249 2843 1⁰
1266 2830 1320 2852 Dist.
1343 2829 1375 2851 li.
1394 2836 1413 2851 a.
1432 2830 1452 2851 2.
1471 2836 1493 2858 q.
1512 2830 1532 2851 2.
1549 2829 1593 2852 Cfr.
1608 2829 1718 2857 Fulgent.,
1736 2829 1759 2851 ll.
1780 2829 1808 2850 ad
1827 2829 1923 2850 Trasim.
1942 2834 1960 2850 c.
1981 2829 2011 2850 3:

1168 2869 1320 2897 lnquirendus
1338 2875 1394 2896 ergo
1412 2869 1453 2891 fuit
1465 2874 1536 2896 nnus,
1550 2869 1616 2891 cuius
1629 2871 1688 2890 esset
1700 2867 1843 2890 reformanda
1856 2873 1965 2895 munere,
1980 2868 2010 2889 in-

1168 2908 1286 2930 formanda
1306 2907 1406 2935 lmm'ne,
1427 2907 1583 2930 confirmanda
1606 2907 1701 2934 virtute,
1730 2909 1753 2928 ut
1775 2906 1899 2934 aequalitas
1920 2909 2010 2928 aeterna

1167 2947 1299 2969 iustificaret
1317 2948 1424 2975 impiam,
1442 2948 1562 2969 Instrueret
1583 2947 1677 2968 insciam
1699 2946 1794 2973 vei-itas,
1818 2946 1891 2967 virtus
1911 2945 2012 2968 firmaret

1169 2986 1293 3008 invalidam
1312 2988 1352 3008 etc.
1366 2986 1451 3007 —Mox
1469 2985 1540 3007 verbo
1557 2983 1692 3013 satisfacere
1710 2983 1760 3006 cod.
1778 2984 1796 3006 Κ
1816 2984 1892 3007 adiicit
1908 2984 1963 3007 Deo.
