2166 3366
116 578 146 596 Ad
159 577 233 601 opposi-

154 603 198 619 tum.

135 1710 203 1734 Opinio
217 1710 234 1728 ¹.

246 163 302 192 630

245 242 382 278 gratuita,
404 241 465 270 sic¹
488 249 517 270 se
547 241 631 269 habet
660 240 771 269 dilectio
800 240 937 268 naturalis
965 240 999 268 ad
1024 239 1096 268 bona

245 289 400 323 naturalia3
422 289 470 317 sed
493 288 565 316 bona
587 287 726 316 naturalia
741 287 897 324 diliguntur
919 286 1041 315 naturali
1057 286 1096 315 di-

245 337 376 365 lectione:
399 344 466 372 ergo
488 335 547 372 pari
570 335 677 363 ratione
699 335 772 363 dona
793 334 915 371 gratuita
937 333 1094 370 diliguntur

245 383 392 412 dilectione
413 382 544 419 gratuita.
566 382 619 410 Sed
641 381 753 410 dilectio
775 381 897 418 gratuita
919 384 961 410 est
983 380 1094 409 dilectio

244 430 385 460 caritatis:
408 438 474 466 ergo
496 429 617 463 videtur,
639 429 715 466 quod
737 429 810 457 dona
831 428 954 465 gratuita
982 428 1037 456 sint
1058 436 1093 457 ex

245 477 360 505 caritate
382 476 531 513 diligenda.

324 523 454 552 CONTRA:
490 524 511 550 1.
534 522 614 550 Nulla
636 525 766 551 creatura
798 529 896 550 carens
925 521 1033 550 ratione
1054 523 1096 550 est

246 570 388 607 diligenda
402 577 439 598 ex
461 570 576 598 caritate
590 569 614 603 ‘²3
630 569 678 598 sed
701 569 862 597 huiusmodi
880 569 952 597 dona
974 569 1096 606 gratuita

247 618 383 646 rationem
406 625 460 645 non
484 616 598 645 liabent:
622 624 689 653 ergo
710 624 764 645 nou
780 616 882 645 debent
904 616 980 653 diligi
1002 624 1038 644 ex
1054 623 1095 644 ca-

246 664 336 693 ritate.

327 713 352 740 2.
376 712 459 746 ltem,
487 711 631 748 «diligere
653 714 695 740 est
723 710 794 739 velle
815 710 899 739 alicui
921 710 1095 744 honum³»;

247 759 295 788 sed
318 759 422 787 stultus
454 762 495 787 est
523 758 570 795 qui
601 758 662 787 vult
689 758 771 787 alicui
794 758 891 786 virtuti
922 758 965 786 vel
987 757 1095 787 caritati

249 806 367 834 bonum:
397 813 463 842 ergo
493 805 617 840 videtur>
646 805 720 842 quod
744 805 905 833 huiusmodi
936 805 1009 833 dona
1038 812 1097 841 gra-

247 853 317 882 tuita
339 861 374 882 ex
397 852 512 881 caritate
534 861 587 881 non
610 856 675 881 sunt
695 852 845 889 diligencia.

328 899 353 928 3.
376 900 459 933 ltem,
481 900 551 928 illud
574 899 664 928 solum
688 902 729 928 est
750 907 786 927 ex
808 899 923 927 caritate
945 898 1096 935 diligibile‚

247 947 321 984 quod
344 950 386 975 est
407 947 501 984 aliquo
524 947 606 975 modo
633 946 832 980 beatificabile3
854 946 901 974 sed
933 945 1095 974 huiusmodi

247 994 320 1023 dona
342 995 463 1031 gratuita
484 1002 538 1022 non
561 997 625 1023 sunt
642 993 850 1022 beatificabilia:
873 1001 940 1029 ergo
962 1001 1015 1021 non
1031 995 1096 1021 sunt

247 1049 283 1069 ex
305 1041 419 1070 caritate
442 1041 582 1077 diligenda
594 1040 610 1068 ⁴.

326 1089 352 1117 [ι.
376 1089 458 1123 Item,
480 1087 651 1125 Augustinus
666 1088 675 1102 ⁵
697 1086 866 1115 sufficienter
896 1089 1043 1115 enumerat
1065 1093 1097 1114 ea

247 1143 319 1173 quae
340 1139 405 1164 sunt
427 1143 463 1164 ex
485 1134 600 1163 caritate
622 1134 779 1171 diligeuda3
801 1133 851 1162 sed
880 1133 953 1161 dona
975 1132 1096 1170 gratuita

247 1191 302 1211 uon
324 1186 390 1211 sunt
417 1182 452 1210 de
473 1182 528 1210 illis
549 1189 621 1218 quae
643 1180 814 1217 Augustinus
836 1183 998 1209 enumerat:
1028 1188 1095 1216 ergo

247 1230 369 1264 videtur,
390 1229 465 1266 quod
488 1236 523 1257 ex
546 1228 661 1257 caritate
683 1227 825 1264 diligenda
846 1235 899 1255 non
923 1230 996 1255 sunt.

567 1330 781 1351 CONCLUSIO.

249 1419 333 1447 Bona
359 1418 497 1456 qrataita
526 1426 560 1446 ex
589 1417 715 1446 caritate
742 1420 812 1445 sant
839 1416 1008 1453 (Iitigyencla,
1038 1424 1096 1444 non

288 1465 404 1504 quidem
422 1473 523 1493 amore
541 1464 705 1498 amicitiae,
726 1464 777 1492 scd
798 1463 1057 1500 concupiscentiae.

329 1560 504 1588 Reseonuuo:
528 1559 566 1587 Ad
588 1558 797 1595 praedictorum
820 1557 1030 1595 intelligentiam
1057 1561 1099 1587 est

248 1607 418 1641 notandum,
440 1606 515 1644 quod
537 1605 623 1643 aliqui
645 1605 738 1634 dicere
754 1605 919 1639 voluerunt,
942 1605 1014 1633 dona
1036 1613 1096 1642 gra-

248 1654 319 1683 tuita
333 1662 386 1682 nou
410 1661 469 1682 esse
485 1661 521 1681 ex
542 1653 656 1681 caritate
672 1652 828 1689 diligenda,
851 1652 1005 1681 secundum
1022 1652 1098 1689 quod

249 1702 365 1739 diligere
386 1709 420 1730 ex
444 1701 559 1729 caritate
580 1703 622 1729 est
637 1703 730 1728 motus
751 1699 873 1728 caritatis
889 1702 920 1727 ut
942 1699 1098 1732 elimentis,-

249 1749 297 1778 sed
327 1749 349 1778 si
381 1756 417 1777 ex
446 1748 561 1777 caritate
593 1747 762 1783 diliguntur,
794 1746 846 1775 hoc
868 1749 910 1774 est
941 1746 1097 1774 secundum

249 1797 322 1834 quod
346 1796 462 1833 diligere
484 1798 525 1824 est
547 1795 635 1832 ipsius
656 1794 779 1823 caritatis
801 1793 975 1830 imperantis
986 1793 1003 1820 ὃ.
1030 1793 1096 1821 Nam

250 1844 276 1872 iu
299 1843 351 1872 hoc
373 1843 466 1871 differt
488 1842 589 1871 caritas
610 1841 645 1870 al]
667 1841 767 1869 affectu
790 1840 927 1874 naturali,
957 1840 1031 1877 quod
1054 1847 1098 1867 na-

249 1889 349 1918 turalis
370 1888 486 1917 affectus
508 1888 618 1925 quaerit
639 1887 786 1924 proprium
809 1885 1002 1919 commodum,
1030 1896 1042 1911 α
1058 1893 1099 1914 ca-

250 1936 318 1965 ritas
347 1944 429 1969 vere.
456 1935 611 1964 secundum
634 1934 709 1971 quod
738 1933 804 1962 dicit
829 1933 980 1969 Gregorius
997 1932 1016 1966 ⁷,
1037 1940 1099 1968 pro-

250 1983 374 2012 tenditur
397 1983 424 2011 in
445 1982 566 2011 alterum
582 1992 612 2016 »;
634 1985 661 2010 et
682 1981 748 2018 quia
769 1980 947 2009 commodum
971 1983 1098 2008 nostrum

250 2034 324 2059 recte
355 2033 382 2058 et
413 2029 526 2066 proprie
554 2028 679 2057 consistit
711 2028 738 2056 in
771 2027 966 2064 spiritualibus
997 2027 1096 2061 donis,

250 2085 321 2115 quae
343 2076 474 2105 ordinant
495 2084 545 2104 nos
567 2075 601 2104 ad
632 2074 846 2104 beatitudinem:
870 2074 932 2102 ideo
953 2082 1032 2102 amor
1061 2077 1098 2102 ta-

249 2125 317 2153 lium
334 2124 472 2153 donorum
495 2126 537 2152 est
551 2131 567 2151 a
588 2122 735 2151 dilectione
751 2121 871 2150 naturali
893 2120 1028 2154 elicitioe,
1049 2121 1097 2149 sed

249 2180 264 2199 a
286 2171 401 2199 caritate
423 2169 610 2207 imperative,
633 2168 713 2197 cuius
735 2171 777 2197 θεῖ
792 2168 930 2204 imperare
953 2167 1098 2196 affectibus

250 2218 367 2251 uostris,
390 2222 421 2246 ut
443 2220 517 2246 recte
539 2220 706 2245 moveantur
727 2216 754 2244 in
776 2223 859 2244 suum
884 2214 976 2243 finem.
992 2232 1030 2235 —
1044 2214 1096 2243 Sed

924 161 1176 191 SENTENTIARUM
1198 162 1257 191 LlB.
1280 162 1319 190 111.

1152 240 1222 269 illud
1244 249 1298 269 non
1321 240 1424 269 sufficit
1445 240 1553 269 dicere:
1576 240 1700 277 primum
1719 240 1849 277 quidem,
1872 241 1937 278 quia
1959 249 2000 270 ca·
2014 230 2152 266 Nousufficit-i

1152 287 1220 316 ritas
1241 296 1295 316 nou
1318 295 1429 324 semper
1451 287 1481 315 in
1510 286 1637 314 alterum
1667 287 1769 321 tendit;
1798 287 1903 316 habens
1925 288 1998 316 enim

1153 334 1313 369 caritatem,
1335 342 1386 371 per
1415 334 1502 370 ipsam
1525 333 1580 361 frui
1609 333 1666 362 Deo
1695 333 1843 362 desiderat.
1873 334 2000 363 Secundo

1153 388 1235 415 vero,
1257 381 1342 418 quia,
1365 380 1494 418 quamvis
1509 380 1544 408 sit
1559 383 1676 408 naturae
1698 388 1835 417 quaerere
1856 384 1883 409 et
1904 389 1999 410 amare

1153 427 1299 456 commoda
1332 426 1490 461 naturalia,
1521 426 1678 463 spiritualia
1711 430 1803 455 tamen
1837 427 1910 455 dona
1942 435 2001 464 per-

1152 474 1222 503 fecte
1253 482 1364 509 amare,
1397 474 1448 502 lioc
1475 482 1527 502 non
1554 476 1643 510 potest
1675 481 1735 503 esse
1767 474 1819 502 nisi
1846 474 2000 503 dilectionis
2155 466 2156 494 1

1153 521 1300 557 gratuitae.

1233 568 1263 596 Et
1291 571 1440 605 propterea
1468 571 1510 597 est
1537 568 1610 596 alius
1638 568 1739 596 modus
1767 568 1896 603 dicendi,
1925 568 2001 606 quod
2014 574 2082 598 Opinio
2094 575 2113 593 2·
2158 584 2166 607 i<

1153 623 1217 644 cum
1240 615 1345 643 bonum
1368 615 1403 643 sit
1424 614 1563 643 obiectum
1586 614 1724 649 caritatis,
1746 618 1773 643 et
1787 618 1865 644 aetus
1887 615 2003 652 recipiat

1154 662 1274 699 speciem
1290 662 1325 690 ab
1346 662 1489 696 obiecto⁸3
1512 662 1627 690 intentio
1648 665 1727 690 aetus
1743 662 1874 698 diligendi
1897 662 2000 690 variari
2154 682 2155 686 ,

1153 709 1238 737 hahet
1259 709 1415 738 secuudum
1438 709 1573 737 rationem
1597 708 1671 737 boni.
1693 708 1798 737 Bonum
1821 713 1913 738 autem
1937 709 2001 738 dici-
2013 715 2085 734 Bonum
2096 715 2142 756 ffici—
2164 715 2166 718 ’

1154 758 1200 783 tur
1222 755 1328 792 aliquid
1350 755 1517 792 dupliciter:
1549 763 1605 784 uno
1626 755 1709 784 modo
1738 756 1913 789 concretive,
1935 756 2001 793 quia
2013 740 2049 781 igi·
2062 738 2099 762 dup
2108 743 2142 757 ’ω’

1154 805 1195 830 est
1223 802 1383 831 ordinatum
1405 802 1439 831 ad
1469 802 1670 831 beatitudinem
1693 807 1719 831 et
1748 803 1775 831 in
1798 803 1880 832 finem
1898 802 1924 837 9;
1946 803 2001 832 alio

1154 849 1237 878 modo
1258 849 1452 883 abstractive,
1474 850 1540 887 quia
1561 852 1603 878 est
1631 849 1699 878 illud
1723 858 1778 887 quo
1803 850 1872 887 quid
1893 850 2003 879 ordina-

1154 901 1200 925 tur
1223 897 1248 925 in
1266 897 1357 926 finem.
1380 897 1456 925 Dona
1471 897 1556 934 igitur
1578 897 1699 934 gratuita
1714 905 1767 925 non
1791 897 1924 926 dicuntur
1939 905 2000 926 esse

1154 945 1226 972 hona
1244 944 1343 981 primo
1367 945 1464 979 modo,
1486 944 1535 973 sed
1556 944 1696 978 secando,
1719 944 1785 981 quia
1814 945 2002 973 mediantibus

1154 991 1209 1020 illis
1223 991 1394 1020 substantiae
1418 991 1565 1020 rationales
1591 991 1694 1020 habent
1709 991 1735 1019 in
1758 991 1841 1020 tinem
1864 992 2002 1027 ordinari3

1154 1037 1231 1072 ideo,
1254 1038 1366 1075 proprie
1389 1038 1540 1075 loquendo,
1563 1038 1651 1075 magis
1673 1042 1738 1066 sunt
1755 1038 1895 1067 bonitates
1916 1047 2002 1076 quam

1155 1084 1244 1119 bona,
1266 1088 1293 1113 et
1315 1086 1402 1122 magis
1424 1085 1554 1114 rationes
1569 1085 1711 1123 diliqendi
1731 1094 1815 1123 quam
1834 1086 2000 1124 cliliyibilia.

1157 1132 1186 1159 Et
1209 1132 1270 1160 ideo
1292 1132 1389 1160 dicunt
1418 1132 1477 1167 isti>
1498 1132 1574 1169 quod
1601 1133 1767 1169 susceptiva
1795 1133 1897 1161 horum
1920 1133 2005 1161 dono-

1155 1186 1219 1206 rum
1248 1179 1437 1215 spiritualium
1460 1182 1525 1208 sunt
1552 1187 1589 1208 ex
1615 1179 1728 1208 caritate
1758 1180 1915 1217 diligenda,
1944 1180 2004 1217 ipsa

1156 1232 1223 1253 vero
1250 1225 1328 1253 dona
1347 1225 1485 1262 fyr-attala
1506 1234 1560 1254 nou
1590 1229 1655 1255 sunt
1683 1227 1797 1264 proprie
1821 1234 1858 1255 ex
1887 1227 2001 1256 caritate
2164 1207 2166 1254 [

1156 1272 1296 1309 diligenda
1306 1272 1332 1307 ¹⁰,
1354 1273 1402 1301 sed
1424 1273 1512 1310 magis
1530 1274 1661 1302 rationes
1682 1273 1824 1311 diliyendi
1837 1282 1873 1302 ex
1888 1274 2003 1303 caritate
2165 1281 2166 1312 1

1156 1327 1207 1347 sua
1238 1319 1372 1348 subiecta.
1406 1320 1436 1348 Et
1463 1321 1529 1357 quia
1557 1321 1686 1349 accidens
1714 1329 1777 1350 cum
1807 1321 1933 1350 subiecto
1961 1324 2003 1350 est

1155 1374 1264 1400 unum,
1292 1366 1354 1395 ideo
1385 1366 1496 1395 dilectio
1527 1368 1643 1396 istorum
1673 1368 1812 1396 donorum
1841 1376 1904 1397 cum
1938 1368 2004 1397 dile-

1155 1413 1244 1441 ctione
1266 1416 1461 1442 creaturarum
1485 1414 1661 1443 rationalium
1685 1423 1739 1443 uon
1759 1415 1835 1452 ponit
1858 1415 1885 1443 in
1908 1423 2003 1444 nume-

1156 1468 1229 1488 rum.
1252 1477 1290 1480 —
1311 1460 1363 1489 Sed
1386 1461 1455 1489 illud
1478 1461 1571 1490 adhuc
1592 1462 1788 1491 calumniabile
1814 1465 1868 1497 est,
1890 1470 1942 1500 pro
1969 1470 2002 1492 eo
2011 1466 2053 1485 Non
2064 1466 2133 1490 placet-

1155 1507 1230 1545 quod
1254 1508 1339 1543 Deus‚
1362 1509 1408 1546 qui
1431 1512 1473 1537 est
1494 1509 1555 1546 ipsa
1576 1517 1687 1538 summa
1710 1509 1819 1538 Bonitas
1842 1517 1890 1546 per
1912 1517 2003 1539 essen-

1156 1555 1237 1589 tiam,
1259 1559 1480 1584 connumeratur
1505 1556 1575 1584 inter
1598 1564 1630 1584 ea
1644 1564 1716 1593 quae
1739 1560 1804 1584 sunt
1829 1564 1864 1585 ex
1887 1557 2002 1586 caritate

1155 1602 1304 1639 diligenda.
1327 1603 1357 1631 Et
1379 1602 1496 1631 iterum:
1518 1614 1530 1627 α
1546 1603 1571 1631 Si
1587 1607 1702 1640 propter
1728 1604 1803 1641 quod
1826 1604 2003 1641 unumquod-

1155 1657 1225 1687 que,
1247 1653 1273 1678 et
1296 1649 1365 1678 illud
1388 1650 1475 1687 magis
1488 1651 1504 1664 ¹¹
1520 1662 1532 1675 »
1552 1651 1651 1679 —sed
1667 1651 1732 1679 talia
1753 1651 1826 1679 dona
1847 1651 2003 1689 spiritualia

1156 1699 1221 1724 sunt
1237 1696 1320 1730 bona,
1337 1699 1452 1733 propter
1467 1705 1539 1734 quae
1554 1697 1682 1726 homines
1697 1697 1854 1735 diliguntur
1865 1715 1903 1718 —
1914 1698 2002 1727 multo

1155 1743 1255 1772 fortius
1276 1751 1311 1771 ex
1331 1743 1445 1772 caritate
1467 1743 1608 1780 diligenda
1623 1744 1680 1781 ipsa
1704 1744 1844 1773 videntur.

1236 1791 1266 1819 Et
1288 1791 1349 1819 ideo
1370 1794 1412 1819 est
1432 1791 1525 1819 adhuc
1548 1791 1647 1820 tertius
1667 1792 1768 1820 modus
1788 1792 1910 1827 dicendi.
1926 1793 2001 1830 quod

1156 1837 1227 1866 sicut
1249 1838 1274 1865 in
1299 1838 1529 1874 praecedentibus
1542 1838 1559 1852 ¹²
1576 1841 1677 1867 tactum
1701 1842 1758 1873 est,
1780 1839 1887 1876 duplex
1902 1842 1944 1868 est
1963 1847 2004 1868 ca-

1156 1884 1245 1913 ritatis
1268 1887 1360 1913 motus
1374 1888 1400 1913 et
1421 1884 1546 1913 affectus.
1564 1885 1609 1914 list
1630 1885 1702 1914 euim
1719 1885 1830 1914 dilectio
1852 1886 2002 1915 cmiieitiae
2014 1888 2109 1931 mffllgggo
2122 1894 2143 1931 {i

1155 1934 1182 1959 et
1204 1931 1314 1959 dilectio
1336 1931 1594 1968 concupiscentiae.
1611 1932 1762 1960 Dilectione
1782 1933 1932 1961 amicitiae
1954 1933 2141 1978 illacggguviscen-

1156 1978 1327 2015 diliguntur,
1356 1978 1459 2015 quibus
1480 1982 1593 2016 optatur
1622 1979 1742 2013 bonum;
1768 1979 1915 2008 dilectione
1938 1988 2004 2009 vero
2057 1973 2061 1978 ’

1156 2025 1405 2062 concupiscentiae
1426 2025 1474 2054 illa
1495 2026 1629 2054 dicuutur
1644 2026 1737 2063 diligi,
1759 2035 1831 2063 quae
1846 2027 2005 2056 desideran-

1157 2076 1210 2101 tur.
1233 2073 1368 2109 Quoniam
1385 2081 1451 2110 ergo
1473 2073 1644 2102 desiderium
1661 2074 1797 2102 honorum
1815 2074 2003 2112 spiritualium

1154 2123 1196 2148 est
1218 2120 1305 2157 ipsius
1327 2120 1465 2155 caritatis,
1482 2121 1637 2149 secundum
1661 2121 1735 2158 quod
1751 2121 1842 2151 Sancti
1853 2122 1871 2137 ¹³
1891 2122 2003 2157 dicunt,

1155 2166 1221 2203 quia
1236 2166 1307 2195 bona
1323 2167 1478 2204 spiritualia
1500 2170 1592 2196 tenent
1607 2168 1742 2197 rationem
1758 2167 1870 2197 honesti
1879 2179 1889 2203 ;
1910 2177 2004 2198 conce·
2016 2170 2121 2189 00¹¹0¹¹¹⁵i⁰-

1156 2214 1280 2242 (lendum
1302 2218 1359 2248 est,
1391 2215 1466 2251 quod
1490 2215 1560 2243 bona
1592 2216 1713 2252 gratuita
1739 2224 1775 2244 ex
1808 2216 1922 2245 caritate
1944 2216 2003 2245 dili-

313 2340 320 2354 1
339 2340 411 2363 Codd.
431 2340 522 2362 FHNT
545 2340 602 2362 [tem
619 2338 652 2362 sic
668 2345 715 2361 se...
732 2339 851 2368 qratiam,
871 2337 931 2361 sicut
943 2343 967 2360 se
984 2340 1026 2359 etc.
1047 2337 1098 2359 Post

250 2386 322 2408 pauca
341 2386 383 2407 pro
401 2378 509 2402 naturali
525 2378 646 2401 dilectione
663 2377 714 2400 cod.
731 2378 747 2399 Z
764 2376 874 2400 rnatarali
889 2376 1018 2406 affcctione.

311 2418 321 2433 ‘³
338 2418 382 2441 Cl'r.
399 2424 470 2446 supra
487 2421 575 2447 quaest.
597 2418 614 2439 1.

312 2456 321 2471 3
340 2457 371 2479 De
388 2463 433 2485 qua
451 2456 582 2479 definitione
600 2456 629 2478 al)
647 2457 737 2478 Aristot.
755 2455 806 2477 data
824 2454 878 2477 vide
891 2460 960 2482 supra
979 2460 1031 2482 pag.
1044 2453 1097 2481 574,

251 2500 301 2519 nota
320 2497 341 2519 5.

313 2535 321 2549 ⁴
339 2535 395 2557 Edd.
414 2534 544 2565 cliliqibilia.

314 2575 324 2589 5
340 2575 401 2597 Libr.
422 2576 435 2597 1.
453 2574 482 2597 de
501 2575 575 2596 Doctr.
594 2575 670 2596 christ.
689 2580 707 2596 c.
727 2574 763 2595 23.
782 2579 802 2595 n.
817 2574 853 2595 22.
872 2572 930 2595 Vide
949 2575 1036 2601 quaest.
1048 2577 1096 2599 seq.

250 2618 270 2637 e(
289 2616 325 2637 liic
348 2615 379 2637 lit.
402 2615 514 2642 Magistri,
536 2620 555 2636 c.
583 2614 599 2635 Ι.
625 2626 657 2629 -
678 2613 780 2636 Subinde
802 2619 844 2641 pro
866 2618 894 2635 ea
920 2618 980 2641 quae
1002 2611 1053 2633 cod.
1077 2611 1096 2632 li

250 2654 331 2677 omnia
348 2660 415 2683 quae.

312 2693 322 2707 ⁶
340 2693 370 2715 Dc
388 2694 480 2715 caritate
499 2697 521 2715 ut
539 2693 642 2714 eliciente
654 2696 674 2714 et
687 2693 813 2719 imperante
826 2691 879 2713 vide
892 2697 961 2719 supra
975 2693 1062 2719 quaest.
1080 2690 1097 2711 l.

312 2733 321 2747 7
340 2732 401 2754 Libr.
420 2733 433 2754 l.
451 2732 533 2754 Homil.
556 2732 578 2753 in
601 2732 687 2759 Ex-ang.
711 2731 788 2753 homil.
816 2731 849 2753 17.
876 2737 896 2752 n.
922 2731 942 2752 l:
962 2730 1055 2751 Dilectio
1073 2729 1094 2750 in

251 2772 347 2794 alterum
366 2771 446 2799 tendit,
465 2774 489 2793 ut
505 2771 587 2793 caritas
604 2777 655 2792 esse
672 2771 750 2798 possit.

313 2810 322 2824 S
339 2809 384 2833 Csr.
403 2811 500 2837 ArIstot„
519 2810 540 2831 11.
559 2810 587 2831 de
605 2810 697 2837 Anima,
716 2812 767 2831 text.
786 2809 822 2831 33.
836 2809 864 2835 (c.
879 2808 917 2836 4.).
932 2807 989 2830 Vide
1008 2811 1061 2830 [oni.
1073 2806 1097 2828 ll.

252 2856 304 2877 pag.
323 2849 380 2877 561,
400 2853 450 2871 uota
469 2849 490 2871 3.
513 2861 543 2865 -
566 2848 668 2871 Subinde
694 2855 736 2876 pro
759 2848 855 2871 intentio
873 2849 941 2871 actus
964 2853 1008 2869 nou
1030 2846 1097 2874 pauci

252 2889 319 2911 codd.
337 2888 432 2911 intentu)
449 2891 545 2911 tantum.

314 2928 323 2942 ⁰
340 2927 395 2950 Cod.
414 2928 432 2949 li
451 2927 514 2950 addit
533 2928 557 2949 ut
574 2928 608 2950 est
623 2926 756 2949 substantia
774 2926 906 2949 scetienalis.
926 2926 974 2948 Mox
992 2931 1034 2953 pro
1051 2930 1097 2954 quo

252 2966 308 2996 qaia
324 2967 391 2989 codd.
411 2967 452 2988 Ait
473 2966 504 2988 bb
521 2972 567 2996 quo
585 2965 688 2995 aliquid,
708 2966 761 2988 edd.
780 2971 825 2995 quo
843 2965 903 2995 quis.

1219 2336 1238 2351 1⁰
1254 2337 1354 2365 Suppie:
1372 2340 1430 2359 suut.
1450 2350 1480 2353 —
1498 2338 1596 2366 Aristot,
1615 2339 1628 2360 1.
1653 2339 1732 2366 Topic.
1759 2345 1777 2360 c.
1805 2339 1825 2360 6.
1844 2338 1873 2365 (c.
1891 2338 1922 2366 ὅ.)
1944 2340 2002 2360 inter

1155 2382 1180 2397 on
1199 2382 1259 2404 quae
1272 2382 1343 2398 unum
1362 2383 1458 2398 numero
1471 2379 1534 2402 sunt,
1553 2381 1655 2400 recenset
1671 2379 1817 2405 suppositum
1835 2383 1889 2400 cum
1901 2377 2002 2399 occiden-

1156 2415 1223 2437 tibus,
1241 2414 1285 2437 cfr.
1305 2415 1330 2437 V.
1349 2416 1446 2442 Memmi.
1465 2419 1516 2437 text.
1534 2416 1555 2438 7.
1574 2416 1620 2444 (lv.
1638 2422 1657 2438 c.
1676 2416 1715 2444 G.).
1733 2429 1763 2431 —
1779 2416 1866 2438 Deinde
1889 2422 1932 2444 pro
1952 2416 2002 2440 ideo

1154 2453 1268 2477 dilectio...
1285 2460 1334 2477 rnon
1350 2454 1417 2483 ponit
1432 2454 1485 2476 edd.
1504 2454 1553 2477 ideo
1571 2454 1739 2478 dilectionem...
1759 2461 1805 2478 non
1823 2456 1857 2477 est
1874 2461 1969 2484 ponere.

1219 2492 1235 2506 11
1254 2494 1352 2521 Ariston,
1370 2493 1383 2515 l.
1398 2494 1482 2516 voster.
1495 2500 1514 2516 c.
1532 2495 1552 2515 2.
1570 2506 1595 2509 —
1608 2493 1664 2516 Edd.
1682 2495 1724 2516 sic:
1742 2494 1772 2517 Et
1788 2493 1889 2517 iterum.-
1902 2495 2002 2524 Propter

1154 2531 1218 2561 (Jaod
1235 2532 1418 2562 unumquodqzw
1431 2532 1489 2560 tale,
1504 2534 1525 2555 et
1541 2532 1618 2562 ipsum
1635 2532 1727 2562 maqis,-
1743 2533 1784 2556 sed
1800 2533 1880 2556 tulto...
1901 2533 2001 2563 ‹liltymz-

1155 2572 1208 2593 tur:
1225 2577 1281 2600 erqo
1298 2571 1372 2594 mallo
1389 2571 1476 2601 fortius
1493 2574 1535 2594 etc.
1554 2572 1595 2594 Pro
1613 2571 1654 2595 secl
1670 2572 1727 2594 talia
1745 2572 1794 2594 cod.
1814 2573 1830 2594 A
1848 2572 1869 2595 si
1886 2572 1953 2595 talia.

1218 2610 1236 2624 Γ]
1254 2611 1307 2632 Dist.
1327 2611 1362 2632 27.
1381 2618 1400 2633 u.
1423 2612 1439 2633 1.
1458 2618 1479 2640 q.
1498 2613 1519 2634 ⁴2.
1537 2611 1566 2633 ad
1584 2612 1605 2633 6.
1623 2614 1645 2634 et
1661 2611 1683 2633 (1.
1698 2612 1734 2633 26.
1760 2618 1780 2633 a.
1800 2613 1819 2633 2.
1838 2618 1860 2640 q.
1883 2612 1904 2633 3.
1923 2612 1951 2634 ad
1970 2612 1997 2639 3,

1156 2656 1196 2671 nec
1214 2656 1258 2672 non
1278 2650 1291 2671 1.
1309 2650 1369 2672 Sciit.
1387 2650 1408 2672 d.
1432 2650 1464 2672 17.
1491 2657 1512 2678 p.
1532 2650 1546 2672 l.
1569 2657 1591 2679 q.
1618 2651 1642 2678 ⁴2,
1662 2650 1700 2672 ubi
1718 2650 1780 2672 idem
1807 2650 1926 2678 problema
1945 2657 1998 2678 pro-

1155 2690 1254 2717 ponitur.

1219 2727 1237 2742 ¹3
1254 2728 1354 2751 Sufficiat
1372 2729 1440 2750 citare
1458 2728 1556 2755 Bedani,
1575 2729 1614 2757 qui
1635 2728 1668 2750 111.
1687 2729 1768 2756 [ΞΧροε.
1790 2730 1811 2750 in
1833 2728 1916 2750 Caulic.
1935 2729 1960 2757 3,
1979 2728 1999 2750 ὃ.

1156 2774 1176 2789 n.
1194 2767 1225 2788 ll.
1239 2768 1279 2789 ait:
1298 2767 1342 2790 Neo
1360 2768 1502 2795 mirandum,
1520 2767 1583 2796 quod
1600 2773 1682 2790 somno
1695 2770 1841 2795 comparetur
1855 2773 1932 2795 amor⁷
1947 2768 1999 2795 quia

1154 2806 1279 2828 visibilium
1297 2808 1398 2834 appetitu
1416 2813 1509 2829 sensum
1528 2807 1610 2829 mentis
1632 2807 1713 2828 avertit
1734 2808 1802 2834 atque
1828 2806 1857 2828 ad
1875 2806 1998 2828 invisibilia

1154 2845 1282 2872 appetenda
1300 2847 1412 2868 convertit
1429 2849 1470 2868 cic.
1489 2859 1518 2861 —
1537 2846 1630 2868 {userius
1648 2846 1739 2867 nomine
1756 2844 1847 2867 honesti
1864 2846 1963 2873 intellige
1977 2846 1998 2868 id

1154 2885 1216 2914 quod
1234 2889 1327 2912 propter
1344 2892 1368 2907 se
1384 2885 1537 2913 expetendum
1550 2888 1589 2907 est.
1607 2884 1651 2907 Csr.
1670 2888 1723 2907 tom,
1742 2884 1756 2906 1.
1775 2891 1827 2912 pag.
1846 2884 1888 2913 34,
1907 2888 1958 2906 nota
1983 2885 1999 2906 i..

1154 2927 1176 2946 ct
1194 2930 1245 2952 pag.
1265 2923 1305 2951 to,
1325 2927 1374 2946 notu
1394 2924 1414 2946 5.
1431 2936 1462 2940 ——
1478 2924 1520 2946 Pro
1538 2923 1594 2953 qaia
1611 2923 1684 2951 bona,
1705 2923 1768 2951 quod
1780 2930 1791 2945 a
1805 2923 1873 2945 codd.
1886 2924 1902 2945 Α
1913 2924 1931 2945 K
1942 2924 1958 2945 Z
1969 2923 1999 2945 bii

1154 2962 1342 2991 commendatur,
1360 2964 1396 2985 alii
1414 2963 1481 2985 codd.
1500 2969 1552 2985 cum
1570 2962 1622 2985 edd.
1640 2961 1703 2992 quod
1720 2961 1786 2985 bona.
