2166 3366
256 194 312 221 778

256 272 344 309 ipsius
366 273 511 300 creaturae
532 268 687 306 spiritualis
698 268 714 303 ¹,
730 268 768 296 ita
782 268 818 296 ad
833 267 1017 304 cognitionem
1033 275 1107 296 crea-

257 322 337 347 turae
365 317 532 354 corporalis3
564 316 614 345 sed
645 324 700 344 non
732 315 828 352 dirigit
856 315 892 343 ad
920 314 1106 351 cognitionem

257 364 410 402 corporalis
432 367 593 392 creaturae:
615 370 682 399 ergo
703 362 764 399 pari
786 362 894 390 ratione
915 370 969 390 non
984 361 1106 395 videtur,

258 412 362 440 donum
386 410 544 439 intellectus
565 409 689 438 ordinari
711 409 747 437 ad
779 408 965 446 cognitionem
987 408 1107 437 alicuius

257 461 411 487 creaturae.

337 505 362 533 ὃ.
384 504 467 538 ltem,
489 504 575 538 dona,
596 511 669 540 quae
684 503 736 532 sihi
752 502 871 532 invicem
886 502 1108 539 correspondent

257 555 285 581 et
306 551 342 580 ad
363 559 393 580 se
414 550 628 585 combinantur,
649 550 684 579 ad
707 550 781 579 idem
803 553 831 579 et
851 550 927 579 circa
949 550 1024 579 idem
1046 558 1109 578 ver-

258 602 372 633 santur3
394 598 442 627 sed
465 598 570 627 donum
593 597 753 626 intellectus
774 600 801 626 et
821 597 985 634 sapientiae
1006 596 1108 625 combi-

258 650 362 675 nantur
383 646 419 674 ad
441 645 595 674 invicem2:
622 653 689 682 ergo
718 653 782 674 cum
812 645 917 674 donum
945 644 1109 682 sapientiae

259 693 294 721 sit
315 693 389 721 circa
410 696 540 726 aeterna,
561 695 589 720 et
602 700 656 720 non
672 692 746 721 circa
761 695 867 726 creata3
890 691 1017 725 videtur,
1033 691 1107 728 quod

258 743 285 768 et
306 740 412 769 donum
435 739 602 768 intellectas.

338 788 363 815 6.
385 787 469 821 Item,
491 786 513 815 si
528 786 614 815 simul
635 788 677 815 est
691 787 765 815 circa
786 786 946 815 Creatorem
961 788 989 814 et
1003 788 1110 814 creatu-

259 842 332 863 ram:
349 842 415 870 ergo
438 833 559 868 videtur,
576 833 650 870 quod
673 833 779 862 donum
795 833 953 862 intellectus
974 832 1110 869 intelligat

259 884 287 910 et
301 883 449 918 cognoscat
464 881 552 909 Deum
572 888 622 917 per
639 880 786 917 speculum
799 879 821 908 ³:
844 887 912 917 ergo
927 888 981 908 non
997 879 1110 908 videtur

260 928 375 958 differre
395 936 411 956 a
433 927 588 965 cognitione
609 926 683 956 fidei.

577 1029 791 1050 CONCLUSIO.

291 1117 407 1145 Donum
429 1115 586 1144 intellectas
607 1115 770 1143 attenditui·
792 1115 822 1143 in
844 1114 1083 1151 contemplacione

343 1167 401 1192 tam
428 1162 578 1191 Creatoris
600 1166 661 1190 tum
682 1161 852 1198 spiritualis
867 1165 1033 1189 creaturae.

343 1259 523 1287 Responnno:
554 1256 722 1290 Dicendum,
750 1255 825 1292 quod
854 1255 974 1292 cognitio
1001 1255 1036 1284 de
1058 1255 1114 1284 Deo

263 1306 317 1335 sub
339 1305 446 1333 ratione
468 1304 526 1333 veri
557 1306 647 1340 potest
669 1302 766 1331 haberi
797 1302 953 1331 secundum
976 1302 1114 1339 triplicem

122 1353 400 1382 Mottianeummodum3
429 1360 485 1380 uno
515 1351 597 1379 modo
629 1350 750 1379 habetur
771 1349 891 1387 cognitio
922 1350 957 1378 de
978 1349 1035 1378 Deo
1064 1357 1114 1386 per

122 1379 254 1403 cognoscendi.

151 2106 256 2125 Conclusio.

263 1400 424 1437 simplicem
446 1405 619 1431 assensum;
640 1397 694 1426 alio
710 1397 792 1425 modo
815 1405 864 1434 per
880 1396 1008 1425 rationis
1023 1396 1115 1425 attini-

266 1446 419 1480 nicttlttm3
447 1446 529 1474 tertio
557 1444 640 1473 modo
671 1452 721 1481 per
752 1443 914 1480 simplicem
942 1443 1114 1472 contuitum.

267 1494 390 1522 Primum
413 1496 455 1521 est
485 1492 596 1520 virtutis
625 1491 703 1525 fidei,
724 1491 806 1521 cuius
834 1494 876 1520 εει
896 1491 1048 1525 assentire;
1077 1498 1117 1519 se-

268 1541 391 1571 cundum
415 1544 457 1569 est
478 1540 541 1568 doni
565 1539 738 1573 intellectus,
766 1539 848 1567 cuius
869 1541 911 1567 est
938 1538 1045 1567 credita
1066 1546 1116 1575 per

267 1588 403 1616 rationem
426 1586 597 1623 intelligere3
614 1586 726 1614 tertium
749 1589 791 1614 est
806 1585 987 1614 beatitudinis
1008 1584 1117 1614 mundi-

268 1636 322 1664 tiae
344 1635 450 1669 cordis,
471 1634 553 1663 cuius
574 1637 616 1662 est
637 1633 725 1661 Deum
749 1633 844 1661 videre
857 1633 875 1660 ⁴.
898 1632 1035 1669 Quoniam
1050 1640 1117 1669 ergo

268 1683 408 1716 rationes,
430 1681 587 1710 secundum
609 1688 680 1717 quas
702 1680 835 1708 iuvamur
856 1679 891 1708 ad
913 1679 1021 1708 credita
1042 1679 1119 1707 intel-

269 1729 393 1767 ligenda,
408 1728 585 1765 accipiuntur
606 1735 658 1755 non
675 1726 766 1755 solum
789 1735 805 1754 a
819 1726 1025 1755 conditionibus
1040 1726 1119 1755 Crea-

269 1776 349 1811 toris,
372 1775 421 1804 sed
442 1774 524 1803 etiam
551 1782 567 1802 a
589 1773 795 1803 conditionibus
822 1776 968 1801 creaturae
990 1772 1119 1809 spiritua-

269 1821 318 1855 lis,
341 1828 413 1857 quae
432 1820 503 1848 inter
524 1822 669 1848 creaturas
692 1818 775 1847 habet
791 1818 993 1855 proximiorem
1014 1817 1120 1846 assimi-

270 1867 401 1895 lationem
423 1867 458 1895 ad
480 1866 656 1899 Creatorem3
679 1865 743 1893 hinc
764 1868 821 1898 est,
843 1865 918 1901 quod
948 1865 1053 1893 donum
1083 1864 1120 1891 in-

272 1913 533 1943 tellectus—cuius
547 1916 626 1941 actus
641 1915 682 1941 cst
698 1912 724 1940 in
739 1911 999 1948 contemplationem
1016 1910 1118 1939 summi

271 1961 333 1990 Veri
365 1960 476 1989 elevare
508 1967 558 1996 per
590 1959 705 1993 lumen,
737 1958 812 1995 quod
845 1966 898 1987 non
931 1958 1022 1987 solum
1055 1957 1120 1986 facit

271 2008 421 2041 assentire,
443 2006 491 2035 sed
520 2006 602 2034 etiam
626 2014 676 2042 per
697 2013 836 2041 congruas
864 2005 986 2033 rationes
1012 2004 1120 2036 ,credita

271 2054 426 2090 intelligere
441 2070 479 2073 *-
495 2061 547 2081 nou
568 2052 659 2081 solum
675 2052 828 2080 attenditur
845 2051 870 2079 in
887 2051 1120 2088 contemplatione

272 2100 413 2129 creatricis
434 2100 585 2133 essentiae,
601 2100 648 2128 sed
665 2099 747 2128 etiam
770 2099 924 2136 spiritualis
945 2101 1091 2126 creaturae
1102 2098 1119 2125 ⁵.

352 2148 382 2175 Et
397 2155 432 2176 ex
449 2147 502 2177 hoc
516 2150 606 2184 patet,
622 2146 685 2183 quis
701 2146 735 2174 sit
756 2150 840 2174 aetus
855 2148 882 2174 et
903 2145 1044 2173 obiectam
1061 2153 1121 2181 pro-

933 190 1187 219 SENTENTIARUM
1208 190 1267 218 LlB.
1290 190 1330 218 Ill.

1163 268 1257 305 prium
1273 268 1361 305 ipsius
1379 268 1444 296 doni
1460 267 1630 296 intellectus:
1646 268 1778 304 quoniam
1794 268 1934 296 obiectam
1950 269 2010 297 eius

1163 318 1205 343 est
1220 315 1312 351 ipsum
1332 315 1438 344 Verum
1453 318 1613 349 aeternum,
1629 315 1657 343 in
1672 318 1809 351 quantum
1825 315 2011 352 intelligibile.

1164 369 1219 390 non
1234 361 1325 390 solum
1341 361 1497 390 secundum
1513 361 1642 398 proprias
1657 361 1843 396 conditiones,
1864 363 1913 391 sed
1928 363 2012 391 etiam

1164 408 1320 436 secundum
1347 408 1532 445 proprietates
1554 411 1750 436 creaturarum
1778 408 1831 437 sibi
1859 408 2012 444 similium,

1164 454 1320 483 secundum
1335 455 1412 491 quod
1426 455 1493 483 dicit
1508 455 1637 491 Magister
1652 455 1680 482 in
1696 454 1787 483 littera
1799 455 1818 483 ὃ.
1838 456 1931 483 Actus
1945 463 2013 484 vero

1164 501 1226 530 eius
1246 504 1288 530 est
1309 501 1492 538 contemplari
1514 501 1605 538 ipsum
1628 509 1727 530 verum
1748 501 1900 536 creditum,
1922 505 1955 530 ut
1969 502 2014 531 de-

1164 547 1257 577 votius
1279 548 1411 577 credatur
1432 551 1459 576 et
1480 548 1625 576 ardentius
1647 548 1789 585 diligatur.
1806 549 1837 577 Et
1856 549 1893 577 ita
1908 549 2013 578 donum

1166 594 1323 624 intellectus
1345 595 1469 624 consistit
1491 595 1518 623 in
1540 595 1772 632 contemplatione
1791 596 1919 624 rationali
1936 596 2015 625 Crea—

1165 642 1234 671 toris
1255 645 1282 670 et
1304 642 1458 679 spiritualis
1479 645 1640 677 creaturae,
1661 643 1733 672 sicut
1760 643 1912 671 ostendunt
1933 643 2015 671 ratio-

1165 697 1230 723 nes,
1252 697 1323 726 quae
1344 689 1379 717 ad
1402 689 1481 718 istam
1505 693 1614 726 partem
1636 693 1701 718 sunt
1722 690 1860 718 inductae.

1248 737 1271 764 1.
1294 736 1332 765 Ad
1355 736 1424 765 illud
1446 744 1513 773 ergo
1534 736 1609 773 quod
1632 737 1722 773 primo
1743 737 1873 765 obiicitur
1901 737 1929 765 in
1954 744 2016 765 con-

1167 783 1302 817 trarium,
1324 783 1399 820 quod
1421 782 1526 811 donum
1552 777 1715 820 sapientiae
1742 783 1889 812 ordinatur
1917 783 1952 812 ad
1974 791 2016 812 co-

1167 830 1318 867 gnitionem
1341 830 1492 864 Creatoris‚
1508 833 1534 859 et
1549 830 1653 859 donum
1676 830 1814 859 scientiae
1833 830 1868 859 ad
1888 830 2017 867 cognitio-

1167 885 1230 905 nem
1254 880 1412 911 creaturae;
1428 877 1592 912 dicendum,
1615 877 1690 914 quod
1705 877 1786 906 aliter
1808 881 1834 906 et
1855 877 1937 906 aliter
1952 880 2018 906 sunt

1168 924 1216 953 illa
1236 924 1293 953 duo
1312 924 1385 952 dona
1406 924 1441 952 ad
1457 924 1641 961 cognitionem
1663 924 1776 953 illorum
1793 924 1915 953 duorum
1932 932 2016 961 quam

1168 972 1274 1001 donum
1301 971 1476 999 intellectas:
1505 971 1571 1008 quia
1593 971 1699 1000 donum
1727 971 1890 1008 sapientiae
1911 974 1953 1000 est
1980 971 2014 1000 ad

1169 1018 1352 1055 cognitionem
1368 1021 1547 1047 aeternorum
1567 1018 1722 1047 secundum
1738 1021 1867 1047 aeternas
1882 1018 2015 1052 rationes,

1169 1065 1324 1094 secundum
1347 1068 1438 1093 tamen
1461 1065 1536 1101 quod
1559 1065 1622 1093 illae
1648 1068 1778 1093 aeternae
1804 1065 1925 1094 rationes
1953 1068 2018 1093 sunt

1170 1112 1214 1140 via
1241 1112 1277 1140 ad
1303 1116 1423 1149 qustum
1450 1116 1477 1140 et
1498 1112 1747 1148 experimentalem
1770 1112 1954 1149 cognitionem
1981 1112 2019 1140 di-

1170 1159 1250 1187 vinae
1281 1159 1442 1193 suavitatis,
1475 1159 1511 1187 ita
1537 1159 1612 1196 quod
1644 1159 1763 1196 cognitio
1786 1159 1832 1187 illa
1861 1158 1954 1196 gustui
1977 1162 2017 1187 est

1169 1214 1293 1239 annexa;
1315 1205 1419 1234 donum
1444 1213 1509 1233 vero
1531 1205 1688 1234 intellectus
1709 1206 1866 1242 negotiatur
1882 1205 1955 1234 circa
1976 1213 2018 1234 ae-

1170 1256 1249 1281 terna
1270 1253 1425 1281 secundum
1449 1253 1569 1281 rationes
1584 1256 1727 1287 aeternas,
1750 1260 1822 1290 quae
1837 1256 1902 1281 sunt
1924 1253 1967 1280 via
1983 1252 2017 1281 ad

2042 274 2137 294 Obieetum

2024 298 2079 316 huius
2089 298 2135 317 doni.

2023 465 2081 483 Actus
2088 465 2146 489 ipsius.

2028 746 2099 772 Salutio
2112 751 2141 770 op-

2028 771 2134 793 posnorum.
2150 780 2151 794 t

2030 981 2096 1007 D-iffert
2107 986 2118 1000 a
2128 986 2150 1000 εει

2030 1006 2108 1028 pientia.

1171 1299 1363 1337 cognitionem
1384 1299 1526 1327 veritatis.
1554 1299 1584 1327 Et
1613 1300 1677 1328 hinc
1708 1302 1767 1334 est,
1796 1299 1871 1336 quod
1904 1299 2019 1328 Bernar·
2029 1309 2149 1328 Coronarum

1242 1347 1250 1359 '1

1171 1347 1225 1375 dus
1273 1347 1436 1383 appropriat
1464 1346 1567 1374 donum
1592 1346 1749 1374 intellectas
1776 1346 1858 1380 fidei,
1880 1354 1952 1383 quae
1980 1353 2020 1374 as-

1172 1394 1255 1422 sentit
1276 1401 1404 1422 summae
1426 1393 1541 1422 Veritati
1564 1396 1678 1429 propter
1699 1401 1744 1427 se3
1766 1393 1871 1422 donum
1887 1401 1955 1421 vero
1975 1401 2021 1421 sa-

1169 1440 1297 1477 pientiae
1311 1440 1474 1477 appropriat
1499 1440 1620 1474 caritati,
1643 1440 1723 1469 cuius
1745 1443 1787 1469 est
1815 1440 1963 1477 disponere
1984 1439 2019 1467 ad

1173 1487 1343 1524 gustandum
1362 1487 1457 1516 Deum.
1470 1503 1509 1507 —
1521 1487 1571 1515 Per
1587 1487 1661 1515 bunc
1680 1487 1762 1516 etiam
1786 1487 1901 1515 modum
1916 1489 1958 1515 est
1972 1486 2021 1514 dif-

1173 1535 1304 1563 ferentias
1336 1535 1461 1563 invenire
1494 1534 1565 1563 inter
1596 1534 1768 1562 intellectam
1790 1538 1817 1562 et
1847 1534 2020 1562 scientiam.-

1174 1582 1240 1619 quia
1260 1581 1383 1610 scientia
1411 1582 1568 1618 negotiatur
1590 1581 1664 1610 circa
1692 1586 1836 1610 creaturas
1865 1581 2020 1610 secundum

1176 1629 1294 1657 rationes
1319 1632 1442 1663 creatas;
1471 1628 1546 1657 unde
1574 1629 1709 1665 negotiari
1734 1628 1819 1657 habet
1848 1636 1901 1656 non
1930 1627 2020 1657 solum

1175 1676 1248 1705 circa
1277 1679 1421 1704 creaturas
1452 1676 1627 1712 spirituales,
1658 1683 1730 1712 quae
1752 1676 1855 1704 habent
1886 1675 2020 1703 rationem

1175 1723 1333 1760 imagyinis,
1356 1723 1402 1751 sed
1426 1723 1508 1751 etiam
1532 1723 1606 1751 circa
1627 1722 1772 1751 sensibiles
1794 1725 1821 1750 et
1842 1721 2020 1758 corporales,

1175 1778 1247 1807 quae
1278 1770 1380 1798 liabent
1409 1770 1544 1798 rationem
1568 1769 1688 1806 oestiyii.
1719 1769 1840 1797 Donum*
1857 1776 1923 1796 vero
1945 1767 2022 1796 intel—

1175 1816 1280 1849 lectas,
1303 1817 1353 1844 etsi
1382 1816 1539 1852 negotiatur
1568 1816 1641 1844 circa
1663 1819 1819 1849 creaturas,
1849 1815 1901 1843 hoc
1929 1817 2020 1842 tamen

1175 1867 1217 1892 est
1238 1863 1393 1891 secundum
1417 1862 1536 1891 rationes
1563 1858 1707 1894 aeternasss
1728 1866 1755 1890 et
1784 1862 1845 1890 ideo
1867 1861 1958 1890 solum
1980 1864 2021 1889 est

1176 1910 1249 1938 circa
1271 1912 1415 1937 creaturas
1436 1908 1612 1945 spirituales,
1628 1908 1654 1936 in
1677 1908 1780 1945 quibus
1796 1908 1916 1936 rationes
1937 1910 2023 1936 aeter-

1176 1964 1227 1985 nae
1249 1956 1375 1985 relucent
1398 1956 1486 1992 magis
1507 1963 1649 1992 expresse.
1666 1972 1704 1975 -—
1727 1956 1756 1983 Et
1779 1955 1817 1984 sic
1840 1958 1926 1992 patet,
1948 1954 2023 1991 quod

1177 2004 1263 2041 quia⁸
1284 2003 1338 2031 alio
1359 2007 1386 2031 ct
1407 2003 1461 2031 alio
1485 2003 1566 2031 modo
1581 2007 1622 2031 est
1638 2002 1796 2030 intellectas
1823 2003 1895 2031 circa
1917 2002 2024 2030 Creato-

1177 2059 1235 2079 rem
1258 2054 1285 2079 et
1300 2054 1457 2079 creaturam
1481 2058 1564 2087 quam
1586 2050 1734 2086 sapientia
1749 2054 1776 2078 et
1796 2049 1937 2082 scientim
1959 2049 2024 2078 hinc

1177 2101 1234 2131 est,
1256 2097 1330 2134 quod
1352 2097 1406 2125 illis
1429 2097 1545 2131 habitis,
1568 2105 1621 2124 non
1644 2096 1802 2133 superfluit.

1257 2145 1283 2172 ⁹2.
1305 2144 1341 2172 Ad
1360 2144 1427 2172 illud
1451 2144 1524 2180 quod
1541 2143 1683 2177 obiicitur,
1698 2143 1772 2180 quod
1788 2143 1893 2171 donum
1912 2143 2024 2179 sapien—

337 2288 343 2302 ¹
364 2289 391 2311 Ut
412 2288 494 2310 dicitur
512 2289 548 2310 liic
571 2288 592 2310 in
616 2288 646 2310 lit.
667 2288 782 2315 Magistri,
806 2294 825 2310 c.
843 2288 864 2309 2.
881 2300 912 2303 —
930 2288 961 2309 De
982 2286 1078 2316 cestiyio
1100 2290 1123 2309 et

273 2328 375 2358 imaqinc
388 2329 427 2350 cfr.
442 2329 456 2350 1.
469 2329 530 2350 Seni.
543 2327 564 2349 d.
578 2328 598 2349 3.
617 2334 639 2355 p.
653 2328 665 2349 Ι.
679 2334 701 2356 q.
714 2328 735 2349 2.
748 2327 769 2348 in
783 2327 834 2349 tine.
845 2339 875 2342 —
884 2327 933 2348 Mox
952 2333 994 2354 pro
1011 2325 1123 2355 coynitio-

271 2374 325 2391 nem
343 2369 469 2391 creaturae
486 2366 619 2397 corporalis
637 2367 684 2389 scre
707 2372 788 2388 omncs
806 2365 874 2388 codd.
892 2364 1048 2395 eoqm'tz'onem
1071 2370 1123 2387 col·—

271 2406 364 2436 poralis
380 2408 496 2434 naturae,
516 2406 556 2428 sed
574 2406 651 2428 minus
669 2411 782 2432 congruo,
801 2408 825 2427 ut
842 2411 890 2433 seq.
908 2405 1019 2432 proposit.
1033 2403 1122 2431 probat.

337 2445 346 2459 ἵ
364 2445 409 2468 Csr.
427 2451 497 2473 supra
516 2445 537 2467 d.
556 2444 593 2466 34.
612 2451 634 2472 p.
653 2444 667 2465 1.
685 2450 705 2465 a.
724 2444 744 2465 2.
763 2449 785 2471 q.
804 2443 825 2465 2.

336 2485 345 2499 3
364 2485 494 2512 Respiciiur
507 2485 520 2506 l.
534 2483 585 2506 Cor.
605 2484 645 2511 «13,
668 2484 701 2505 12.
713 2495 744 2499 -—
756 2483 778 2505 ln
792 2483 836 2505 line
848 2489 897 2510 arg.
910 2489 952 2510 pro
968 2481 1024 2512 fidei
1034 2481 1085 2504 cod.
1103 2482 1123 2504 K

273 2522 317 2546 sub
329 2523 421 2546 ratione
434 2529 502 2545 verae
513 2522 574 2552 fidei.

338 2562 346 2576 ⁴
364 2562 407 2584 Ctr.
427 2569 497 2590 supra
516 2568 569 2589 pag.
587 2561 644 2589 737,
667 2564 718 2583 nota
737 2562 757 2583 3.
775 2573 807 2577 —
824 2561 910 2582 Nomen
928 2560 1060 2583 intellectus
1078 2559 1125 2587 (de-

275 2602 363 2623 rivatur
380 2601 409 2623 ab
427 2600 491 2623 intus
513 2600 598 2630 leqere)
617 2601 743 2628 generatim
761 2601 870 2627 importat
886 2599 1003 2628 quandam
1021 2600 1124 2620 intimam

275 2641 446 2668 cognition01u3
465 2646 537 2668 quare
555 2641 644 2661 Aristot.
663 2645 704 2667 per
721 2639 858 2661 intellectum
877 2638 982 2666 designat
999 2639 1034 2660 vel
1049 2641 1125 2665 poten-

276 2681 344 2708 tiam,
362 2686 421 2708 quac
440 2686 498 2707 non,
517 2682 540 2701 ut
558 2685 652 2703 sensus.
670 2678 795 2700 accidentia
813 2682 917 2705 externa,
936 2677 977 2699 sed
995 2678 1069 2704 ipsam
1093 2678 1124 2699 rei

277 2720 399 2741 essentiam
426 2719 522 2746 percipit
547 2718 588 2746 (lll.
607 2717 635 2739 dc
654 2718 747 2745 Anima,
766 2720 817 2739 text.
836 2718 856 2739 9.
874 2723 939 2745 seqq.
956 2720 978 2738 et
996 2719 1046 2738 text.
1071 2716 1125 2744 26>;

277 2758 312 2780 vel
332 2758 436 2780 habitum
455 2758 621 2785 principiorum
641 2757 673 2782 (ll.
691 2758 776 2779 poster.
794 2763 813 2778 c.
832 2756 871 2778 ult.
889 2758 911 2777 et
924 2755 958 2777 Vl.
971 2756 1041 2777 Elbic.
1054 2761 1072 2777 c.
1086 2755 1125 2782 6.).

278 2798 390 2824 August,
409 2797 509 2818 Enarrat,
528 2797 549 2818 in
563 2797 596 2818 l‘s.
611 2797 651 2823 32,
675 2796 708 2818 15.
721 2799 819 2817 (Ἴωνι-εί.
833 2796 853 2817 2.
865 2800 934 2817 serm.
953 2795 973 2816 2.
987 2800 1008 2816 n.
1027 2795 1063 2816 2-2.
1081 2795 1126 2816 ait:

280 2835 326 2863 Qui
342 2835 449 2865 intclliyit
462 2835 542 2858 onznia
554 2841 626 2864 opera
639 2840 730 2857 eoram.
744 2833 868 2863 nummii,
884 2833 939 2862 quid
951 2835 1001 2855 est?
1014 2833 1127 2855 secretius

279 2877 301 2896 et
318 2875 412 2896 interius
424 2874 509 2896 videt...
523 2874 631 2896 Occultus
644 2874 707 2895 visus
719 2873 845 2895 intellectus
862 2874 981 2894 vocatur...
994 2873 1054 2894 intus
1066 2872 1126 2894 enim

280 2913 383 2941 intelligit
400 2916 421 2935 ct
438 2914 498 2935 intus
515 2914 620 2941 agnoscit
632 2911 730 2942 [Deus]‚
744 2912 800 2934 sines
818 2912 921 2939 ipsorum
934 2911 997 2933 videt
1008 2914 1050 2933 etc.
1068 2911 1094 2932 Et
1105 2911 1127 2932 in

281 2952 339 2973 libro
356 2952 385 2974 de
403 2952 498 2974 Utilitate
516 2951 638 2979 credendi,
656 2958 678 2973 c.
700 2952 732 2973 ll.
746 2957 766 2972 n.
781 2951 817 2973 25.
831 2951 910 2978 docet,
929 2950 1054 2977 intelligere
1066 2949 1127 2972 idom

281 2996 330 3012 esso
348 2993 416 3018 atque
434 2991 519 3019 aliquid
538 2991 619 3012 mentis
636 2994 697 3013 certa
715 2991 801 3012 ratione
818 2992 902 3012 tenere.

1241 2286 1251 2300 5
1268 2288 1352 2308 Auctor
1368 2286 1418 2308 libri
1437 2285 1465 2307 dc
1483 2285 1567 2312 Spiritu
1581 2287 1603 2306 et
1614 2285 1702 2311 anima,
1722 2290 1741 2306 c.
1764 2284 1800 2312 ll,
1814 2284 1847 2306 sic
1860 2284 1888 2306 dc
1900 2284 2023 2309 intellectu„

1179 2329 1255 2348 sumto
1274 2331 1316 2353 pro
1333 2325 1429 2347 naturali
1448 2325 1560 2352 potentia,
1579 2323 1672 2345 scribit:
1690 2322 1823 2346 Intellectus
1840 2329 1866 2345 ca
1884 2323 1919 2344 vis
1936 2323 2025 2345 animae

1180 2368 1225 2392 cst,
1244 2371 1303 2393 quac
1315 2364 1437 2386 invisibilia
1455 2364 1558 2392 percipit,
1576 2363 1634 2384 sicut
1651 2362 1761 2390 Angelos,
1779 2361 1915 2388 daemones,
1938 2362 2026 2383 animas

1180 2406 1202 2425 ct
1219 2409 1311 2425 omnem
1330 2403 1435 2431 spiritum
1453 2405 1563 2425 creatum.
1581 2400 1738 2430 Intelliycntia
1763 2407 1788 2423 ea
1814 2401 1850 2422 vis
1866 2401 1956 2422 animae
1982 2404 2025 2427 est,

1181 2449 1239 2471 quac
1261 2442 1392 2464 immediate
1409 2442 1549 2469 supponitur
1566 2441 1623 2467 Deo,
1643 2441 1714 2462 cernit
1731 2440 1844 2468 siquidem
1863 2440 1939 2467 ipsum
1964 2445 2026 2461 sum-

1181 2488 1245 2504 mum
1273 2481 1358 2503 Verum
1376 2484 1398 2503 et
1415 2487 1469 2503 vere
1488 2480 1707 2502 incommutabilem.
1725 2480 1762 2501 Sic
1779 2479 1848 2507 igitur
1865 2479 1940 2500 anima
1958 2484 2026 2500 sensu

1182 2522 1278 2549 percipit
1295 2527 1404 2548 corpora,
1423 2520 1586 2548 imaginatione
1604 2525 1729 2546 corporum
1751 2518 1923 2545 similitudines,
1941 2518 2026 2539 ratione

1182 2566 1307 2588 corporum
1334 2562 1441 2586 naturas,
1467 2559 1579 2581 intellectu
1606 2559 1711 2586 spiritum
1738 2562 1856 2584 creatum,
1883 2557 2027 2585 intelligentia

1182 2600 1287 2627 spiritum
1306 2599 1440 2620 increatum.
1454 2611 1483 2613 —
1502 2598 1571 2620 l'aulo
1588 2598 1695 2625 superius
1713 2603 1755 2624 pro
1772 2596 1863 2619 elevare
1877 2596 1930 2618 edd.
1948 2596 2028 2618 substi-

1183 2641 1249 2661 tuunt
1265 2637 1359 2660 elevari.

1245 2677 1255 2691 ⁶
1272 2678 1312 2699 llic
1329 2683 1348 2699 c.
1368 2678 1388 2698 2.
1400 2689 1430 2693 —
1444 2677 1485 2698 Pro
1502 2675 1615 2698 similium
1629 2676 1680 2698 cod.
1698 2676 1715 2697 Α
1733 2674 1899 2699 consimilium.
1917 2674 1986 2696 Paulo
1998 2674 2028 2695 in-

1184 2718 1254 2739 terius
1271 2723 1313 2744 pro
1331 2715 1445 2739 rationali
1469 2715 1570 2737 nonnulli
1588 2715 1656 2737 codd.
1674 2713 1822 2742 rationabili,
1842 2717 1864 2736 et
1880 2713 1963 2736 deinde
1986 2719 2028 2741 pro

1183 2756 1239 2778 sunt
1256 2755 1366 2778 inductae
1384 2755 1475 2782 plurimi
1493 2754 1561 2776 codd.
1578 2753 1677 2783 sacrant
1698 2753 1820 2780 inductae,
1840 2753 1908 2781 aliqui
1930 2751 2029 2781 fuerunt

1183 2794 1300 2817 inductae.

1247 2833 1256 2846 ⁷
1273 2833 1346 2854 Serui.
1364 2833 1385 2854 in
1404 2832 1488 2855 Cautio.
1511 2838 1580 2854 serm.
1599 2832 1622 2853 S.
1640 2837 1661 2853 n,
1679 2830 1699 2852 5.
1717 2837 1780 2858 seq.;
1799 2830 1872 2851 Scrm.
1894 2829 1927 2851 tt.
1946 2829 1973 2851 (le
1997 2830 2030 2851 Di-

1186 2873 1270 2899 versis,
1290 2878 1310 2893 n.
1329 2871 1358 2899 ὅς
1377 2871 1405 2893 dc
1424 2871 1544 2899 Diligcndo
1562 2871 1620 2898 Deo,
1638 2876 1657 2892 c.
1680 2870 1712 2891 ll.
1731 2875 1752 2890 n.
1770 2868 1815 2896 335
1833 2869 1906 2890 Serm.
1925 2870 1945 2890 2.
1963 2869 1984 2890 in
2002 2869 2030 2890 sc·

1185 2916 1220 2933 sto
1237 2911 1367 2932 Annuntiat.
1385 2910 1408 2931 B.
1428 2910 1454 2932 M.
1474 2910 1500 2931 V.
1518 2916 1540 2931 n.
1559 2909 1578 2931 li.
1597 2915 1645 2936 seq.
1658 2907 1703 2929 Cl'r.
1715 2906 1808 2928 (iilberti
1821 2906 1911 2928 abbatis
1924 2907 1995 2928 Serui.
2014 2906 2030 2928 i.

1186 2950 1207 2971 in
1225 2949 1310 2971 Cantic.
1329 2955 1350 2970 u.
1368 2950 1388 2970 2.
1408 2949 1475 2972 (inter
1492 2953 1562 2975 opera
1580 2945 1706 2973 Rei-nardi).

1249 2987 1259 3002 ⁸
1276 2987 1331 3010 Cod.
1350 2987 1367 3009 Α
1385 2987 1459 3015 magis
1475 2992 1577 3013 congrue
1594 2985 1675 3007 omittit
1692 2983 1756 3013 quia.

2033 1498 2079 1516 Item
2091 1502 2102 1523 ,²
2114 1496 2147 1516 sci-

2058 1522 2114 1540 entia.

2036 1873 2147 1891 Notandum.
