2166 3366
24 1123 129 1143 Conclusio.

29 1170 85 1189 Ratio
97 1170 131 1189 du-

44 1195 93 1218 plex.

11 1964 82 1991 Solutio
95 1969 127 1988 op·

11 1990 123 2012 positorum.

768 191 850 219 DlST.
872 191 926 219 XV.
948 191 1021 219 ART.
1043 191 1070 219 ll.
1093 191 1229 228 QUAEST.
1251 192 1269 220 l.

226 270 251 297 2.
273 269 356 303 ltem,
378 269 506 297 Christus
521 271 636 297 venerat
656 275 707 297 nos
721 268 834 303 docere3
856 269 905 297 sed
921 270 994 306 igno-

146 316 234 345 rantis
247 324 302 344 non
324 318 366 344 est
380 316 481 344 docere
495 315 516 343 ¹:
538 323 605 352 ergo
620 323 673 343 non
690 315 787 344 debuit
807 315 993 352 ignorantiam

146 370 299 392 assumere.

226 409 252 438 3.
274 409 360 444 ltem,
381 409 451 438 nulli
473 409 524 438 nisi
549 408 644 438 scienti
671 409 843 437 credendum
865 413 924 444 est;
947 410 995 438 sed

146 457 274 486 Christus
296 457 331 485 ad
353 457 404 485 hoc
427 456 501 485 venit
523 456 549 484 in
572 463 698 490 carnem,
713 460 744 484 ut
765 456 946 485 crederemus
968 457 995 485 in

146 504 246 533 eum2:
273 512 340 541 ergo
361 504 491 537 videtur.'
507 503 580 540 quod
608 511 671 532 cum
701 503 835 540 sapientia
866 504 996 533 debuerit

146 551 255 585 venire,
276 559 330 579 non
352 558 416 579 cum
439 550 602 586 ignorantia.

225 598 252 625 [ι.
274 597 353 631 Item,
368 597 461 625 anima
476 596 523 624 illa
538 604 591 624 non
608 596 697 633 potnit
712 596 786 625 uniri
808 597 911 631 Verbo,
927 596 994 634 quin

146 647 218 673 esset
239 643 381 673 deiformis
394 643 420 677 ³;
441 643 489 672 sed
512 643 684 672 deiformitas
705 643 775 672 tollit
795 643 994 672 obscuritatem

145 691 332 728 ignorantiae:
355 698 421 727 ergo
443 691 570 725 videtur,
598 691 673 727 quod
696 691 866 728 impossibile
895 691 994 725 fuerit,

145 738 288 766 Christum
320 737 475 767 secundum
508 737 660 766 humanam
692 741 822 766 naturam
854 737 992 766 defectum

145 784 317 821 ignorantiae
339 784 366 812 in
388 792 417 813 se
438 792 592 813 assumere.

462 887 477 907 c
486 886 502 907 o
513 887 532 907 N
541 887 556 907 c
565 887 580 906 L
589 887 606 907 U
615 887 628 907 s
637 886 677 907 10.

207 971 342 1001 Christus
362 981 420 1000 non
442 971 498 1000 ltab
503 972 545 1000 ait
565 970 708 1009 defectam
731 971 926 1009 iynorantiae.

222 1066 397 1094 Rusrounno:
413 1065 581 1099 Dicendum,
597 1064 680 1102 quod,
696 1064 767 1093 sicut
782 1064 848 1093 dicit
864 1065 991 1101 Magister

143 1112 170 1141 in
190 1112 282 1141 littera
294 1113 317 1145 ⁴,
333 1112 460 1140 Christus
475 1120 529 1139 non
545 1111 642 1139 habuit
657 1111 795 1140 defectum
812 1111 990 1148 ignorantiae.

143 1176 181 1180 —
193 1159 224 1188 Et
236 1159 305 1187 ratio
320 1159 405 1187 huius
420 1161 473 1187 est:
486 1158 552 1196 quia
566 1166 616 1186 nec
632 1158 722 1195 ipsum
739 1158 868 1192 decebat,
881 1166 931 1187 nec
947 1167 991 1186 no-

142 1206 186 1235 bis
206 1205 380 1242 expediebat.
403 1205 494 1242 ipsum
516 1212 570 1233 non
590 1204 717 1238 decebat,
739 1205 805 1242 quia
822 1205 915 1233 anima
930 1205 991 1234 eius

142 1253 239 1281 debuit
260 1260 321 1281 esse
346 1252 501 1286 deiformis,
524 1260 555 1280 ac
578 1260 627 1288 per
656 1252 707 1281 boc
730 1252 836 1289 repleta
861 1252 922 1281 luce
951 1260 991 1281 sa-

141 1299 261 1337 pientiae
275 1303 302 1328 et
324 1299 490 1328 rectitudine
506 1299 642 1332 iustitiae;
658 1299 813 1336 ignorantia
828 1302 921 1328 autem
939 1299 991 1336 pri-

142 1347 215 1375 vatio
236 1350 278 1376 est
299 1347 429 1375 scientiae
451 1350 478 1375 et
500 1350 589 1383 potest
610 1354 671 1375 esse
700 1346 744 1375 via
767 1347 792 1375 in
815 1354 940 1375 errorem
963 1350 990 1375 et

135 1393 358 1431 ‚obliquationem
380 1401 396 1421 a
429 1393 595 1422 rectitudine
626 1393 761 1427 iustitiae,
793 1401 825 1422 ac
857 1400 906 1429 per
939 1393 990 1421 hoc

141 1441 251 1469 Christo
265 1448 320 1469 non
336 1440 518 1477 competebat.
533 1456 574 1460 —
587 1439 670 1468 Nobis
690 1439 772 1468 etiam
789 1448 843 1468 non
865 1440 991 1476 expedie-

141 1487 206 1521 bat,
228 1494 299 1524 quos
320 1490 435 1515 venerat
456 1486 595 1515 redimere
616 1490 643 1515 et
664 1486 793 1523 dirigere.
809 1486 833 1514 Si
856 1486 929 1515 enim
945 1486 990 1515 de-

141 1533 243 1562 fectum
266 1533 437 1570 ignorantiae
459 1533 615 1566 habuisset,
637 1540 686 1561 nos
703 1533 840 1561 redimere
863 1533 990 1561 nescivis-

141 1584 198 1613 set;
220 1580 341 1617 dirigere
366 1580 449 1609 etiam
471 1580 649 1614 nescivisset,
677 1580 743 1616 quia
764 1583 803 1614 et,
830 1580 859 1608 si
885 1588 989 1608 caecas

141 1635 225 1656 caeco
240 1618 383 1655 ducatum
394 1626 548 1663 praebeat,
564 1626 649 1654 ambo
665 1626 696 1654 in
710 1625 826 1663 foveam
845 1627 957 1655 cadunt
969 1626 988 1654 ⁵.

140 1691 179 1695 ——
194 1674 225 1703 Et
246 1674 308 1703 ideo
323 1682 372 1702 nec
387 1674 480 1711 ipsum
502 1673 631 1707 decebat,
648 1681 698 1702 nec
714 1673 793 1702 nobis
807 1673 988 1710 expediebat,

140 1721 214 1758 quod
231 1720 314 1749 talem
330 1720 469 1749 defectum
485 1723 649 1749 assumeret.
663 1737 703 1741 —
717 1720 931 1749 Concedendum
947 1724 989 1749 est

140 1768 238 1805 igitur,
259 1767 402 1796 Christum
419 1767 558 1796 defectum
574 1767 745 1804 ignorantiae
767 1775 945 1804 nequaquam
960 1767 988 1796 in
1004 1779 1007 1781 ·

98 1833 102 1841 .
140 1823 169 1844 se
190 1814 332 1843 babuisse.
355 1814 384 1843 Et
405 1814 527 1843 rationes
547 1814 582 1842 ad
609 1814 661 1843 hoc
683 1814 812 1843 inductae
841 1817 907 1843 sunt
927 1823 989 1843 con-

139 1862 290 1891 cedendae.

222 1910 245 1937 1.
268 1908 306 1937 Ad
327 1908 396 1937 illud
419 1916 486 1937 vero
507 1908 581 1945 quod
603 1908 733 1937 obiicitur
748 1908 782 1937 de
804 1908 987 1943 Damasceno,

139 1955 214 1993 quod
236 1955 369 1984 assumsit
389 1958 519 1984 naturam
541 1955 670 1984 servilem
693 1958 720 1984 et
741 1955 928 1991 ignorantenu
950 1955 988 1983 di-

141 2002 277 2037 cendum,
305 2002 379 2039 quod
406 2002 578 2040 iynorantia
606 2005 634 2031 et
653 2002 802 2031 see-uilitas
830 2010 884 2031 non
912 2003 989 2031 attri-

140 2048 238 2077 buitur
260 2053 376 2077 naturae
397 2052 538 2077 assumtae
559 2048 665 2077 ratione
681 2048 756 2077 illius
778 2049 928 2086 singularis
943 2057 989 2077 na-

141 2098 236 2130 turae,
258 2103 330 2132 quae
350 2095 403 2124 fuit
425 2095 515 2124 Verbo
536 2095 665 2132 copulata
688 2095 713 2124 in
739 2095 874 2124 unitatem
896 2103 988 2132 perso-

1837 194 1892 223 337

1053 277 1120 303 nae,
1143 270 1191 298 sed
1220 273 1356 307 quantum
1383 271 1418 299 ad
1447 271 1515 299 alias
1543 274 1659 300 naturas
1686 271 1845 301 consimiles
1873 273 1898 301 in

1052 316 1143 352 specie
1155 339 1162 351 ,
1177 316 1256 353 quasi
1272 316 1362 345 dicat:
1379 318 1511 346 assumsit
1527 321 1656 346 naturam
1672 321 1812 352 nostram,
1828 327 1899 356 quae

1053 367 1094 392 est
1117 364 1262 400 ignorans,
1285 372 1339 392 non
1362 365 1389 392 in
1410 365 1533 399 Christo,
1555 365 1603 394 sed
1626 365 1652 393 in
1676 365 1755 394 nobis
1770 366 1787 394 ⁶.

1132 411 1157 438 ⁹2.
1180 410 1217 439 Ad
1240 410 1309 439 illud
1338 411 1487 446 Ambrosii,
1510 412 1584 449 quod
1613 412 1730 447 dicitur,
1757 413 1898 442 Christum

1052 457 1193 494 ignorasse
1208 458 1282 494 quod
1298 466 1353 486 non
1368 458 1476 491 didicit;
1492 459 1654 493 dicendum,
1670 460 1743 497 quod
1761 461 1898 496 quaedam

1051 508 1093 533 est
1118 504 1231 534 scientia
1255 505 1398 542 siiizplicis
1422 506 1562 539 notitiae,
1588 507 1725 543 quaedam
1755 508 1899 544 experien-

1053 551 1117 579 tiae.
1139 551 1301 580 Ambrosius
1323 555 1416 580 autem
1439 560 1493 580 non
1516 552 1639 589 loquitur
1662 553 1697 581 ihi
1717 553 1751 582 de
1774 554 1900 590 ignoran-

1053 597 1104 631 tia,
1127 601 1210 634 prout
1231 597 1297 626 dicit
1319 598 1502 634 privationem
1520 599 1730 637 cuiascmnqae
1750 600 1898 635 scientiae,

1052 644 1100 672 sed
1124 647 1206 680 prout
1227 644 1292 672 dicit
1313 644 1496 681 privationem
1512 646 1719 682 experientiae,
1743 647 1898 676 secundum

1052 690 1125 726 quod
1148 690 1176 718 in
1197 690 1450 727 praecedentibus⁷
1473 691 1688 720 determinatum
1711 696 1761 721 est.

1131 736 1157 765 3.
1179 737 1216 765 Ad
1232 737 1302 766 illud
1318 737 1393 774 quod
1414 738 1544 766 obiicitur
1561 738 1595 767 de
1612 739 1699 768 Leone
1715 739 1800 776 Papa,
1823 741 1898 777 quod

1052 783 1141 812 infans
1157 783 1202 811 ille
1215 784 1242 811 in
1254 784 1331 812 nullo
1346 788 1407 812 erat
1421 784 1456 813 ab
1471 784 1590 813 aliorum
1603 786 1783 822 generalitate
1799 787 1899 817 discre-

1051 833 1110 864 tus;
1131 830 1296 865 dicendum,
1318 831 1393 868 quod
1409 832 1461 860 Leo
1484 832 1555 869 Papa
1570 832 1694 869 loquitur
1709 837 1846 870 quantum
1861 835 1896 863 ad

1050 885 1083 905 ea
1105 885 1177 914 quae
1198 878 1325 906 exterius
1346 879 1520 916 apparebant
1532 890 1539 913 3
1565 888 1628 908 nam
1650 884 1787 917 quantum
1809 881 1845 910 ad
1867 890 1899 910 ea

1051 932 1122 960 quae
1135 924 1302 953 intrinsecus
1314 925 1436 954 latebant
1446 926 1464 960 ⁸,
1478 926 1504 954 in
1517 926 1612 955 multis
1624 927 1659 955 ab
1670 927 1731 955 aliis
1744 927 1898 957 differebat.

1129 972 1155 999 [ι.
1179 972 1217 1000 Ad
1233 972 1301 1000 illud
1324 972 1400 1009 quod
1415 972 1557 1007 obiicitur,
1580 974 1653 1010 quod
1671 973 1785 1002 scientia
1806 975 1897 1010 inflat3

1050 1017 1216 1052 dicendum,
1245 1019 1320 1055 quod
1349 1023 1390 1047 est
1423 1019 1497 1056 loqui
1526 1020 1561 1048 de
1591 1020 1716 1054 scientia,
1745 1024 1829 1058 prout
1857 1025 1898 1050 est

1049 1064 1157 1103 absque
1183 1065 1321 1100 caritate,
1343 1066 1387 1095 vel
1413 1070 1497 1103 prout
1518 1071 1559 1096 est
1588 1067 1712 1096 caritati
1731 1068 1896 1097 coniuncta.

1049 1112 1090 1146 Si,
1112 1116 1197 1149 prout
1218 1116 1259 1141 est
1280 1121 1300 1141 a
1322 1113 1447 1142 caritate
1468 1114 1574 1148 divisa,
1602 1114 1641 1143 sic
1656 1115 1722 1143 dicit
1736 1115 1898 1152 Apostolus,

1049 1159 1123 1196 quod
1146 1159 1231 1188 inflat.
1246 1160 1272 1188 Si
1294 1163 1402 1194 autem,
1421 1163 1504 1198 prout
1526 1165 1567 1189 est
1589 1161 1712 1190 caritati
1725 1162 1898 1197 coniuncta,

1049 1206 1087 1235 sic
1109 1214 1162 1234 non
1185 1210 1227 1235 est
1248 1207 1293 1235 via
1313 1208 1348 1236 ad
1372 1207 1557 1242 inflationem,
1579 1208 1627 1237 sed
1651 1209 1742 1245 potius
1763 1209 1797 1237 ad
1821 1210 1898 1238 recti-

1049 1252 1174 1281 tudinem
1196 1256 1223 1281 et
1243 1253 1464 1283 aedificationem
1485 1257 1513 1282 et
1534 1255 1730 1283 humilitatem.
1748 1256 1787 1284 Ex
1809 1256 1898 1293 cogni-

1049 1299 1121 1328 tione
1136 1300 1208 1328 enim
1231 1300 1274 1329 sui
1296 1304 1322 1329 et
1337 1300 1385 1329 Dei
1407 1301 1550 1338 consurgit
1565 1301 1697 1338 perfectio
1718 1302 1896 1336 humilitatis;

1047 1349 1074 1375 et
1095 1347 1147 1375 hoc
1167 1347 1290 1376 secundo
1312 1348 1395 1376 modo
1416 1348 1468 1376 fuit
1489 1348 1515 1376 in
1538 1348 1647 1377 Christo
1660 1349 1679 1376 ⁹.

1128 1394 1153 1421 5.
1175 1394 1213 1422 Ad
1237 1394 1307 1422 illud
1322 1394 1396 1431 quod
1419 1394 1558 1429 obiicitur,
1580 1395 1655 1432 quod
1672 1396 1698 1423 in
1720 1396 1830 1425 Christo
1845 1396 1897 1425 suit

1047 1439 1172 1468 defectus
1194 1440 1380 1477 eloquentiae,
1399 1449 1466 1478 ergo
1488 1441 1615 1470 similiter
1630 1446 1656 1470 et
1678 1443 1842 1479 sapientiae3
1858 1443 1897 1472 di-

1047 1486 1180 1520 cendum,
1202 1487 1277 1524 quod
1299 1496 1353 1515 non
1375 1491 1416 1516 est
1437 1488 1541 1522 simile,
1570 1489 1635 1525 quia
1662 1489 1687 1517 in
1710 1489 1821 1518 defectu
1842 1490 1897 1518 elo-

1047 1534 1188 1570 quentiae,
1208 1534 1279 1563 sicnt
1294 1534 1321 1562 in
1336 1534 1398 1563 aliis
1413 1535 1625 1563 necessitatibus
1640 1535 1825 1571 infantilibus,
1842 1544 1897 1565 ma-

1047 1580 1230 1610 nifestabatur
1247 1581 1347 1610 veritas
1363 1584 1478 1610 naturae
1493 1585 1647 1615 assumtae3
1663 1583 1787 1612 defectus
1801 1587 1894 1612 autem

1047 1627 1198 1664 sapientiae
1220 1627 1336 1656 interius
1357 1628 1442 1662 latet,
1464 1628 1525 1657 ideo
1547 1629 1581 1657 ad
1604 1629 1672 1657 nihil
1696 1629 1843 1664 valuisset,
1873 1631 1894 1659 si

1047 1673 1074 1701 in
1096 1674 1205 1702 Christo
1228 1674 1332 1703 fuisset.
1356 1675 1385 1702 Et
1407 1674 1468 1703 ideo
1490 1683 1543 1703 non
1565 1678 1607 1704 est
1629 1675 1727 1704 simile.

1126 1722 1152 1749 6.
1174 1721 1213 1749 Ad
1235 1721 1305 1750 illud
1327 1722 1402 1758 quod
1424 1722 1563 1756 obiicitur,
1585 1723 1659 1759 quod
1682 1723 1825 1758 Christus,
1846 1724 1895 1753 Dei

1048 1767 1149 1802 virtus,
1166 1767 1264 1796 habuit
1278 1768 1417 1797 defectum
1433 1769 1552 1803 virium;
1568 1769 1734 1803 dicendum,
1750 1770 1824 1807 quod
1840 1779 1894 1799 non

1046 1817 1088 1842 est
1109 1813 1215 1848 simile,
1238 1817 1297 1842 tum
1319 1814 1385 1851 quia
1400 1815 1525 1844 defectus
1547 1815 1649 1844 virium
1671 1816 1798 1845 exterius
1812 1825 1895 1854 appa-

1046 1861 1126 1890 rebat
1147 1861 1215 1890 etin
1231 1869 1315 1890 carne
1336 1864 1411 1896 erat,
1433 1862 1558 1891 desectus
1581 1870 1647 1891 vero
1662 1863 1814 1899 sapientiae
1830 1864 1895 1893 inte-

1046 1908 1106 1937 rius
1127 1911 1187 1936 erat
1209 1908 1234 1936 in
1257 1908 1364 1943 anima,
1380 1916 1452 1946 quae
1466 1909 1501 1937 ad
1517 1909 1648 1938 unionem
1665 1910 1707 1938 sui
1724 1918 1787 1938 cum
1804 1911 1895 1939 Verbo

1046 1963 1062 1983 a
1073 1954 1228 1991 primordio
1240 1955 1338 1983 debuit
1349 1962 1409 1984 esse
1425 1956 1546 1992 perfecte
1561 1955 1711 1991 disposita;
1727 1959 1786 1985 tum
1802 1957 1895 1992 etiam,

1046 2001 1112 2038 quia
1133 2001 1259 2030 defectus
1287 2002 1390 2030 virium
1412 2005 1454 2031 est
1476 2003 1593 2031 materia
1614 2003 1789 2032 exercendae
1811 2003 1896 2032 virtu-

1046 2048 1097 2083 tis,
1119 2056 1172 2076 non
1189 2049 1228 2077 sic
1242 2052 1337 2077 autem
1353 2049 1478 2078 defectus
1492 2049 1672 2086 cognitionis,
1688 2050 1755 2087 quin
1771 2051 1864 2088 potius
1876 2051 1896 2066 ¹⁰

1046 2095 1170 2132 impedit.
1194 2095 1257 2124 Ideo
1279 2104 1332 2124 non
1354 2099 1396 2124 est
1417 2096 1507 2125 simile
1529 2096 1593 2126 hinc
1614 2100 1641 2126 et
1663 2097 1737 2126 inde.

881 2210 1143 2246 SGHOLION.

204 2324 218 2346 l.
235 2323 299 2347 Circa
317 2325 375 2347 hanc
392 2325 550 2354 quaestionem
568 2326 608 2347 cfr.
626 2328 705 2347 auctor
722 2325 805 2354 aliique
823 2331 892 2353 supra
910 2324 932 2347 d.
953 2324 986 2347 it.

141 2369 183 2392 per
201 2367 277 2386 totam.
296 2364 427 2392 specialiter
445 2364 473 2386 de
485 2364 566 2386 eadem
584 2368 655 2392 agunt
676 2364 735 2387 Alex.
754 2364 809 2392 Hal.⁷
827 2365 850 2386 S.
873 2370 895 2392 p.
915 2364 946 2386 lli.
963 2371 985 2392 q.

142 2402 163 2424 5.
181 2408 211 2424 m.
230 2403 250 2425 2.
268 2409 288 2424 a.
310 2403 327 2424 i.
345 2403 358 2431 ’ᾗ
381 2403 403 2431 Ι,
421 2405 443 2425 et
460 2404 482 2425 S.
500 2403 590 2431 Thom.,
608 2403 629 2425 S.
649 2403 680 2425 lll.
698 2410 720 2432 q.
742 2403 774 2425 ¹5.
793 2410 812 2425 a.
832 2403 852 2425 3.

204 2442 227 2464 ll.
245 2442 298 2470 Seq.
321 2441 367 2470 (2.)
386 2443 488 2470 quaestio
511 2443 607 2465 solvitur
624 2442 753 2464 secundum
775 2442 885 2470 triplicem
909 2442 987 2464 distin-

143 2480 240 2502 ctionem
254 2480 354 2502 tristitiae
371 2479 423 2507 (cfr.
437 2481 473 2502 hic
484 2480 540 2502 dub.
554 2479 592 2508 t).
611 2481 664 2502 Aliis
676 2480 765 2506 verbis,
783 2479 824 2502 sed
836 2480 857 2501 in
875 2480 986 2502 consorini

206 2627 213 2642 1
232 2627 277 2650 cfr.
294 2634 363 2655 supra
382 2634 435 2656 pag.
453 2628 510 2655 286,
529 2631 580 2650 nota
598 2628 619 2650 5.

206 2665 216 2680 ²
233 2665 305 2688 Codd.
323 2666 341 2687 G
353 2666 358 2687 l
369 2666 384 2687 L
395 2665 412 2687 T
423 2672 448 2688 aa
467 2669 487 2688 et
505 2666 541 2688 alii
559 2669 610 2688 ante
627 2667 654 2688 'at
671 2666 820 2689 crederemus
837 2665 861 2689 in
883 2673 938 2689 eum
955 2673 990 2689 su-

144 2704 232 2732 perflue
249 2706 272 2726 ct
289 2705 364 2732 inepte
390 2705 527 2726 interserunt
543 2705 582 2732 et,-
600 2705 679 2726 melior
696 2707 718 2726 ct
735 2705 829 2726 sortasse
847 2711 900 2727 vera
925 2705 989 2727 lectio

144 2746 178 2765 est
195 2743 262 2765 codd.
281 2743 323 2765 ΑΝ
341 2743 369 2765 ut
384 2742 534 2766 crederemus
551 2742 573 2765 ei
587 2744 608 2765 et
626 2744 652 2765 ut
668 2742 818 2766 crederemus
835 2743 861 2765 iu
878 2749 939 2766 cum.

206 2780 216 2795 ³
234 2781 291 2804 Vide
309 2787 377 2809 supra
396 2781 419 2803 (l.
437 2782 458 2803 2.
476 2788 496 2803 a.
515 2781 535 2803 3.
553 2788 574 2810 q.
593 2782 614 2804 2.
632 2785 654 2803 et
671 2781 692 2803 d.
709 2782 742 2803 13.
756 2788 775 2803 a.
793 2782 809 2804 Ι.
823 2788 844 2810 q.
859 2782 878 2804 l.
890 2782 989 2804 —Cod.

145 2820 164 2842 K
183 2821 233 2842 vot-i
256 2819 329 2843 Verbo
347 2820 452 2848 praefigit
470 2826 531 2844 cum.

207 2857 216 2873 ⁴
233 2859 273 2881 llic
290 2865 310 2881 c.
333 2860 350 2881 l.

207 2897 217 2912 ⁵
235 2898 310 2921 Manli.
332 2898 369 2927 15,
390 2898 424 2921 tt.
444 2899 559 2927 Vulgata:
577 2899 686 2921 ducatum
705 2903 810 2927 praestet.

207 2936 216 2951 ⁶
234 2936 279 2959 Cl'r.
297 2943 366 2965 supi-a
384 2938 406 2960 d.
419 2939 440 2960 9.
453 2945 472 2960 a.
489 2939 506 2960 l.
519 2945 541 2966 q.
559 2939 576 2960 1.
588 2938 617 2960 ad
634 2938 655 2960 6.
668 2942 689 2960 ct
701 2938 724 2960 d.
740 2937 772 2960 tt.
786 2945 806 2961 a.
819 2939 840 2961 3.
852 2945 874 2968 q.
896 2940 914 2962 1.
926 2939 955 2961 ad
971 2940 989 2962 1.

207 2975 217 2990 7
235 2975 288 2998 Dist.
310 2976 343 2998 lb.
361 2983 380 2998 a.
399 2977 419 2998 3.
438 2983 459 3005 q.
478 2978 499 2999 2.
518 2977 548 2998 Dr
566 2983 614 3005 seq.
640 2977 706 2999 solut.
729 2977 780 2999 vide
807 2977 861 3000 ibid.
886 2984 927 3000 nec
945 2984 988 3000 non

271 3026 295 3049 S.
313 3027 402 3049 Bonae.
421 3039 451 3042 —
469 3027 535 3049 Tom.
553 3027 585 3049 ΙΙΙ.

1043 2325 1165 2352 sententia,
1183 2325 1302 2353 distinguit
1318 2326 1340 2347 S.
1359 2325 1441 2348 Thom.
1461 2326 1496 2354 (S.
1515 2326 1556 2348 loe.
1574 2327 1610 2348 cit.
1628 2332 1648 2348 a.
1668 2326 1698 2353 4.)
1723 2327 1834 2354 triplicem
1852 2326 1893 2349 dis-

1044 2364 1172 2392 ferentiam,
1191 2370 1251 2392 quae
1262 2367 1297 2386 est
1313 2364 1370 2386 inter
1383 2365 1501 2392 passiones
1513 2368 1601 2387 nostras
1614 2367 1683 2393 atque
1699 2365 1792 2393 Christi,
1807 2366 1892 2389 scilicet

1043 2403 1171 2425 secundum
1189 2402 1314 2430 obiectam,
1331 2402 1476 2432 pm'ncipiain
1493 2406 1561 2432 atque
1579 2403 1693 2433 effectum.

1106 2441 1138 2463 De
1156 2442 1198 2463 hac
1219 2442 1367 2469 quaestione:
1390 2442 1450 2464 Alex.
1470 2442 1524 2469 Hah,
1542 2443 1584 2465 loc.
1607 2444 1642 2466 cit.
1666 2443 1680 2472 ‘g
1702 2444 1722 2465 2.
1736 2444 1845 2472 —Scot.,
1869 2445 1890 2466 in

1044 2482 1141 2507 utroque
1153 2479 1242 2507 Scripto
1260 2480 1296 2502 hic
1308 2486 1329 2508 q.
1349 2481 1421 2502 unica.
1433 2492 1465 2497 —-
1476 2481 1497 2502 S.
1517 2481 1607 2509 Thom.,
1626 2482 1662 2504 hic
1674 2487 1694 2503 a.
1713 2482 1733 2504 2.
1746 2483 1888 2510 quaestiunc.

1047 2628 1076 2651 lit.
1096 2629 1207 2656 Magistri,
1225 2629 1246 2652 d.
1265 2629 1320 2651 xiil.
1339 2641 1368 2645 —
1383 2630 1451 2652 Paulo
1468 2631 1575 2658 superius
1592 2637 1633 2658 pro
1650 2637 1698 2654 non
1715 2631 1794 2655 didicit
1806 2632 1856 2654 cod.
1873 2633 1890 2655 Α

1046 2672 1094 2690 non
1111 2666 1231 2691 didicerat.

1108 2705 1118 2721 ⁸
1135 2706 1203 2734 Edu„
1222 2707 1290 2734 paulo
1315 2710 1365 2730 ante
1384 2714 1426 2735 pro
1451 2714 1508 2731 nam
1525 2708 1647 2731 substituto
1664 2715 1724 2738 non,
1744 2710 1780 2732 liic
1803 2710 1890 2733 addunt

1045 2750 1088 2774 per
1105 2751 1177 2774 qaae,
1197 2748 1218 2767 et
1235 2745 1333 2768 subitide
1351 2746 1401 2768 cod.
1420 2747 1438 2768 Μ
1457 2747 1592 2769 solutionem
1611 2749 1716 2770 terminat
1732 2749 1779 2771 sic:
1791 2748 1815 2771 in
1831 2749 1891 2772 mul-

1047 2784 1075 2807 tis
1092 2783 1146 2806 alite
1163 2783 1308 2814 differebant.

1108 2822 1117 2836 ⁹
1133 2822 1178 2845 cfr.
1204 2829 1273 2851 snpra
1300 2829 1353 2852 pag.
1380 2824 1436 2852 223,
1463 2827 1514 2846 nota
1544 2825 1560 2846 l.
1580 2837 1608 2840 —
1627 2825 1648 2846 ln
1667 2826 1729 2848 initio
1754 2826 1820 2849 solut.
1839 2830 1890 2854 post

1044 2863 1116 2890 prout
1132 2862 1166 2884 cst
1181 2861 1268 2892 absque
1287 2862 1385 2886 caritate
1403 2863 1452 2885 Vnt.
1470 2863 1534 2886 addit
1549 2865 1570 2886 et
1587 2870 1602 2886 a
1614 2864 1713 2888 caritate
1724 2865 1810 2891 divisa.
1825 2869 1847 2888 et
1859 2867 1888 2888 in-

1045 2900 1114 2922 ferius
1132 2906 1173 2928 pro
1190 2899 1348 2924 humilitatem
1365 2901 1432 2924 codd.
1451 2903 1468 2924 Α
1479 2902 1497 2924 Τ
1507 2902 1523 2924 Ζ
1539 2902 1680 2925 substituunt
1692 2903 1888 2928 humiliationem.

1108 2939 1127 2954 ¹⁰
1144 2939 1186 2962 Pro
1203 2939 1260 2969 quin
1276 2939 1354 2969 polias
1371 2940 1422 2963 cod.
1441 2941 1458 2963 U
1475 2941 1589 2970 quoniam
1605 2941 1667 2971 plus.

1734 3032 1762 3054 43

1933 1050 1935 1052 ι
1945 1026 2016 1052 Duplex

1911 1051 1996 1068 scientia.
