2166 3366
122 721 183 739 Dubia
198 721 218 753 11.
231 721 249 739 2.

134 1026 216 1045 Dubium
229 1026 247 1044 5.

134 1719 255 1743 Augustinus.

264 191 296 218 71
303 191 319 218 Ο

938 186 1190 215 ΞΕΝΤΕΝΤΙᾹΗΕΜ
1214 187 1273 215 LlB.
1294 187 1335 214 lll.

888 310 1177 346 DISTINCTIO
1205 311 1392 347 XXXIII.

637 419 698 445 Car.
718 419 735 444 Ι.

399 506 436 532 De
456 509 574 541 quatuor
592 503 739 531 virtutibus
756 502 969 539 principalibus.

335 593 395 618 Post
415 591 554 626 praedicta
574 591 607 617 de
627 594 743 625 quatuor
769 590 928 621 virtutibus,
954 596 1023 623 quae
1043 590 1114 624 prin-

263 635 364 669 cipales
384 635 425 661 vel
446 634 597 661 cardinales
618 637 760 665 vocantur,
775 632 961 659 disserendum
976 635 1029 663 est;
1043 639 1113 666 quae

263 682 324 705 sunt
343 678 458 709 iustitia,
479 677 619 709 tortitudo,
635 677 791 711 prudentia,
807 676 991 710 temperantia.
1005 676 1043 701 De
1058 676 1114 709 qui-

263 721 313 747 bus
333 721 515 754 Augustinus¹
537 721 590 747 ait:
615 731 625 743 «
640 720 741 746 Iustitia
762 723 800 746 est
820 720 845 745 in
865 718 1049 746 subveniendo
1069 718 1114 743 mi-

263 765 344 796 seris,
364 764 507 798 prudentia
528 764 552 789 in
573 763 768 797 praecavendis
793 762 911 795 insidiis,
939 762 1065 788 fortitudo
1088 762 1111 787 in

263 808 429 842 perferendis
458 807 601 838 molestiis,
623 806 798 840 temperantia
818 807 845 832 in
864 806 1021 832 coercendis
1042 805 1114 831 dele-

263 851 426 878 ctati0nibus
446 851 574 885 pravis».
597 851 633 876 De
653 850 694 876 his
709 850 808 876 dleitur
823 850 847 875 in
863 849 931 875 libro
945 849 1113 883 Sapientiae:

264 895 436 922 Sobrz'etatem
456 898 479 920 et
495 893 671 929 prudentiam
691 893 779 923 docet,
794 892 927 919 iustitiam
941 896 964 918 el
977 892 1112 919 virtutem.

264 937 437 965 Sobrz'etdtem
456 940 534 963 vocat
554 936 757 970 temperantiam
767 957 773 967 ,
787 939 812 962 et
825 935 952 961 virtutem
971 938 1048 961 vocat
1062 934 1115 960 for-

264 981 412 1007 titudinem.
434 981 488 1007 Hae
508 981 620 1006 virtutes
640 979 791 1006 cardinales
805 978 945 1009 (licuntur⁷
961 981 990 1005 ut
1003 978 1040 1005 ait
1054 978 1114 1004 HIe-

264 1024 427 1059 ronymus²‚
452 1023 574 1058 «quibus
602 1024 626 1049 in
653 1023 702 1050 liac
727 1022 889 1049 mortalitate
910 1022 977 1048 bene
999 1022 1112 1053 vivitur,

264 1070 289 1094 et
308 1071 368 1101 post
388 1067 421 1093 ad
441 1070 577 1093 aeternam
599 1066 679 1092 vitam
699 1066 891 1100 pervenitur».

630 1152 690 1178 Car.
716 1152 742 1178 ll.

315 1241 409 1267 Utrum
429 1243 451 1266 el
471 1239 501 1265 κή
522 1238 628 1266 Clo-isto
647 1237 751 1273 sicorim
771 1242 794 1264 et
814 1237 844 1264 in
863 1237 977 1273 Anyelt‘s
996 1237 1059 1264 sinc.

335 1326 408 1358 Quae
428 1326 452 1352 iu
472 1325 576 1352 Christo
597 1325 751 1359 plenissime
771 1325 877 1351 suerunt
891 1327 916 1351 et
929 1327 1005 1355 suut,
1026 1323 1057 1350 cte
1071 1332 1115 1350 cu-

265 1369 307 1396 ius
319 1367 491 1404 plenitudine
504 1376 553 1394 nos
566 1367 718 1402 accepimus
730 1367 738 1380 ³
750 1378 761 1399 ;
777 1368 801 1394 in
817 1374 869 1402 quo
885 1367 1037 1393 babuerunt
1051 1374 1115 1393 usus

265 1413 388 1446 eosdem,
407 1420 475 1446 quos
489 1412 514 1438 in
529 1412 616 1446 patria
638 1411 752 1444 liabent,
766 1414 792 1437 et
806 1410 937 1445 quosdam
952 1411 1032 1437 etiam
1047 1410 1115 1437 viae.

634 1497 694 1524 CAr.
715 1497 754 1523 III.

555 1585 593 1611 De
612 1583 708 1611 usibus
728 1592 832 1611 earum.

336 1672 539 1704 Verumtamen,
561 1670 614 1698 an*¹
639 1682 649 1693 ι(
665 1671 714 1697 hae
735 1671 862 1701 virtutes,
882 1677 942 1696 cum
964 1672 989 1696 et
1003 1670 1077 1704 ipsae
1091 1670 1117 1696 in

267 1714 360 1741 antino
381 1722 438 1741 esse
465 1714 608 1748 incipiant,
629 1714 690 1748 qui,
710 1721 770 1740 oum
791 1714 848 1740 sine
869 1713 920 1739 illis
940 1713 1015 1747 prius
1035 1716 1117 1745 esset,

269 1762 356 1785 tamen
376 1758 485 1784 animus
505 1760 576 1788 erat,
590 1757 713 1783 desinant
727 1764 799 1786 esse,
813 1764 874 1783 cum
890 1757 922 1782 ad
938 1760 1046 1783 aeterna
1061 1764 1118 1790 per-

268 1802 405 1833 duxerint,
426 1801 552 1827 nonnulla
573 1800 694 1835 quaestio
715 1803 762 1826 est.
781 1799 945 1831 Quibusdam
962 1800 1048 1826 visum
1064 1802 1117 1830 est,

1171 425 1229 445 esse
1249 419 1395 451 desituras,
1425 423 1450 446 et
1479 419 1511 446 de
1538 418 1624 446 {ribus
1644 420 1768 454 quidem,
1789 420 1930 454 prudentia
1950 420 2018 447 scili-

1171 465 1227 492 cet,
1251 461 1422 493 fortitudine,
1446 463 1640 496 temperantia,
1663 470 1724 488 cum
1751 462 1803 488 lioc
1828 463 1944 494 (dcitur,
1967 470 2018 490 non

1172 505 1235 530 nihil
1257 505 1309 530 diei
1326 505 1448 538 videtur;
1470 505 1573 532 iustitia
1587 506 1656 532 enim
1672 506 1829 532 immortalis
1843 510 1882 532 est
1896 509 1921 532 et
1936 507 2019 540 magis

1171 550 1234 573 tunc
1261 548 1416 581 perficietur
1437 548 1462 574 in
1484 548 1574 580 nobis,
1604 556 1684 582 qnam
1715 556 1772 575 esse
1801 549 1931 581 cessabit,
1956 557 2016 576 cum

1172 590 1248 616 beate
1278 591 1399 617 vivemus
1427 591 1653 625 contemplatione
1677 595 1788 618 naturae
1808 592 1929 623 divinae,
1949 599 2019 626 quae

1171 634 1273 659 creavit
1293 641 1384 660 omnes
1403 637 1560 668 ceterasque
1582 635 1694 661 instituit
1723 638 1845 666 naturas,
1875 643 1927 668 qua
1954 635 2019 661 niliil

1172 677 1267 703 melius
1287 680 1311 703 et
1331 677 1473 703 amabilius
1494 681 1549 709 est;
1569 678 1612 704 eui
1628 678 1727 711 regenti
1749 686 1806 704 esse
1826 678 1962 705 subditum
1984 679 2020 705 iu-

1171 719 1258 745 stitiae
1279 723 1325 745 est.
1340 720 1372 745 Et
1387 719 1446 746 ideo
1466 719 1630 746 immmortalis
1650 724 1687 746 est
1706 721 1813 747 omnino
1829 720 1950 747 inscitw
1969 728 2019 748 nec
2032 723 2114 741 Dubium
2129 723 2151 741 6-

1172 763 1196 788 in
1219 762 1261 788 illa
1283 762 1448 789 beatitudine
1468 770 1526 789 esse
1545 763 1662 796 desinet,
1682 763 1729 790 sed
1752 764 1810 790 talis
1830 771 1862 790 ac
1877 767 1947 790 tanta
1962 765 2020 796 erit,

1172 808 1199 831 ut
1214 806 1358 839 perfectior
1378 809 1403 832 et
1422 806 1508 832 maior
1522 813 1580 832 esse
1594 814 1645 832 non
1660 807 1751 840 possit.
1767 807 1898 833 Fortassis
1913 810 1935 833 et
1951 807 2018 834 aliae

1173 852 1225 874 tres
1246 848 1374 874 virtutes:
1392 848 1541 883 prudentia
1560 849 1617 875 sine
1637 849 1690 876 ullo
1711 850 1762 875 iam
1778 850 1899 883 periculo
1914 851 2022 883 erroris,

1170 890 1302 927 sbi-[iliceto
1323 892 1379 918 sine
1399 892 1520 918 molestia
1542 892 1740 919 tolerandorum
1762 893 1908 924 malorum,
1929 897 2021 928 (empe-

1171 933 1264 960 rantia
1283 935 1340 961 sine
1360 935 1553 969 repugnatIOne
1572 935 1728 966 libidinum,
1749 939 1827 962 eruut
1845 936 1869 962 in
1886 936 1928 963 illa
1943 937 2022 963 felici-

1173 981 1238 1009 tate,
1260 977 1468 1013 inprudentiae
1488 978 1522 1004 ibi
1544 979 1578 1004 sit
1597 978 1698 1004 nullum
1714 979 1813 1005 bonum
1834 980 1888 1005 Deo
1908 987 2022 1014 praepo-

1172 1028 1235 1047 nere
1251 1021 1291 1047 vel
1305 1028 1438 1055 aequarc;
1452 1020 1641 1056 fortitudinis,
1657 1021 1679 1047 ei
1695 1021 1847 1048 firmissime
1861 1022 2021 1054 cohaerere;

1173 1064 1383 1099 tempermztlce,
1405 1064 1477 1090 nullo
1498 1064 1603 1090 delectu
1623 1065 1703 1091 noxio
1717 1065 1853 1091 delectari.
1868 1065 1944 1097 Quod
1958 1074 2021 1093 vero

1173 1115 1242 1133 nune
1263 1108 1316 1141 agit
1345 1107 1448 1134 iustitia
1469 1108 1493 1133 in
1514 1107 1698 1134 subveniendo
1719 1108 1837 1139 miseris,
1859 1109 1930 1143 quod
1955 1117 2022 1144 pru-

1172 1150 1263 1177 dentia
1284 1151 1308 1176 in
1330 1150 1525 1185 praecavendis
1542 1150 1660 1183 insidiis,
1681 1151 1752 1184 quod
1766 1151 1899 1186 fortitudo
1920 1153 1943 1178 in
1964 1160 2023 1186 per-

1173 1194 1287 1220 ferendis
1308 1194 1451 1227 molestiis⁷
1471 1193 1544 1228 quod
1565 1193 1743 1228 temperantia
1764 1195 1787 1220 in
1806 1195 1964 1222 coercendis
1978 1196 2024 1222 (16-

1173 1237 1362 1264 lectationibns
1391 1238 1498 1271 pravis;
1531 1244 1581 1263 uon
1611 1237 1661 1263 erit
1690 1237 1725 1263 ibi
1746 1239 1868 1270 omnino,
1889 1238 1934 1264 ubi
1956 1238 2022 1265 nihil

1173 1281 1234 1308 mali
1255 1281 1312 1307 erit.
1333 1281 1383 1307 Ista
1404 1281 1484 1315 igitur
1504 1281 1631 1307 virtutum
1653 1288 1734 1315 opera
1750 1281 1812 1308 hnic
1832 1282 1937 1308 mortali
1953 1283 2023 1309 vitae

1173 1324 1338 1355 necessaria,
1358 1324 1428 1350 sicut
1448 1323 1528 1356 fideS,
1555 1323 1588 1349 ad
1617 1331 1698 1358 quam
1729 1324 1866 1351 reserenda
1895 1328 1970 1358 sunt,
1996 1326 2022 1352 in

1173 1367 1327 1401 praeteritis
1348 1366 1557 1393 habebuntur».
1575 1381 1610 1386 —
1629 1367 1699 1393 Ecce
1719 1370 1811 1401 aperte
1831 1367 1875 1393 liic
1895 1367 1960 1394 dicit
1973 1369 2024 1394 Au-

1173 1410 1309 1443 gustinus,
1330 1409 1402 1444 quod
1422 1409 1577 1444 praedictae
1596 1410 1709 1436 virtutes
1723 1410 1748 1436 in
1763 1410 1852 1436 futuro
1873 1413 1962 1441 erunt,
1976 1410 2023 1437 sed

1173 1452 1243 1479 callos
1264 1460 1327 1479 usus
1348 1455 1410 1479 tunc
1430 1452 1567 1478 habebunt
1587 1459 1667 1487 quam
1687 1452 1775 1479 modo.
1791 1453 1838 1479 Cui
1853 1453 1923 1479 Beda
1936 1453 1945 1466 ὓ
1963 1454 2095 1480 con-Beda·

1173 1497 1267 1528 sentit,
1281 1503 1363 1530 super
1376 1495 1498 1522 Exodum
1515 1496 1551 1522 ita
1564 1495 1671 1522 dicens:
1690 1495 1868 1528 «Columnae,
1883 1499 1943 1523 ante
1957 1503 2024 1530 quas

1174 1546 1324 1574 appensum
1345 1542 1384 1565 est
1404 1539 1507 1570 velum,
1527 1541 1672 1572 potestates
1686 1539 1753 1565 caeli
1767 1542 1829 1565 sunt
1842 1542 1958 1573 quatuor
1973 1541 2026 1566 exi-

1175 1583 1235 1609 miis
1250 1582 1394 1609 virtutibus
1408 1581 1578 1616 praeclarae⁷
1593 1582 1619 1608 id
1634 1585 1673 1608 est
1688 1582 1857 1613 fortitudine,
1871 1582 2023 1616 prudentia,

1175 1626 1364 1660 temperantia,
1387 1625 1485 1652 iustitia
1495 1646 1501 1657 ‚
1522 1632 1591 1660 quae
1605 1625 1682 1652 aliter
1696 1625 1720 1651 in
1735 1625 1817 1652 caelis
1835 1629 1975 1652 servantur
1990 1625 2023 1652 ab

1176 1670 1282 1703 Angelis
1308 1673 1334 1696 et
1362 1668 1504 1695 animabus
1527 1669 1626 1695 sanetis
1654 1676 1734 1703 quam
1763 1668 1807 1695 hic
1827 1676 1842 1695 a
1862 1668 1986 1696 fidelibus
2001 1680 2023 1696 ».

1175 1714 1207 1740 Et
1226 1715 1422 1747 consequenter
1442 1712 1557 1745 assignat
1578 1712 1648 1738 Beda
1668 1719 1733 1738 usus
1763 1711 1869 1738 illarum
1895 1712 2023 1739 virtutum

1175 1756 1323 1783 seeundum
1344 1758 1511 1789 praesentem
1534 1758 1559 1781 et
1578 1755 1695 1781 futurum
1717 1758 1830 1787 statum,
1850 1756 1956 1782 imitans
1975 1755 2025 1781 Au-

1175 1799 1310 1833 gustinum
1331 1799 1357 1824 in
1378 1798 1533 1832 praemissis
1553 1797 1787 1831 assignationibus.

516 1896 957 1946 COMMENTARIUS
992 1897 1054 1944 IN
1086 1896 1529 1944 DISTINCTIONEM
1563 1896 1771 1943 XXXIII.

907 2001 951 2034 De
978 2000 1139 2035 virtut-ibus
1165 2000 1382 2033 cardinalibus.

792 2096 863 2124 Post
880 2096 1037 2133 praedicta
1059 2096 1092 2124 cle
1113 2099 1243 2133 quatuor
1269 2094 1427 2123 virtutibus
1448 2098 1499 2123 etc.

1002 2182 1126 2211 DIVISIO
1148 2182 1286 2211 TEXTUS.

347 2271 412 2299 Pars
434 2271 500 2305 ista,
522 2271 549 2299 in
572 2279 628 2308 qua
649 2270 778 2307 Magister
800 2270 969 2299 detes-mmet
991 2269 1026 2298 de
1040 2269 1117 2298 babi-

267 2317 341 2346 tibus
363 2318 508 2355 gratuitis,
530 2320 615 2354 prout
636 2317 670 2345 ab
692 2317 811 2345 invicem
832 2316 1062 2353 distinguuntur,
1078 2316 1117 2344 di-

267 2364 325 2392 visa
348 2364 417 2392 fuit¹
440 2364 467 2392 in
490 2366 546 2393 tres
568 2368 669 2400 partes.
700 2364 727 2391 In
758 2371 879 2400 quarum
908 2362 1000 2399 prima
1029 2362 1118 2391 deter-

266 2411 353 2439 minat
375 2411 410 2439 de
432 2411 574 2439 habitibus
603 2411 741 2438 virtutum
764 2410 1006 2446 tt1eotogIcarun];
1028 2409 1055 2437 in
1078 2417 1117 2437 se-

268 2458 360 2486 cunda.
382 2458 416 2487 de
438 2458 581 2486 habitibus
598 2458 734 2485 virtutum
757 2456 964 2490 cardinalium3
987 2456 1014 2484 in
1036 2456 1118 2484 tertia

267 2504 301 2533 de
323 2505 466 2534 habitibus
487 2505 635 2533 donorum.

346 2552 437 2580 Prima
459 2554 538 2588 parte
555 2551 717 2585 terminata,
735 2551 778 2579 liic
793 2550 889 2587 incipit
903 2550 1028 2579 secunda
1043 2558 1118 2587 pars,

1174 2277 1246 2306 quae
1261 2269 1382 2298 continet
1397 2269 1602 2298 distinctionem
1618 2272 1804 2306 praesentem.
1820 2269 1962 2297 Dividitur
1976 2277 2025 2297 au-

1174 2319 1229 2344 tem
1253 2323 1317 2352 pars
1340 2315 1391 2344 ista
1413 2316 1440 2343 in
1462 2319 1557 2352 partes
1578 2318 1700 2352 quatuor
1715 2315 1871 2343 secundum
1889 2318 2023 2352 quatuor,

1173 2370 1246 2399 quae
1268 2362 1437 2390 determinat
1458 2361 1492 2390 de
1514 2362 1582 2398 ipsis
1604 2361 1757 2390 virtutibus
1779 2361 1979 2390 cardinalibus.
1994 2362 2023 2390 In

1174 2417 1295 2446 quarum
1320 2409 1410 2446 prima
1432 2409 1600 2437 determinat
1621 2409 1655 2437 de
1679 2409 1745 2445 Ipsis
1766 2412 1902 2445 quantum
1919 2409 1952 2437 ad
1975 2417 2026 2437 nu-

1175 2464 1286 2484 merum
1308 2459 1335 2483 et
1356 2455 1570 2484 distinctionem.
1600 2455 1627 2483 In
1654 2455 1777 2484 secunda
1799 2462 1865 2483 vero
1886 2458 2023 2492 quantum

1174 2503 1210 2531 ad
1232 2503 1352 2531 nominis
1375 2502 1526 2537 rationem,
1549 2503 1601 2530 ibi:
1628 2503 1692 2530 Hae
1712 2502 1834 2530 virtutes
1855 2502 2025 2530 cardinales

1175 2550 1317 2577 [licuntur
1338 2553 1389 2578 ete.
1419 2549 1446 2577 In
1469 2550 1551 2577 tertia
1574 2557 1640 2578 vero
1662 2552 1755 2577 movet
1776 2549 1967 2586 quaestionem
1989 2548 2024 2577 de

330 2673 337 2687 ¹
356 2673 417 2696 Libr.
436 2673 495 2695 XIV.
514 2673 542 2696 de
561 2674 623 2696 Triu.
642 2679 661 2695 e.
680 2674 700 2695 9.
719 2680 740 2695 n.
763 2674 795 2695 12.
809 2685 839 2688 —
856 2673 925 2695 Paulo
942 2673 1038 2695 inferius
1055 2673 1118 2695 loeus

268 2713 398 2740 Seripturae
416 2716 450 2735 est
465 2713 517 2740 Sap.
531 2713 556 2738 8,
575 2713 596 2740 7,
614 2713 636 2734 in
649 2719 695 2741 quo
708 2715 768 2735 textu
787 2712 854 2734 codd.
867 2714 889 2734 et
900 2712 953 2734 edd.
972 2712 989 2739 l,
1003 2712 1027 2739 3,
1048 2712 1062 2733 7
1075 2718 1117 2740 pro

267 2753 289 2774 et
302 2751 411 2774 virtutem
428 2758 552 2780 perperam
564 2752 650 2774 liabent
666 2753 688 2775 et
698 2751 831 2779 veritatem,
850 2751 913 2780 quod
926 2752 993 2773 etiam
1012 2754 1118 2779 repetunt

268 2791 370 2813 inferius.

331 2830 340 2843 Ξ
358 2830 434 2852 Potius
452 2831 561 2859 Auyttst„
581 2830 627 2852 XII.
640 2830 668 2852 de
687 2830 749 2852 TrIn.
767 2836 787 2852 e.
809 2830 842 2852 it.
860 2836 880 2852 n.
899 2831 939 2858 21;
953 2831 992 2853 esr.
1006 2830 1075 2852 XXII.
1089 2830 1118 2852 de

269 2867 318 2890 Civ.
336 2868 387 2896 Dei,
407 2875 425 2891 c.
444 2868 481 2891 itt.
498 2875 519 2891 n.
538 2869 559 2891 3.

332 2905 342 2920 ³
359 2907 418 2928 loon.
438 2907 458 2935 ¹l,
477 2908 513 2929 to.

333 2944 342 2958 ⁴
360 2945 423 2972 Quae
441 2949 570 2974 sequuntur
586 2950 660 2969 sumta
678 2950 731 2969 sunt
752 2953 778 2969 ex
796 2947 901 2975 August„
923 2947 982 2969 XIV.
1007 2947 1036 2969 de
1054 2947 1117 2969 Trin-

272 2989 291 3004 c.
309 2984 329 3005 5).
349 2990 370 3005 n.
392 2985 429 3011 12,
448 2985 562 3007 nonnullis
579 2992 590 3007 a
610 2986 716 3013 Magistro
734 2987 832 3008 omissis.

1237 2672 1247 2687 ⁵
1265 2673 1394 2700 Respicitur
1411 2672 1464 2700 Sap.
1487 2672 1503 2699 1,
1527 2672 1558 2694 15.

1238 2711 1247 2726 ὓ
1264 2711 1324 2733 Libr.
1343 2712 1365 2733 II.
1384 2711 1413 2733 de
1431 2710 1558 2733 Tabernae.
1577 2716 1595 2732 c.
1614 2711 1639 2738 8,
1657 2713 1679 2732 et
1696 2710 1716 2731 in
1735 2710 1813 2732 Glossa
1832 2709 1893 2737 apud
1906 2709 2023 2736 Lyranum

1175 2751 1203 2773 ad
1221 2751 1291 2773 Exod.
1310 2751 1350 2778 26,
1369 2751 1405 2772 32.
1419 2763 1448 2765 —
1461 2751 1503 2772 Pro
1520 2749 1635 2772 consentit
1657 2749 1718 2776 edd„
1736 2749 1836 2776 exceptis
1857 2749 1874 2775 l,
1899 2748 1924 2775 S,
1942 2754 2023 2770 assen-

1175 2789 1212 2819 tit,
1232 2793 1254 2812 et
1271 2791 1378 2812 omittunt
1396 2790 1427 2812 ita
1445 2793 1497 2812 ante
1513 2789 1608 2817 clt'cens‚·
1625 2790 1646 2810 In
1665 2789 1715 2816 ipso
1734 2788 1862 2810 testimonio
1879 2793 1921 2814 pro
1939 2793 2023 2816 appen-

1174 2835 1241 2857 sum,
1262 2828 1325 2857 qnod
1343 2828 1428 2850 liabent
1444 2828 1520 2855 codd,
1541 2827 1577 2850 ed.
1601 2828 1605 2849 I
1628 2830 1649 2849 et
1665 2826 1788 2854 originale,
1807 2826 1828 2847 in
1847 2826 1895 2847 aliis
1913 2825 1966 2847 edd.
1984 2832 2024 2848 611-

1174 2874 1285 2897 pansum.

1391 2929 1486 2952 NOTAE*
1503 2929 1539 2951 AD
1558 2927 1657 2952 COMME
1661 2927 1803 2950 NTARIUM.

1239 2985 1244 2999 ¹
1264 2986 1336 3013 Supra
1356 2985 1378 3007 (I.
1397 2985 1432 3007 23.
1453 2985 1473 3006 in
1492 2984 1559 3006 divis.
1577 2980 1670 3005 textus.'
