2166 3366
132 1778 230 1798 Conclusio
243 1777 259 1795 1.

140 2342 162 2359 Di
167 2341 220 2367 tticile
231 2346 268 2363 my-

152 2368 236 2383 sterium.

257 236 312 266 356

254 318 296 344 est
317 314 409 348 dolor;
431 313 479 342 sed
503 312 530 340 in
552 310 690 348 superiori
713 309 839 346 portione
865 307 980 337 rationis
1001 306 1103 335 Christi

255 368 399 390 summum
428 359 562 396 gaudium
591 360 666 391 erat7
692 356 758 394 quia
786 355 987 393 perfectissime
1016 354 1104 382 Deum

258 406 525 444 comprehendebat:
548 412 614 441 ergo
636 404 757 437 videtur,
777 402 851 440 quod
867 401 937 430 nihil
958 401 993 430 de
1009 400 1105 429 dolore

257 455 411 483 secundum
435 453 510 481 illam
532 455 640 489 partem
663 450 807 479 sentiebat.

336 501 363 529 [ι.
385 500 465 533 item,
488 499 560 528 sicut
580 498 664 535 culpa
685 497 836 534 opponitur
851 495 971 533 gratiae,
994 495 1030 523 ita
1046 494 1107 523 bea-

258 547 347 576 titudo
362 546 513 584 opponitur
529 545 670 577 miseriae;
690 544 738 572 sed
754 543 837 580 culpa
858 550 913 571 non
928 544 1018 579 potest
1032 545 1106 569 stare

258 595 284 623 in
311 594 408 623 eodem
428 596 455 622 et
476 592 630 621 secundum
647 591 720 619 idem
737 589 822 618 simul
837 597 901 618 cum
923 589 1024 626 gratia:
1041 595 1107 624 ergo

259 649 309 670 nec
330 640 474 669 beatitudo
495 642 522 667 et
543 638 656 667 miseria
677 637 832 666 secundum
859 636 976 665 eandem
999 634 1107 663 animae

261 688 424 726 portionem.
446 686 498 715 Sed
522 685 665 714 beatitudo
687 688 747 713 erat
769 684 795 712 in
819 684 928 712 Christo
951 682 1107 711 secundum

261 735 415 773 portionem
437 733 546 762 animae
569 731 755 769 superiorem:
773 739 839 767 ergo
854 729 1025 767 impossibile
1040 728 1108 762 fuit,

260 781 415 811 secundum
439 780 514 807 illam
537 782 644 816 partem
667 778 757 806 inesse
778 777 888 805 Christo
912 776 1035 812 aliquem
1064 775 1110 803 do-

263 829 359 857 lorem.

341 876 366 903 5.
383 874 462 908 [tem⁷
479 873 601 910 potentia
617 872 663 900 illa
678 872 797 908 simplex
814 875 886 904 erat,
903 878 970 907 ergo
984 870 1020 898 ad
1035 868 1109 906 quod

262 931 290 952 se
302 921 481 951 convertebat
497 920 652 949 secundum
668 919 785 948 eandem
801 921 924 955 partem,
940 916 1061 945 totaliter
1076 915 1111 944 fe-

264 970 378 999 rebatur
391 968 412 996 ¹:
430 968 450 996 si
474 975 540 1004 ergo
555 969 691 1003 quantum
714 966 749 994 ad
765 965 939 1002 superiorem
956 963 1111 1001 portionem

264 1024 374 1053 semper
396 1018 456 1044 erat
478 1022 630 1043 conversus
659 1013 692 1042 ad
716 1013 824 1046 Deum,
846 1021 862 1040 a
888 1019 943 1049 quo
964 1010 1113 1039 hauriebat

264 1064 415 1100 gaudium3
438 1063 560 1096 videtur,
582 1061 657 1099 quod
679 1060 834 1089 secundum
859 1059 935 1087 illam
958 1057 1112 1095 portionem

265 1110 375 1139 nullum
397 1109 532 1138 sentiebat
548 1108 713 1137 cruciatum.

345 1158 369 1185 6.
393 1156 472 1189 Item,
489 1156 618 1193 superior
640 1154 729 1191 portio
745 1153 859 1182 rationis
881 1151 1063 1188 distinguitur
1079 1150 1114 1178 ab

266 1203 388 1233 inferiori
405 1203 431 1231 in
450 1203 516 1236 hoc,
540 1201 615 1239 quod
631 1201 690 1238 ipsa
705 1200 804 1237 aspicit
818 1200 854 1228 ad
869 1198 1031 1236 superiora,
1046 1197 1115 1225 haec

265 1251 300 1280 ad
324 1250 468 1279 inferiora:
492 1249 513 1278 si
536 1257 604 1285 ergo
626 1248 753 1276 Christus
775 1246 884 1275 nullam
907 1244 1051 1273 materiam
1071 1244 1116 1272 do-

268 1298 333 1327 loris
356 1297 475 1325 habebat
496 1304 511 1324 a
534 1295 686 1332 superiori,
706 1294 755 1323 sed
778 1293 870 1322 solum
893 1292 928 1321 ab
949 1291 1058 1324 intimo;
1081 1290 1117 1318 vi-

267 1344 358 1377 detur,
380 1342 454 1380 quod
477 1341 606 1379 superior
629 1340 718 1377 portio
738 1340 852 1368 rationis
875 1338 952 1367 nullo
975 1338 1057 1366 modo
1073 1345 1117 1374 pa-

267 1394 373 1421 teretur
396 1391 421 1418 in
444 1390 511 1427 ipso.

583 1474 796 1495 CONCLUSIO.

272 1547 406 1577 Christus
422 1555 532 1584 passus
548 1549 587 1574 est
605 1545 693 1573 ctiam
710 1544 873 1572 seeundum
891 1543 1056 1580 portionem
1074 1551 1121 1570 stt-

346 1594 492 1632 pert‘orem
515 1593 655 1626 rationis,
676 1595 820 1630 quatenus
838 1590 936 1628 portio
959 1590 1011 1618 illa
1030 1588 1121 1617 eonsi-

351 1642 475 1670 deraem-
494 1649 547 1677 per
569 1640 687 1668 modum
706 1642 843 1667 naturae.

353 1721 529 1749 Rnsrounsso:
552 1718 721 1752 Dicendum,
736 1717 811 1754 quod
828 1716 983 1745 secundum
1000 1722 1123 1744 commu-

274 1775 337 1796 nem
360 1766 524 1796 sententiam
548 1766 746 1802 magistrorum
768 1764 861 1801 passio
883 1763 984 1791 Christi
1007 1770 1060 1790 non
1083 1769 1123 1790 so-

275 1814 333 1842 lum
355 1813 429 1842 stetit
458 1813 485 1841 in
515 1812 694 1841 sensualitate
723 1818 773 1839 nec
795 1813 904 1838 tantum
932 1808 1060 1846 pervenit
1087 1808 1122 1836 ad

277 1861 409 1889 rationem
434 1860 610 1892 inferiorem,
633 1858 681 1887 sed
707 1857 834 1886 extendit
856 1864 885 1885 se
911 1863 1001 1892 usque
1023 1855 1056 1883 ad
1080 1862 1124 1883 su-

277 1907 413 1944 periorem
430 1906 594 1943 portionem.
611 1905 686 1933 Sicut
704 1904 778 1933 enim
794 1904 887 1931 anima
902 1906 996 1931 nostra
1011 1909 1047 1930 ex
1063 1909 1124 1930 con-

276 1953 415 1982 iunctione
437 1953 479 1982 sui
501 1953 536 1981 ad
558 1960 660 1989 corpus
683 1951 815 1979 infectum
842 1953 898 1978 tota
932 1949 1124 1985 corrumpitur

276 2004 303 2029 et
325 2004 381 2029 tota
396 2000 518 2028 inficitur
540 1999 695 2028 secundum
711 2005 821 2026 omnem
845 1997 889 2025 sui
908 1997 964 2024 vim
988 1999 1014 2024 et
1030 2003 1125 2024 secun-

278 2049 345 2077 dum
367 2055 478 2076 omnem
501 2050 621 2083 partem,
644 2046 747 2074 scilicet
769 2049 824 2073 tam
848 2044 1022 2080 superiorem
1039 2050 1124 2079 quam

279 2094 436 2123 inferiorem
450 2094 473 2127 2;
488 2093 527 2122 sic
542 2093 634 2121 anima
648 2092 749 2120 Christi
765 2099 800 2120 ex
823 2090 1015 2119 coniunctione
1031 2089 1074 2118 sui
1090 2089 1125 2117 ad

279 2149 381 2178 corpus
397 2141 503 2177 patiens
517 2143 544 2168 et
559 2140 693 2168 afflictum
710 2141 764 2167 tota
780 2138 937 2175 patiebatur
948 2140 975 2166 et
989 2136 1127 2173 affligeba-

280 2192 335 2221 tur,
352 2192 379 2215 ut
395 2187 532 2224 perillam
551 2186 705 2223 passionem
722 2188 748 2214 et
763 2185 888 2213 dolorem
906 2184 984 2212 illum
999 2187 1054 2212 tota
1068 2191 1128 2220 pec-

280 2236 369 2264 catrix
392 2235 484 2262 anima
506 2237 663 2262 curaretur.
689 2233 719 2261 Et
742 2233 780 2261 sic
803 2232 882 2260 dolor
913 2231 964 2259 fuit
987 2234 1013 2259 et
1035 2230 1127 2267 passio

282 2283 307 2311 in
337 2282 446 2310 Christo
475 2281 630 2310 secundum
663 2287 822 2316 supremam
853 2279 968 2307 rationis
1001 2281 1127 2315 partem,

281 2329 409 2366 quamvis
432 2329 457 2357 in
474 2336 506 2357 ea
527 2327 610 2356 suerit
625 2327 759 2364 gaudium
779 2325 926 2354 fruitionis.
942 2342 979 2346 —-
995 2325 1067 2353 Licet
1083 2333 1129 2352 au-

283 2380 337 2405 tem
362 2377 412 2405 hoc
439 2378 565 2404 teneatur
593 2378 724 2411 tanquam
748 2381 867 2407 verum,
896 2372 1007 2401 difficile
1039 2376 1129 2400 tamen

283 2427 324 2452 est
345 2423 380 2452 ad
403 2421 634 2458 intelligendum,
656 2420 776 2458 qualiter
800 2420 825 2447 in
847 2419 940 2447 anima
962 2418 1061 2447 Christi
1091 2426 1130 2447 se-

283 2470 406 2499 cundum
429 2469 545 2498 eandem
565 2468 714 2504 potentiam
731 2471 757 2495 et
772 2466 927 2495 secundum
943 2466 1062 2494 eundem
1080 2469 1131 2494 sta-

283 2520 345 2546 tum
365 2516 502 2554 potentiae
524 2515 608 2544 suerit
623 2515 702 2543 dolor
724 2517 750 2542 et
765 2514 912 2550 gaudium,
929 2521 978 2542 nec
993 2513 1073 2541 dolor
1089 2521 1132 2541 su-

284 2564 449 2602 perveniens
465 2562 712 2591 discontinuavcrit
726 2561 876 2598 gaudium,·
892 2561 976 2588 immo
995 2560 1109 2588 fuerunt
1122 2560 1131 2573 ⁵

286 2611 383 2644 simul;
406 2618 455 2639 nec
477 2610 598 2643 iterum,
621 2608 695 2645 quod
719 2608 808 2636 maius
830 2611 884 2641 est,
906 2607 985 2635 dolor
1007 2607 1132 2635 intensus

287 2657 368 2686 valde
395 2657 515 2689 fecerat,
538 2655 671 2692 gaudium
695 2662 754 2682 esse
777 2654 868 2682 minus
890 2653 1054 2690 perfectum.

936 229 1189 258 SENTENTIARUM
1210 228 1270 256 LIB.
1293 227 1332 255 111.

1241 306 1278 334 Ad
1301 306 1369 334 haec
1390 308 1484 333 autem
1506 303 1685 340 intelligenda
1706 303 1760 331 tria
1778 305 1886 339 opottct
1907 310 2146 340 suppo-Suppositiot.

1160 361 1240 386 nere,
1262 360 1334 390 quae
1356 355 1421 380 sunt
1443 359 1509 379 vera
1535 354 1561 379 et
1583 350 1754 387 probabilia,
1776 350 1905 378 videlicet
1933 350 2007 387 quod

1159 399 1307 437 {laudium
1330 398 1469 427 fruitionis
1491 401 1518 426 et
1543 397 1626 425 dolor
1647 396 1784 434 passionis
1812 405 1865 425 non
1888 400 1952 425 sunt
1973 397 2009 425 af-

1161 447 1293 475 fectiones
1316 445 1501 478 contrariae,
1527 444 1592 482 quia
1621 452 1674 473 non
1697 448 1762 473 sunt
1787 448 1918 481 respectu
1939 444 2010 473 eius-

1163 493 1226 522 dem
1257 501 1306 521 nec
1333 493 1446 520 omnino
1473 492 1571 520 eodem
1600 491 1684 520 modo
1706 491 1800 519 insunt
1825 491 1931 525 eidem,
1959 491 2007 519 sed

1163 548 1251 568 unum
1269 540 1339 567 inest
1350 547 1404 576 per
1418 547 1461 572 se,
1483 538 1602 567 alterum
1617 546 1670 575 per
1691 537 1843 566 accidens.-
1859 537 1924 574 quia
1937 546 2010 575 qau-

1164 587 1246 614 dz'um
1270 587 1339 614 inest
1361 589 1475 622 propter
1497 585 1718 613 coniunctionem
1745 584 1895 621 gratuitam
1922 584 2010 621 ipsius

1165 642 1229 663 cum
1252 633 1371 667 Deitate‚
1394 632 1442 661 sed
1466 632 1550 660 dolor
1572 635 1686 668 propter
1714 631 1870 660 naturalem
1899 632 2011 660 coniun-

1168 680 1286 709 ctionem
1308 680 1396 716 ipsius
1417 686 1480 707 cum
1497 686 1595 711 carne;
1618 682 1645 706 et
1659 678 1725 714 quia
1740 686 1794 706 non
1816 681 1881 706 sunt
1895 678 2013 706 affectio-

1168 736 1216 756 nes
1231 727 1399 760 contrariae,
1417 729 1532 762 possunt
1548 725 1574 753 in
1598 725 1690 752 anima
1705 732 1766 753 esse
1781 725 1935 753 secundum
1952 733 2014 753 ean-

1166 775 1229 804 dem
1253 778 1369 811 partem.

1245 821 1336 849 Altera
1358 820 1512 857 suppositio
1532 823 1589 853 est⁷
1612 819 1686 856 quod
1713 827 1766 847 non
1791 822 1896 847 tantum
1920 819 2153 850 huius-Supposuioa.

1168 869 1242 897 modi
1272 868 1354 896 dolor
1383 871 1409 895 et
1435 866 1582 904 qamtium
1611 874 1664 894 non
1691 869 1756 894 sunt
1784 866 1936 899 contraria,
1966 866 2014 895 sed

1169 923 1258 944 unum
1274 919 1315 944 est
1337 914 1491 942 materiale
1506 917 1635 950 respectu
1650 913 1780 947 alterius3
1802 916 1829 941 et
1848 913 1910 941 ideo
1931 913 2015 942 simul

1169 963 1260 991 eidem
1277 962 1366 990 inesse
1383 964 1521 998 poterant,
1538 960 1610 989 sicut
1625 960 1652 988 in
1668 960 1728 988 viro
1740 959 1749 972 ‘²
1765 960 1921 996 poenitente
1945 959 2017 989 vide-

1170 1018 1248 1043 mus,
1271 1008 1345 1046 quod
1368 1007 1451 1036 simul
1474 1007 1548 1035 dolet
1570 1010 1596 1035 et
1618 1006 1652 1035 de
1674 1006 1770 1035 dolore
1789 1006 1900 1043 gaudet.
1926 1007 1969 1035 Sic
1990 1010 2017 1035 et

1170 1057 1263 1085 anima
1289 1055 1389 1084 Christi
1422 1054 1578 1083 secundum
1608 1057 1736 1082 naturam
1766 1054 1874 1090 corpori
1905 1054 2017 1091 patienti

1171 1103 1408 1140 compatiebatur,
1425 1106 1515 1130 tamen
1532 1102 1566 1130 de
1582 1101 1627 1129 illa
1645 1101 1771 1137 passione
1786 1104 1813 1129 et
1827 1101 2018 1138 compassione

1172 1151 1336 1179 laetabatur.

1252 1198 1271 1225 T
1274 1197 1344 1225 ertia
1366 1195 1520 1233 suppositio
1541 1198 1594 1229 est,
1616 1195 1690 1231 quod
1707 1194 1834 1223 Christus
1856 1194 1939 1223 simul
1958 1197 2158 1225 eratSuppositioss.

1171 1245 1268 1272 viator
1291 1247 1317 1272 et
1343 1241 1574 1279 comprehensor,
1603 1242 1639 1269 ita
1661 1234 1735 1278 quod
1766 1241 1879 1270 viatoris
1901 1241 2020 1278 cognitio

1174 1299 1227 1319 non
1251 1290 1419 1327 impediebat
1440 1289 1682 1325 comprehensoris
1697 1288 1897 1325 cognitionem,
1919 1296 1969 1317 uec
1984 1288 2021 1316 as-

1173 1338 1254 1367 sectio
1269 1337 1441 1365 affectionem
1456 1336 1479 1369 5;
1501 1339 1528 1364 et
1543 1335 1611 1363 illud
1633 1335 1684 1363 fuit
1705 1335 1732 1362 in
1748 1335 1857 1363 Christo
1879 1335 2020 1372 singulare

1175 1387 1290 1421 propter
1306 1383 1430 1411 officium
1448 1382 1624 1415 mediatoris,
1646 1389 1702 1418 quo
1717 1381 1835 1410 debehat
1856 1382 1978 1418 experiri
1995 1385 2021 1409 et

1175 1432 1270 1461 divina
1291 1434 1318 1459 et
1340 1431 1470 1458 humana.
1494 1429 1570 1458 Unde
1591 1429 1662 1457 sicut
1683 1428 1767 1457 simul
1789 1432 1816 1457 ct
1841 1429 1926 1457 semel
1950 1433 2022 1466 pote-

1176 1482 1219 1507 rat
1241 1478 1363 1514 perfecte
1384 1476 1506 1505 converti
1530 1476 1564 1504 ad
1591 1475 1680 1503 Deum
1702 1478 1729 1503 et
1754 1475 1876 1504 converti
1899 1475 1933 1504 ad
1957 1483 2022 1510 nos,

1176 1526 1213 1554 ita
1234 1525 1308 1562 quod
1332 1532 1387 1552 una
1404 1523 1514 1551 illarum
1538 1522 1751 1551 conversionum
1773 1522 1890 1551 alteram
1907 1531 1958 1550 non
1976 1523 2024 1551 im-

1176 1573 1306 1611 pediebat
1329 1579 1378 1599 nec
1401 1570 1577 1599 retardabat:
1607 1570 1646 1598 sic
1668 1569 1757 1606 potuit
1786 1570 1940 1598 secundum
1962 1578 2024 1599 ean-

1177 1621 1242 1649 dem
1264 1623 1371 1656 partem
1394 1618 1503 1645 animae
1525 1617 1607 1645 simul
1631 1620 1658 1645 et
1679 1617 1765 1645 semel
1787 1617 1910 1653 gaudere
1925 1618 1950 1645 in
1968 1617 2024 1646 Deo

1178 1672 1204 1696 et
1220 1667 1338 1703 compati
1355 1664 1463 1701 corpori
1487 1672 1550 1697 suo.
1568 1664 1604 1691 ita
1619 1663 1693 1700 quod
1713 1671 1763 1692 nec
1778 1664 1857 1692 dolor
1872 1672 1887 1691 a
1909 1664 2023 1700 gaudio,

1178 1723 1228 1743 nec
1250 1713 1383 1751 gaudium
1407 1720 1422 1739 a
1445 1711 1540 1739 dolore
1560 1714 1703 1748 pateretur
1724 1711 1846 1747 aliquam
1868 1711 2025 1740 diminutio-

1179 1770 1242 1790 nem
1266 1762 1323 1789 sive
1346 1759 1546 1788 remissionem.
1566 1775 1604 1778 —
1625 1758 1838 1786 Concedcndum
1861 1761 1902 1787 est
1924 1758 2045 1795 igitur‚.

1180 1809 1321 1837 Christum
1345 1806 1499 1835 secundum
1523 1805 1695 1841 superiorem
1726 1805 1879 1841 portlonem
1903 1805 2025 1834 doluisse

1181 1856 1207 1884 in
1231 1855 1370 1892 passione,
1394 1854 1419 1881 111
1443 1856 1579 1890 quantum
1602 1856 1693 1880 tamen
1717 1852 1787 1880 ratio
1803 1851 1847 1880 illa
1870 1852 2025 1881 considera-
2039 1857 2137 1876 Conclusio
2148 1857 2165 1876 2·

1180 1906 1226 1930 tur
1249 1909 1299 1938 per
1321 1900 1435 1928 modum
1457 1899 1617 1927 palmae&
1635 1899 1664 1927 Et
1685 1899 1878 1927 concedendae
1899 1903 1964 1928 sunt
1986 1908 2027 1927 ra-

1180 1949 1268 1977 tiones
1290 1948 1325 1976 ad
1355 1947 1425 1976 hanc
1451 1950 1557 1983 partem
1588 1945 1725 1974 inductae.
1750 1946 1786 1973 Ad
1812 1946 1931 1974 rationes
1960 1954 2027 1975 vero

1181 1995 1215 2024 ad
1238 1994 1396 2031 oppositum
1419 1992 1497 2021 facile
1519 1995 1560 2020 est
1582 1999 1632 2028 per
1647 1999 1679 2020 ea
1700 1999 1772 2028 quae
1794 1991 1867 2020 dicta
1887 1996 1965 2027 sunt,
1988 2000 2028 2021 re-

1181 2042 1326 2079 spondere.

1268 2090 1291 2117 1.
1313 2088 1352 2117 Ad
1375 2087 1443 2115 illud
1465 2087 1538 2115 enim
1565 2086 1640 2123 quod
1663 2085 1754 2122 primo
1782 2086 1911 2115 obiicitur
1932 2087 1967 2115 de
1989 2095 2030 2115 ra·
2043 2092 2113 2119 Somno
2127 2097 2159 2116 01³-

1182 2140 1232 2173 ptu
1262 2135 1354 2169 Pauli,
1381 2134 1546 2167 dicendum,
1575 2134 1650 2170 quod
1678 2141 1733 2161 non
1761 2136 1802 2161 est
1831 2133 1939 2167 simile,
1964 2134 2030 2171 quia
2044 2118 2153 2140 ⁹⁰⁵¹¹⁶mm'

1184 2184 1286 2212 Paulus
1309 2191 1361 2210 non
1384 2182 1422 2210 sic
1444 2182 1534 2218 potuit
1556 2181 1659 2209 habere
1680 2188 1762 2212 usum
1783 2181 1897 2209 viatoris
1918 2184 1945 2209 et
1959 2189 2031 2210 com-

1184 2229 1376 2267 prehensoris,
1391 2228 1546 2257 secundum
1561 2227 1636 2264 quod
1652 2227 1794 2261 Christus,
1810 2227 1856 2264 qui
1872 2231 1932 2255 erat
1947 2227 2030 2255 homo

1184 2280 1211 2304 et
1233 2276 1315 2304 Deus.

1264 2325 1289 2351 2).
1311 2322 1350 2351 Ad
1373 2322 1442 2350 illud
1465 2321 1539 2358 quod
1561 2321 1700 2355 obiicitur,
1720 2321 1795 2357 quod
1818 2321 1956 2349 contraria
1977 2329 2031 2349 non

1186 2373 1303 2408 possunt
1326 2370 1414 2398 inesse
1435 2369 1542 2402 eidem3
1564 2368 1728 2401 dicendum,
1753 2367 1824 2396 sicut
1846 2367 1951 2396 dictum
1974 2371 2031 2402 est,

1187 2418 1261 2455 quod
1290 2417 1369 2446 dolor
1398 2419 1425 2444 et
1452 2416 1585 2452 gaudium
1619 2415 1646 2442 in
1672 2414 1781 2443 Christo
1813 2422 1866 2442 non
1893 2414 2032 2443 habebant

1187 2464 1425 2497 contrarietatem,
1446 2463 1530 2491 immo
1544 2470 1631 2491 unum
1655 2466 1714 2490 erat
1729 2461 1882 2490 onaret-iate
1903 2465 2032 2498 respectu

1188 2511 1319 2545 alterius,
1341 2511 1406 2547 quia
1427 2518 1462 2538 ex
1486 2510 1537 2538 hoc
1559 2510 1618 2546 ipso
1633 2508 1760 2537 Christus
1781 2508 1920 2545 gaudebat
1942 2508 1967 2536 in
1984 2508 2034 2536 Do-

1189 2558 1264 2586 mino
1278 2558 1296 2592 ⁷,
1312 2566 1367 2594 quo
1383 2556 1529 2586 sentiebat.
1552 2564 1581 2585 se
1602 2556 1658 2593 pati
1680 2559 1706 2584 et
1727 2555 1821 2584 dolere
1836 2564 1887 2592 pro
1907 2555 2032 2583 Domino.

1268 2604 1293 2633 3.
1316 2604 1353 2632 Ad
1377 2604 1447 2632 illud
1468 2603 1543 2640 quod
1564 2603 1706 2636 obiicitur,
1735 2602 1808 2639 quod
1832 2601 1966 2638 gaudium
1989 2602 2034 2630 do-

1190 2652 1240 2680 lori
1265 2651 1475 2688 impermixtum
1498 2654 1539 2678 est
1565 2650 1653 2686 magis
1679 2650 1837 2682 intensum3
1864 2648 2033 2683 dicendum,

352 2790 357 2804 ¹
376 2790 420 2812 (Ἰν.
438 2796 507 2817 supra
526 2796 577 2817 pag.
597 2789 653 2816 Rll,
672 2791 722 2810 ncta
749 2789 766 2810 1.
784 2790 805 2811 et
827 2794 879 2815 pag.
899 2788 955 2815 299,
979 2790 1030 2810 nota
1057 2788 1077 2809 3.
1104 2799 1134 2802 —

289 2831 338 2852 Mox
364 2836 406 2857 pro
423 2828 568 2858 superiorem
592 2827 724 2857 portionem
742 2827 795 2849 edd.
818 2826 964 2855 superlorem
984 2827 1077 2856 partam
1095 2832 1134 2848 ra-

290 2868 365 2891 tionis.

352 2906 362 2920 ἵ
381 2906 438 2928 Vide
457 2906 478 2927 11.
498 2906 557 2927 Sem.
577 2905 597 2926 d.
617 2905 652 2926 31.
671 2911 691 2926 a.
714 2905 730 2926 1.
749 2911 771 2932 q.
790 2905 810 2926 2.

353 2946 362 2960 3
381 2946 408 2967 ltu
428 2945 494 2967 codd.
514 2945 569 2966 ElL
580 2944 595 2965 N
607 2944 624 2965 T
635 2944 652 2965 U
663 2944 681 2965 V
692 2944 751 2971 Zaa,
770 2944 820 2965 cod.
838 2944 857 2965 tt
874 2943 976 2971 fuerint,
991 2943 1043 2965 edd.
1055 2942 1134 2972 suerit.

354 2984 363 2998 ⁴
380 2984 435 3006 Edd.
453 2989 513 3006 cero.
533 2984 599 3005 Paulo
617 2986 668 3004 anto
680 2989 722 3010 pro
733 2983 844 3011 poteraut
855 2982 906 3004 cod.
919 2984 935 3004 Α
947 2983 1053 3011 poterat,
1068 2982 1134 3004 codd.

292 3024 335 3045 ER
348 3023 393 3045 NV
410 3023 534 3051 poteria-nt,
554 3021 605 3043 cdd.
624 3022 758 3049 potuerunt.

1252 2786 1261 2801 ⁵
1279 2786 1323 2808 Csr.
1336 2792 1404 2813 supra
1416 2785 1437 2806 «l.
1452 2783 1484 2806 14.
1498 2790 1517 2806 a.
1531 2784 1552 2805 3.
1565 2790 1587 2812 q.
1605 2785 1621 2806 1.
1634 2790 1681 2812 seq.
1691 2796 1722 2799 —
1732 2783 1787 2806 Cod.
1800 2784 1817 2805 Κ
1831 2784 1864 2805 sic
1876 2784 2034 2811 prosequitur:

1190 2826 1211 2848 el
1228 2824 1289 2847 illud
1304 2824 1350 2853 fuit
1366 2824 1389 2846 2'21
1408 2823 1500 2847 Christo
1516 2824 1612 2852 propter
1628 2822 1751 2851 sinqulctre
1772 2821 1873 2852 officium
1890 2820 2034 2844 mediatoris.

1253 2863 1263 2878 θ
1281 2863 1339 2885 Vide
1356 2866 1442 2892 quaest.
1461 2862 1566 2890 praeced.
1585 2863 1606 2883 in
1624 2867 1687 2889 corp.

1254 2903 1263 2917 ⁷
1280 2903 1409 2930 Respicitur
1433 2902 1488 2924 illud
1510 2902 1563 2923 Phil.
1582 2901 1607 2929 4,
1628 2901 1654 2923 4:
1673 2901 1774 2923 Gaudete
1791 2901 1812 2921 in
1831 2900 1928 2922 Domino
1946 2904 1987 2922 etc.
2004 2912 2036 2916 —

1192 2943 1261 2964 Paulo
1279 2942 1385 2969 superius
1410 2945 1461 2963 ante
1482 2940 1541 2963 sicut
1558 2940 1645 2963 dictum.
1663 2941 1696 2962 est
1712 2939 1779 2961 codd.
1798 2940 1814 2960 A
1825 2939 1842 2960 H
1854 2939 1859 2960 1
1871 2939 1946 2961 LZaa
1966 2938 1996 2961 bb
2013 2944 2035 2962 et

1192 2981 1245 3003 cdd.
1267 2982 1290 3009 1,
1308 2982 1321 3002 2
1340 2981 1475 3003 interiiciuut
1491 2979 1561 3009 quod.
