2166 3366
147 467 258 486 Notandum.

276 197 333 225 298

275 277 317 303 est
337 278 449 307 Status,
472 274 577 303 scilicet
598 274 624 301 in
657 274 791 311 sapientia
821 274 863 302 vel
890 273 1019 308 scientia,
1052 282 1123 310 quae

275 326 316 350 est
337 322 427 349 forma
448 324 474 349 et
496 321 609 349 habitus
630 321 747 348 animae.

354 370 380 396 Ξ.
402 368 439 396 Ad
464 368 533 396 illud
555 368 630 404 quod
653 367 797 397 obiicitur.
820 367 894 404 quod
917 367 953 395 ibi
970 370 1011 395 est
1026 375 1123 403 cogno-

274 424 353 444 scens
375 419 401 443 et
423 415 608 451 cognoscibile
630 418 656 443 et
680 414 760 448 uni0;
783 414 951 448 dicendum,
973 414 1047 451 quod
1068 422 1122 442 11011

273 471 471 502 quaectmnque
492 462 558 490 unio
580 462 770 498 cognoscentis
792 462 826 490 ad
849 461 1034 497 cognoscibile
1050 460 1124 489 suffi-

273 509 311 538 cit
331 509 364 537 ad
388 509 592 545 cognitionem,
609 509 695 536 immo
711 508 881 545 requiritur,
898 508 972 545 quod
988 508 1124 535 uniantur

275 564 324 593 per
345 556 465 584 moduni
487 555 691 592 cognoscentis.
714 555 790 583 Sicut
812 555 885 583 enim
908 554 934 582 10
957 554 1123 592 opponendo

275 606 459 630 monstratum
483 606 539 635 est,
561 602 636 630 Deus
657 606 698 630 est
720 602 746 629 in
776 602 906 629 omnibus
938 601 1123 629 essentialiter

273 653 300 678 et
321 650 436 678 intimus
452 649 597 682 omnibus,
614 653 640 677 et
655 652 747 677 tamen
763 657 779 677 a
796 649 891 685 paucis
906 648 1083 685 cognoscitur
1098 648 1123 682 ¹3

273 701 300 725 et
322 697 400 731 ideo,
422 696 551 733 quamvis
574 696 697 725 Verbum
720 696 875 724 increatum
891 696 926 724 sit
940 696 1050 724 animae
1065 695 1124 724 uui-

273 747 350 778 1001,
372 752 424 771 000
449 747 540 771 tamen
563 743 739 780 cognoscitur
761 751 810 779 per
833 743 899 775 hoc,
922 743 995 780 quod
1026 743 1124 770 unitur

273 791 299 818 in
323 790 457 819 unitatem
482 798 632 826 personae,
654 790 701 818 sed
726 798 775 827 per
790 790 858 824 1100,
873 789 949 826 quod
966 789 1123 818 intellectus

273 838 383 866 animae
406 837 457 866 sibi
480 837 574 866 unitae
596 837 716 866 efficitur
738 837 761 865 ei
778 837 928 865 conformis
945 844 993 873 per
1010 837 1124 865 influen-

274 885 340 913 tiam
364 884 486 913 luminis.
509 884 624 913 Necesse
646 884 720 913 enim
742 887 802 916 est,
825 884 996 912 intellectum
1028 884 1123 920 aliquo

272 932 356 961 modo
378 932 493 960 formari
515 935 542 960 et
564 931 707 959 informari
729 931 764 959 ab
786 931 846 968 ipso
873 930 1055 967 intelligibili,
1087 931 1122 959 ad

274 979 326 1007 hoc
347 979 422 1016 quod
444 979 538 1016 ipsum
561 982 716 1015 cognoscat.

352 1026 377 1054 3.
400 1026 438 1054 Ad
461 1026 530 1054 illud
553 1026 627 1063 quod
643 1026 773 1054 obiicitur
789 1025 824 1054 de
839 1025 931 1053 anima
946 1029 973 1053 et
992 1025 1121 1059 scientia,

273 1073 348 1110 quod
370 1081 399 1101 se
421 1073 488 1110 ipsis
510 1076 732 1109 cognoscuntur,
747 1075 773 1100 et
789 1072 835 1100 illa
851 1080 923 1109 quae
938 1072 1122 1101 essentialiter

952 196 1203 224 SENTENTIARUM
1226 195 1286 224 ΗΒ.
1308 196 1347 224 111.

1183 277 1249 302 sunt
1270 274 1297 302 in
1319 275 1427 306 animan
1450 275 1616 309 dicendum,
1639 275 1713 311 quod
1736 275 1839 303 anima
1855 283 1908 304 non
1924 276 2027 306 dicitur

1181 321 1308 357 cognosci
1325 329 1354 349 se
1369 322 1444 358 ipsa,
1460 322 1526 358 quia
1541 321 1607 358 ipsa
1622 322 1656 349 sit
1671 321 1800 355 scientia⁷
1816 330 1872 359 qua
1886 323 2026 359 cognoscit

1181 375 1225 399 se:
1248 368 1295 396 sed
1318 368 1464 396 scientim
1486 376 1515 397 se
1531 369 1590 405 ipsa
1605 369 1793 405 cognoscitur,
1815 369 1945 406 quoniam
1969 370 2028 406 ipsa

1181 418 1223 443 est
1245 415 1322 443 unita
1345 415 1481 452 potentiae
1502 415 1693 452 cognoscenti,
1716 416 1742 443 in
1765 419 1901 452 quantum
1924 420 1965 445 est
1987 425 2029 445 co-

1181 469 1324 497 gnoscens.
1346 462 1385 490 De
1406 462 1541 498 sapientia
1572 466 1665 490 autem
1698 462 1831 490 increata
1859 470 1940 491 secus
1970 467 2026 498 est,

1182 512 1240 536 tum
1264 508 1330 545 quia
1350 508 1409 545 ipsa
1424 511 1465 537 est
1480 517 1567 545 supra
1581 509 1702 537 animam
1726 512 1935 545 cognoscentem
1947 526 1986 530 -
2001 513 2027 539 et

1181 555 1244 583 ideo
1265 559 1374 592 oportet
1395 556 1498 584 elevari
1514 564 1564 592 per
1580 556 1696 593 gratiam
1709 572 1747 575 —
1761 560 1818 584 tum
1841 556 1940 591 etiam,
1962 557 2028 594 quia

1182 602 1245 630 talis
1266 602 1333 630 0010
1355 610 1408 630 000
1431 602 1549 637 sufficit,
1572 603 1623 631 uisi
1639 603 1711 631 alius
1727 603 1828 631 modus
1842 603 1952 632 unionis
1967 612 2028 632 con-

1181 653 1285 677 currat.

1260 696 1286 723 [1.
1310 696 1347 724 Ad
1371 696 1439 724 illud
1462 696 1536 732 quod
1559 696 1689 725 obiicitur
1712 697 1746 725 de
1777 697 2028 726 communicatione

1182 743 1362 776 idiomatum⁷
1385 743 1552 777 dicendum,
1574 743 1647 780 quod
1671 751 1767 772 verum
1791 748 1847 778 est,
1876 744 1951 781 quod
1983 744 2029 773 ille

1181 790 1266 817 homo
1281 790 1421 826 cognoscit
1437 790 1560 819 Verbum
1577 791 1712 827 sapientia.
1723 791 1861 824 increata3
1874 791 1922 819 sed
1934 799 2030 828 quam-

1180 837 1222 865 vis
1245 837 1378 865 idiomata
1400 837 1643 865 communicentur
1665 837 1709 865 illi
1723 836 1850 871 stamini,
1866 846 1920 866 non
1935 841 2028 867 tamen

1180 884 1424 913 communicantur
1449 884 1568 912 animae
1598 884 1699 913 Christi
1713 884 1732 912 ³.
1764 885 1817 913 Nos
1848 889 1941 914 autem
1974 894 2029 914 non

1180 931 1344 968 quaerimus
1365 939 1439 959 nunc
1461 931 1495 960 de
1517 932 1687 968 cognitione,
1709 940 1781 969 quae
1803 932 1886 960 detur
1909 932 1954 961 illi
1984 931 2030 966 110-

1180 978 1256 1006 mini
1283 986 1333 1015 per
1361 978 1526 1007 idiomatum
1553 979 1851 1013 communicationem,
1880 979 1929 1008 sed
1958 988 2029 1017 quae

1179 1025 1311 1062 competit
1332 1025 1487 1053 secundum
1509 1029 1654 1053 naturam
1675 1025 1793 1054 animae
1817 1034 1833 1054 a
1865 1026 1956 1055 Verbo
1988 1034 2030 1055 as-

1180 1075 1297 1100 sumtae.

1017 1176 1279 1212 SOHOLION.

337 1281 350 1303 l.
369 1281 449 1308 Agitur
466 1281 488 1301 10
507 1280 549 1302 hac
567 1280 710 1302 distinctione
728 1285 771 1301 000
799 1279 827 1301 de
852 1279 929 1301 divina
954 1278 1023 1301 Verbi
1047 1279 1122 1312 cogni-

273 1321 345 1347 tione,
363 1320 404 1342 sed
421 1320 449 1341 de
473 1320 603 1347 cognitione
620 1323 642 1341 et
663 1319 754 1341 501001111
778 1318 873 1340 animae
894 1318 989 1346 Christi,
1007 1319 1043 1340 cui
1062 1319 1122 1340 theo-

273 1359 318 1387 logi
337 1359 489 1381 communiter
508 1358 619 1386 triplicem
642 1358 745 1380 tribuunt
761 1358 891 1385 scientiam,
910 1358 994 1380 scilicet
1012 1357 1119 1385 beatam,

272 1397 379 1427 infusam
396 1401 417 1419 et
434 1397 583 1427 acquisiimn.
610 1397 706 1419 Scientia
726 1396 791 1419 beata
809 1400 843 1418 ost
860 1398 908 1425 ipsa
926 1398 985 1419 visio
1003 1397 1122 1425 beatifica,

273 1444 317 1466 qua
336 1437 397 1459 Deus
414 1437 546 1459 immediate
563 1439 584 1458 et
602 1437 662 1458 clare
687 1437 849 1464 cognoscitur,
876 1435 957 1465 infusa.
974 1440 1008 1458 est
1030 1437 1122 1458 scientia

272 1477 385 1499 interioris
407 1476 505 1503 ordinis,
533 1480 607 1498 1110100
630 1485 639 1495 α
660 1476 688 1497 de
713 1482 805 1497 sursum
828 1476 970 1498 descendens
991 1484 1000 1496 n
1022 1476 1073 1503 (lac.
1092 1476 1122 1503 3,

273 1516 281 1537 .1
289 1516 319 1544 5.)
338 1519 360 1538 et
376 1516 425 1537 sine
443 1516 535 1543 propria
550 1515 660 1537 industria
680 1521 720 1542 per
737 1515 936 1542 supernaturalem
955 1515 993 1536 Dei
1012 1515 1123 1537 inssuxum

272 1556 456 1582 communicata,
483 1553 600 1584 acquisita
620 1561 676 1576 vero
694 1561 705 1575 a
724 1554 794 1576 rebus
812 1554 905 1582 propria
924 1555 1011 1575 actione
1029 1559 1124 1581 compa-

272 1598 342 1617 ratur.
360 1594 393 1616 De
410 1593 490 1622 infusa
507 1597 529 1615 et
545 1592 663 1622 acquisita
680 1592 781 1615 brevitor
792 1593 868 1620 agitur
880 1593 901 1614 in
915 1593 935 1614 3.
948 1593 1050 1615 articulo.
1065 1592 1122 1614 Cum

272 1636 349 1655 autem
367 1639 411 1655 una
430 1633 522 1654 scientia
541 1631 608 1655 beata
626 1632 709 1660 duplex
728 1631 811 1654 habeat
828 1631 956 1659 obiectum,
974 1632 1059 1654 scilicet
1075 1631 1123 1661 pri-

271 1671 391 1699 marium,
412 1671 475 1700 quod
492 1675 526 1693 est
543 1672 592 1699 ipse
610 1671 680 1696 Deus,
708 1674 730 1692 et
752 1670 935 1698 secmzdarium,
961 1671 1046 1693 scilicet
1068 1671 1123 1693 alias

272 1718 310 1734 res
327 1712 348 1733 in
367 1711 446 1733 divino
463 1711 588 1738 exemplari
606 1711 722 1738 cognitas;
745 1713 824 1732 auctor
841 1711 862 1732 in
886 1711 902 1732 l.
921 1712 962 1732 art.
980 1717 1001 1739 q.
1020 1711 1040 1732 2.
1060 1710 1080 1732 3.
1093 1711 1123 1732 10-

273 1751 343 1780 quirit
363 1750 391 1773 de
414 1750 533 1780 primario
559 1750 666 1772 scientiae
692 1749 772 1772 beatae
797 1749 900 1777 obiecto,
918 1752 940 1771 et
957 1750 978 1771 in
997 1750 1018 1771 2.
1036 1753 1076 1771 art.
1095 1749 1124 1772 de

271 1789 422 1813 secundario.

335 1829 358 1851 ll.
377 1829 399 1850 ln
418 1829 460 1851 hac
482 1829 498 1850 l.
517 1829 650 1857 quaestione
668 1829 744 1856 agitur
761 1828 790 1850 de
807 1829 855 1856 ipsa
874 1829 962 1850 visione¹
981 1828 1083 1850 beatifica
1096 1834 1123 1850 ex

272 1871 337 1897 parte
358 1868 453 1891 animae
476 1867 649 1897 cognoscentis,
678 1870 754 1890 utrum
774 1868 859 1889 scilicet
878 1868 986 1895 importet
1005 1869 1123 1890 scientiam

271 1908 320 1929 sive
334 1907 437 1929 habitum
455 1907 570 1929 creatum.
588 1906 731 1934 Supponitur
743 1909 833 1932 autem,
847 1907 867 1927 in
882 1906 970 1928 Christo
989 1907 1081 1927 homine
1094 1906 1123 1928 ab

271 1947 362 1968 instanti
379 1952 434 1968 suae
452 1946 608 1973 conceptionis
626 1946 695 1967 t'uisse
712 1946 825 1967 visionem
839 1945 967 1967 beatificam
986 1945 1035 1971 (cfr.
1053 1952 1123 1973 supra

273 1985 295 2007 d.
315 1985 350 2007 r13.
369 1991 389 2007 a.
412 1985 428 2006 l.
445 1991 468 2013 q.
487 1984 525 2012 3.).
545 1985 566 2006 Ιι1
585 1985 627 2006 11110
644 1985 777 2013 quaestione
795 1984 934 2006 considerari
953 1987 1026 2012 potest
1039 1985 1123 2013 1101ρο-

272 2023 344 2046 tentia
361 2023 516 2051 cognoscendi
531 2023 683 2052 (intellectus),
696 2023 732 2045 vel
745 2024 826 2051 actus,
841 2024 877 2045 vel
891 2023 991 2046 habitus.
1004 2023 1058 2045 Fide
1070 2030 1124 2045 con-

273 2065 316 2085 stat
333 2065 410 2084 contra
429 2062 610 2090 Apollinaristas,
624 2062 780 2084 Monothelitas
792 2063 906 2091 aliosque,
924 2062 987 2091 quod
1000 2063 1021 2084 in
1034 2061 1123 2084 Christo

273 2101 340 2123 suerit
357 2105 405 2123 tum
422 2100 525 2130 potentia
542 2101 667 2123 intellectus
685 2102 783 2123 humana
802 2105 824 2123 et
841 2106 931 2129 creata;
951 2105 998 2123 tum
1011 2103 1079 2124 actus
1091 2102 1124 2123 in-

272 2140 389 2167 telligendi
407 2141 533 2167 humanus,
551 2146 604 2162 cum
623 2140 731 2167 synodus
747 2141 895 2162 oecumenica
909 2140 943 2162 Vl.
957 2140 1090 2168 profiteatur
1101 2141 1123 2162 in

273 2178 363 2202 Christo
384 2188 394 2199 (ι
407 2179 465 2201 duas
484 2180 598 2202 naturales
615 2180 761 2207 operationes
778 2179 887 2207 indivise,
905 2179 1123 2207 inconvertibiliter,

273 2218 470 2246 inseparabiliter,
488 2218 607 2240 inconfuse
620 2227 630 2238 1³
651 2221 694 2240 etc.
713 2218 762 2245 (cfr.
780 2218 864 2241 Concil.
890 2218 1007 2246 Lateran,
1024 2225 1060 2240 an.
1078 2218 1123 2241 649

273 2257 317 2280 sub
335 2258 429 2280 1111111100
448 2258 468 2285 Ι,
487 2264 536 2280 can.
554 2258 619 2285 9-16,
638 2263 680 2279 000
698 2263 742 2279 000
761 2258 797 2279 1110
813 2258 902 2279 1111110111
924 2258 1081 2285 responsionis
1103 2260 1125 2279 et

1178 1279 1234 1300 intra
1254 1279 1275 1301 d.
1298 1279 1330 1300 17.
1349 1286 1369 1300 a.
1392 1280 1408 1301 1.
1427 1285 1449 1307 q.
1471 1280 1487 1300 1.
1506 1279 1545 1308 2.).
1572 1279 1648 1301 Restat
1673 1280 1743 1307 igitur
1765 1281 1868 1308 quaestio
1894 1280 1922 1302 de
1945 1279 2027 1303 habitu

1179 1319 1272 1345 creato,
1296 1326 1305 1338 «
1318 1324 1365 1347 quo
1382 1318 1497 1340 mediante
1515 1320 1678 1346 cognoscimus
1688 1328 1709 1341 n.

1243 1357 1324 1384 Opinio
1341 1358 1415 1385 primu
1430 1358 1465 1379 1110
1477 1358 1544 1379 relata
1564 1357 1670 1380 tribuitur
1690 1358 1765 1380 loanni
1783 1365 1794 1380 a
1814 1359 1869 1386 Ripa
1887 1362 1909 1381 et
1926 1365 2028 1382 commu-

1180 1397 1237 1418 niter
1254 1399 1359 1418 censetur
1376 1402 1484 1424 erronea,
1502 1397 1561 1418 sicut
1576 1400 1599 1418 et
1610 1396 1717 1418 secunda.
1730 1396 1874 1419 Conveniunt
1886 1398 1955 1426 igitur
1967 1404 2028 1421 nunc

1180 1435 1279 1462 theologi
1298 1435 1318 1456 in
1338 1436 1392 1463 1100,
1410 1435 1473 1463 quod
1486 1436 1507 1457 in
1525 1435 1614 1458 Christo
1632 1436 1672 1458 suit
1685 1437 1775 1458 scientia
1789 1439 1862 1458 creata
1882 1442 1926 1458 non
1940 1441 2027 1459 tantum

1180 1474 1258 1503 quoad
1273 1473 1403 1503 polentiam
1420 1479 1442 1496 et
1458 1475 1550 1502 (ictum,
1570 1475 1611 1497 sed
1629 1476 1696 1497 etiam
1714 1475 1790 1504 quoad
1808 1474 1915 1498 habitum
1930 1476 1979 1498 sive
1991 1475 2028 1498 lu-

1180 1519 1234 1535 men
1251 1512 1357 1542 qlorioe,
1377 1519 1423 1542 quo
1441 1519 1483 1541 per
1500 1513 1595 1535 modum
1614 1514 1702 1535 formae
1713 1514 1788 1536 infuso
1800 1514 1926 1536 intellectus
1942 1515 2028 1536 assimi-

1181 1553 1239 1574 latur
1257 1552 1346 1575 obiecto
1363 1553 1463 1575 increato
1480 1556 1502 1574 et
1519 1553 1644 1575 intellectus
1661 1553 1775 1580 possibilis
1792 1553 1821 1575 ad
1839 1554 2027 1582 cognoscendum

1181 1591 1305 1619 perficitur.
1323 1593 1404 1614 scotus
1422 1591 1499 1620 quoad
1515 1591 1606 1620 factum
1624 1593 1735 1615 consentit
1755 1592 1871 1614 doctrinae
1896 1594 2027 1622 communi,

1180 1631 1221 1653 sed
1239 1631 1286 1652 Deo
1311 1630 1419 1660 possibile
1443 1637 1493 1653 esse
1511 1631 1570 1659 vult,
1589 1631 1732 1659 immediate,
1750 1631 1838 1660 absque
1855 1632 1930 1660 aliqua
1954 1633 2028 1655 forma

1181 1673 1263 1696 creata,
1277 1671 1298 1691 10
1312 1670 1424 1692 1010110010
1443 1671 1556 1692 visionem
1574 1670 1665 1692 efficere
1674 1688 1679 1697 ‚
1692 1677 1735 1698 pio
1747 1677 1791 1699 qua
1810 1672 1934 1694 assertione
1946 1678 2028 1699 provo-

1181 1713 1216 1732 cat
1233 1711 1300 1732 etiam
1318 1709 1346 1731 ad
1364 1709 1435 1731 verba
1455 1710 1553 1737 Magistri
1571 1710 1607 1732 hic
1624 1710 1646 1731 in
1664 1710 1694 1732 lit.
1712 1710 1807 1738 insuper
1824 1713 1941 1738 notamus,
1964 1711 2028 1739 quod

1180 1749 1258 1771 variae
1271 1753 1323 1771 sunt
1335 1749 1455 1776 opiniones
1472 1749 1632 1776 theologorum
1645 1750 1703 1771 circa
1717 1755 1812 1771 munera
1825 1753 1846 1772 et
1857 1750 1951 1772 effectus
1964 1750 2028 1772 lumi-

1181 1788 1216 1809 nis
1233 1787 1327 1815 gloriae.
1338 1800 1365 1803 —-
1378 1787 1547 1809 Distinctionem
1565 1788 1623 1809 inter
1639 1788 1756 1810 scientiam
1774 1787 1869 1810 unionis
1886 1791 1908 1811 et
1925 1794 2028 1817 compre-

1181 1826 1300 1849 hensionis
1313 1826 1381 1849 habet
1393 1827 1460 1848 etiam
1473 1827 1533 1849 Alex.
1546 1827 1594 1849 Hal.
1608 1827 1638 1855 (S.
1652 1833 1675 1854 p.
1689 1827 1719 1849 lll.
1731 1834 1753 1856 q.
1771 1827 1804 1849 13.
1816 1833 1846 1849 m.
1864 1827 1928 1855 225.)
1939 1845 1944 1855 ,
1962 1828 2028 1850 cuius

1181 1865 1266 1893 verba,
1284 1872 1343 1894 quae
1367 1865 1517 1888 differentiam
1540 1865 1671 1893 specificati)
1692 1867 1749 1888 inter
1768 1869 1890 1894 utramque
1909 1867 2027 1889 scientiam

1181 1908 1280 1928 statuere
1298 1906 1417 1930 videntur.
1435 1912 1446 1926 a
1465 1905 1489 1927 S.
1506 1906 1590 1927 Bonnv.
1609 1906 1640 1931 (in
1659 1905 1703 1927 tine
1715 1906 1789 1934 corp.)
1807 1912 1861 1927 sane
1878 1906 2027 1934 explicantur.

1181 1957 1211 1959 —
1229 1944 1291 1966 [lanc
1308 1948 1330 1966 et
1346 1948 1480 1972 sequentem
1499 1945 1656 1973 quaestionem
1674 1944 1779 1967 diffusius
1792 1944 1912 1972 probatam
1925 1945 2028 1967 invenies

1181 1984 1202 2005 in
1221 1983 1361 2011 quibusdam
1379 1984 1479 2005 auctoris
1496 1984 1565 2005 nostri
1583 1983 1756 2012 quaestionibus
1773 1984 1907 2011 disputatis⁷
1920 1990 1932 2005 a
1950 1983 2027 2012 nobis,

1181 2022 1228 2044 Deo
1241 2022 1343 2050 favente,
1356 2023 1377 2044 10
1390 2023 1507 2044 volumine
1520 2022 1547 2044 V.
1561 2023 1628 2044 110105
1646 2022 1751 2044 editionis
1763 2023 1863 2050 primum
1876 2022 2027 2051 publicandis.

1244 2061 1277 2083 111.
1295 2062 1356 2083 Alex.
1374 2061 1434 2089 Hah,
1453 2062 1494 2083 loc.
1512 2062 1547 2083 cit.
1566 2068 1596 2083 m.
1618 2062 1636 2083 l.
1653 2074 1685 2077 —
1701 2062 1772 2090 Secu,
1790 2062 1811 2083 in
1830 2064 1928 2090 utroque
1939 2062 2028 2090 Scripto

1182 2102 1218 2123 1110
1236 2108 1258 2130 q.
1280 2101 1298 2122 l.
1315 2112 1347 2116 —
1363 2101 1386 2122 S.
1404 2101 1499 2128 Thom.⁷
1518 2101 1554 2123 hic
1571 2107 1594 2129 q.
1616 2101 1633 2123 l.
1650 2107 1670 2122 a.
1693 2101 1710 2123 l.
1729 2101 1870 2129 quaestione.
1889 2101 1937 2129 1-3,
1955 2101 1977 2123 S.
1997 2101 2028 2123 lll.

1181 2147 1203 2169 q.
1222 2141 1243 2162 9.
1261 2147 1281 2162 a.
1302 2141 1320 2162 1.
1340 2141 1368 2168 2,
1387 2140 1415 2162 de
1434 2140 1503 2162 Veiit.
1522 2146 1543 2168 q.
1562 2140 1599 2162 ⁴20.
1616 2146 1637 2162 a.
1660 2141 1677 2162 1.
1695 2141 1715 2162 2.
1732 2152 1764 2156 —
1780 2140 1804 2162 B.
1817 2140 1914 2168 Albert.‚
1927 2141 1963 2162 hic
1974 2147 1994 2162 a.
2007 2141 2028 2162 2.

1180 2192 1212 2196 —
1230 2180 1287 2202 Petr.
1305 2186 1316 2201 a
1336 2179 1400 2207 Tar.,
1419 2180 1455 2201 hic
1472 2186 1494 2208 q.
1513 2180 1578 2202 unica
1597 2186 1617 2201 a.
1636 2180 1656 2201 3.
1675 2180 1817 2208 quaestiunc.
1836 2180 1856 2201 l.
1874 2192 1904 2195 —
1921 2179 2027 2202 Richard.

1181 2225 1193 2240 a
1212 2219 1281 2245 Med„
1300 2219 1337 2240 1110
1354 2224 1373 2240 a.
1396 2219 1413 2240 1.
1431 2225 1453 2247 q.
1472 2219 1492 2240 2.
1504 2230 1536 2235 —
1548 2218 1661 2245 Durand.,
1675 2219 1711 2240 hic
1724 2225 1746 2247 q.
1760 2220 1780 2240 vl.
1793 2230 1823 2234 —
1834 2218 1927 2246 Dionys.
1939 2217 2027 2247 Carth,

1181 2258 1217 2279 liic
1235 2264 1256 2286 q.
1279 2258 1296 2279 l.
1315 2270 1345 2273 —-
1362 2258 1418 2284 Biel,
1436 2257 1465 2280 de
1483 2258 1525 2279 bac
1542 2261 1564 2279 et
1580 2264 1644 2286 seqq.
1663 2264 1701 2287 qq.
1720 2258 1756 2280 hic
1773 2264 1796 2286 (1.
1814 2259 1887 2280 unica.

1043 2348 1207 2385 QUAESTtO
1229 2349 1258 2376 11.

464 2448 571 2476 Utrum
592 2448 696 2477 anima
720 2447 832 2477 Christi
853 2448 885 2476 in
906 2448 1101 2485 coqwzoscendo
1122 2446 1348 2484 comprehendat
1368 2448 1466 2484 ipsam
1494 2447 1617 2476 Verbum
1637 2448 1696 2476 sibi
1717 2448 1840 2476 unitum.

351 2548 479 2577 Secundo
500 2548 662 2585 quaeritur,
684 2552 780 2577 utrum
803 2549 895 2576 anima
916 2548 1018 2576 Christi
1047 2555 1119 2576 coin-

272 2595 429 2632 prehendat
451 2595 542 2632 ipsum
566 2596 689 2624 Verbum
712 2596 763 2624 sibi
787 2596 906 2624 unitum.
929 2595 959 2623 Et
974 2595 1048 2632 quod
1065 2595 1119 2629 sic,

274 2641 400 2670 videtur:

354 2689 377 2716 1.
401 2688 492 2717 Primo
515 2696 564 2726 per
584 2689 778 2717 auctoritatem
795 2688 915 2726 Apostoli
931 2688 967 2717 ad
982 2688 1122 2717 Colossen-

2042 329 2152 350 Notandum.

2043 843 2057 862 N
2062 844 2153 864 otandum.

2151 2461 2153 2475 4
2165 2466 2166 2469 ,

1176 2555 1219 2575 505
1240 2547 1397 2575 secundo⁴1
1421 2547 1456 2575 Ιη
1476 2555 1532 2585 quo
1551 2547 1701 2584 plenitudo
1723 2547 1894 2576 Divinicacis
1926 2556 2024 2585 corpo-
2038 2540 2166 2596 Adtgffosigi‘

1176 2593 1282 2622 Taliter
1304 2592 1465 2627 inhabitat,
1489 2594 1613 2631 loquitur
1635 2594 1669 2623 de
1691 2594 1816 2628 Christo;
1837 2595 1886 2623 sed
1915 2594 1953 2622 ita
1984 2603 2026 2623 co-

1177 2641 1284 2677 gnoscit
1307 2640 1400 2668 anima
1421 2641 1522 2669 Christi
1546 2641 1670 2670 Verbum
1686 2641 1737 2670 sibi
1754 2641 1879 2676 unitum,
1895 2641 1966 2670 sicut
1981 2641 2028 2669 ha-

1180 2687 1249 2715 bitat
1264 2687 1291 2715 in
1307 2695 1353 2716 ea:
1370 2688 1510 2724 cognoscit
1524 2696 1591 2725 ergo
1605 2696 1715 2717 omnem
1732 2688 1934 2725 plenitudinem
1950 2688 2026 2723 eius;

338 2846 344 2860 ¹
363 2847 414 2869 Scil.
433 2847 521 2869 visione
539 2847 642 2869 beatifica
665 2847 714 2874 (cfr.
733 2847 770 2869 hic
793 2847 896 2869 fundam.
920 2847 964 2875 2.),
985 2846 1022 2869 ve]
1043 2847 1123 2869 saltem

275 2888 299 2907 ut
316 2886 394 2908 intime
411 2892 527 2913 praesens.
546 2898 577 2902 —
589 2886 610 2908 ln
629 2886 673 2908 fine
690 2887 756 2908 solut.
775 2886 828 2908 edd.
846 2887 953 2908 omittunt
970 2884 1120 2915 intelligibili,

274 2930 316 2952 pro
334 2931 381 2953 quo
399 2925 450 2947 cod.
468 2925 487 2947 Μ
501 2925 527 2953 (N
545 2932 556 2947 a
569 2925 670 2947 secunda
684 2926 763 2954 manu)
776 2924 905 2953 intellecto,
923 2926 945 2947 10
957 2924 1063 2953 pluribus
1075 2925 1123 2946 aliis

274 2963 342 2985 codd.
360 2970 483 2991 perperam
502 2963 631 2992 intellectu,
651 2965 673 2986 in
690 2964 740 2987 cod.
760 2965 774 2986 S
791 2963 911 2987 intellectu
928 2964 1041 2987 increato.

337 3002 346 3017 ²
363 3003 385 3025 ln
404 3003 457 3025 edd.
475 3003 619 3025 desideratur
635 3002 738 3026 scientia.

1243 2845 1252 2860 ³
1269 2845 1313 2868 cfr.
1331 2853 1401 2874 supra
1419 2846 1441 2868 d.
1460 2847 1481 2869 6.
1499 2853 1519 2869 a.
1539 2847 1558 2869 l.
1576 2853 1598 2875 q.
1621 2847 1638 2868 l.
1651 2846 1680 2868 ad
1692 2847 1713 2868 6.
1726 2846 1838 2868 —Paulo
1855 2847 1963 2874 superius
1975 2849 2027 2874 post

1179 2884 1216 2907 illi
1234 2884 1325 2908 homini
1346 2885 1414 2908 codd.
1438 2884 1485 2907 ΜΟ
1508 2885 1596 2908 addunt
1611 2891 1654 2914 per
1678 2885 1818 2908 idiomatum
1835 2883 2026 2908 communit-atio-

1180 2929 1241 2946 nem.
1260 2924 1328 2946 Paulo
1346 2925 1439 2946 interius
1457 2930 1499 2952 pro
1517 2923 1587 2946 detur
1603 2924 1654 2946 cod.
1671 2924 1690 2945 H
1707 2923 1823 2946 substituit
1840 2922 1942 2946 debetur.

1242 2962 1251 2977 4
1271 2963 1335 2986 Vers.
1357 2964 1378 2986 9.
1395 2964 1466 2985 —ln
1492 2964 1553 2986 initio
1579 2967 1667 2992 quaest.
1692 2965 1744 2990 post
1768 2962 1851 2985 anima
1868 2962 1957 2986 Christi
1972 2963 2025 2985 edd.

1179 3008 1233 3024 cum
1250 3002 1302 3024 cod.
1320 3009 1346 3025 ee
1362 3002 1486 3025 subiiciunt
1502 3002 1527 3025 in
1544 3001 1711 3031 coynoscendo.
