2166 3366
127 912 262 932 Fundamenta.

270 174 326 202 262

269 252 375 281 teria¹:
398 260 465 289 ergo
487 253 509 281 si
532 253 624 281 anima
646 251 747 280 Christi
770 251 821 279 fuit
842 251 994 288 purissima
1015 254 1042 279 et
1067 251 1115 279 im-

269 299 362 328 munis
383 299 419 327 ab
440 299 515 327 omni
537 301 662 335 peccato,
685 298 809 332 videtur,
832 297 906 334 quod
928 306 993 326 caro
1013 298 1115 326 Christi

269 346 398 374 debuerit
419 353 480 374 esse
502 345 537 373 ab
552 345 627 373 omni
648 345 826 381 corruptione
845 344 949 373 aliena:
973 353 1027 373 non
1049 352 1116 381 ergo

269 393 304 421 de
325 400 417 420 massa
431 395 577 428 corrupta,
592 399 624 420 ac
646 399 696 428 per
711 392 763 420 hoc
782 399 832 420 nee
847 391 882 419 de
903 399 1005 428 genere
1020 391 1114 419 Adam.

348 439 373 467 3.
399 439 486 473 item,
513 438 714 475 improperium
742 441 889 474 parentum
920 438 1060 466 redundat
1088 438 1115 466 in

268 486 389 523 prolem,
405 485 561 514 secundum
583 485 659 522 quod
674 485 741 513 dicit
755 484 902 522 Sapiens2;
924 485 973 513 sed
989 484 1116 513 Christus

269 533 366 562 debuit
387 541 447 561 esse
476 533 588 561 omnino
614 532 748 560 immunis
773 532 808 560 ab
830 532 905 560 omni
932 532 1035 568 peccati
1064 532 1116 560 im-

268 580 416 617 properio:
440 587 506 616 ergo
528 588 582 608 non
605 579 703 608 debuit
728 586 789 608 esse
811 579 846 607 de
871 586 973 615 genere
996 578 1116 607 hominis

268 627 360 664 primi.

348 674 374 702 [ι.
393 674 473 706 Item,
488 673 614 702 debitum
630 676 778 710 parentum
796 673 951 710 imputatur
966 673 1052 710 proli3
1067 673 1116 702 sed

269 720 405 749 mediator
428 720 524 749 debuit
549 728 609 749 esse
631 720 737 757 absque
763 720 837 748 omni
868 719 977 754 debito,
1003 723 1034 748 ut
1056 719 1117 748 eius

269 767 370 796 solutio
391 768 504 796 omnino
525 770 718 804 acceptaretur
744 776 760 795 a
786 767 857 801 Deo,
880 767 952 796 sicut
980 767 1047 795 dicit
1068 768 1117 795 An—

269 814 410 843 selmus³z
432 822 498 851 ergo
520 822 573 843 non
596 814 694 843 debuit
714 814 793 843 exire
815 814 849 843 de
872 822 973 851 genere
996 814 1075 843 Adae.

348 862 401 889 SED
415 869 539 890 CONTRA:
559 862 581 889 1.
595 861 633 890 Ad
650 861 787 890 Hebraeos
803 861 925 890 secundo
937 861 961 889 ⁴:
979 861 1037 897 Qui
1050 870 1116 890 san-

269 908 379 946 ctificat
392 912 418 937 et
431 909 483 947 qui
495 908 712 945 sanctificatur,
728 917 763 937 ed·
778 917 836 937 uno
852 917 965 942 omnes‚·
980 909 1029 937 sed
1041 909 1117 937 Chri-

268 958 329 984 stus
350 958 392 984 est
413 955 460 992 qui
476 955 644 989 sanctificat,
666 955 714 992 qui
737 963 804 984 vero
819 955 1028 984 sanctificantur
1050 958 1116 984 sunt

268 1002 315 1030 filii
338 1002 439 1030 Adam:
463 1002 575 1030 videtur
601 1002 701 1038 igitur,
724 1002 798 1039 quod
826 1002 898 1031 sicut
918 1002 964 1030 alii
994 1006 1059 1031 sunt
1080 1002 1115 1031 de

268 1057 369 1086 genere
390 1049 479 1083 Adae,
501 1049 539 1077 ita
560 1049 688 1077 Christus
709 1049 794 1077 fuerit
815 1052 842 1077 et
864 1049 994 1078 debuerit
1014 1057 1084 1078 esse.

347 1097 373 1124 2.
396 1096 475 1130 ltem,
497 1104 548 1133 pro
570 1096 653 1133 culpa
674 1096 796 1124 hominis
817 1104 871 1124 non
894 1096 973 1125 decet
994 1096 1045 1125 nisi
1069 1096 1116 1124 ho-

267 1144 371 1173 minem
394 1143 569 1178 satisfacere,
590 1151 657 1180 ergo
672 1151 723 1180 pro
745 1143 828 1180 culpa
842 1143 968 1171 omnium
990 1143 1113 1172 filiorum

265 1191 338 1219 Adae
360 1194 387 1219 et
402 1191 490 1228 ipsius
505 1190 577 1219 Adae
599 1190 695 1219 nullus
710 1190 793 1219 debet
808 1190 979 1225 satisfacere,
998 1190 1049 1219 nisi
1066 1191 1113 1227 qui

266 1239 301 1267 sit
322 1238 397 1267 filius
418 1238 517 1272 Adam3
540 1238 587 1266 sed
604 1238 731 1266 Christus
752 1237 884 1266 satisfecit
900 1245 950 1274 pro
972 1237 1055 1275 culpa
1070 1246 1115 1266 no-

266 1289 338 1314 stra:
360 1293 426 1322 ergo
448 1285 545 1314 debuit
566 1293 627 1314 esse
648 1284 683 1313 de
712 1287 807 1313 nostro
838 1292 940 1321 genere
965 1288 992 1313 et
1013 1284 1047 1313 de
1069 1293 1115 1313 no-

266 1335 324 1360 stra
346 1340 438 1360 massa
449 1332 466 1359 ⁵.

345 1379 371 1407 3.
394 1379 473 1413 item,
489 1379 511 1407 si
528 1379 611 1407 homo
625 1378 758 1412 stetisset,
778 1378 846 1406 nulli
862 1378 909 1406 alii
931 1378 1024 1415 generi
1041 1386 1115 1406 crea-

266 1429 346 1454 turae
367 1429 440 1454 esset
467 1426 623 1460 obnoxius,
646 1429 778 1463 tanquam
804 1433 854 1462 per
884 1425 976 1462 ipsum
999 1425 1115 1453 haberet

264 1477 361 1501 stare:
383 1481 449 1510 ergo
471 1473 493 1501 si
510 1473 593 1501 homo
614 1480 665 1510 per
679 1472 821 1501 Christum
844 1476 993 1501 revocatur
1012 1472 1038 1500 in
1062 1473 1115 1509 pri-

265 1520 366 1549 stinam
395 1520 574 1557 dignitatem,
603 1519 731 1553 videtur,
754 1519 828 1556 quod
857 1519 927 1547 nulli
949 1519 994 1547 alii
1019 1520 1113 1555 generi

265 1570 411 1596 creaturae
433 1567 530 1595 debuit
551 1574 612 1595 esse
639 1566 792 1601 obnoxius,
815 1569 949 1603 tanquam
971 1574 1021 1603 per
1044 1566 1113 1595 illud

264 1617 439 1651 resuryeret.
462 1614 512 1642 Sed
536 1614 695 1643 resurrexit
715 1622 765 1651 per
780 1613 935 1642 Christum:
958 1621 1025 1650 ergo
1041 1613 1114 1642 vide-

264 1664 325 1695 tur,
340 1661 415 1698 quod
437 1661 565 1690 Christus
580 1661 735 1689 secundum
756 1668 868 1689 carnem
884 1660 981 1689 debuit
1002 1668 1063 1689 esse
1078 1660 1113 1689 de

265 1716 366 1745 genere
387 1708 479 1737 carnis
501 1708 612 1737 vitiatae
626 1708 644 1736 Β.

344 1756 370 1783 [ι.
387 1755 469 1789 item,
485 1758 561 1783 tanto
576 1755 774 1792 congruentior
789 1758 830 1783 est
846 1755 992 1787 mediator,
1008 1757 1113 1792 quanto

264 1803 421 1840 proximior
442 1805 483 1831 est
505 1802 653 1839 utriusque
676 1802 786 1839 generi:
816 1802 838 1831 si
860 1810 928 1839 ergo
960 1810 1113 1839 congruen-

264 1850 390 1879 tissimus
411 1850 548 1891 mediator
569 1849 620 1878 fuit
642 1849 769 1878 Christus
801 1850 873 1878 inter
905 1849 1032 1878 homines
1053 1857 1114 1886 pec-

264 1901 339 1926 tores
360 1901 387 1926 et
408 1897 495 1925 Deum
511 1897 535 1925 ⁷:
559 1904 625 1933 ergo
647 1897 744 1925 debuit
765 1904 826 1925 esse
847 1896 882 1925 de
903 1904 1005 1933 genere
1028 1896 1114 1925 homi-

264 1952 331 1972 num
355 1947 542 1981 peccatorum.
827 1935 836 1944 “

328 2312 335 2326 1
353 2313 457 2339 Aristot,
476 2312 498 2333 ll.
517 2312 546 2334 de
563 2312 667 2334 Gener-at.
683 2312 774 2334 animal.
792 2318 811 2334 c.
830 2312 851 2333 3.
870 2311 928 2333 Vide
945 2315 999 2334 tom.
1018 2311 1041 2333 ll.
1059 2317 1113 2339 pag.

264 2352 320 2379 380,
339 2355 390 2374 nota
413 2352 433 2379 l,
453 2351 491 2373 ubi
509 2352 558 2379 ipsa
576 2351 707 2379 Philosophi
726 2350 796 2373 verb-i
815 2351 879 2373 allata
897 2354 956 2373 sunt.
974 2362 1006 2367 —-·
1018 2350 1061 2372 Pro
1073 2356 1114 2373 no-

264 2391 304 2415 bili
320 2391 373 2414 edd.
391 2390 514 2419 nobiliori,
529 2397 571 2419 pro
591 2390 672 2420 optari
688 2390 755 2413 codd.
775 2391 792 2413 K
804 2391 821 2412 T
832 2391 848 2412 Z
865 2390 992 2420 adaptari,
1012 2396 1054 2418 pro
1066 2396 1115 2413 ma·

264 2430 324 2453 teria
341 2430 409 2452 codd.
427 2430 433 2452 l
445 2430 460 2452 L
472 2430 490 2451 V
500 2430 516 2451 Z
526 2436 552 2452 aa
570 2430 667 2452 natura.

326 2470 335 2484 ἵ
353 2469 419 2492 Eccti.
438 2469 463 2497 3,
485 2469 518 2491 12.
539 2469 581 2491 13;
608 2469 639 2491 Ne
662 2469 766 2497 glorieris
783 2469 805 2491 in
823 2469 961 2491 contumelia
980 2469 1050 2496 patris
1068 2469 1114 2496 tui;

263 2515 308 2531 non
326 2509 388 2530 enim
405 2511 440 2530 est
457 2508 496 2530 tibi
514 2508 586 2536 gloria
604 2509 654 2530 eius
671 2508 782 2530 confusio.
800 2508 875 2530 Gloria
893 2508 954 2530 enirn
973 2508 1072 2530 hominis
1088 2514 1115 2530 ex

263 2548 350 2570 honore
369 2548 439 2575 patris
456 2548 504 2575 sui,
522 2550 544 2569 et
561 2547 663 2569 dedecus
680 2547 717 2569 filit
736 2550 801 2575 pater
818 2548 867 2569 sine
884 2547 979 2569 honore.

327 2586 336 2600 3
353 2586 413 2609 Libr.
432 2586 445 2608 l.
463 2585 509 2609 Cur
526 2586 586 2608 Deus
604 2586 685 2614 homo,
699 2592 718 2608 c.
737 2587 773 2608 22.
790 2589 813 2609 et
830 2586 854 2609 ll.
872 2592 890 2608 c.
913 2586 946 2609 ll.
963 2599 994 2601 —
1011 2586 1114 2609 Subinde

263 2632 305 2654 pro
322 2625 389 2648 exire
405 2625 458 2647 edd.
475 2631 531 2648 esse.

326 2664 335 2679 ⁴
354 2665 418 2687 Vers.
435 2665 468 2687 11.
480 2677 511 2681 -
523 2665 545 2686 ln
558 2664 602 2686 fine
614 2671 662 2692 arg.
675 2664 729 2687 edd.
741 2665 837 2687 voculae
851 2663 883 2687 ita
895 2664 1024 2693 adiungunt
1035 2664 1114 2687 eliam.

325 2703 335 2718 5
352 2704 388 2726 Sic
405 2707 427 2726 et
445 2704 556 2732 Ansam„
579 2704 601 2725 ll.
619 2703 666 2726 Cur
683 2703 744 2726 Deus
762 2704 842 2731 bomo,
861 2710 880 2726 c.
899 2704 919 2726 8.
938 2703 982 2726 Cfr.
1000 2705 1111 2732 August„

263 2743 292 2765 de
310 2743 369 2765 Vera
388 2743 460 2770 Relig.
478 2749 497 2765 c.
519 2743 552 2765 16.
570 2749 591 2764 n.
610 2742 647 2765 30.
666 2755 696 2758 —
714 2743 756 2765 Pro
773 2742 847 2772 ipsius
865 2742 930 2766 Adae
946 2743 997 2765 cod.
1010 2742 1027 2765 N
1039 2742 1114 2772 ipsius=

263 2781 334 2805 eliam
351 2781 424 2805 Adue.

326 2821 335 2835 θ
352 2820 397 2844 Csr.
415 2815 531 2846 Ansetm..
553 2821 575 2843 ll.
601 2820 647 2843 Cur
669 2821 729 2843 Deus
747 2822 829 2848 homo,
847 2828 866 2843 c.
885 2822 906 2844 8.
923 2824 946 2844 et
962 2822 976 2844 l.
994 2828 1013 2844 c.
1032 2821 1053 2849 5,
1071 2827 1113 2844 nec

264 2866 308 2882 non
326 2860 435 2887 August,
454 2860 508 2882 Xlll.
527 2860 555 2882 de
573 2860 636 2882 Trin.
654 2866 672 2882 c.
692 2860 727 2882 118.
746 2866 766 2882 n.
786 2860 822 2882 23.

326 2897 335 2912 7
353 2898 398 2921 Csr.
416 2905 485 2926 supra
504 2904 557 2926 pag.
578 2899 616 2927 19,
629 2901 680 2921 nota
694 2899 714 2920 6.
727 2910 759 2915 —-
770 2899 840 2921 Paulo
852 2900 959 2926 superius
971 2905 1013 2927 pro
1025 2898 1112 2922 uli-ius-

264 2943 308 2967 que
324 2937 406 2966 generi
421 2937 488 2959 codd.
507 2937 524 2959 l<
537 2938 552 2959 P
563 2937 580 2966 Q
591 2938 609 2959 R
619 2944 644 2960 aa
656 2937 687 2960 bb
699 2937 794 2968 utrique
805 2938 899 2968 yeneri,
914 2938 981 2961 codd.
996 2939 1013 2960 M
1025 2938 1042 2960 O
1054 2937 1112 2961 ulri-

263 2982 308 3006 que
325 2977 438 2999 earlremo.

944 173 1197 203 SENTENTIARUM
1219 173 1279 201 LIB.
1302 174 1341 202 111.

1487 259 1700 280 CONCLUSIO.

1173 345 1268 382 Mayis
1290 354 1454 383 eonyraum
1476 345 1552 383 fnit,
1574 346 1651 383 quod
1667 345 1762 374 Filias
1786 347 1837 375 Dei
1857 351 2019 375 assumeret

1252 400 1373 420 carnem
1394 393 1427 421 de
1446 402 1550 430 yenere
1572 393 1671 421 Adam
1690 401 1779 431 quam
1801 393 1934 427 aliunde,
1957 393 2019 422 lieet

1252 439 1331 467 Deus
1352 439 1438 468 aliter
1460 440 1611 476 disponere
1631 440 1778 476 potuisset.

1253 533 1431 561 unspoxsmno:
1454 533 1624 568 Dicendum,
1646 533 1722 570 quod
1743 533 1849 571 absque
1871 534 1957 562 dubio
1971 534 2018 563 Dei

1174 579 1258 608 Filius
1280 580 1415 617 potuisset
1436 588 1548 609 carnem
1577 589 1722 610 assumere
1743 581 1856 609 aliunde
1877 589 1962 618 quam
1985 582 2019 611 de

1174 634 1266 655 massa
1287 630 1435 663 corrupta,
1457 627 1515 655 sive
1536 627 1664 661 aliunde,
1679 636 1762 664 quam
1779 636 1815 657 ex
1837 628 1881 657 his
1896 629 1943 666 qui
1959 637 2020 666 pro-

1174 677 1320 702 cesserunt
1334 674 1369 703 de
1384 682 1484 711 genere
1496 675 1581 703 Adam
1591 674 1600 688 ⁸
1611 686 1617 709 ;
1630 675 1717 712 magis
1732 679 1823 704 tamen
1840 676 2019 712 congruebat,

1174 720 1249 757 quod
1278 720 1313 748 de
1345 728 1446 757 genere
1478 720 1551 749 Adae
1582 729 1694 749 carnem
1717 725 1882 750 assumeret.
1906 722 1937 750 Et
1958 722 2020 751 licet

1175 767 1280 796 multae
1308 768 1363 796 sint
1395 768 1610 805 congruentiae,
1638 776 1710 805 quae
1742 777 1791 797 nos
1815 769 1918 804 latent,
1940 769 2020 798 iuxta

1175 814 1425 843 multiformitatem
1457 814 1608 851 sapientiae
1639 815 1709 849 Dei,
1739 818 1831 844 tamen
1864 816 2018 845 secundum

1175 861 1260 890 verba
1281 864 1308 890 et
1329 862 1403 890 dicta
1424 862 1588 891 Sanctorum
1618 865 1739 899 quatuor
1761 866 1878 900 possunt
1900 863 2020 892 rationes

1173 908 1371 945 congruentiae
1392 909 1527 945 assignari
1541 908 1560 936 ⁹.

1253 955 1344 984 Prima
1366 959 1408 984 est
1428 959 1543 993 propter
1562 956 1796 985 conservandam
1817 957 2019 986 rectitudinem

1173 1003 1320 1037 iustitiae,
1342 1006 1373 1031 ut
1395 1003 1524 1031 videlicet
1545 1003 1671 1032 eiusdem
1694 1004 1803 1040 generis
1824 1008 1897 1033 esset
1918 1004 2022 1033 satisfa-

1172 1053 1232 1078 ctor
1253 1053 1280 1079 et
1302 1050 1517 1087 praevaricator.
1540 1050 1607 1078 Nam
1630 1050 1650 1078 si
1674 1050 1790 1079 alterius
1805 1051 1915 1087 generis
1936 1055 2021 1086 esset,

1172 1105 1226 1125 non
1248 1097 1451 1125 attribueretur
1482 1097 1573 1125 eidem
1606 1097 1700 1134 generi
1733 1097 1898 1133 satisfactio,
1926 1099 1970 1127 cui
1993 1101 2020 1127 et

1171 1143 1302 1176 offensim
1323 1151 1353 1171 ac
1377 1151 1427 1180 per
1448 1144 1500 1172 hoc
1528 1152 1582 1171 non
1611 1147 1686 1173 recte
1715 1147 1878 1173 servaretur
1899 1145 2020 1174 iustitiae

1171 1190 1325 1224 rectitudo,
1347 1198 1418 1227 quae
1440 1191 1475 1219 ab
1496 1190 1543 1219 illo
1564 1198 1666 1227 genere
1688 1192 1806 1228 requirit
1819 1192 1976 1226 emendam,
1992 1192 2019 1220 in

1171 1245 1227 1274 quo
1249 1237 1354 1274 reperit
1376 1238 1589 1274 praecedentem
1611 1238 1754 1267 offensam.

1251 1284 1379 1313 Secunda
1407 1288 1448 1313 est
1477 1288 1591 1321 propter
1619 1284 1871 1322 manifestandam
1897 1286 2020 1314 dulcedi—

1171 1340 1238 1359 nem
1260 1331 1500 1365 misericordiae,
1523 1334 1554 1360 ut
1576 1332 1705 1361 videlicet
1727 1332 1785 1368 ipse
1806 1332 1950 1367 Dominus,
1971 1333 2017 1370 qui

1171 1378 1207 1407 ab
1229 1378 1341 1407 homine
1363 1381 1539 1415 contemptus
1560 1378 1652 1407 suerat
1674 1382 1805 1416 tanquam
1828 1379 1863 1408 ab
1891 1379 2020 1409 adversa-

1172 1425 1214 1454 rio
1235 1428 1261 1454 et
1283 1425 1410 1460 inimico,
1432 1425 1490 1462 ipse
1522 1425 1594 1454 idem
1618 1426 1711 1462 generi
1745 1426 1868 1454 humano
1889 1427 2018 1455 uniretur

1172 1473 1197 1501 in
1221 1472 1331 1501 Christo
1354 1472 1379 1500 in
1402 1473 1536 1501 unitatem
1561 1480 1715 1509 personae,
1738 1473 1764 1501 in
1787 1481 1843 1510 quo
1866 1474 2020 1502 manifesta-

1172 1523 1218 1548 tur
1241 1520 1311 1548 mira
1333 1519 1381 1548 Dei
1402 1519 1600 1548 condescensio
1621 1519 1648 1547 in
1672 1519 1739 1554 hoc,
1754 1520 1828 1556 quod
1851 1520 1909 1557 ipse
1931 1528 2018 1557 genus

1170 1614 1289 1643 solubile
1310 1614 1469 1648 vinculum,
1491 1614 1572 1642 iuxta
1593 1614 1663 1643 illud
1685 1615 1760 1651 quod
1789 1615 1892 1643 dicitur
1914 1615 1949 1643 ad
1972 1615 2019 1644 Ro-

1172 1669 1268 1690 manos
1284 1661 1381 1698 quinto
1393 1661 1423 1689 ¹⁰:
1442 1661 1631 1690 Commendat
1644 1664 1742 1689 autem
1762 1661 1917 1690 caritatem
1931 1670 2019 1690 suam

1173 1708 1250 1736 Deus
1271 1711 1321 1737 etc.

1214 1781 1221 1783 s
1250 1755 1343 1784 Tertia
1365 1754 1435 1783 ratio
1456 1758 1498 1783 est
1518 1754 1553 1783 ad
1568 1754 1781 1783 declarandam
1803 1755 2017 1783 ordinationem

1170 1802 1349 1840 sapientiae,
1371 1809 1443 1839 quae
1465 1802 1578 1839 quidem
1610 1802 1748 1830 ordinatio
1769 1802 1847 1831 nullo
1869 1805 1960 1839 potest
1980 1803 2018 1831 in-

1170 1849 1253 1885 fringi
1276 1849 1350 1877 vitio.
1373 1849 1542 1877 Decreverat
1572 1848 1645 1877 enim
1680 1849 1753 1877 Deus
1774 1852 1802 1877 et
1822 1849 2017 1884 ordinaverat,

1170 1899 1202 1925 ut
1223 1904 1311 1933 genus
1332 1896 1489 1924 humanum
1512 1899 1601 1924 totum
1630 1896 1866 1933 multiplicaretur
1887 1900 1914 1925 et
1935 1897 2020 1926 disse-

1171 1943 1326 1972 minaretur
1348 1951 1384 1972 ex
1406 1951 1478 1977 uno,
1499 1946 1614 1980 propter
1633 1943 1917 1979 repraesentationem
1943 1943 2018 1973 illius

1232 2310 1242 2325 8
1259 2311 1303 2334 Csr.
1321 2311 1392 2334 verba
1410 2313 1506 2340 August.
1524 2313 1561 2335 hic
1577 2314 1599 2335 in
1618 2314 1647 2336 lit.
1667 2314 1776 2342 Magistri,
1790 2320 1809 2337 c.
1826 2315 1844 2337 l.
1857 2315 1964 2343 allegata,
1977 2321 2019 2338 nec

1172 2357 1216 2373 non
1234 2351 1291 2373 infra
1309 2350 1331 2373 d.
1350 2351 1386 2373 20.
1404 2357 1426 2379 q.
1445 2352 1466 2373 6.
1484 2364 1514 2367 -
1532 2352 1574 2374 Pro
1590 2352 1664 2374 verbo
1679 2354 1848 2382 processerunt
1869 2354 1936 2376 codd.
1955 2354 2016 2377 1111<

1172 2390 1187 2412 L
1198 2390 1216 2412 T
1226 2396 1252 2412 aa
1269 2391 1462 2419 praecesserunt,
1481 2391 1550 2413 codd.
1567 2391 1585 2413 G
1595 2392 1611 2413 Z
1625 2393 1813 2421 praecesserant.

1234 2429 1244 2443 ⁹
1260 2430 1357 2457 August.
1374 2431 1397 2451 et
1413 2429 1524 2458 Anselm.,
1548 2436 1607 2459 quos
1623 2431 1669 2452 iam
1686 2437 1756 2459 supra
1774 2431 1937 2461 allegavimus,
1955 2439 2019 2461 prae-

1172 2469 1240 2496 cipue
1255 2467 1359 2497 primam
1377 2471 1399 2490 et
1415 2470 1529 2498 quartam
1554 2470 1665 2492 rationem
1688 2470 1800 2498 afferunt;
1819 2471 1848 2493 de
1864 2471 1969 2495 secunda
1985 2479 2019 2495 ra-

1172 2508 1232 2529 tione
1249 2507 1289 2530 cfr.
1308 2506 1437 2536 Chrysost.,
1456 2508 1537 2530 Hotnil.
1556 2508 1576 2530 5.
1595 2509 1616 2530 in
1635 2509 1704 2537 Epist.
1722 2509 1751 2532 ad
1768 2509 1837 2532 Hebr.
1855 2516 1876 2533 n.
1898 2511 1915 2533 1.
1937 2511 1966 2539 2;
1989 2511 2018 2534 de

1171 2545 1241 2568 tertia
1257 2545 1373 2574 Fuigent„
1392 2546 1421 2568 de
1439 2546 1524 2569 lncarn.
1544 2547 1589 2569 Filii
1607 2547 1658 2575 Dei,
1677 2554 1697 2569 n.
1717 2547 1753 2576 114,
1776 2552 1798 2570 ct
1821 2548 1844 2570 ll.
1862 2549 1923 2571 Sem.
1941 2549 1963 2571 d.
1983 2550 2017 2572 18,

1171 2591 1191 2607 a.
1211 2585 1230 2607 l.
1249 2591 1272 2614 q.
1294 2585 1311 2607 l.
1329 2587 1351 2607 et
1368 2585 1423 2608 dub.
1444 2586 1463 2607 l.
1489 2585 1534 2608 Clr.
1551 2587 1619 2609 etiam
1638 2587 1704 2615 Hugo
1722 2587 1751 2609 de
1768 2588 1790 2610 S.
1810 2588 1879 2616 Vict.,
1897 2589 1911 2611 l.
1929 2588 1959 2611 de
1981 2589 2019 2611 Sa-

1171 2630 1241 2646 cram.
1259 2630 1281 2652 p.
1300 2624 1354 2646 Vlll.
1372 2631 1391 2647 c.
1414 2625 1447 2653 to,
1465 2628 1487 2648 et
1504 2626 1610 2648 Richard.
1629 2633 1639 2648 a
1659 2626 1681 2648 S.
1699 2626 1769 2655 Vict.‚
1789 2627 1803 2649 l.
1815 2627 1844 2649 de
1857 2628 2017 2657 Emmanuele,

1170 2669 1190 2685 c.
1212 2664 1245 2686 10.
1263 2670 1327 2693 seqq.
1347 2677 1376 2680 —
1393 2664 1441 2686 Mox
1460 2670 1502 2692 pro
1519 2664 1708 2688 conservandam
1725 2665 1776 2688 cod.
1793 2665 1825 2688 bb
1837 2665 2017 2690 observandam.

1171 2703 1240 2725 Paulo
1258 2703 1352 2725 inferius
1369 2710 1411 2732 pro
1429 2710 1489 2733 quae
1506 2703 1536 2727 ub
1553 2703 1594 2726 illo
1610 2710 1696 2734 yenere
1708 2704 1809 2734 requirit
1825 2705 1949 2729 emendam
1966 2706 2016 2728 cod.

1170 2741 1186 2763 F
1202 2741 1249 2764 nisi
1265 2741 1294 2765 ab
1311 2742 1352 2765 illo
1369 2749 1454 2772 genere
1471 2742 1601 2772 inquireret
1617 2744 1639 2766 el
1655 2743 1786 2766 emendum.

1234 2780 1253 2795 ¹⁰
1272 2782 1335 2804 Vers.
1355 2782 1375 2804 8.
1393 2795 1423 2798 —
1440 2782 1509 2805 Paulo
1534 2783 1642 2810 superius
1668 2789 1709 2810 pro
1734 2782 1798 2805 mira
1815 2782 1858 2805 Dei
1873 2783 1941 2806 codd.
1959 2783 2017 2806 Abb

1169 2821 1233 2844 mira
1250 2820 1343 2844 divinae
1359 2820 1459 2851 pietatis.
1485 2821 1571 2844 Deinde
1589 2827 1631 2849 pro
1648 2820 1809 2844 indissolubile
1825 2821 1948 2845 vinculum
1965 2822 2017 2844 cod.

1169 2861 1185 2883 Z
1203 2860 1245 2889 (bb
1262 2867 1274 2883 a
1292 2861 1393 2883 secunda
1412 2862 1491 2889 manu)
1509 2860 1534 2883 in
1550 2859 1709 2883 indissolubili
1725 2859 1832 2888 vinculo,
1856 2861 1906 2883 cod.
1933 2861 1952 2883 Κ
1972 2867 2017 2890 per

1168 2899 1330 2923 indissolubile
1346 2899 1476 2923 vinculum.
1495 2900 1563 2922 Paulo
1581 2900 1675 2922 inferius
1687 2900 1738 2921 voci
1750 2899 1879 2929 sapientiae
1892 2900 1940 2923 Vat.
1954 2907 2017 2928 prae-

1169 2940 1236 2962 mittit
1252 2938 1352 2962 divinae.

2155 521 2156 529 l

2033 540 2135 560 Conclusio.
2155 534 2156 543 ¹

2042 961 2147 985 Congruen-

2035 985 2060 1003 tia
2073 985 2090 1004 1.

2042 1290 2146 1313 Congruen-
2163 1277 2164 1280 Ἴ

2034 1314 2059 1332 tia
2071 1314 2089 1332 2.

2041 1760 2147 1783 Congruen-

2032 1786 2057 1801 tia
2070 1784 2087 1802 3.
