2166 3366
141 1086 170 1104 Ad
183 1090 238 1112 quae-

122 1111 177 1127 stion.
192 1114 237 1127 inct-

121 1133 193 1151 dentes

111 1179 138 1197 De
146 1179 242 1198 continen-

123 1203 148 1221 tia
161 1203 237 1226 Symbo-

123 1227 190 1244 lorum.

111 1790 240 1808 Corollariuni.

253 205 309 233 538

251 283 400 316 dixerunt,
422 282 556 318 Spiritum
589 282 714 309 sanctuni
738 288 798 308 esse
821 288 934 308 servum
958 279 1046 307 Patris
1074 282 1101 307 et

251 329 325 363 Filii⁷
348 337 400 356 non
424 332 532 356 tantum
555 328 676 356 dicitur:
702 327 793 355 Credo
815 327 846 354 iii
869 326 1015 363 Spiritum
1035 334 1101 354 sctu-

250 381 347 409 ctum,
369 376 417 405 sed
439 375 572 403 additur:
599 374 754 403 Dominum
777 378 801 402 ct
821 373 1034 411 vivificantem,
1050 373 1102 411 qui

251 432 285 451 ear
310 424 400 451 Patre
419 422 568 459 procedit;
589 425 616 450 et
637 421 723 450 Latini
746 421 931 450 addiderunt:
954 420 1100 457 Filioque,

250 473 363 507 propter
384 476 509 497 errorem
532 468 701 496 Graecorum
715 468 783 495 ¹.—
797 467 855 503 Qui
874 475 941 495 cum
963 467 1055 494 Patre
1076 469 1102 494 ec

250 516 326 545 Filio
340 515 431 544 Simul
453 515 600 543 adoratur
621 518 688 549 etc.>
710 518 737 543 et
758 515 890 543 additur:
915 514 973 550 Qui
987 513 1100 542 locutus

250 567 290 591 est
308 571 361 600 per
390 561 570 599 Propheta-5,
593 562 626 590 ad
651 561 869 590 destructionem
899 561 1004 589 erroris
1035 568 1101 597 quo-

250 610 369 639 rundam
384 609 409 644 2,
431 610 477 646 qui
501 609 651 643 dixerunt,
666 609 741 645 quod
768 609 921 645 Prophetae
941 608 1023 636 locuti
1046 607 1101 635 sint

249 658 321 686 sicut
342 657 461 685 fanatici.

329 704 360 732 Et
375 704 413 732 sic
430 707 518 740 patet,
535 703 610 740 quod
626 703 677 731 ista
693 703 822 739 Symbola
838 711 891 730 non
907 701 1100 739 superfluunt;

252 759 301 779 nec
324 755 414 779 tamen
438 750 600 787 Symbolum
623 750 815 786 Apostolorum
839 749 891 777 fuit
913 749 1099 781 diminutum,

250 798 331 835 quia,
363 797 492 834 quamvis
514 797 539 825 in
563 797 610 825 illo
633 797 702 825 fides
724 796 893 825 sufficienter
925 795 1100 824 contineatur

250 849 387 882 quantum
410 845 444 873 ad
478 844 619 881 propriam
642 847 669 872 et
691 844 845 880 simplicem
868 843 931 872 fidei
956 843 1101 872 confessio-

251 900 330 926 nem,
352 895 542 928 opportunum
570 895 662 919 tamen
684 891 751 924 fuit,
774 890 879 927 aliquid
902 890 966 919 addi
990 890 1101 918 adex-

250 939 438 976 planationem
472 942 585 975 propter
617 938 815 967 confutandam
842 938 1010 966 haereticam
1040 945 1101 974 pra-

252 986 374 1015 vitatem.

330 1033 367 1061 Ad
391 1032 460 1061 illud
483 1032 557 1069 quod
586 1032 733 1069 quaeritur
758 1032 857 1061 ultimo
880 1032 914 1060 de
939 1031 1100 1060 diversitate

252 1080 368 1109 istorum
391 1079 587 1116 symbolorum
617 1082 752 1116 quantum
783 1079 818 1107 ad
848 1079 1043 1107 continentiam
1074 1082 1101 1107 et

251 1127 516 1165 frequentationem,
550 1127 602 1154 iam
635 1129 709 1163 patet
742 1126 885 1163 responsio
917 1134 967 1162 pro
1000 1134 1100 1162 magna

251 1177 330 1212 parte
352 1181 387 1202 ex
409 1173 453 1202 his
474 1181 546 1210 quae
568 1173 641 1201 dicta
662 1176 736 1201 sunt.
758 1173 824 1200 Nam
850 1172 1013 1208 Symbolum
1035 1173 1101 1209 Apo-

252 1221 387 1249 stolorum
411 1220 541 1257 pauciora
566 1220 688 1248 continet
708 1227 792 1256 quam
815 1219 907 1253 aliud,
929 1219 995 1255 quia
1009 1222 1051 1247 est
1065 1219 1099 1247 ad

253 1267 406 1304 praecisam
428 1266 613 1294 articulorum
635 1266 865 1302 expressionem3
887 1265 941 1293 alia
962 1273 1028 1293 vero
1044 1265 1101 1293 duo

250 1314 378 1351 Symbola
402 1317 467 1343 sunt
487 1314 522 1342 ad
545 1313 752 1341 haereticorum
775 1312 1001 1341 confutationem.
1024 1312 1100 1341 Unde

250 1361 299 1390 etsi
323 1361 348 1389 in
372 1361 433 1389 aliis
454 1361 575 1389 addatur
598 1363 733 1397 (plantum
756 1359 791 1387 ad
807 1359 1021 1396 expressionem
1036 1367 1102 1396 quo-

250 1409 370 1437 rundam
394 1408 595 1441 articulorum,
618 1416 670 1435 non
694 1411 784 1435 tamen
801 1407 925 1435 articuli
939 1407 1102 1443 exprimun-

250 1459 297 1484 tur
320 1456 407 1492 magis
440 1455 538 1492 plene;
570 1455 655 1482 immo
683 1454 766 1482 etiam
789 1455 815 1482 in
838 1454 968 1490 Symbolo
990 1454 1099 1482 Nicaeni

251 1503 362 1532 Concilii
386 1503 524 1531 omittitur
546 1502 682 1531 articulus
699 1502 733 1530 de
755 1502 893 1530 ‹les-censu
914 1501 955 1529 αιί
975 1500 1101 1538 inferos,

251 1550 309 1578 sive
331 1549 396 1586 quia
418 1549 491 1578 cirea
514 1549 566 1577 hoc
588 1549 668 1585 pauci
693 1548 734 1577 vel
759 1548 827 1576 nulli
844 1552 1027 1581 erraverunt,
1043 1548 1101 1577 sive

251 1597 325 1634 quod
348 1605 382 1625 ex
407 1596 464 1633 ipsa
486 1596 657 1625 consessione
679 1596 830 1624 descensus
856 1595 957 1624 Christi
980 1595 1014 1624 ad
1038 1595 1102 1624 infe-

252 1652 297 1672 ros
320 1647 413 1680 posset
434 1643 499 1671 oriri
523 1651 622 1677 error;
646 1643 706 1671 ideo
729 1642 890 1671 maluerunt
911 1642 990 1670 illum
1018 1642 1103 1671 subti-

251 1698 313 1719 cere
335 1693 362 1718 et
384 1690 516 1727 implicite
538 1689 617 1718 illum
639 1689 792 1726 intelligere
809 1689 834 1717 in
855 1689 1069 1717 res-invectione
1084 1689 1101 1716 ³.

333 1738 363 1765 Et
385 1737 448 1765 inde
470 1740 526 1771 est,
549 1737 622 1773 quod
646 1736 808 1773 Symbolum
829 1736 1022 1773 Apostolorum
1039 1736 1103 1765 dici-

255 1788 299 1812 tur
321 1792 381 1812 esse
403 1784 520 1816 mains,
542 1791 596 1811 non
619 1786 755 1819 quantum
778 1782 812 1811 ad
829 1782 1025 1811 continentiam
1042 1790 1102 1811 ver-

254 1831 369 1865 borum,
402 1831 449 1859 sed
482 1833 617 1867 quantum
640 1829 675 1858 ad
697 1829 893 1858 continentiam
916 1829 1100 1857 articulorum

253 1881 280 1906 et
309 1881 445 1914 quantum
476 1877 510 1905 ad
538 1877 731 1905 auctoritatem
762 1876 998 1913 componentium.
1023 1877 1102 1904 Maio-

931 202 1184 230 SENTENTIARUM
1207 202 1266 229 Ltss.
1289 202 1328 229 lll.

1159 279 1197 307 ris
1233 280 1307 308 enim
1339 280 1514 309 auctoritatis
1547 282 1588 308 est
1621 279 1689 308 illud
1724 279 1886 316 Symbolum
1919 287 2003 317 qnam

1158 326 1212 355 alia
1234 327 1299 355 duo.

1239 373 1303 402 Hinc
1319 374 1475 407 estonam,
1498 374 1573 410 quod
1597 374 1663 411 quia
1685 374 1847 410 Symbolum
1869 374 2007 411 Apostolo-
2020 379 2148 426 1233&ngAE

1159 428 1222 448 rum
1255 420 1376 449 continet
1407 421 1498 457 ipsum
1528 421 1591 450 fidei
1619 421 1849 455 fundamentum,
1881 421 2007 459 quotidie
2028 427 2119 450 ipsorum-

1158 466 1303 495 recitatur
1325 467 1351 495 in
1375 467 1495 496 Ecclesia
1509 471 1535 496 et
1551 467 1765 505 frequentatum
1786 468 1840 496 alia
1857 476 1922 496 vero
1938 468 2006 502 duo,

1159 522 1231 550 quae
1252 517 1318 542 sunt
1339 514 1372 542 ad
1396 514 1544 543 haeresum
1568 515 1794 549 confutationem,
1816 523 1869 543 non
1892 515 2007 544 recitan-

1160 563 1206 588 tur
1228 560 1278 588 nisi
1302 560 1328 588 in
1352 560 1451 589 diebus
1474 561 1663 596 solemnibus,
1685 562 1798 598 quando
1819 561 1854 589 ad
1877 562 2008 591 ecclesias

1159 607 1288 635 convenit
1309 607 1440 644 populus.
1462 625 1499 628 —
1522 608 1587 637 Hinc
1609 612 1650 637 est
1671 609 1770 643 etiam,
1793 609 1866 646 quod
1896 609 2008 645 Symbo-

1160 653 1217 681 lum
1240 654 1435 690 Apostolorum
1457 654 1567 683 dicitur
1585 655 1744 689 submisse,
1760 656 1826 693 quia
1841 659 1883 685 est
1897 656 1931 685 ad
1947 664 2009 693 pro-

1159 701 1236 737 priae
1268 700 1452 730 conscientiae
1484 702 1682 737 securitatem;
1709 702 1763 731 alia
1784 711 1851 731 vero
1873 703 2008 732 dicuntur

1159 747 1232 781 ulte,
1254 748 1319 785 quia
1341 751 1406 776 sunt
1427 748 1463 777 ad
1478 750 1708 786 compescendam
1726 750 1931 779 haereticorum
1948 759 2009 788 gar-

1159 795 1309 823 rulitatem.
1332 812 1370 815 —
1390 796 1455 825 Hinc
1477 799 1519 824 est
1540 796 1639 831 etiam,
1661 797 1734 834 quod
1758 797 1920 834 Symbolum
1942 799 2008 835 Apo-

1159 842 1294 871 stolorum
1318 842 1421 871 dicitur
1443 842 1486 870 his
1508 842 1537 870 in
1560 842 1622 877 (lie,
1644 851 1726 872 mane
1748 844 1877 873 videlicet
1891 848 1917 873 et
1932 852 2008 879 sero,

1159 889 1225 925 quia
1247 889 1317 918 tides
1338 893 1380 918 est
1402 889 1539 918 bonarum
1571 890 1765 926 operationum
1790 891 1959 928 principium
1982 895 2009 920 et

1159 939 1271 965 scutum
1293 936 1329 964 ad
1351 936 1496 965 victoriam
1513 937 1696 965 tentationum
1710 948 1717 971 ;
1733 940 1759 965 et
1774 938 1949 974 operationes
1964 938 2009 967 bo-

1160 991 1211 1011 nae
1233 983 1375 1020 potissime
1396 983 1466 1011 fiunt
1489 983 1514 1011 in
1538 983 1598 1018 die,
1620 987 1647 1012 et
1668 985 1833 1013 tentatione-s
1861 985 2010 1022 insurgunt

1160 1030 1194 1058 de
1217 1034 1295 1059 nocte
1308 1030 1327 1058 ⁴.
1350 1030 1407 1058 Alia
1429 1038 1495 1059 vero
1517 1028 1574 1059 duo
1596 1031 1726 1067 Symbola
1748 1031 1880 1060 dicuntur
1909 1032 1943 1060 cle
1964 1032 2010 1061 (lie

1158 1077 1270 1110 30111111,
1292 1080 1319 1105 et
1340 1077 1529 1114 praemittitur
1551 1078 1713 1114 Symbolum
1737 1078 1876 1107 Athanasii
1899 1082 1926 1108 et
1946 1079 2011 1108 dici-

1160 1128 1206 1152 tur
1229 1123 1303 1152 liora
1321 1124 1445 1161 primm
1467 1125 1629 1161 Symbolum
1653 1129 1813 1154 sanctorum
1837 1126 1948 1154 Patrum
1972 1126 2011 1155 di-

1159 1172 1232 1199 citur
1254 1171 1284 1199 in
1306 1171 1413 1205 Missa,
1430 1180 1481 1208 pro
1496 1172 1617 1209 eoquod
1634 1172 1730 1209 plnres
1752 1173 1788 1201 ibi
1813 1173 1942 1202 haereses
1964 1173 2010 1202 eli-

1160 1218 1266 1246 duntur
1288 1222 1315 1246 et
1337 1218 1449 1247 maioris
1464 1219 1516 1247 fuit
1531 1219 1713 1248 auctoritatis.
1729 1220 1919 1256 Compositum
1934 1220 2007 1249 enim

1159 1265 1211 1293 fuit
1232 1274 1248 1293 a
1270 1265 1400 1294 trecentis
1422 1266 1517 1294 decem
1544 1270 1571 1294 et
1592 1270 1652 1295 octo
1675 1267 1817 1300 Patribus,
1839 1267 1887 1304 qui
1913 1267 2010 1304 praefi·
2023 1273 2099 1296 Figura-

1160 1311 1250 1348 gurati
1275 1315 1340 1340 sunt
1362 1320 1412 1348 per
1434 1315 1572 1341 trecentos
1594 1313 1688 1341 decem
1712 1316 1738 1341 et
1759 1317 1820 1342 octo
1844 1314 2009 1343 vernaculos

1160 1358 1302 1393 Abrahae,
1329 1367 1399 1395 quos
1431 1360 1604 1390 numeravit.
1626 1360 1738 1396 quando
1759 1361 1910 1397 prostravit
1931 1361 2009 1398 quin-

1160 1413 1214 1442 que
1237 1413 1331 1442 reges,
1354 1405 1401 1442 qui
1424 1406 1492 1434 Loth
1515 1414 1578 1434 cum
1602 1407 1758 1435 substantia
1780 1407 1840 1436 eins
1856 1408 2010 1444 captivave-

1161 1452 1255 1480 rant⁵.
1279 1452 1341 1481 ldeo
1363 1456 1457 1481 autem
1481 1453 1567 1490 magis
1590 1453 1693 1482 dicitur
1715 1454 1745 1481 in
1767 1454 1859 1482 Missa
1881 1463 1964 1492 quam
1981 1455 2007 1484 in

1160 1500 1214 1528 alia
1237 1500 1320 1533 hora,
1353 1500 1418 1537 quia
1450 1502 1516 1529 tunc
1538 1501 1660 1537 populus
1689 1502 1777 1538 magis
1808 1502 1954 1535 convenit;
1983 1505 2010 1531 et

1161 1547 1264 1575 dicitur
1278 1551 1342 1583 post
1355 1547 1547 1584 annpeliztm
1557 1570 1565 1581 ‚
1581 1551 1611 1576 nt
1627 1548 1791 1576 ostendatur
1812 1557 1872 1578 esse
1887 1552 2009 1578 tractum

1161 1595 1195 1623 de
1219 1595 1358 1631 Evangelii
1379 1594 1515 1628 veritate;
1538 1595 1640 1623 dicitur
1671 1596 1754 1624 etiam
1787 1600 1853 1624 ante
1884 1605 2010 1625 commit-

1161 1641 1293 1675 monem,
1316 1645 1347 1669 ut
1369 1650 1418 1678 per
1440 1642 1527 1678 ipsam
1551 1641 1633 1670 tidem
1658 1646 1861 1679 praeparentur
1882 1643 1965 1672 corda
1982 1643 2010 1671 fi-

1162 1688 1284 1723 delium,
1305 1689 1352 1726 qui
1376 1689 1473 1717 volunt
1487 1696 1590 1725 corpus
1606 1689 1712 1717 Domini
1730 1690 1888 1726 suscipere,
1906 1693 1935 1719 ut
1950 1698 2010 1727 pos-

1161 1736 1217 1764 sint
1238 1736 1321 1772 digne
1347 1736 1519 1765 manducare
1551 1736 1806 1771 sacramentaliter,
1838 1737 1881 1765 vel
1910 1737 2008 1766 saltem

1164 1783 1355 1811 manducent⁸
1385 1783 1577 1819 spiritualiter.
1599 1800 1636 1803 —
1661 1784 1690 1811 Et
1712 1783 1750 1812 sic
1772 1787 1861 1820 patet,
1889 1784 2009 1820 qualiter

1161 1829 1291 1866 Symbola
1313 1829 1539 1858 diversificantur
1555 1830 1580 1858 in
1596 1829 1763 1868 frequentia
1779 1834 1805 1859 et
1821 1831 2009 1865 continentia,

1160 1884 1232 1913 quae
1255 1880 1345 1904 tamen
1368 1877 1537 1905 concordant
1558 1876 1585 1904 in
1606 1876 1790 1915 sufficientia.

998 1934 1260 2003 scttcLION.

318 2071 331 2093 l.
350 2070 507 2093 Communiter
533 2071 639 2097 docetur,
665 2071 727 2099 quod
756 2079 765 2090 κ
782 2071 884 2092 ‹loctrina
909 2070 961 2092 fidei
985 2070 1099 2098 quaedam

255 2110 323 2132 habet
340 2110 511 2138 antecedentia,
525 2110 639 2138 quaedam
653 2110 828 2138 consequentia,
842 2109 956 2138 quaedam
970 2110 1102 2137 principalia

254 2157 293 2172 sua
318 2150 405 2172 obiecta
420 2158 429 2170 11
452 2151 497 2175 (hic
519 2151 539 2171 in
559 2150 648 2177 corp),
666 2153 688 2171 et
706 2149 780 2177 quod,
807 2150 863 2171 sieut
889 2150 909 2170 in
932 2149 981 2171 aliis
1003 2150 1102 2171 scientiis

1159 2074 1212 2093 sunt
1229 2070 1343 2099 quaedam
1357 2071 1487 2099 principia⁷
1506 2071 1534 2093 ad
1553 2078 1612 2100 quae
1628 2072 1669 2093 alia
1683 2072 1832 2100 reducuntur,
1850 2073 1938 2094 articuli
1957 2072 2009 2095 fidei

1160 2109 1267 2131 exhibent
1284 2116 1309 2131 ea
1328 2110 1449 2138 dogmata,
1472 2118 1481 2129 a
1495 2110 1522 2131 ad
1542 2117 1600 2138 quae
1626 2110 1766 2133 reducantur
1791 2111 1867 2133 omnia
1894 2111 2009 2133 credenda

1161 2153 1269 2177 tanquam
1288 2149 1316 2171 ad
1334 2149 1386 2176 illa,
1405 2150 1426 2170 in
1445 2149 1530 2177 quibus
1555 2152 1598 2171 stet
1619 2150 1727 2172 resolutio
1752 2151 1856 2172 omnium
1883 2150 2011 2173 credendo-

318 2276 324 2290 ¹
343 2277 387 2298 (111.
406 2277 419 2298 l.
438 2277 498 2299 Scut.
517 2276 539 2298 d.
562 2277 595 2298 11.
613 2283 635 2304 q.
658 2276 675 2297 l.

317 2315 326 2329 2
345 2315 366 2337 Β.
385 2315 477 2343 Albert„
496 2315 532 2337 hic
550 2315 571 2337 d.
590 2314 626 2336 24.
644 2321 664 2337 a.
683 2315 703 2336 6.
722 2315 761 2336 ait:
780 2314 899 2336 Montanus
916 2317 1005 2342 autem,
1025 2315 1101 2336 haere-

254 2355 312 2376 [icus
328 2354 423 2382 quidam
442 2353 533 2383 [auctor
551 2352 749 2383 Cataphrygum],
776 2356 798 2375 et
815 2354 956 2381 Porphyrius
974 2356 1051 2381 postea
1070 2353 1101 2375 (li-

254 2394 348 2421 scipulis
365 2394 413 2415 suis
430 2393 547 2421 dixerunt,
566 2393 690 2421 Prophetas
708 2393 804 2415 tantalico
830 2393 909 2420 spiritu
928 2393 1016 2415 locutos
1033 2392 1102 2414 fuisse

254 2437 296 2455 etc.
314 2432 358 2455 Csr.
377 2433 482 2460 'l'crtull.,
501 2433 529 2454 de
556 2433 689 2460 Praescript.
708 2439 727 2454 c.
746 2432 783 2457 52.
801 2437 822 2455 et
841 2432 868 2454 de
888 2432 995 2454 Velandis
1013 2432 1101 2459 Virgin.

255 2479 273 2495 c.
296 2473 317 2500 l;
336 2472 410 2499 Basti„
429 2472 451 2493 ll.
470 2475 546 2494 eontra
570 2472 665 2493 linnom.
693 2478 713 2493 n.
741 2471 783 2499 34;
802 2472 905 2499 August.,
924 2471 953 2493 de
972 2471 1062 2493 Haeres.
1081 2477 1102 2492 n.

255 2512 297 2539 26,·
311 2512 338 2533 X.
352 2511 380 2533 dc
398 2511 445 2533 Civ.
465 2511 514 2539 Dei,
528 2518 546 2533 c.
560 2511 596 2539 3⁵2,
610 2517 651 2533 nec
663 2517 707 2533 non
720 2511 758 2533 lib.
772 2513 848 2533 contra
862 2510 985 2533 Adversar.
1004 2511 1070 2538 Legis
1082 2512 1104 2532 et

256 2551 368 2578 Prophet„
388 2556 457 2579 quem
471 2550 554 2573 librum
570 2551 592 2572 S.
611 2550 704 2577 Ductor,
723 2553 747 2572 ut
765 2551 813 2577 ipse
827 2550 945 2577 profitetur
958 2549 991 2577 (ll.
1006 2550 1102 2572 Retract.

255 2595 274 2611 c.
292 2589 347 2617 tis),
365 2590 455 2616 scripsit
473 2593 550 2611 contra
568 2588 684 2617 quendam
698 2589 836 2610 haereticum
856 2589 914 2615 (sive
927 2589 1102 2615 marcionistam)

255 2631 407 2655 asserentem,
426 2628 488 2656 quod
510 2636 519 2647 ει
530 2634 571 2649 nec
590 2628 649 2649 Deus
667 2628 745 2655 Legis,
764 2634 823 2656 quae
837 2628 886 2649 data
900 2630 934 2649 est
945 2634 987 2655 per
999 2627 1103 2655 Moysen,

255 2671 277 2689 et
295 2667 460 2694 Prophetarum
479 2667 508 2689 ad
525 2667 622 2689 eandem
641 2667 726 2694 Legem
739 2667 901 2694 pertinentium
914 2673 984 2688 verus
996 2667 1023 2688 sit
1036 2666 1103 2694 Deus,

255 2706 294 2728 scd
314 2707 428 2733 pessimus
445 2705 543 2727 daemon
556 2713 575 2727 n.

319 2745 328 2759 3
346 2746 421 2772 ilatio,
435 2751 506 2773 quare
519 2745 540 2766 in
554 2744 665 2771 symbolo
677 2745 775 2766 Nicacno
792 2744 873 2767 Christi
892 2744 1017 2767 descensus
1033 2744 1062 2766 ad
1074 2745 1104 2766 in-

256 2785 315 2806 feros
333 2785 436 2812 explicite
454 2791 497 2806 non
516 2788 668 2812 memoretur,
686 2784 814 2806 secundum
833 2785 987 2806 Innocentium
1006 2784 1036 2806 111.
1055 2784 1103 2812 <qui

257 2823 284 2845 de
297 2824 339 2845 hac
351 2830 375 2845 rc
387 2823 416 2845 ad
429 2824 631 2850 Areniepiscopum
650 2823 766 2851 quendam
779 2824 898 2850 scripsisse
911 2823 1044 2850 perhibetur
1056 2826 1104 2845 tum

257 2861 285 2883 al)
303 2862 363 2883 Alex.
382 2862 437 2889 1lal.,
456 2863 478 2883 S.
496 2868 517 2889 p.
537 2863 568 2883 ΙΙΙ.
587 2869 608 2891 q.
627 2862 664 2884 65).
683 2868 712 2883 m.
739 2862 760 2884 5.
779 2869 797 2883 a.
817 2863 841 2889 2,
860 2865 907 2884 tum
926 2869 937 2883 a
957 2862 979 2884 B.
999 2862 1103 2889 Alberto,

258 2901 292 2921 hic
310 2900 331 2922 d.
350 2900 386 2922 24.
405 2907 424 2922 a.
443 2902 473 2928 6.)
492 2904 536 2927 est,
556 2902 608 2929 quia
627 2904 680 2923 tunc
698 2902 808 2928 temporis
825 2907 890 2923 error
908 2907 952 2923 non
970 2907 1052 2929 parum
1074 2901 1104 2923 di-

257 2938 364 2965 vulgatus
381 2942 440 2965 erat,
467 2939 580 2961 Christum
607 2940 753 2962 descendisse
776 2940 805 2962 ad
827 2940 922 2966 inferos,
946 2940 986 2962 scd
1009 2946 1053 2962 non
1072 2946 1103 2961 re·

258 2976 325 2998 diisse
344 2983 384 2998 nec
401 2978 470 2999 fuisse
491 2977 552 3000 inter
575 2980 681 3001 mortuos
704 2978 804 3001 liberum
829 2979 874 3007 (l's.
901 2979 943 3006 87,
971 2979 1010 3006 6.).
1029 2979 1104 3007 Quare

258 3014 394 3043 (secundnm
413 3016 577 3042 Innocentium)
594 3018 677 3044 placuit
696 3018 799 3039 Pan-ibus
822 3019 886 3046 quasi
905 3019 1025 3040 exsufflare
1044 3018 1103 3040 illam

1159 2276 1270 2297 haeresim
1289 2281 1330 2302 per
1348 2276 1391 2297 hoc
1401 2293 1406 2302 ,
1425 2275 1487 2303 quod
1505 2275 1534 2297 de
1547 2276 1590 2297 hoe
1603 2273 1701 2296 tacerent
1713 2279 1733 2296 et
1747 2275 1887 2297 includerent
1900 2276 1921 2296 in
1935 2281 2008 2297 resur-

1159 2316 1264 2337 rectione.
1278 2315 1300 2336 Si
1313 2315 1374 2336 enim
1393 2315 1524 2341 resurrexit,
1543 2313 1664 2341 oportebat
1681 2315 1781 2336 animam
1794 2314 1869 2336 redire
1881 2314 1910 2336 ab
1923 2315 2007 2342 inseris,

1159 2355 1218 2376 sicut
1234 2360 1319 2381 corpus
1336 2360 1347 2375 a
1366 2353 1490 2381 sepultura.
1510 2365 1538 2368 fl
1557 2353 1625 2374 Paulo
1642 2354 1749 2380 superius
1762 2359 1804 2380 pro
1817 2352 1880 2376 circa
1894 2352 1938 2376 hoc
1954 2353 2008 2375 edd.

1160 2392 1223 2415 circu
1241 2391 1317 2420 hunc,
1337 2396 1359 2414 et
1375 2398 1417 2419 pro
1433 2392 1512 2420 posset
1524 2391 1591 2419 oriri,
1607 2392 1669 2420 quod
1688 2392 1772 2414 habent
1785 2392 1853 2414 codd.
1871 2393 1888 2413 Α
1900 2392 1916 2414 t<
1931 2392 1954 2419 Z,
1972 2392 2008 2414 alii

1161 2434 1182 2453 et
1199 2430 1266 2453 codd.
1284 2434 1306 2452 et
1323 2430 1374 2452 edd.
1392 2430 1466 2459 possit
1482 2430 1548 2453 oriri.

1224 2469 1232 2483 ⁴
1251 2469 1331 2497 Quoad
1350 2475 1438 2491 morem
1457 2469 1636 2491 ecclesiasticum
1655 2469 1764 2491 recitandi
1781 2468 1896 2492 submisse
1913 2469 2009 2496 symbo-

1161 2510 1208 2531 lum
1226 2509 1326 2536 Apostol.
1345 2509 1404 2530 Alex.
1424 2509 1479 2537 Hal„
1497 2509 1518 2530 S.
1539 2515 1560 2536 p.
1579 2509 1610 2530 lll.
1638 2515 1660 2537 q.
1679 2509 1715 2530 (39.
1734 2515 1763 2530 m.
1783 2509 1802 2530 2.
1823 2509 1887 2537 dicit,
1906 2515 1947 2536 per
1965 2509 2008 2531 hoc

1162 2548 1327 2575 repraesentari
1345 2551 1428 2570 statum
1448 2548 1577 2575 primitivae
1597 2548 1720 2575 Ecclesiae,
1742 2556 1751 2567 α
1763 2547 1855 2576 quando
1873 2548 1974 2575 Apostoli
1987 2550 2009 2569 et.

1162 2587 1240 2609 lidcles
1258 2593 1301 2608 non
1320 2586 1435 2609 audebant
1454 2586 1522 2608 tidem
1541 2586 1622 2608 Christi
1641 2586 1742 2609 confiteri
1760 2587 1780 2608 in
1794 2586 1913 2608 manifesto
1927 2593 2008 2614 usquc-

1162 2632 1254 2654 quaque
1265 2634 1285 2647 ».
1312 2626 1382 2647 Aliam
1409 2625 1491 2647 deinde
1518 2625 1708 2648 consuetudinem
1735 2625 1844 2647 recitandi
1871 2625 2007 2652 Symbolum

1161 2665 1262 2693 Apostol.
1281 2665 1301 2686 in
1321 2665 1393 2686 Prima
1412 2668 1433 2687 et
1451 2666 1472 2686 111
1491 2664 1646 2692 Completorio
1658 2664 1780 2686 deductam
1798 2670 1848 2686 csse
1866 2664 1914 2685 vult
1932 2670 1958 2685 ex
1971 2663 2007 2685 ad-

1162 2705 1286 2726 monitione
1304 2704 1338 2725 illa
1357 2704 1489 2731 Augustini,
1509 2703 1536 2725 de.
1554 2703 1664 2730 Symbolo
1682 2703 1711 2725 ad
1723 2703 1850 2725 catechum.
1869 2708 1888 2724 c.
1911 2702 1927 2723 l.
1946 2708 1966 2723 n.
1985 2702 2006 2723 l:

1162 2744 1272 2770 Accipite,
1292 2743 1340 2770 tilii,
1358 2743 1462 2770 regulam
1481 2742 1545 2770 lidei,
1564 2741 1626 2770 quod
1645 2742 1781 2769 Symbolum
1804 2741 1892 2763 dicitur.
1912 2741 1937 2762 Et
1954 2746 2007 2762 cum

1162 2784 1304 2810 acceperitis,
1323 2784 1344 2804 111
1363 2782 1432 2804 corde
1450 2782 1541 2804 scribite
1559 2785 1580 2804 et
1598 2782 1700 2810 quotidie
1718 2781 1783 2803 dicite
1801 2780 1863 2807 apud
1876 2786 1929 2807 γοδς
1947 2782 2007 2801 ante-

1162 2828 1231 2850 quam
1250 2822 1368 2843 dormiatis
1385 2820 1480 2850 [supple
1498 2822 1518 2842 in
1538 2819 1711 2849 Completorio],
1730 2822 1853 2847 autequam
1878 2818 2008 2845 procedatis

1162 2860 1256 2889 [supple
1274 2861 1295 2882 in
1314 2861 1368 2882 hora
1388 2859 1480 2889 prima]7
1499 2862 1575 2881 vestro
1594 2859 1703 2886 symbolo
1721 2864 1763 2879 vos
1781 2858 1874 2879 immite.

1223 2899 1233 2913 ⁵
1251 2901 1305 2921 tien.
1329 2899 1368 2926 14,
1392 2898 1424 2920 14,
1442 2905 1506 2927 seqq.
1524 2910 1556 2914 —-
1573 2899 1618 2919 Leo
1637 2898 1657 2924 l,
1672 2897 1741 2924 Epist.
1764 2897 1812 2917 162.
1833 2896 1897 2923 talias
1915 2896 1952 2917 78.
1971 2896 2009 2917 vcl

1167 2939 1224 2967 132.)
1243 2945 1262 2961 e.
1285 2940 1306 2960 l:
1325 2939 1372 2960 lloc
1389 2939 1455 2960 etiam
1474 2937 1535 2965 apud
1554 2937 1675 2958 Nicaenam
1688 2935 1802 2964 infitiatus
1814 2936 1849 2957 ille
1863 2936 1952 2957 Pati-nm
1967 2942 2007 2957 nu-

1163 2984 1240 3000 merus
1258 2977 1367 2999 111-11111111.

1225 3017 1234 3031 ὃ
1252 3017 1307 3039 lidd.
1326 3016 1480 3039 vtamhtcure.
