2166 3366
129 309 159 327 Ad
172 309 189 328 ³.
203 309 241 328 obi.

128 902 241 921 Locntiones

112 926 211 948 ambiguae
216 931 245 944 se-

112 949 193 967 cundum
223 949 239 967 1.

112 973 225 996 opmionem.

140 1082 239 1100 Obiicitur.

125 1300 244 1318 Conceditur.

113 1682 219 1709 Secundum
227 1681 245 1699 2.

125 1710 238 1730 opinionem.

112 2324 246 2343 Damascenns.

258 179 311 207 166

335 257 365 285 Εῑ
385 265 436 294 per
457 257 509 285 boc
529 260 606 293 patet
626 256 739 285 tertium
761 257 918 285 obiectum:
941 265 996 285 non
1024 258 1096 285 enim

255 303 381 332 excludit
402 310 511 331 omnem
534 306 640 330 motum
661 303 845 339 Augustinus,
868 303 916 331 sed
938 303 1018 331 illum
1044 311 1099 331 mo-

255 353 315 379 tum
338 349 524 383 alterationis,
545 349 591 385 qui
614 351 655 377 est
671 349 824 377 secundum
845 349 1005 386 qualitatem
1022 350 1099 378 abso-

924 179 1177 209 SENTENTIARUM
1198 180 1257 208 LIB.
1280 180 1320 208 III.

1156 257 1251 286 lutam.
1284 258 1353 287 Haec
1384 261 1478 287 autem
1500 266 1554 286 non
1576 259 1666 287 estin
1698 259 1891 288 coniunctione
1921 260 1996 288 anuli

1155 304 1191 332 ad
1213 304 1345 341 digitum,
1368 305 1416 333 sed
1438 305 1529 333 solum
1550 312 1622 341 quae
1644 308 1685 334 est
1707 305 1823 333 mutatio
1844 306 1998 335 secundnm

1155 350 1246 379 locum
1270 351 1313 379 vel
1335 351 1419 379 situm
1433 351 1449 379 ¹.

927 505 1215 541 DISTINCTIO
1246 505 1327 541 VII.

628 636 688 663 CAP.
709 637 725 662 I.

356 723 459 750 Deinde
478 730 545 758 quae
564 722 680 757 sinqulz's
700 721 837 748 sententiis
856 721 1000 748 adversari

554 764 701 795 videntur,
718 764 803 799 ponit.

323 853 475 880 Secundum
490 852 603 887 primam
618 859 681 877 vero
695 851 807 877 dicitur:
822 851 892 877 Deus
906 851 992 877 factus
1005 851 1098 883 homo,

255 899 281 923 et
300 896 378 922 homo
399 896 483 922 factus
503 896 585 925 Deus⁷
606 894 668 928 quia
689 894 759 920 Deus
778 894 867 927 coepit
887 901 945 920 esse
965 893 1097 927 quaedam

254 938 401 966 substantia
421 937 572 969 rationaliS,
592 944 661 972 quae
682 940 742 963 ante
757 944 807 963 non
823 936 919 968 suerat;
940 940 964 962 et
979 936 1021 962 illa
1037 936 1100 962 sub-

254 983 348 1009 stantia
379 982 468 1016 coepit
487 988 545 1007 esse
573 981 658 1012 Deus,
678 983 704 1006 et
723 980 774 1006 hoc
794 980 893 1013 gratia,
914 987 965 1005 non
987 982 1098 1011 natura,

254 1026 296 1052 vel
325 1025 426 1052 meritis
454 1024 555 1051 habuit.
585 1023 660 1050 Unde
690 1027 762 1049 recte
791 1023 890 1049 dicitur
917 1022 1052 1055 Christus,
1073 1023 1098 1048 in

255 1071 384 1103 qnantum
405 1068 497 1100 homo,
507 1066 724 1102 praedestinatus
738 1074 791 1092 esse
803 1065 892 1092 Filius
906 1064 962 1092 Dei.
977 1080 1012 1084 —
1032 1066 1100 1091 Huic

255 1115 342 1138 autem
363 1112 509 1138 sententiae
539 1111 696 1144 opponitur:
725 1110 745 1135 si
778 1109 819 1135 illa
840 1109 989 1135 substantia
1011 1109 1100 1142 coepit

254 1162 312 1181 esse
331 1154 412 1185 Deus,
432 1157 458 1179 et
479 1154 548 1179 Deus
568 1152 624 1181 illa:
644 1152 776 1186 quaedam
798 1152 878 1184 igitur
897 1151 1045 1177 substantia
1061 1154 1100 1177 est

254 1198 337 1229 Deus,
356 1204 426 1231 quae
445 1204 495 1222 non
524 1203 628 1229 semper
657 1195 704 1221 fuit
732 1195 816 1223 Deus:
843 1198 868 1220 et
888 1194 1019 1228 quaedam
1040 1194 1100 1220 snb-

254 1240 350 1266 stantia
370 1242 409 1265 est
428 1239 510 1271 Deus,
536 1245 606 1272 quae
634 1245 685 1263 non
714 1241 753 1263 est
773 1237 868 1263 divina
887 1236 1055 1268 subscaoztia‚·
1075 1240 1101 1263 et

254 1283 325 1309 Deus
338 1285 378 1308 est
389 1281 510 1317 aliquid,
531 1281 602 1314 quod
618 1288 668 1307 non
683 1287 790 1313 semper
810 1279 995 1311 snit—Quod
1017 1282 1042 1305 et
1062 1279 1098 1304 illi

253 1325 418 1355 concedunt,
446 1323 585 1356 Origenis¹
617 1323 767 1349 testimonio
796 1322 950 1353 innitentes,
980 1323 1025 1356 qui
1047 1322 1099 1348 ait:

258 1368 378 1394 «Factus
408 1370 447 1393 est
475 1366 531 1392 sine
551 1365 633 1392 dubio
655 1365 679 1391 id
701 1365 772 1399 quod
794 1365 868 1398 prins
888 1372 939 1391 non
961 1368 1032 1395 erat;
1052 1364 1098 1390 sed

254 1410 367 1438 addidit:
388 1409 536 1436 secundnm
557 1416 683 1439 carnem,·
704 1408 851 1434 secundum
867 1408 952 1433 Deum
968 1415 1030 1433 vero
1044 1411 1100 1433 erat

254 1454 343 1489 prius,
363 1457 389 1479 et
408 1460 459 1479 non
480 1455 537 1479 erat
556 1451 664 1485 quando
685 1459 736 1477 non
758 1450 972 1477 erat».—-Aliis
991 1457 1099 1484 qnoque

255 1497 377 1531 pluribus
405 1496 491 1522 modis
520 1495 555 1521 illi
585 1494 732 1521 sententiae
757 1497 843 1528 potest
863 1494 980 1528 opponi3
1001 1494 1101 1528 quibus

254 1539 475 1574 supersedemus,
490 1537 689 1564 exercitationis
702 1537 819 1563 studium
835 1537 927 1563 lectori
948 1536 1101 1570 relinquen-

254 1586 293 1610 tes
312 1585 337 1609 et
357 1582 389 1608 ad
410 1582 460 1607 alia
482 1584 664 1615 properantes.

325 1626 351 1651 In
373 1624 490 1651 secunda
520 1631 582 1650 vero
611 1623 740 1649 sententia
770 1623 850 1649 huius
873 1622 1019 1649 dictionis²
1041 1623 1101 1649 talis

255 1669 361 1695 videtur
380 1668 461 1699 ratio,
476 1670 518 1698 ut,
539 1674 599 1693 cum
620 1666 732 1692 dicitur:
753 1667 823 1692 Deus
843 1666 928 1692 sactus
951 1669 991 1692 est
1004 1665 1101 1696 bomo,

256 1712 417 1746 intelligatur
437 1710 559 1744 coepisse
579 1716 636 1736 esse
658 1709 805 1735 subsistens
826 1716 857 1735 ex
872 1709 978 1735 duabus
992 1709 1101 1741 naturis,

255 1755 296 1781 vel
319 1754 404 1780 tribus
422 1753 593 1785 substantiis3
614 1755 639 1778 et
658 1759 672 1778 e
691 1759 835 1784 converso,
856 1751 934 1777 homo
956 1751 1041 1778 factus
1062 1755 1102 1778 est

254 1798 342 1829 Deus,
362 1797 425 1831 quia
454 1796 602 1822 subsistens
632 1795 656 1821 in
686 1794 791 1821 duabus
811 1795 912 1821 naturis
931 1795 1020 1828 coepit
1043 1802 1101 1821 esse

255 1841 339 1873 Deus;
361 1840 400 1866 vel
422 1840 510 1874 potius
529 1839 609 1864 homo
631 1838 714 1864 Iactus
734 1841 770 1864 est
795 1838 878 1868 Deus,
898 1841 923 1864 et
938 1845 951 1863 e
971 1845 1101 1864 converso

255 1884 368 1915 dicitur,
392 1883 455 1916 quia
484 1882 554 1907 Deus
583 1881 708 1907 assumsit
736 1881 889 1911 hominem,
919 1883 944 1906 et
964 1880 1044 1906 homo
1064 1887 1103 1906 as-

255 1930 358 1953 sumtus
377 1929 416 1952 est
435 1933 449 1951 a
470 1925 531 1951 Deo.
561 1924 636 1950 Unde
661 1924 826 1957 Augustinus
845 1923 910 1949 dicit
930 1923 955 1949 in
976 1923 1046 1949 libro
1068 1923 1101 1949 de

255 1969 419 1997 Trinitate³:
445 1968 535 1994 «Talis
555 1967 602 1993 suit
631 1967 674 1993 illa
694 1967 842 2000 susceptio,
871 1973 940 2000 quae
965 1966 1099 1992 hominem

255 2013 354 2040 faceret
374 2013 472 2044 Deum,
487 2014 511 2037 et
526 2011 609 2037 Deum
631 2010 765 2036 hominem
777 2021 799 2035 ».
820 2009 947 2035 Variatur
961 2013 1049 2036 autem
1066 2010 1102 2035 in-

254 2055 407 2088 telligentia,
428 2062 488 2081 cum
509 2054 621 2080 dicitur:
642 2054 713 2079 Deus
733 2056 772 2079 est
802 2052 895 2085 bomo,
916 2055 941 2078 et
961 2051 1040 2078 homo
1062 2055 1101 2078 est

254 2100 333 2125 Deus.
361 2098 463 2124 Dicitur
492 2097 561 2123 enim
591 2097 660 2123 Deus
690 2103 747 2122 esse
768 2102 881 2129 persona
901 2095 1049 2121 subsistens
1070 2094 1100 2121 in

254 2141 360 2167 duabus
379 2144 405 2166 et
424 2148 455 2165 ex
475 2139 580 2165 duabus
600 2139 713 2169 naturis,
734 2141 885 2172 etpersona
905 2137 1050 2164 subsistens
1071 2137 1101 2164 z'n

255 2184 360 2210 duabus
379 2186 404 2209 et
422 2191 454 2209 ex
473 2182 577 2208 duabus
600 2182 701 2207 naturis
721 2181 819 2207 dicitnr
839 2188 897 2207 esse
917 2181 999 2213 Deus,
1020 2180 1045 2206 id
1061 2184 1100 2207 est

255 2227 385 2259 Verbum,
399 2226 440 2252 vel
455 2228 549 2251 natura
569 2225 667 2250 divina.
682 2225 768 2250 Potest
789 2224 858 2249 enim
872 2224 1024 2257 praedicari
1040 2231 1100 2256 per-

255 2277 320 2296 sona
339 2269 462 2303 simplex,
482 2268 543 2294 vel⁴
565 2271 659 2294 natura
679 2267 712 2293 de
731 2274 845 2300 persona
864 2266 1021 2300 composita.
1041 2266 1099 2292 Non

254 2316 293 2339 est
312 2316 415 2345 autem,
435 2315 464 2338 ut
484 2312 520 2338 ait
548 2311 658 2337 Ioannes
686 2309 897 2341 Damaseeims⁵‚
918 2309 987 2335 idem
1008 2309 1098 2335 dicere

253 2359 399 2386 naturam,
419 2354 460 2381 vel
478 2361 632 2389 personam.

1521 638 1580 664 CAP.
1601 638 1629 665 II.

1218 723 1261 748 Ex
1280 730 1331 757 quo
1350 730 1431 750 sensu
1449 723 1550 750 dictem·
1571 723 1693 751 Christus
1710 723 1936 759 praedestinatus.

1226 808 1269 834 Isti
1290 808 1394 840 dicunt,
1414 809 1550 836 Christum
1570 810 1796 844 praedestinatum
1811 819 1881 843 esse,
1895 812 1998 838 scilicet

1156 858 1297 884 personam
1327 851 1434 883 illam⁵,
1464 852 1488 878 in
1519 855 1647 886 quantum
1677 856 1716 879 est
1735 852 1831 884 homo,
1852 853 1876 879 id
1898 857 1953 886 est,
1972 854 1998 880 in

1156 898 1284 928 qnantum
1305 898 1344 921 est
1363 894 1510 921 subsistens
1529 902 1562 921 ex
1582 895 1687 922 duabus
1712 896 1879 927 substantiis,
1899 897 2002 923 seilicet

1156 937 1244 963 anima
1263 940 1289 963 et
1308 944 1396 964 carne
1420 937 1486 963 Nam
1508 941 1636 972 quantun]
1658 938 1690 965 ad
1712 942 1833 965 naturam
1854 939 2000 965 divinitatis

1158 987 1208 1005 non
1230 983 1269 1005 est
1288 980 1346 1014 ipse
1366 980 1596 1014 praedestinatus:
1617 988 1668 1007 non
1688 988 1759 1014 ergo,
1781 982 1805 1007 in
1826 985 1954 1015 quantum
1974 981 2000 1008 iu

1157 1029 1187 1048 ca
1202 1022 1242 1048 vel
1257 1030 1286 1049 ea
1303 1023 1436 1054 subsistit,
1457 1023 1671 1056 praedestinatus
1686 1027 1738 1056 est,
1758 1024 1804 1050 sed
1826 1025 1850 1050 in
1871 1027 1999 1059 quantum

1156 1066 1275 1091 subsistit
1296 1066 1321 1091 in
1352 1066 1411 1092 aliis
1432 1066 1537 1092 duabus
1566 1067 1735 1098 substantiis,
1763 1067 1787 1093 id
1808 1071 1847 1093 est
1868 1068 1892 1094 in
1914 1068 2001 1094 anima

1158 1111 1183 1134 et
1202 1115 1294 1137 carne,
1315 1109 1366 1135 hoc
1386 1112 1438 1141 est,
1459 1109 1482 1134 in
1503 1113 1631 1143 quantum
1652 1113 1691 1136 est
1710 1109 1797 1136 homo.

1229 1152 1410 1177 Determinant
1424 1152 1503 1178 etiam
1518 1153 1703 1184 auctoritates,
1724 1161 1793 1187 quae
1811 1153 1919 1188 primae
1941 1162 2001 1180 con-

1158 1195 1267 1220 veniunt
1287 1194 1433 1221 sententiae
1454 1198 1479 1220 et
1499 1195 1562 1221 lzuz'c
1581 1195 1706 1222 videntur
1730 1196 1929 1228 contradicere,
1957 1200 2001 1229 nt,

1157 1244 1217 1263 cum
1238 1237 1368 1271 legitur⁷t
1388 1237 1467 1263 homo
1494 1237 1538 1264 ille
1567 1242 1701 1264 assumtus
1727 1246 1740 1265 a
1762 1239 1850 1265 Verbo
1872 1240 1897 1265 in
1917 1240 2004 1273 singu-

1157 1279 1262 1306 laritate
1281 1287 1420 1313 personae,
1441 1280 1490 1312 vel,
1511 1280 1595 1307 factus
1615 1288 1666 1307 una
1688 1288 1801 1315 persona
1821 1289 1882 1308 cum
1902 1282 2000 1315 Verbo,

1157 1322 1190 1348 de
1210 1326 1303 1348 natura
1324 1321 1444 1348 hmmma
1474 1323 1646 1356 intelligatur,
1666 1331 1736 1358 quae
1760 1324 1848 1351 Verbo
1869 1325 1942 1351 unita
1962 1329 2002 1352 est

1157 1366 1182 1391 in
1203 1365 1387 1398 singularitate
1407 1373 1552 1399 personae,
1574 1366 1667 1398 idest,
1689 1367 1724 1393 ita
1745 1368 1815 1401 quod
1838 1368 1930 1394 eadem
1947 1375 2002 1402 per-

1158 1415 1234 1438 sona,
1255 1414 1324 1441 quae
1338 1408 1412 1441 prius
1432 1411 1488 1434 erat
1502 1412 1527 1435 et
1541 1409 1655 1443 simplex
1673 1413 1743 1442 erat,
1763 1411 1819 1436 sine
1839 1411 2001 1437 incremento

1158 1450 1278 1477 numeri³
1296 1454 1321 1477 et
1342 1451 1478 1477 immutata
1503 1453 1657 1485 permansit,
1677 1452 1739 1478 licet
1762 1456 1914 1486 composzta.
1929 1452 2003 1479 Com-

1157 1494 1297 1527 positionis
1312 1501 1374 1519 vero
1388 1493 1468 1520 huius
1482 1494 1560 1520 aliam
1576 1494 1667 1520 dicunt
1687 1502 1744 1521 esse
1759 1495 1900 1528 rationem,
1921 1502 2001 1529 quam

1157 1536 1190 1562 sit
1210 1536 1234 1562 in
1255 1536 1313 1562 aliis
1334 1536 1499 1567 hominibus,
1520 1537 1582 1570 quia
1604 1537 1684 1563 huius
1704 1544 1736 1563 ex
1757 1536 1860 1569 tribus,
1889 1538 2001 1565 aliorum

1159 1587 1191 1605 ex
1212 1578 1317 1605 duabus
1336 1579 1491 1605 substantiis
1510 1583 1549 1605 est
1576 1580 1744 1613 compositio.
1764 1580 1866 1613 Negant
1885 1588 2001 1615 qnoque,

1158 1625 1279 1648 naturam
1301 1622 1442 1648 humanam
1463 1629 1520 1648 esse
1542 1629 1698 1656 personam,
1719 1622 1759 1649 vel
1780 1623 1825 1648 Dei
1846 1623 1956 1655 Filium;
1977 1626 2003 1649 et

1158 1665 1227 1691 sicut
1248 1672 1328 1691 unum
1343 1665 1512 1699 eundemque
1526 1665 1617 1691 dicunt
1631 1673 1688 1691 esse
1702 1666 1836 1692 hominem
1857 1669 1883 1692 et
1905 1666 2001 1699 Deum,

1158 1711 1183 1734 et
1203 1708 1285 1734 filium
1306 1708 1421 1733 hominis
1450 1711 1474 1734 et
1494 1708 1589 1734 Filium
1610 1708 1671 1740 Dei;
1702 1708 1737 1735 ita
1758 1716 1843 1735 mmm
1868 1711 1894 1735 et
1913 1708 2001 1740 idem,

1158 1758 1208 1777 non
1228 1750 1308 1777 atiud
1326 1754 1352 1777 et
1371 1750 1464 1781 aliud,
1485 1751 1554 1777 sicut
1575 1758 1623 1777 nec
1642 1751 1730 1777 atium
1751 1755 1776 1778 et
1796 1751 1892 1778 atium.

1229 1793 1279 1820 Sed
1300 1793 1341 1819 his
1360 1793 1484 1819 videntur
1498 1793 1633 1820 adversari
1649 1801 1717 1827 quae
1735 1794 1849 1820 subditis
1869 1795 2001 1821 continen-

1159 1840 1201 1863 tur
1219 1836 1351 1870 capitulis.
1381 1836 1424 1862 Ait
1452 1836 1521 1862 enim
1551 1837 1714 1869 Augustinus
1741 1844 1823 1870 snper
1843 1837 2000 1864 Ioannem⁹z

1163 1879 1262 1906 «Aliud
1283 1883 1322 1905 est
1349 1879 1466 1905 Verbum
1496 1880 1556 1911 Dei,
1586 1879 1658 1905 aliud
1688 1880 1782 1911 homo;
1811 1880 1858 1906 sed
1882 1880 1999 1907 Verbum

1157 1929 1220 1948 caro
1242 1922 1339 1948 factum
1360 1925 1411 1953 est,
1431 1922 1456 1948 id
1476 1925 1516 1948 est
1535 1923 1629 1953 liomo;
1654 1930 1705 1949 non
1727 1923 1817 1957 itaque
1837 1923 1887 1950 alia
1908 1924 1999 1955 Verbi,

1157 1965 1208 1991 alia
1229 1968 1268 1991 est
1288 1965 1402 1991 hominis
1422 1972 1545 1999 persona,
1565 1965 1690 1999 quoniam
1712 1969 1858 2000 utrumque
1878 1969 1917 1992 est
1930 1966 2002 1992 Chri-

1157 2011 1213 2034 stus
1233 2011 1258 2034 et
1277 2014 1329 2034 una
1349 2014 1497 2041 persona».
1519 2007 1590 2034 Idem
1611 2008 1643 2034 ad
1664 2008 1876 2035 Felicianum¹⁰z
1895 2020 1906 2032 «
1922 2009 2000 2035 Aliud

1157 2051 1202 2077 Dei
1224 2050 1319 2083 Filius,
1340 2050 1412 2077 aliud
1433 2050 1548 2076 bominis
1563 2050 1644 2082 tilius,
1663 2050 1709 2076 sed
1730 2058 1781 2077 non
1801 2051 1903 2077 alius».
1923 2051 2001 2083 Item,

1163 2094 1229 2119 «Dei
1250 2093 1333 2119 Filius
1352 2093 1424 2119 aliud
1445 2093 1477 2119 de
1498 2094 1583 2126 Patre,
1603 2093 1675 2119 aliud
1695 2093 1728 2119 de
1747 2094 1830 2120 Matre
1839 2105 1861 2119 u.
1882 2094 1953 2121 Idem
1974 2095 1999 2121 in

1157 2136 1225 2162 libro
1246 2137 1332 2170 primo
1346 2136 1379 2162 de
1392 2136 1565 2162 Trinitatess:
1585 2136 1671 2163 «Cum
1691 2136 1774 2163 Filius
1793 2137 1827 2163 sit
1841 2140 1866 2163 et
1885 2137 1955 2164 Deus
1975 2141 2001 2164 et

1157 2179 1251 2211 bomo,
1272 2179 1324 2205 alia
1337 2179 1485 2205 substantia
1505 2180 1589 2211 Deus,
1610 2179 1661 2206 alia
1681 2179 1797 2205 bomo».

1228 2223 1299 2248 Haec
1318 2226 1406 2249 antem
1428 2223 1452 2248 in
1473 2223 1544 2249 bunc
1572 2223 1681 2249 modum
1710 2223 1901 2250 determinant:
1922 2224 1999 2258 quia,

1156 2272 1217 2291 cum
1237 2265 1349 2291 dicitur:
1371 2265 1443 2291 aliud
1463 2266 1580 2292 Verbum
1595 2266 1655 2297 Dei,
1675 2266 1746 2292 aliud
1763 2266 1858 2298 homo,
1879 2266 1935 2292 sive
1949 2266 2000 2293 alia

1155 2308 1303 2334 substantia
1322 2309 1403 2339 Deus,
1425 2308 1475 2335 alia
1497 2309 1590 2339 homo3
1611 2308 1722 2335 atterius
1742 2313 1857 2335 naturae
1871 2309 2000 2342 significa-

1157 2355 1198 2377 tur
1218 2351 1338 2377 ChriStus
1358 2358 1430 2383 esse,
1451 2351 1475 2377 in
1500 2355 1630 2385 quantum
1658 2355 1698 2378 est
1717 2351 1811 2382 homo,
1831 2355 1856 2378 et
1875 2352 1999 2384 asterius

315 2580 320 2594 ¹
341 2580 386 2602 Cfr.
403 2580 431 2602 de
450 2581 492 2602 boc
510 2579 564 2601 dub.
584 2579 640 2601 Petr.
658 2585 671 2601 a
689 2579 748 2605 Tar.¹
768 2578 872 2600 Richard.
886 2584 898 2600 a
911 2578 976 2605 Med„
990 2578 1025 2600 hic
1038 2579 1097 2600 circa

253 2619 298 2647 lit.;
316 2619 390 2646 AEgid.
408 2619 441 2645 R,
461 2619 496 2640 bic
513 2618 569 2640 dub.
588 2618 617 2640 lit.
636 2617 657 2639 5.

424 2678 519 2701 NOTAE
536 2678 573 2701 AD
590 2678 665 2701 LIBR.
685 2678 922 2701 SENTENTIARUM.

315 2734 322 2748 ¹
342 2735 363 2756 ln
381 2735 449 2762 Epist.
468 2734 497 2756 ad
515 2734 580 2756 Rom.
600 2734 626 2761 1,
644 2734 664 2755 3.
691 2739 712 2755 n.
730 2732 750 2754 5.
778 2733 899 2761 (Patrolog.
917 2733 996 2755 Graec.
1022 2735 1036 2755 t.
1060 2732 1095 2755 14.

253 2774 295 2795 col.
308 2773 377 2802 848).

314 2812 323 2826 ²
341 2813 369 2834 lta
388 2812 467 2840 rodet,
486 2811 521 2833 od.
540 2812 553 2833 2
571 2810 718 2837 traditionis,
740 2811 796 2832 aliae
814 2810 866 2832 edd.
886 2809 1048 2833 distinotionis.

315 2850 324 2865 3
340 2850 400 2873 Libr,
418 2851 432 2872 1.
451 2857 470 2872 c.
489 2851 524 2872 13.
542 2856 563 2872 n.
582 2850 619 2871 28.

316 2888 325 2903 ⁴
342 2889 396 2911 Edd.
419 2890 443 2917 1,
462 2889 487 2916 5.
507 2889 519 2910 8
537 2890 570 2911 ut.

315 2928 325 2943 ⁵
340 2928 400 2950 Libr.
418 2928 449 2949 ΙΙΙ.
469 2928 497 2949 de
514 2928 567 2949 Fide
584 2928 673 2950 orthod.
691 2934 710 2949 c.
729 2928 749 2949 3.
768 2929 825 2949 circa
845 2928 954 2950 medium.

314 2967 324 2981 θ
342 2967 391 2989 Vat.
409 2967 511 2995 altaeque
528 2966 593 2995 edd.,
611 2967 710 2994 exceptis
729 2967 736 2988 *i
747 2984 752 2994 ‚
771 2967 797 2995 5,
815 2967 839 2994 8,
852 2970 874 2989 et
886 2967 952 2989 codd.
970 2968 987 2988 Α
999 2967 1016 2988 D
1032 2967 1095 2989 omit-

1155 2580 1203 2599 tunt
1220 2583 1283 2605 esse,
1301 2576 1387 2600 scilicet
1401 2582 1530 2605 personam
1547 2576 1626 2603 illam,
1646 2583 1705 2605 quae
1722 2576 1793 2598 verba
1811 2582 1824 2598 a
1842 2576 1909 2598 codd.
1931 2575 1999 2599 BCE

1154 2619 1334 2644 transponuntur
1351 2619 1402 2643 post
1421 2615 1548 2638 Christum.

1217 2655 1226 2670 ⁷
1245 2656 1297 2678 Utst.
1317 2656 1351 2677 Vt.
1370 2662 1388 2678 c.
1408 2655 1429 2677 5.

1217 2694 1227 2709 8
1245 2695 1294 2717 Vat.
1312 2701 1364 2716 cum
1382 2695 1462 2716 ceteris
1479 2694 1543 2721 edd,
1561 2695 1660 2721 exceptis
1680 2694 1704 2720 t,
1723 2694 1748 2721 8,
1766 2693 1829 2715 addit
1840 2699 1999 2722 personarum

1155 2736 1177 2756 et
1194 2735 1256 2762 ponit
1273 2734 1343 2756 etiam
1360 2740 1402 2761 pro
1420 2734 1456 2761 ct,
1476 2733 1644 2760 refragantibus
1661 2732 1727 2755 codd.

1216 2772 1226 2787 ⁹
1243 2773 1317 2795 Tract.
1335 2773 1371 2795 69.
1390 2779 1410 2794 n.
1431 2773 1450 2794 3.
1468 2784 1499 2788 —
1516 2772 1537 2793 ln
1557 2778 1602 2800 quo
1621 2774 1680 2793 textu
1699 2771 1766 2793 codd.
1779 2774 1801 2793 et
1813 2772 1925 2799 plurimae
1942 2771 1995 2793 edd.

1155 2813 1206 2833 ante
1224 2811 1332 2834 Christus
1356 2812 1462 2834 omittunt
1482 2812 1533 2839 θεὴ
1552 2811 1600 2832 Vat.
1619 2816 1671 2832 cum
1690 2810 1792 2838 originali
1811 2811 1893 2833 omittit
1909 2811 1930 2833 et
1948 2814 1999 2832 onte

1155 2856 1205 2873 una
1218 2856 1330 2879 persona.

1219 2889 1238 2903 ¹0
1256 2890 1330 2912 Potius
1343 2890 1426 2913 contra
1439 2889 1582 2914 Felicianum.
1595 2889 1711 2915 Arianum,
1724 2888 1753 2910 de
1765 2888 1823 2910 Unit.
1837 2888 1917 2910 Trinit.
1930 2894 1949 2910 e.
1963 2888 1997 2909 11.

1157 2929 1203 2956 ν12ς
1221 2934 1268 2957 εεη
1287 2929 1350 2950 locus
1367 2928 1422 2950 ibid.
1440 2931 1462 2950 et
1478 2928 1517 2950 cfr.
1536 2933 1605 2955 supra
1622 2933 1675 2954 pag.
1695 2926 1752 2955 ⁴48,
1770 2930 1821 2949 nota
1841 2927 1862 2949 3.

1219 2966 1236 2981 ¹1
1255 2966 1309 2995 Cap.
1329 2968 1364 2989 rtO.
1383 2973 1404 2989 n.
1422 2967 1458 2988 20.

2015 1157 2141 1184 Determinant

2014 1183 2132 1200 auctoritates

2015 1204 2032 1222 1.
2042 1204 2139 1228 opinionis.

2029 1803 2129 1827 Oppositae

2014 1827 2133 1845 auctoritates

2014 1850 2120 1873 Augustini.

2014 2226 2139 2250 Explicantur.
