2166 3366
118 1256 186 1279 Opinio
197 1256 212 1277 1,
223 1261 253 1274 er-

130 1284 194 1298 ΓΟΙῊῘἪ.

131 1917 248 1940 improbatur

120 1940 227 1964 dupliciter.

260 178 296 206 86

260 256 350 293 potuit
370 255 503 292 distingui
524 263 540 283 a
555 262 639 283 carne
660 254 781 282 aliorum
796 253 952 282 secundum
974 252 1107 281 substan-

261 303 347 336 tiam,
370 303 482 331 videtur
503 305 554 330 etc.

340 350 364 377 6.
387 349 467 382 item,
489 348 512 376 si
542 347 791 376 transfundebatur
819 354 884 375 caro
910 345 1031 379 munda,
1060 348 1108 373 aut

261 395 479 433 corrztptz‘bitz's,
507 397 557 423 aut
581 393 824 430 incorruptibilis.
851 393 877 421 Si
903 391 1109 428 incorruptibi-

261 443 316 471 lis.-
345 451 412 479 ergo
440 450 543 479 corpus
570 441 671 469 Christi
701 440 798 469 debuit
830 448 890 468 esse
919 438 1109 476 impassibile;

261 489 335 527 quod
351 489 453 517 falsum
468 492 518 517 est.
534 488 560 516 Si
576 487 792 524 corruptibilis.-
811 495 878 524 ergo
893 486 1018 521 videtur,
1034 485 1107 523 quod

260 538 369 573 poterat
394 535 575 564 transmutari
604 534 630 563 in
656 542 768 563 carnem
795 534 933 571 reliquam
960 535 987 561 et
1012 532 1109 569 augeri

260 583 296 612 ab
317 583 384 611 alia:
407 590 474 619 ergo
499 586 527 611 et
547 582 602 610 alia
626 584 736 619 poterat
758 580 817 618 pari
840 580 946 609 ratione
974 582 1111 608 transmu-

262 630 312 658 tari
330 630 356 658 in
375 629 437 658 aliis
451 629 471 656 ¹:
493 629 577 666 igitur
592 631 641 657 aut
663 636 728 657 caro
750 628 797 656 illa
812 628 863 656 suit
885 630 1044 660 consumta,
1066 634 1111 654 an-

260 681 373 715 tequam
395 676 555 714 perveniret
576 676 611 704 ad
633 675 789 707 Christum,
810 677 859 703 aut
880 674 932 702 fuit
953 674 1022 703 adeo
1042 673 1111 701 mul-

260 725 396 762 tiplicata,
417 727 449 752 ut
471 726 583 761 possent
599 723 663 752 inde
686 722 762 751 mille
778 730 896 759 corpora
916 721 1041 750 formari.
1057 721 1110 750 Sed

261 772 313 801 hoc
335 774 377 800 est
397 771 514 800 falsum:
536 778 603 807 ergo
625 773 675 799 etc.

578 872 791 893 CONCLUSIO.

264 958 340 987 Caro
365 957 475 986 Christi
495 958 526 986 in
548 957 654 986 lumbis
672 960 850 994 parentum,
873 956 904 984 111
925 956 1031 994 quibus
1052 955 1112 993 fuit

340 1004 552 1038 materialiter,
574 1013 594 1033 (ι
615 1013 706 1032 carne
727 1003 857 1032 altorum
880 1002 1031 1031 hominum
1053 1011 1112 1031 11οἠ

340 1052 400 1090 fttz't
420 1052 560 1081 distincta
582 1051 753 1090 qualitative
774 1050 817 1079 vel
837 1049 1014 1087 formaliter.

341 1147 517 1175 RasPONnno:
541 1147 579 1175 Ad
607 1146 814 1183 praedictorum
837 1144 1047 1181 intelligentiam
1070 1147 1112 1173 est

260 1194 427 1227 notandum,
450 1194 523 1231 qnod
547 1193 620 1222 circa
644 1193 714 1221 hanc
736 1192 927 1229 quaestionem
950 1191 1002 1220 fuit
1030 1199 1112 1228 quae-

261 1241 325 1270 dam
355 1241 455 1278 positio
487 1248 604 1269 erronea
631 1239 809 1277 quorundam
838 1239 1004 1273 dicentium,
1037 1239 1112 1276 quod

260 1297 325 1317 caro
340 1288 441 1316 Christi
461 1296 515 1316 11011
539 1290 645 1316 tantum
663 1286 868 1315 distinctionem
884 1286 983 1315 habuit
998 1294 1014 1314 a
1029 1294 1112 1315 carne

260 1336 380 1365 aliorum
403 1334 563 1369 hominum,
586 1342 650 1363 cum
672 1334 724 1362 fuit
746 1334 823 1362 unita
844 1333 954 1361 animae
977 1333 1079 1362 Christi
1093 1333 1112 1369 ²,

261 1383 309 1412 sed
332 1383 414 1411 etiam
437 1390 501 1411 cum
524 1382 576 1410 fuit
602 1382 629 1410 in
652 1381 756 1409 lumbis
778 1380 899 1409 hominis
924 1380 1017 1416 primi.
1038 1380 1113 1409 Dice-

261 1431 327 1459 bant
348 1430 435 1463 enim,
457 1429 533 1466 quod
555 1429 621 1466 quia
642 1428 727 1457 Adam
751 1427 946 1464 reparabiliter
971 1427 1113 1463 peccavit,

260 1478 287 1506 in
321 1480 432 1514 peccato
461 1484 515 1504 non
537 1475 664 1513 permisit
689 1475 764 1503 Deus
785 1477 873 1502 totum
903 1473 1063 1510 corrumpi3
1086 1477 1113 1502 et

261 1525 322 1553 ideo
344 1523 477 1552 remansit
499 1523 526 1551 in
549 1523 610 1551 eius
632 1522 737 1551 semine
759 1521 853 1559 aliqua
875 1520 966 1558 portio
988 1521 1113 1549 incorru-

259 1575 319 1609 pta,
341 1574 373 1599 ut
398 1578 448 1608 per
479 1570 555 1598 illam
578 1570 658 1598 fieret
686 1569 921 1598 medicamentum
951 1568 1028 1597 carni
1052 1568 1113 1597 reli-

260 1626 345 1656 quae;
364 1622 391 1647 et
412 1625 447 1647 ex
474 1617 522 1646 illa
543 1617 722 1654 portiuncula
735 1616 743 1629 ³
760 1616 856 1645 dicunt
878 1623 991 1644 carnem
1009 1615 1111 1644 Christi

259 1666 424 1700 formatam,
446 1673 530 1702 quam
553 1664 650 1693 dicunt
671 1671 732 1692 esse
753 1663 864 1700 generis
889 1662 1005 1691 humani
1027 1662 1112 1691 medi-

260 1713 360 1742 cinam.
381 1712 455 1741 Hanc
476 1715 570 1740 autem
593 1710 760 1748 particulam
786 1709 941 1738 transmisit
967 1709 1052 1738 Adam
1075 1709 1111 1737 ad

260 1760 328 1794 Noe,
350 1763 377 1788 et
398 1759 453 1788 Noe
474 1759 509 1787 ad
533 1758 684 1792 Abraham,
707 1760 734 1786 et
749 1757 886 1786 Abraham
909 1757 944 1785 ad
967 1756 1070 1791 David,
1085 1759 1112 1785 et

259 1807 348 1836 David
374 1815 464 1844 usque
484 1806 519 1835 ad
549 1806 706 1843 Virginem,
728 1805 762 1834 de
785 1813 840 1842 qua
861 1808 944 1833 natus
973 1807 1015 1833 est
1037 1803 1112 1832 Chri-

260 1857 329 1883 stus.
352 1871 390 1874 ——
412 1854 482 1882 Haec
511 1857 605 1882 autem
633 1852 746 1890 positio,
774 1852 825 1881 etsi
852 1851 957 1880 habere
981 1851 1112 1879 videatur

260 1901 485 1939 probabilitatem
516 1901 543 1929 in
572 1899 733 1937 superficie,
762 1899 930 1928 intrinsecus
958 1905 1084 1927 errorem
1101 1898 1110 1910 ‘¹

261 1948 394 1983 continet,
417 1956 468 1985 pro
487 1955 519 1976 eo
540 1947 615 1984 quod
631 1955 686 1975 11011
707 1946 797 1975 solum
820 1949 861 1975 est
876 1949 973 1974 contra
995 1945 1112 1973 Sancto-

934 174 1187 203 SENTENTIARUM
1208 173 1270 201 LlB.
1292 173 1332 201 lll.

1164 260 1232 279 rum
1261 251 1340 279 (licta
1362 250 1497 285 veridica,
1526 250 1574 279 sed
1604 250 1686 278 etiam
1716 252 1812 278 contra
1839 257 1920 278 verae
1945 249 2014 286 fidei

1165 299 1346 327 documenta.
1383 298 1562 327 Sanctorum
1593 296 1821 325 auetoritatibus
1856 301 2009 334 repugnat:
2027 302 2080 320 natio
2094 301 2112 320 1-

1165 346 1231 382 quia
1260 345 1463 379 Damascenus,
1492 345 1589 373 doctor
1617 344 1753 378 Graecus,
1781 347 1808 372 et
1828 345 2013 381 Augustinus,

1166 392 1336 428 praecipuus
1351 392 1448 420 doctor
1469 391 1596 426 Latinus,
1612 391 1638 419 in
1661 391 1713 420 hoc
1729 391 1917 426 consentiunt,
1939 392 2012 429 quod

1167 446 1232 467 caro
1247 439 1347 467 Christi
1364 442 1427 467 ante
1448 439 1578 467 unionem
1596 446 1660 467 cum
1677 437 1767 467 Verbo
1783 438 1942 467 indistincta
1956 443 2015 468 erat

1167 493 1184 513 a
1205 485 1314 522 reliqua
1339 485 1460 522 Virginis
1484 493 1576 514 carne.
1603 485 1813 514 Damascenus⁵
1836 485 1914 520 dicit,
1940 487 2014 523 quod

1173 542 1187 557 «
1198 532 1232 560 de
1248 531 1406 568 purissimis
1421 532 1542 569 Virginis
1556 532 1740 569 sanguinibus
1755 532 1840 561 fuerit
1854 532 1974 561 formata
1984 544 2015 567 »Ξ

1168 578 1339 615 Augustinus
1354 578 1429 613 dicit,
1444 579 1517 615 quod
1533 579 1722 607 «assumserit
1737 579 1888 615 primitiam
1904 582 2015 609 nostrae

1169 633 1315 654 massae».
1328 642 1366 645 —
1378 625 1408 653 Et
1429 625 1481 654 hoc
1503 625 1617 662 quidem
1632 626 1821 655 necessarium
1837 630 1879 655 est
1900 634 2015 663 ponere,
2030 629 2114 677 ῐῐᾶῑιξιῠθὲ-
2124 629 2143 648 111

1169 672 1235 709 quia
1256 680 1309 700 non
1336 671 1434 700 fuisset
1459 672 1613 700 necessaria
1637 672 1758 709 Virginis
1780 673 1959 702 sanctificatio
1980 674 2014 703 ad

1169 719 1237 753 hoc,
1258 719 1333 756 quod
1361 719 1532 747 formaretur
1557 727 1622 747 caro
1643 719 1743 748 Christi
1772 720 1831 749 sine
1853 721 1927 749 omni
1957 729 2017 758 pec-

1169 769 1237 794 cato.
1250 782 1289 786 ——
1303 765 1360 794 Non
1383 769 1456 794 esset
1473 765 1555 794 etiam
1571 766 1699 795 Christus
1715 775 1779 795 vere
1798 767 1833 796 de
1848 768 1953 797 semine
1968 768 2017 797 Da-

1169 812 1215 841 vid
1238 816 1265 841 et
1285 813 1424 846 Abrahae,
1446 813 1493 842 sed
1517 813 1607 841 solum
1628 813 1712 847 Adae;
1735 814 1880 850 quoniam,
1896 814 1917 843 si
1941 823 2018 852 prae-

1169 860 1243 889 dicto
1264 859 1347 888 modo
1369 859 1438 887 illa⁶
1460 860 1598 896 particula
1625 860 1826 894 descendisset,
1849 861 1884 890 ad
1906 862 2015 890 nullum

1169 907 1289 936 aliorum
1315 907 1467 944 pertineret
1492 907 1544 936 nisi
1567 908 1639 936 sicut
1659 907 1808 945 deferens,
1839 909 2018 946 quemadmo-

1170 955 1237 983 dum
1267 963 1340 992 aqua
1368 958 1548 991 comparatur
1576 955 1611 984 ad
1641 955 1775 984 canalem.
1792 972 1829 976 -
1847 956 1905 984 Non
1934 956 2017 984 etiam

1169 1005 1242 1031 esset
1265 1002 1290 1030 in
1313 1002 1359 1030 tali
1386 1009 1470 1030 carne
1493 1009 1576 1030 verae
1599 1002 1788 1038 passibilitatis
1810 1003 1945 1031 assumtio
1967 1011 2018 1032 nec

1169 1053 1281 1078 nostrae
1303 1049 1472 1078 infirmitatis
1496 1057 1561 1077 vera
1583 1049 1735 1086 reparatio,
1757 1049 1822 1087 quia
1844 1058 1898 1078 non
1921 1050 1956 1079 de
1974 1058 2019 1078 na-

1170 1100 1234 1125 tura
1256 1096 1332 1133 lapsa
1347 1096 1510 1125 fabricasset
1531 1096 1581 1125 sibi
1605 1105 1731 1131 carnem,
1746 1097 1794 1126 sed
1818 1097 1910 1134 potius
1932 1098 1966 1126 de
1981 1097 2019 1126 in-

1170 1144 1275 1172 stituta.
1302 1160 1335 1164 —
1359 1144 1435 1180 Quae
1456 1143 1549 1172 omnia
1570 1143 1791 1173 inconvenientia
1813 1148 1878 1173 sunt
1899 1148 1926 1173 et
1950 1144 2020 1182 fidei

1169 1200 1262 1220 sancte
1282 1191 1469 1220 adversantia.
1484 1191 1513 1219 Et
1530 1191 1590 1220 ideo
1613 1192 1755 1228 praedicta.
1770 1193 1869 1229 positio
1887 1197 2016 1230 tanquam

1170 1246 1288 1267 erronea
1316 1241 1357 1267 est
1386 1238 1556 1275 respuenda,
1579 1238 1651 1267 sicut
1679 1239 1808 1276 Magister
1838 1239 1907 1268 bene
1929 1240 2019 1268 innuit

1170 1285 1197 1312 in
1227 1284 1353 1319 littera⁷⁷
1382 1288 1409 1313 et
1441 1284 1570 1321 Magister
1602 1285 1678 1322 Hugo
1707 1285 1734 1313 in
1764 1286 1835 1314 libro
1864 1286 1898 1314 de
1927 1286 2020 1315 Sacra-

1171 1332 1281 1360 mentis.

1250 1379 1364 1407 Planum
1387 1382 1429 1407 est
1450 1379 1536 1416 igitur
1562 1380 1717 1408 secundum
1744 1380 1898 1409 doctrinam
1928 1382 2020 1410 catho-
2032 1381 2100 1404 01>h¹³0
2112 1381 2163 1402 “2101

2159 1353 2161 1365 1

2160 1374 2162 1391 Ι

2032 1404 2133 1423 conclusio.
2160 1408 2164 1430 1

1171 1426 1265 1460 licam,
1287 1434 1400 1455 carnem
1423 1426 1523 1454 Christi
1547 1426 1572 1454 in
1596 1426 1700 1454 lumbis
1723 1430 1886 1463 parentum,
1914 1427 1940 1456 in
1962 1428 2021 1465 qui-

1170 1474 1223 1502 bus
1245 1474 1297 1502 tuit
1312 1474 1506 1507 materialiter,
1524 1482 1540 1502 a
1562 1481 1645 1502 carne
1659 1474 1778 1502 aliorum
1803 1474 1949 1503 hominum
1965 1483 2019 1504 non

1170 1521 1256 1550 fuisse
1278 1521 1435 1549 distinctam
1458 1521 1633 1558 qualitative,
1663 1521 1706 1549 vel
1733 1521 1902 1556 formaliter,
1924 1530 2020 1559 quam-

1170 1568 1225 1601 vis,
1249 1571 1393 1605 postquam
1411 1568 1488 1596 unita
1503 1572 1544 1596 est
1561 1568 1663 1600 Verbo,
1679 1568 1885 1597 distinctionem
1906 1569 2019 1604 habeat,

1170 1623 1221 1651 pro
1243 1622 1275 1643 eo
1297 1614 1372 1651 quod
1394 1622 1449 1642 non
1471 1617 1512 1643 est
1527 1623 1599 1643 caro
1616 1615 1746 1651 peccati,
1769 1615 1816 1644 sed
1832 1615 1940 1643 similis
1958 1624 2020 1653 pec-

1170 1661 1285 1690 catrici.
1308 1662 1339 1690 Et
1360 1670 1411 1698 pro
1428 1665 1502 1690 tanto
1521 1662 1587 1690 dicit
1602 1662 1773 1699 Augustinus
1786 1662 1805 1697 ⁸,
1828 1663 1903 1700 quod
1928 1674 1941 1689 (1
1955 1671 2020 1692 caro

1170 1708 1271 1737 Christi
1288 1709 1395 1737 venerit
1410 1709 1444 1737 de
1465 1708 1613 1737 altitudine
1628 1709 1768 1738 humanae
1790 1713 1946 1744 naturae»,
1965 1718 2019 1739 non

1170 1756 1245 1793 quod
1263 1756 1289 1784 in
1311 1756 1409 1793 primis
1424 1756 1588 1792 parentibus
1607 1756 1666 1785 sine
1681 1756 1834 1793 pollutione
1856 1757 1955 1792 fuerit,
1971 1757 2020 1786 sed

1170 1803 1236 1840 quia
1264 1803 1303 1831 sic
1325 1802 1472 1840 purificata
1500 1806 1542 1831 cst
1570 1805 1597 1831 et
1619 1803 1753 1832 mundata
1783 1803 1809 1831 iu
1838 1811 1890 1832 sua
1915 1812 2021 1833 assum-

1170 1850 1256 1884 tione,
1283 1850 1358 1887 quod
1388 1849 1487 1878 similis
1507 1850 1560 1878 fuit
1587 1850 1661 1879 carni
1686 1850 1711 1878 in
1742 1853 1817 1879 statu
1838 1851 2019 1881 innocentiae.

1170 1897 1284 1933 Propter
1307 1897 1382 1934 quod
1411 1897 1513 1925 dicitur
1535 1905 1550 1925 a
1579 1896 1692 1925 Boethio
1710 1897 1720 1910 ⁹
1747 1898 1810 1926 «de
1838 1898 1913 1926 omni
1945 1901 2020 1927 statu

1169 1944 1275 1981 aliquid
1304 1944 1486 1980 accepisse»,
1509 1944 1581 1972 sicut
1609 1944 1681 1972 infra
1709 1944 1810 1973 melius
1836 1945 2021 1974 manifestabi-

326 2079 332 2093 ¹
350 2079 413 2101 Hanc
431 2079 533 2100 ultimam
552 2078 737 2104 00111111510110111,
755 2083 815 2106 quae
836 2078 857 2098 in
885 2077 934 2099 vm.
953 2076 1109 2104 desideratur,

261 2124 287 2140 ex
305 2117 371 2140 codd.
390 2117 406 2140 C
416 2117 434 2139 D
444 2118 461 2139 G
472 2118 486 2139 L
496 2117 513 2139 N
523 2117 538 2138 P
548 2117 566 2145 Q
576 2117 590 2138 S
600 2117 617 2139 U
629 2117 658 2138 W
669 2116 690 2138 X
701 2116 718 2138 Y
737 2116 767 2139 bb
786 2119 807 2139 01
824 2116 876 2138 eda.
900 2117 916 2143 1,
930 2117 943 2138 2
956 2116 1110 2143 restituimus,

260 2157 393 2179 memoratis
410 2156 477 2179 codd.
495 2156 662 2185 aliquantulum
681 2158 767 2178 tantum
791 2156 849 2178 inter
871 2162 896 2177 se
914 2155 1110 2177 dissentientibus.

260 2197 347 2219 Etenim
366 2202 408 2224 pro
425 2197 446 2218 el
462 2195 512 2218 alia
529 2195 596 2218 codd.
615 2195 631 2217 N
642 2195 659 2217 U
678 2195 762 2217 habent
779 2196 801 2217 et
816 2194 870 2222 illa,
891 2195 942 2217 cod.
955 2194 971 2217 C
988 2193 1044 2223 alil,
1059 2194 1111 2217 cod.

261 2236 276 2258 S
293 2235 318 2258 in
334 2234 408 2258 aliam
415 2243 423 2262 ,·
442 2241 483 2263 pro
497 2235 592 2264 poterat
618 2235 696 2262 plures
721 2234 789 2256 codd.
811 2235 937 2262 poteront;
955 2240 997 2261 pro
1015 2233 1040 2256 in
1058 2233 1112 2256 aliis

261 2275 311 2298 cod.
330 2274 346 2297 C
363 2274 387 2297 z'n
404 2273 494 2303 ipsam.
515 2274 566 2296 cod.
584 2274 598 2295 S
616 2273 641 2296 in
656 2279 761 2296 carnem.
791 2273 859 2295 Paulo
885 2275 936 2295 ante
962 2279 1004 2300 pro
1027 2272 1113 2302 afuqerz'

261 2314 328 2337 codd.
354 2314 522 2336 CDGLWX
548 2313 690 2336 substituunt
714 2312 823 2341 assumi,
851 2312 904 2335 edd.
930 2312 1002 2334 verbo
1028 2311 1114 2341 (timeri

261 2354 392 2382 praefigunt
408 2352 501 2376 assumi
517 2352 559 2376 cel.
585 2352 648 2375 Circa
675 2352 743 2374 tinem
770 2358 818 2380 arg.
844 2358 886 2380 pro
904 2357 1006 2381 corpora
1024 2351 1075 2373 cod.
1094 2351 1111 2373 N

262 2392 354 2415 exhibet
370 2391 483 2415 homines.

326 2432 335 2446 2
352 2431 408 2454 Cod.
426 2432 441 2453 F
459 2438 513 2455 cnm
529 2431 577 2460 suit
596 2430 670 2453 Verbo
688 2429 756 2453 muta
772 2429 853 2453 amima
872 2429 966 2453 Clo-isti.

325 2471 335 2485 3
353 2470 409 2493 Cod.
428 2472 444 2492 Α
466 2470 594 2500 particula.
621 2470 671 2492 Mox
696 2476 738 2497 pro
760 2468 908 2498 particulam
935 2469 984 2491 Vat.
1000 2468 1111 2498 portiun-

262 2510 349 2534 culam.

326 2549 334 2563 ⁴
353 2549 408 2572 Edd.
434 2550 485 2572 roci
511 2555 618 2572 errorem
644 2550 792 2577 praemittunt
818 2549 896 2571 tantan
912 2547 1004 2576 falsum
1029 2548 1066 2575 et,
1086 2553 1113 2569 ac

263 2589 345 2612 deinde
363 2591 415 2616 post
431 2587 493 2611 dicta
510 2589 617 2610 omittunt
635 2587 744 2611 veridica.
764 2587 812 2609 Mox
831 2593 873 2615 pro
893 2592 961 2609 verae
977 2586 1033 2616 fidei
1044 2586 1112 2609 codd.

263 2628 281 2650 M
293 2627 310 2649 O
328 2627 468 2650 substituunt
485 2626 549 2650 verbi
566 2626 622 2655 Dei,
642 2627 692 2649 cod.
712 2626 728 2648 Y
747 2627 842 2649 nostrae
857 2625 918 2656 fidei.

325 2666 334 2680 ⁵
351 2666 411 2688 Libr.
431 2666 461 2688 111.
480 2666 509 2688 de
526 2666 579 2688 Fide
597 2666 687 2688 orthod.
705 2672 724 2688 c.
743 2666 763 2687 2.
782 2668 805 2687 et
822 2665 857 2687 lV.
876 2671 896 2687 0.
918 2664 951 2686 14.
969 2664 1014 2687 Csr.
1033 2665 1069 2686 hic
1081 2664 1112 2687 111.

264 2706 376 2733 Magistri,
395 2711 413 2727 c.
433 2706 453 2727 1.
472 2705 557 2727 Eodem
575 2706 637 2733 loco⁷
656 2711 674 2727 0.
693 2705 719 2732 3,
747 2704 846 2726 habetur
871 2705 938 2726 etiam
965 2703 1053 2726 dictum
1070 2704 1113 2726 Au-

264 2746 349 2774 gustini
369 2750 391 2767 et
408 2746 529 2773 asseritur,
547 2744 662 2768 Christum
680 2745 792 2772 primitias
809 2748 900 2767 nostrae
918 2750 1008 2766 massae
1026 2749 1113 2765 ossum-

264 2786 331 2813 sisse‚
354 2785 427 2813 «quia
454 2791 498 2806 non
524 2790 617 2807 carnem
644 2785 743 2812 pcccati,
769 2783 810 2805 sed
836 2783 1009 2805 similitudinem
1026 2782 1113 2810 peccati

264 2825 382 2852 accepit».
401 2824 468 2852 Quod
486 2824 581 2851 August.
599 2824 668 2846 etiam
685 2823 713 2845 Χ.
731 2823 760 2845 de
778 2823 833 2845 Gen.
851 2823 880 2845 ad
898 2823 927 2844 111.
947 2828 965 2844 0.
989 2822 1021 2843 18.
1036 2828 1056 2843 n.
1076 2821 1112 2843 3²2.

265 2863 347 2891 docet,
366 2866 388 2885 et
405 2863 478 2885 Serm.
498 2863 534 2884 27.
553 2863 618 2891 (alins
636 2863 672 2884 20.
691 2862 719 2885 de
737 2862 819 2885 Verbis
836 2862 947 2889 Apostoli)
966 2867 985 2883 0.
1004 2861 1025 2882 2.
1043 2866 1065 2882 n.
1084 2861 1112 2888 2,

265 2909 307 2925 nec
324 2909 369 2925 non
387 2903 460 2924 Serui.
482 2901 531 2924 134.
550 2901 614 2930 (alias
633 2902 668 2924 28.
688 2902 716 2924 de
742 2901 824 2924 Verbis
849 2901 949 2929 Domini)
968 2906 987 2923 0.
1006 2900 1027 2922 3.
1047 2906 1067 2921 n.
1086 2899 1112 2927 4,

265 2948 291 2964 ac
309 2942 381 2963 Sorm.
411 2941 460 2963 155.
478 2940 542 2969 (alias
559 2941 580 2962 6.
599 2941 627 2963 de
656 2940 736 2963 Verbis
762 2940 873 2968 Apostoli)
900 2946 919 2962 c.
937 2940 959 2962 7.
978 2946 998 2961 n.
1017 2939 1038 2961 7.
1057 2942 1113 2966 etc.;

265 2982 323 3003 sicut
340 2983 361 3003 et
378 2981 400 3003 in
418 2980 493 3009 libris,
511 2986 571 3009 quos
587 2980 678 3008 scripsit
695 2982 772 3002 contra
784 2979 896 3001 Iulianum
914 2979 1035 3007 Pel-agian„
1048 2979 1114 3000 0111115

1167 2076 1296 2098 doctrinam
1314 2075 1429 2103 castigans
1446 2074 1511 2097 dicit:
1531 2075 1676 2097 Manichacus
1694 2076 1822 2097 haereticus
1840 2081 1933 2097 carnem
1952 2078 2020 2104 negat

1168 2114 1263 2143 Christi3
1282 2114 1416 2142 Pelagianus
1443 2114 1570 2137 haereticus
1594 2120 1687 2137 carnem
1705 2115 1792 2142 peccati
1811 2115 1873 2137 carni
1891 2121 2020 2143 coaequare

1167 2153 1217 2175 vuit
1233 2152 1327 2180 Christi;
1346 2152 1487 2175 Christianus
1505 2153 1631 2175 catholicus
1649 2153 1822 2175 similitudinem
1841 2154 1916 2176 carnis
1934 2154 2020 2181 peccati

1169 2192 1276 2214 discernit
1294 2199 1304 2214 a
1329 2198 1397 2214 carne
1423 2193 1522 2220 peccati,
1546 2198 1574 2214 ne
1594 2191 1739 2219 blasphemet
1762 2198 1854 2214 carnem
1873 2192 1954 2215 Christi
1972 2192 2018 2221 (IV.

1169 2238 1232 2259 oper.
1259 2232 1349 2259 imperf.
1375 2235 1454 2254 contra
1474 2232 1551 2253 iulian.
1570 2237 1589 2253 c.
1608 2231 1662 2259 81.).
1686 2232 1771 2253 Similia
1799 2231 1852 2254 dicit
1878 2232 1978 2254 Enarrat.
1997 2233 2018 2254 in

1170 2271 1203 2292 Ρ5.
1222 2270 1258 2292 64.
1278 2277 1298 2292 11.
1317 2270 1344 2291 5:
1366 2278 1375 2290 a
1389 2270 1450 2292 Tulit
1467 2270 1521 2292 inde
1539 2271 1650 2298 primitius
1668 2277 1695 2292 ex
1713 2272 1778 2292 utero
1791 2271 1898 2298 virginali
1911 2278 1933 2299 »3
1951 2275 1972 2294 et
1984 2278 2020 2293 ex-

1169 2311 1313 2338 pressissime
1325 2311 1346 2331 in
1361 2310 1393 2331 Ps.
1412 2310 1449 2331 70.
1462 2315 1530 2331 serm.
1544 2310 1564 2331 2.
1578 2316 1599 2331 n.
1623 2310 1660 2332 10:
1678 2318 1688 2329 «
1698 2309 1756 2332 Caro
1774 2310 1859 2332 sactus:
1878 2310 1939 2333 unde
1952 2312 2020 2333 caro?

1169 2351 1200 2372 Ex
1218 2350 1285 2372 Maria
1304 2350 1404 2377 Virgine.
1422 2349 1487 2371 Unde
1505 2349 1572 2371 Maria
1591 2349 1679 2377 Virgo:7
1697 2349 1728 2371 Ex
1746 2349 1826 2371 Adam.
1853 2350 1913 2378 Ergo
1931 2356 1957 2372 ex
1983 2350 2020 2372 1110

1170 2390 1245 2417 primo
1257 2389 1349 2416 captivo
1362 2390 1384 2410 et
1395 2394 1448 2410 caro
1461 2388 1483 2409 in
1496 2387 1584 2410 Christo
1597 2387 1626 2410 de
1638 2394 1713 2410 massa
1726 2389 1863 2416 captivitatis
1874 2396 1894 2410 1).
1906 2389 2019 2417 Damaso,

1170 2429 1202 2451 lll.
1229 2428 1258 2450 de
1283 2428 1338 2450 Fide
1359 2427 1450 2449 orthod.
1468 2433 1487 2449 0.
1506 2428 1531 2454 2,
1550 2433 1642 2449 carnem
1660 2434 1687 2449 cx
1704 2428 1833 2455 purissimis
1852 2428 1953 2456 Virginis
1972 2434 2021 2451 san-

1170 2468 1279 2496 guinibus
1299 2468 1419 2489 formatam
1436 2470 1458 2489 et
1475 2467 1550 2488 anima
1564 2467 1665 2489 rationali
1684 2468 1806 2489 animatam
1821 2470 1888 2490 vocat
1902 2467 2021 2496 minutias

1169 2509 1266 2531 nostrae
1283 2506 1468 2536 conspersionis,
1491 2507 1556 2528 cuins
1574 2506 1695 2529 locutionis
1712 2507 1887 2534 explicationem
1906 2507 1961 2529 infra
1984 2507 2020 2529 ha-

1170 2547 1247 2575 bebis,
1267 2547 1322 2569 dub.
1341 2547 1362 2568 2.
1381 2559 1410 2561 —
1429 2546 1471 2568 Pro
1486 2545 1618 2575 primitiam
1640 2546 1693 2568 edd.
1719 2546 1861 2568 substituunt
1885 2545 2018 2575 primitiva,

1170 2588 1192 2608 et
1209 2586 1277 2614 paulo
1295 2585 1389 2607 interius
1406 2587 1458 2612 post
1474 2584 1529 2613 quia
1548 2584 1606 2606 bene
1624 2585 1761 2607 interiiciunt
1777 2584 1845 2607 alias.

1233 2624 1242 2639 ⁶
1261 2624 1316 2647 Edd.
1334 2623 1363 2647 ab
1381 2623 1434 2652 illa,
1454 2626 1476 2646 et
1493 2630 1545 2645 mox
1563 2623 1635 2646 verbo
1653 2623 1760 2652 deferens
1778 2623 1910 2651 praefigunt
1927 2623 1964 2646 ad.

1234 2663 1244 2678 ⁷
1260 2664 1301 2686 llic
1319 2670 1337 2686 0.
1356 2663 1376 2685 3.
1394 2669 1442 2691 seq.
1460 2663 1527 2690 nugo
1546 2663 1568 2685 11.
1586 2662 1615 2685 de
1633 2663 1734 2685 Sacram.
1753 2669 1776 2690 p.
1794 2663 1807 2684 1.
1826 2669 1844 2684 c.
1867 2662 1896 2684 5:
1908 2662 1952 2685 Csr.
1970 2663 2020 2685 eius

1171 2704 1262 2732 Quaest.
1288 2704 1309 2725 in
1331 2703 1398 2730 Epist.
1425 2702 1453 2724 ad
1481 2702 1548 2724 Hebr.
1567 2709 1589 2730 q.
1613 2702 1650 2724 69.
1675 2714 1706 2718 —
1731 2701 1772 2723 Pro
1800 2701 1934 2730 respuenda
1951 2702 2018 2724 codd.

1171 2743 1189 2764 H
1199 2743 1215 2764 N
1226 2742 1243 2764 U
1255 2742 1272 2764 V
1291 2741 1432 2771 reputanda.
1487 2737 1492 2742 “

1233 2780 1242 2795 8
1260 2781 1282 2802 111
1300 2781 1378 2803 Glossa
1403 2780 1517 2802 ordinaria
1543 2786 1614 2807 super
1630 2779 1685 2801 illud
1704 2779 1762 2801 loan.
1782 2779 1807 2800 3:
1827 2778 1874 2806 Qtti
1893 2778 2020 2802 desursum

1170 2822 1205 2843 est
1219 2826 1292 2849 super
1309 2826 1389 2842 omnes
1405 2821 1439 2842 est
1456 2821 1512 2842 haec
1529 2819 1600 2841 verba
1618 2818 1737 2846 habentur,
1750 2821 1772 2840 et
1789 2818 1845 2840 intra
1864 2819 1884 2840 in
1904 2819 1934 2841 lit.
1953 2819 2019 2847 Mugi-

1171 2861 1223 2887 stri,
1241 2859 1263 2881 (l.
1282 2860 1341 2882 XVl.
1358 2860 1380 2881 111
1399 2859 1456 2887 fine,
1482 2859 1609 2886 Augustino
1635 2857 1797 2880 attribuuntur.
1814 2870 1843 2873 —
1863 2858 1904 2880 Pro
1930 2857 2019 2881 venerit

1171 2898 1238 2921 codd.
1256 2898 1273 2919 N
1284 2898 1301 2920 U
1318 2897 1386 2921 vertit.

1233 2937 1243 2951 9
1260 2937 1292 2959 De
1312 2937 1357 2959 Una
1371 2938 1468 2959 Persona
1481 2940 1502 2959 et
1514 2936 1605 2959 duabus
1623 2936 1720 2963 naturis,
1739 2942 1757 2958 c.
1776 2936 1797 2958 8.
1809 2935 1853 2958 Csr.
1867 2935 1923 2958 inti-a
1940 2935 1962 2957 d.
1985 2935 2018 2957 15.

1171 2980 1192 2999 et
1214 2978 1252 3005 16,
1270 2980 1292 2999 et
1309 2977 1444 3004 praesertim
1462 2975 1517 2998 dub.
1536 2975 1556 2997 4.
1575 2975 1643 2997 huius
1661 2975 1753 2997 ultimae
1771 2974 1821 2997 dist.

2161 1439 2164 1506 l
