2166 3366
103 352 202 372 Conclusio
214 352 231 370 3.

118 586 189 613 Salutio
203 590 235 608 op-

118 612 228 634 positorum.

128 1150 241 1169 Notandum.

245 220 303 249 784
927 211 1180 241 SENTENTIARUM
1201 210 1261 239 LIB.
1284 210 1323 238 Ill.

247 298 285 327 sic
306 299 398 334 patet,
420 294 495 332 quod
511 291 760 322 fortitudinis-doni
775 293 855 320 actus
876 289 1002 319 consistit
1022 290 1096 318 circa

246 344 407 381 passionum
424 340 599 370 tolerantiam
613 338 770 367 secundum
785 337 968 366 imitationem
981 336 1097 370 Christi;

246 393 273 419 et
295 390 338 418 hic
360 392 402 417 est
430 388 491 417 eius
522 390 601 415 actus
624 385 801 423 principalis,
824 385 895 413 sicut
916 385 1039 413 rationes
1060 384 1095 412 ad

246 437 367 474 primam
399 438 506 472 partem
539 433 669 462 inductae
701 432 867 466 ostendunt,
896 439 968 468 quae
997 439 1097 460 verum

247 483 430 516 concludunt,
452 485 479 509 et
501 481 563 509 ideo
585 479 778 508 concedendae
800 482 873 507 sunt.

328 531 351 557 t.
375 530 401 557 2.
424 528 449 557 3,
472 528 508 556 Ad
532 527 602 555 illud
625 534 692 555 vero
713 526 789 563 quod
803 525 947 559 obiicitur,
968 525 1043 562 quod
1058 527 1100 553 est

248 578 323 606 circa
333 575 548 605 delectationum
565 574 780 611 repressionem,
796 580 845 610 per
859 572 1039 601 auctoritates
1052 572 1101 600 Au-

249 623 372 662 gustini:
394 622 543 651 dicendum
568 621 642 658 quod
666 621 837 657 Augustinus
858 620 885 647 in
908 619 963 648 illis
984 618 1102 647 auctori-

250 672 355 701 tatibus
377 678 430 698 non
446 669 570 706 assignat
585 669 732 705 proprium
748 670 775 696 et
786 666 985 704 principalem
1007 670 1100 695 actum

250 718 338 756 ipsius
360 715 624 749 fortitudinis-doni7
641 715 689 744 sed
705 715 784 752 quasi
799 713 1038 751 praeambulum.
1055 713 1102 741 Ne-

250 774 296 794 mo
318 765 392 794 enim
415 766 563 801 promptus
585 766 626 791 est
654 766 681 791 et
709 761 861 799 expeditus
882 761 917 789 ad
939 760 1102 797 passionum

250 812 426 841 tolerantiam
453 810 608 840 secundnm
632 810 814 838 imitationem
837 808 956 843 Christi,
979 808 1031 836 nisi
1054 807 1102 844 qui

251 867 363 889 carnem
380 866 459 888 suam
476 866 540 887 cum
555 857 629 886 vitiis
644 860 671 886 et
686 856 916 893 concupiscentiis
931 855 1072 884 crucifixit
1084 855 1102 883 ¹.

330 908 356 935 li.
380 906 418 935 Ad
440 905 511 934 illud
526 905 601 942 quod
617 904 763 939 obiicitur,
785 904 860 941 quod
875 903 1011 932 fortitudo
1026 911 1105 932 exse-

253 955 350 992 quitur
371 962 419 987 ea,
440 953 497 982 ad²
525 960 597 990 quae
626 952 773 980 consilium
798 951 912 988 dirigit3
935 951 1103 985 dicendum,

253 1001 328 1038 quod
350 1001 401 1029 etsi
422 1000 528 1029 donum
554 998 661 1027 consilii
684 998 786 1034 dirigat
808 998 843 1026 ad
866 997 961 1026 divina
989 996 1105 1026 consilia

254 1048 412 1086 implenda,
442 1047 468 1075 in
497 1046 601 1083 quibus
632 1045 757 1074 consistit
786 1044 918 1081 perfectio
948 1044 1104 1081 religionis,

255 1094 444 1132 principaliori
467 1096 559 1122 tamen
582 1092 732 1120 intentione
755 1091 850 1128 dirigit
874 1091 909 1119 ad
932 1098 976 1124 ea⁷
999 1091 1025 1118 in
1048 1090 1106 1127 qui-

255 1142 308 1171 bus
331 1141 394 1178 plus
416 1144 457 1169 est
479 1140 513 1169 de
542 1139 648 1168 ratione
676 1138 843 1171 arduitatis3
873 1137 986 1166 maioris
1011 1141 1105 1166 autem

256 1188 404 1217 arduitatis
426 1190 468 1216 est
488 1186 630 1214 Christum
654 1185 755 1213 imitari
779 1185 806 1212 in
829 1184 1007 1221 passionibus
1021 1192 1105 1220 quam

256 1236 283 1264 in
305 1235 478 1264 actionibus:
495 1237 522 1262 et
537 1233 598 1261 ideo
613 1233 687 1261 circa
703 1231 863 1260 huiusmodi
888 1234 943 1259 tam
959 1231 1106 1259 consilium

257 1291 342 1320 quam
374 1282 478 1310 donum
508 1280 680 1309 fortitudinis
711 1279 902 1316 principaliter
931 1278 1015 1306 habet
1047 1286 1109 1306 con·

257 1330 364 1359 sistere.

338 1377 363 1404 5.
386 1375 422 1404 Ad
446 1374 515 1403 illud
539 1374 613 1411 quod
644 1373 763 1401 ulterius
792 1372 938 1405 obiicitur,
967 1371 1042 1409 quod
1065 1371 1110 1400 do·

258 1432 324 1452 num
348 1422 519 1452 fortitudinis
541 1430 594 1449 non
619 1425 707 1458 potest
728 1427 789 1449 esse
811 1419 1002 1448 excellentiori
1028 1419 1109 1447 modo

259 1471 333 1499 circa
355 1469 496 1506 passiones
518 1476 602 1505 quam
626 1468 716 1495 virtus
737 1466 928 1500 fortitudinis3
950 1466 1110 1499 dicendum,

259 1517 335 1554 quod
356 1516 457 1545 falsum
480 1518 537 1549 est,
569 1514 635 1552 quia
662 1513 855 1542 excellentiori
888 1513 971 1541 modo
993 1512 1111 1541 sustinet

1152 289 1297 326 passiones
1318 291 1345 317 et
1370 287 1561 317 excellentiori
1583 286 1682 315 habitu
1704 286 1751 323 qui
1776 285 1894 315 sustinet
1911 292 2006 314 secun-

1155 336 1221 364 dum
1252 335 1352 364 Christi
1383 335 1580 368 imitationem=
1607 342 1691 371 quam
1710 334 1720 349 ³
1743 337 1858 371 propter
1886 334 2006 364 iustitiae

1155 383 1411 417 conservationem,
1439 385 1466 411 et
1494 382 1541 419 qni
1569 381 1688 410 sustinet
1716 382 1871 410 secundum
1900 383 2005 411 consilii

1156 429 1447 465 supererogationem,
1463 437 1547 466 quam
1570 428 1725 457 secundum
1748 429 1887 466 praecepti
1907 430 2009 467 obliga-

1157 476 1268 505 tionem.
1292 476 1318 504 ln
1340 484 1397 504 uno
1417 476 1490 504 enim
1514 475 1630 504 istorum
1654 475 1839 511 rectificatur,
1861 476 1966 505 scilicet
1980 477 2008 505 in

1156 526 1220 552 actu
1244 523 1355 551 virtutis
1377 523 1566 556 fortitudinis3
1589 523 1615 551 in
1638 522 1692 551 alio
1717 525 1811 551 autem
1834 531 1888 551 non
1916 523 2007 552 solum
2021 523 2137 542 Nfflssduffl-

1159 570 1343 603 rectificatur,
1366 570 1415 598 sed
1436 570 1519 598 etiam
1541 569 1625 598 altius
1646 569 1773 598 elevatur
1795 573 1821 598 et
1842 570 2009 607 expeditur,

1160 617 1265 646 scilicet
1285 616 1312 645 in
1335 620 1398 645 actu
1419 616 1677 645 fortitudinis—doni.
2160 642 2162 653 ,

1240 665 1269 693 Et
1291 673 1341 701 per
1368 665 1421 692 hoc
1451 667 1525 701 patet
1547 664 1616 692 illud
1639 664 1714 701 quod
1738 664 1836 693 ultimo
1858 664 2049 701 quaerebarAd
2058 664 2153 706 gggssslffi·

1160 715 1221 746 tur,
1245 711 1373 740 videlicet
1395 711 1429 739 de
1451 710 1607 739 differentia
1629 711 1696 739 reali
1720 711 1969 741 fortitudinis-doni
1984 715 2011 741 et

1160 758 1470 792 fortitudinis-virtutis,
1500 761 1527 786 et
1555 758 1589 786 de
1615 758 1807 787 convenientia
1836 758 1863 786 in
1890 759 2010 788 nomine.

1162 806 1200 834 Rc
1221 805 1295 833 enim
1311 805 1445 833 disserunt
1459 808 1575 842 propter
1590 805 1781 834 diversitatem
1802 806 1951 834 modorum
1966 806 2013 834 ha-
2163 805 2165 823 l

1160 852 1288 881 bilitandi
1310 855 1337 880 et
1358 852 1506 881 ordinandi
1522 852 1556 881 ad
1574 852 1749 881 tolerantiam
1771 852 1951 889 passionum3
1966 861 2013 881 ηο-
2164 861 2166 892 ξ

1162 900 1238 928 utine
1260 907 1326 928 vero
1348 900 1533 934 conveniunt,
1554 908 1606 936 pro
1627 907 1659 928 eo
1681 900 1755 936 quod
1778 900 1812 928 ad
1835 900 1933 929 eadem
1952 908 2013 937 pas·
2165 893 2166 933 i

1162 947 1272 976 sionum
1295 955 1397 984 genera
1419 947 1577 975 ordinant⁴.
1600 947 1743 976 Fortitudo
1764 947 1838 976 enim
1860 947 1951 976 virtus
1972 955 2014 976 or·
2165 939 2166 984 ζ

1163 994 1240 1023 dinat
1261 995 1296 1022 ad
1319 994 1482 1023 sustinenda
1497 994 1716 1031 qualiacumque
1738 997 1765 1023 et
1786 998 2014 1031 quantacumque

1163 1044 1316 1075 tormenta,
1345 1044 1495 1078 antequam
1525 1041 1629 1069 bonum
1658 1041 1770 1069 virtutis
1792 1043 1819 1069 et
1841 1041 2015 1070 honestatem

1164 1088 1355 1125 derelinquat.
1378 1096 1432 1116 non
1456 1092 1547 1117 tamen
1577 1088 1614 1116 ita
1642 1088 1814 1117 excellenter
1836 1091 1863 1117 et
1884 1084 2014 1126 prompte

1164 1136 1237 1164 sicut
1252 1135 1512 1163 fortitudo-donum.
1529 1135 1606 1164 Unde
1622 1135 1695 1163 inter
1710 1143 1807 1164 omnes
1823 1135 1940 1164 virtutes
1956 1143 2015 1172 pro·
2028 1135 2145 1154 “mudum-

1165 1186 1226 1219 pter
1248 1182 1443 1211 excellentiam
1460 1186 1486 1210 et
1501 1182 1670 1210 arduitatem
1687 1190 1723 1211 ex
1747 1185 1825 1219 parte
1845 1182 1944 1211 obiecti
1961 1183 2015 1211 vir-

1166 1232 1211 1257 tus
1232 1229 1404 1258 fortitudinis
1419 1229 1626 1266 appropinquat
1641 1229 1740 1263 donis3
1763 1232 1790 1257 et
1805 1232 1955 1266 propterea
1970 1229 2016 1257 ha-

1166 1276 1242 1305 bitus
1262 1276 1375 1305 virtutis
1396 1280 1423 1305 et
1445 1276 1509 1305 doni
1534 1277 1622 1313 magis
1643 1284 1726 1314 quam
1750 1277 1803 1305 alia
1825 1277 1898 1305 dona
1916 1276 2015 1305 eodem

1166 1323 1278 1351 nomine
1310 1323 1414 1351 habent
1446 1323 1569 1357 censeri,
1602 1323 1666 1352 licet
1697 1323 1827 1352 differant
1859 1323 2017 1352 differentia

1168 1369 1254 1403 reali,
1277 1370 1343 1406 quia
1366 1370 1456 1398 minor
1477 1373 1519 1399 est
1540 1371 1612 1399 inter
1634 1370 1697 1399 illos
1719 1371 1832 1399 habitus
1850 1370 2016 1399 differentia.

1167 1433 1205 1437 -—
1222 1417 1259 1445 Ex
1284 1417 1326 1445 his
1349 1419 1439 1454 patet,
1462 1417 1525 1454 quis
1547 1418 1581 1446 sit
1602 1421 1687 1445 actus
1709 1417 1975 1451 fortitudinis-doni,
1990 1420 2017 1446 et

1168 1464 1243 1501 quod
1266 1464 1424 1498 obiectum,
1439 1467 1466 1492 et
1481 1472 1553 1501 quae
1575 1464 1610 1493 sit
1631 1463 1797 1502 differentia
1812 1464 1873 1493 eius
1889 1467 2018 1501 respectu

1168 1512 1289 1541 aliorum
1313 1511 1470 1540 habituum.

1004 1611 1267 1647 SOHOLION.

324 1707 338 1728 l.
360 1714 369 1726 ε(
383 1706 446 1728 Sicut
463 1705 547 1733 duplex
564 1707 598 1727 est
615 1708 678 1726 actus
696 1703 945 1730 fortitudinis-virtutis,
964 1702 1112 1725 coordinatus

262 1750 345 1773 tamen,
358 1745 420 1767 unde
431 1744 529 1774 [duplex
541 1742 618 1773 actus]
632 1750 676 1766 non
693 1742 833 1765 diversificat
851 1742 955 1764 habitum
973 1741 1112 1764 tortitudinis

261 1784 390 1807 secundum
408 1784 521 1812 speciem,
545 1783 568 1805 id
585 1785 618 1805 ost
636 1781 734 1812 ayqrcdi
754 1781 833 1804 ιιι-(ἰυα
850 1784 873 1803 et
889 1780 1005 1803 sustinere
1023 1779 1112 1803 tei-›ibi-

263 1823 313 1851 Iiu,·
330 1823 359 1845 ita
377 1823 461 1850 duplex
479 1826 513 1844 est
530 1824 594 1844 actus
612 1820 823 1843 fortitudinis-dont
850 1819 895 1842 Sed
922 1819 1114 1841 tortitudo-virius

263 1863 392 1890 negotiatur
409 1862 431 1883 in
448 1861 527 1883 arduis
544 1863 566 1883 et
583 1860 735 1888 terribilibus,
762 1865 821 1888 quae
847 1859 1051 1886 proportionantur
1074 1859 1113 1879 liu-

263 1907 345 1923 manae
363 1901 440 1923 rii-tuti
466 1906 507 1922 nec
524 1905 575 1922 eam
594 1899 722 1926 exet—donn
740 1898 849 1920 tortitudo
866 1904 923 1919 vero
942 1897 1028 1919 donum
1047 1898 1067 1918 in
1086 1897 1113 1919 iis

263 1946 322 1968 quae
340 1939 477 1967 supergredi
496 1938 604 1960 videntur
622 1939 682 1959 vires
708 1938 822 1959 hnmanae
844 1940 959 1975 potura&
987 1936 1114 1963 praesumit

263 1980 324 2001 enim
342 1978 371 2001 de
389 1978 466 2000 divina
484 1978 580 2004 virtute,
600 1983 644 1998 non
663 1976 691 1998 de
709 1982 764 2001 sua;
784 1982 824 1998 sua
843 1976 929 2003 quippe
951 1976 1024 1997 virtus
1042 1974 1114 1996 deter-

263 2019 348 2040 minata
366 2020 399 2040 est
416 2017 446 2039 ad
463 2016 561 2046 aliquod
577 2022 652 2045 yemis
670 2015 797 2037 arduorum
816 2018 837 2036 et
855 2014 1005 2042 terribilium,
1024 2014 1064 2036 sed
1083 2014 1113 2035 di-

264 2058 317 2079 vina
334 2058 408 2079 virtus
426 2056 542 2079 sussiciens
559 2059 593 2077 est
611 2055 639 2077 ad
658 2061 726 2077 eume
740 2063 748 2073 n
771 2054 808 2082 (ita
829 2054 885 2076 Pctr.
904 2060 916 2075 a
929 2054 994 2080 Tar„
1008 2054 1044 2075 hie
1057 2059 1079 2081 q.
1093 2053 1113 2074 3.

264 2102 283 2118 a.
302 2097 323 2117 2.
342 2096 484 2124 quaestiunc.
503 2096 541 2123 2.),
561 2107 590 2109 —
608 2094 641 2116 Ab
660 2095 702 2116 tiae
720 2094 837 2115 communi
856 2093 957 2115 doctrina
976 2092 1063 2114 recedit
1081 2092 1114 2113 Ri-

265 2135 344 2158 chard.
362 2141 374 2157 a
393 2134 451 2157 Med.
473 2135 518 2160 (hic
539 2140 559 2155 a.
584 2134 604 2155 3.
623 2139 645 2162 q.
668 2133 695 2161 1.)
714 2133 800 2155 (locens
820 2140 830 2152 n
843 2132 971 2154 secundum
990 2128 1080 2160 aliquos
1094 2138 1113 2159 ›>,

266 2175 329 2203 quod
351 2183 361 2194 α
377 2173 466 2197 donum
492 2173 629 2196 tortitudinis
652 2179 696 2195 non
723 2175 756 2195 est
774 2175 879 2199 respectu
898 2171 963 2193 ardui
982 2170 1115 2194 cuiuscum-

266 2220 322 2243 que,
343 2214 383 2236 sed
402 2216 489 2236 tantum
508 2215 613 2240 respectu
632 2212 696 2234 ardui
716 2212 768 2233 mali
781 2217 869 2240 poenae
886 2212 1021 2234 attremant
1039 2211 1114 2233 tenen-

267 2253 295 2276 tis
312 2253 337 2276 iu
353 2252 486 2280 arduitate,
506 2252 636 2274 cuiusmodi
654 2254 686 2273 est
706 2254 803 2273 mortem
821 2251 933 2273 sustinere
952 2257 994 2278 pro
1013 2250 1065 2272 fidei
1079 2250 1115 2272 vel

267 2299 358 2315 morum
383 2293 478 2315 veritate
505 2291 664 2320 promovenda
683 2296 721 2313 :int
739 2290 882 2313 defendenda
898 2298 917 2312 n.
937 2302 966 2305 —
983 2290 1005 2312 S.
1030 2290 1115 2312 Bonan

267 2333 385 2355 communi
407 2332 523 2354 doetrinae
547 2330 694 2358 superaddit,
713 2329 775 2358 quod
794 2333 858 2352 actus
875 2330 944 2351 liuius
961 2329 1014 2351 doni
1033 2329 1117 2356 princi-

267 2372 324 2400 palis
341 2373 447 2393 versetur
467 2371 526 2393 circa
553 2371 687 2398 passionum
706 2369 848 2391 tolerantiam
866 2368 995 2391 secundum
1013 2369 1116 2390 imitatio-

268 2416 320 2433 nem
338 2410 428 2432 Christi.

1233 1701 1265 1724 De
1282 1701 1363 1724 eadem
1383 1702 1516 1730 quaestione
1534 1703 1625 1729 praeter
1636 1700 1756 1723 laudatos:
1769 1701 1790 1723 S.
1804 1701 1900 1727 Thom.‚
1913 1701 1944 1723 lll.
1958 1701 2019 1724 Sent.

1170 1741 1192 1763 d.
1211 1740 1247 1762 34.
1265 1748 1287 1769 q.
1307 1741 1327 1762 3.
1345 1747 1364 1762 n.
1388 1741 1392 1762 1
1408 1748 1413 1768 ;
1432 1741 1453 1762 S.
1472 1741 1495 1762 ll.
1514 1741 1536 1762 ll.
1554 1747 1576 1769 q.
1599 1740 1650 1762 139.
1666 1746 1685 1762 a.
1709 1741 1726 1762 l.
1745 1741 1765 1762 2.
1784 1752 1814 1755 —
1832 1740 1854 1762 B.
1872 1739 1970 1768 Albert,
1984 1741 2020 1763 hic

1169 1786 1189 1801 a.
1213 1780 1284 1801 ll-l3.

1233 1819 1256 1840 ll.
1275 1820 1343 1840 Actus
1352 1817 1446 1847 pietatis
1463 1819 1521 1840 varii
1539 1818 1693 1840 communiter
1710 1824 1722 1839 a
1740 1818 1886 1840 Scholasticis
1903 1819 2020 1846 assignan-

1170 1860 1207 1879 tur
1223 1856 1351 1879 secunclum
1370 1857 1498 1879 doctrinam
1515 1857 1636 1884 Augustini
1649 1857 1685 1878 hic
1697 1857 1718 1878 in
1732 1863 1781 1884 arg.
1795 1857 1815 1879 3.
1828 1856 1857 1879 acl
1870 1862 1952 1885 oppos.
1965 1857 2020 1879 rela-

1170 1899 1224 1918 tam.
1242 1897 1263 1918 S.
1282 1897 1364 1918 Thom.
1383 1897 1403 1918 in
1417 1895 1544 1918 Comment.
1557 1896 1609 1923 (loe.
1623 1897 1658 1918 cit.
1671 1902 1690 1917 a.
1704 1896 1725 1918 2.
1739 1896 1881 1924 quaestione.
1895 1896 1925 1924 2.)
1940 1896 2019 1924 docet,

1171 1935 1234 1964 quod
1252 1936 1339 1957 donum
1356 1935 1448 1965 pietalis
1463 1943 1473 1955 (ε
1487 1935 1569 1963 dirigat
1591 1936 1612 1957 in
1631 1935 1879 1957 communicationibus
1896 1934 2017 1963 omnibus,

1171 1982 1230 2004 quae
1248 1976 1277 1997 ntl
1295 1976 1391 1998 alterum
1409 1979 1462 1997 sunt
1474 1983 1494 2001 ¹³3
1513 1975 1553 1997 sed
1572 1976 1593 1996 in
1612 1975 1633 1997 S.
1652 1975 1687 2002 (ll.
1705 1975 1728 1996 ll.
1748 1981 1769 2003 [1.
1792 1975 1840 1997 1-21.
1859 1981 1878 1997 a.
1901 1976 1928 2003 l.)
1946 1975 2020 2003 addit,

1171 2014 1234 2043 quod
1253 2015 1345 2042 proprie
1371 2014 1499 2036 seeundum
1526 2014 1603 2042 ipsum
1622 2013 1758 2036 exhibemus
1776 2014 1862 2036 cultum
1881 2016 1903 2036 et
1919 2014 2021 2037 officium

1172 2054 1218 2076 Deo
1238 2054 1263 2075 ut
1277 2053 1349 2082 putri.
1368 2053 1475 2075 Similiter
1492 2052 1546 2074 (licit
1563 2053 1671 2075 Ricliard.
1690 2059 1701 2074 a
1720 2052 1777 2075 Med.
1796 2053 1842 2079 (hic
1859 2059 1878 2075 a.
1897 2053 1918 2075 3.
1937 2059 1958 2082 q.
1977 2054 2021 2080 2.)‚

1173 2094 1215 2115 hoc
1233 2093 1320 2115 donum
1338 2099 1388 2115 esse
1408 2100 1417 2113 «
1432 2092 1589 2120 principaliter
1607 2095 1712 2120 respectu
1727 2092 1765 2114 Dei
1778 2091 1822 2114 sub
1834 2093 1922 2114 ratione
1933 2092 2023 2115 summi

1172 2131 1247 2161 petiis
1260 2141 1281 2157 n,
1301 2131 1345 2153 snb
1363 2137 1408 2160 qua
1427 2132 1513 2153 ratione
1531 2131 1606 2153 cultus
1628 2131 1647 2153 ei
1670 2131 1812 2153 exhibeatur.
1834 2131 1855 2152 S.
1876 2131 1960 2154 Bonav.
1983 2137 2022 2154 au-

1172 2175 1217 2194 tem
1236 2171 1296 2197 vult.
1315 2171 1377 2200 quod
1394 2170 1560 2200 principaliter
1571 2173 1593 2192 et
1604 2170 1699 2200 proprie
1712 2170 1773 2193 idem
1787 2170 1873 2193 donum
1891 2170 2023 2193 attendatur

1173 2212 1194 2232 in
1213 2210 1372 2232 benevolentia
1398 2213 1502 2237 respectu
1527 2208 1649 2238 proximi,
1677 2212 1790 2238 quatenus
1815 2210 1873 2238 gerit
1894 2209 2022 2239 imaginem

1174 2249 1221 2272 Dei.
1240 2249 1347 2271 Similiter
1365 2249 1418 2271 dicit
1430 2249 1453 2270 Β,
1468 2248 1554 2271 Albert.
1573 2248 1620 2277 (hie
1637 2255 1656 2270 a.
1679 2248 1730 2277 16),
1749 2248 1813 2277 quod
1830 2252 1893 2271 aetus
1910 2249 2022 2276 principa-

1174 2289 1200 2311 lis
1217 2288 1322 2311 etusdem
1340 2289 1367 2310 sit
1388 2287 1574 2310 «benevolenter
1591 2290 1613 2310 et
1630 2288 1678 2309 sine
1696 2287 1789 2316 querela
1807 2287 1896 2309 bonum
1908 2291 1988 2315 optare
2000 2291 2022 2310 et

1175 2328 1248 2349 tacere
1266 2326 1374 2349 omnibus
1392 2327 1492 2354 imagine
1511 2326 1549 2347 Dei
1568 2326 1680 2353 insignitis
1693 2334 1713 2347 ».
1734 2326 1790 2348 Petr.
1808 2332 1820 2347 a
1840 2326 1892 2348 Tar.
1906 2326 1953 2351 (hic
1965 2333 1987 2355 q.
2001 2326 2021 2348 3.

1174 2373 1194 2388 a,
1214 2366 1243 2393 li.)
1262 2366 1315 2388 (licit
1332 2366 1480 2393 generaliter,
1500 2366 1542 2387 hoc
1561 2365 1648 2387 donum
1661 2371 1711 2387 esse
1728 2365 1789 2387 iniis
1813 2373 1823 2385 (ι
1837 2371 1895 2393 quae
1915 2365 2022 2387 exhiben-

1176 2410 1211 2428 tur
1224 2405 1280 2433 Deo,
1293 2405 1329 2426 vel
1348 2405 1434 2426 homiui
1452 2404 1480 2426 ad
1499 2404 1668 2432 promotionem
1686 2403 1737 2426 fidei
1749 2404 1771 2425 in
1784 2410 1821 2431 se,
1834 2403 1871 2425 vel
1884 2404 1905 2425 in
1918 2404 1989 2425 altero
2002 2411 2023 2425 ».

1033 2496 1196 2533 QUAESTIO
1219 2496 1260 2524 vt.

276 2588 378 2616 Carion
396 2591 481 2615 [tectis
493 2586 672 2623 principalis
684 2585 803 2622 pictatis
818 2585 960 2613 consistat
974 2585 1005 2612 in
1020 2584 1158 2621 rciiyionc
1176 2586 1307 2619 respectu
1324 2582 1392 2615 Det,
1408 2581 1451 2609 vet
1465 2581 1494 2609 in
1515 2581 1716 2618 compassione
1735 2584 1867 2617 ‘respectu
1880 2580 2020 2617 proti-imi.

350 2686 433 2714 Sexto
454 2688 481 2714 et
502 2685 601 2713 ultimo
629 2684 776 2721 quaeritur
804 2684 838 2712 de
866 2687 931 2712 actu
959 2686 986 2711 et
1011 2683 1118 2711 obiecto

271 2732 359 2769 ipsius
381 2732 444 2761 doni
474 2731 599 2768 pietatis,
621 2735 647 2759 et
676 2734 717 2759 est
745 2731 886 2767 quaestio,
915 2733 1011 2758 utrum
1040 2732 1119 2757 aetus

272 2779 434 2816 principalis
463 2778 572 2815 pietatis
605 2778 737 2806 consistat
765 2778 790 2805 in
823 2777 957 2813 religione
989 2779 1119 2812 respectu

1175 2682 1236 2715 Dei,
1265 2681 1309 2709 vel
1332 2681 1358 2708 in
1380 2680 1571 2717 compassione
1594 2683 1722 2716 respectu
1744 2679 1874 2715 proximi.
1896 2678 1926 2705 Et
1948 2677 2022 2714 quod

1176 2727 1325 2765 praecipue
1347 2727 1478 2755 consistat
1501 2728 1526 2755 in
1549 2727 1681 2763 religione
1702 2728 1831 2762 respectu
1854 2724 1914 2757 Dei,
1937 2727 2025 2752 osten—

1177 2775 1267 2803 ditur:
1825 2775 1827 2778 ’

337 2896 343 2910 ¹
363 2896 435 2919 Codd.
455 2896 471 2918 A
482 2897 499 2918 G
511 2896 528 2918 U
546 2895 670 2925 cruciliyit.

336 2934 345 2948 '²
363 2935 385 2956 ln
403 2935 471 2957 codd.
488 2934 532 2956 GN
543 2934 557 2955 Ρ
570 2934 588 2962 Q
600 2935 617 2956 V
636 2934 700 2956 deest
717 2933 754 2956 ad.

337 2972 345 2987 ³
363 2972 417 2995 Cod.
436 2974 455 2995 M
469 2973 526 2995 bene.
539 2973 630 3000 supplet
643 2972 684 3002 qui
694 2972 808 3000 sustinet,·
826 2972 877 2994 edd.
892 2973 927 2994 liic
940 2975 962 2994 et
979 2972 1048 3000 paulo
1066 2972 1119 2993 inse-

276 3012 323 3033 rius
341 3014 392 3038 post
404 3017 477 3040 quam
489 3011 597 3039 supplent
609 3011 655 3040 qni.
671 3012 774 3033 Proxime
787 3015 837 3039 post
850 3011 900 3033 cod.
914 3011 930 3032 A
943 3012 994 3033 voci
1017 3010 1119 3033 institiae

1177 2893 1281 2921 praefigit
1299 2892 1392 2915 Christi.
1420 2892 1481 2914 ldem
1499 2892 1550 2914 cod.
1568 2892 1585 2912 Α
1603 2891 1625 2912 in
1644 2890 1755 2917 principio
1774 2888 1840 2910 solut.
1860 2895 1901 2916 pro
1920 2887 2024 2911 ulterius

1177 2932 1245 2954 habet
1261 2931 1355 2954 ultimo.

1241 2970 1248 2984 ⁴
1265 2971 1356 2992 Plurimi
1375 2969 1442 2992 codd.
1460 2972 1483 2990 et
1498 2968 1550 2990 edd.
1581 2968 1597 2994 l,
1624 2967 1636 2988 2
1662 2965 1813 2989 ordinantur.
1841 2966 1862 2987 ln
1882 2966 1925 2988 fine
1951 2966 2020 2988 solut.

1176 3010 1226 3032 cod.
1246 3010 1261 3031 l}
1278 3009 1353 3031 adiicit
1371 3009 1392 3031 ei
1403 3007 1436 3030 sic
1446 3008 1526 3036 patent
1537 3005 1632 3029 obiecta.
