2166 3366
21 280 134 301 Notandum.

46 1761 83 1780 dei.

0 1645 1 1658 l

0 1664 2 1685 l

0 1691 97 1768 lucaniae
106 1737 126 1756 fi-

0 1771 1 1790 l

0 1799 1 1808 t

0 1911 1 1917 ἵ
45 1925 126 1945 Notatur

0 1949 125 1992 fflffiffl“

0 2113 100 2133 tDefectns
109 2114 125 2132 1.

752 196 835 225 DtsT.
858 197 944 225 xxiii.
966 197 1039 226 ΛΒΤ.
1061 197 1079 225 Ι.
1101 197 1236 234 ΟΗΑΕΞΤ.
1260 198 1289 226 V.

153 273 266 302 «maior
286 276 328 302 est
348 273 487 302 certitudo
519 274 730 303 mathematicae
758 275 887 304 scientiae
909 282 992 312 tinam

147 320 282 349 divinae»
305 324 381 349 ——et
403 324 494 349 tamen
510 321 629 349 nobilior
651 324 693 350 est
717 321 811 349 divina
832 330 916 358 quam
939 330 994 351 ma-

148 368 297 396 thematica
308 384 345 388 —
361 368 413 397 boc
427 371 521 396 autem
536 371 578 396 est
593 371 706 405 propter
721 368 859 397 defectum
875 378 891 397 a
915 374 992 406 parte

148 413 339 451 ii·itelligentis;
361 415 439 452 quia,
466 414 538 443 sicut
569 414 636 443 dicit
657 415 870 452 Philosophus&
897 416 993 445 «sicut

147 468 176 490 se
199 461 281 490 babet
302 461 400 490 oculus
432 464 549 489 noctuae
576 462 611 489 ad
645 461 755 495 lucem,
777 462 813 490 ita
836 463 991 492 intellectus

147 511 241 536 noster
261 508 295 536 ad
320 508 543 536 manifestissima
573 511 688 536 naturae
701 519 727 542 »;
754 509 829 538 unde
852 510 898 538 illa
919 518 991 546 quae

147 558 211 583 sunt
231 554 386 583 certissima
417 554 444 582 in
476 562 520 588 se,
547 555 686 590 cognoscit
717 555 868 592 aliquando
897 556 990 585 dubie.

1838 201 1896 230 [183

1052 276 1082 304 Et
1107 279 1198 304 tamen
1220 276 1267 304 illa
1289 277 1408 313 cognitio
1433 277 1524 307 minus
1553 281 1629 307 certa
1650 279 1738 316 magis
1759 282 1801 308 est
1822 280 1897 308 nobi-

1052 323 1084 351 lis
1105 326 1132 351 et
1153 324 1289 360 perfecta,
1311 324 1443 361 quoniam
1465 328 1507 353 cst
1529 325 1563 353 tle
1585 333 1615 354 re
1637 326 1776 354 nobiliori.
1799 327 1895 355 Melius

1050 372 1091 398 est
1110 370 1184 398 enim
1217 370 1261 398 vel
1293 371 1433 400 modicum
1467 372 1534 409 quid
1557 372 1591 401 (le
1624 373 1680 401 Deo
1701 373 1787 408 scire,
1810 382 1894 411 quam

1050 416 1210 445 caelestium
1234 417 1277 445 vet
1300 418 1476 446 terrestrium
1502 419 1626 460 notitiam
1654 420 1766 449 babere.
1788 436 1826 440 —
1849 421 1963 449 lia-uota.

1049 463 1137 491 tiones
1159 471 1224 491 vero
1239 464 1273 491 ad
1290 464 1445 501 oppositam
1469 469 1574 502 partem
1597 467 1791 496 concedendae
1812 471 1894 501 sunt;

1048 509 1220 538 concludunt
1241 510 1314 538 enim
1337 511 1372 539 de
1394 512 1560 541 certitudine
1581 514 1799 550 speculationis,
1822 514 1894 543 sicut

1048 557 1115 586 satis
1136 557 1243 586 clarum
1266 561 1307 586 est
1328 561 1355 586 et
1376 560 1556 595 pertractanti
1579 564 1703 597 apparet.

889 648 1147 684 SOHOLION

208 737 222 758 l.
245 745 254 756 α
268 735 333 758 Fides
350 735 418 758 babet
430 737 540 759 maiorem
553 736 711 759 certitudinem
729 739 841 765 quamtum
858 738 887 760 ad
900 738 990 761 tlrmita-

146 779 190 798 tem
216 774 379 803 adhaesionis,
407 781 476 804 quarn
502 776 530 798 sit
546 776 658 798 certitudo
676 777 783 798 scit—ntiae
801 777 836 798 vel
854 777 990 805 intellectus,

145 815 252 844 quamvis
269 815 290 836 in
308 815 400 836 scicntia
418 817 439 837 ct
457 814 569 837 intellectu
587 815 614 836 sit
632 815 705 836 maior
721 814 834 837 effitientia
847 822 928 837 eorum
942 817 989 844 qui-

145 853 189 876 bus
214 854 357 876 assentitur»
386 853 418 879 (S.
445 853 540 881 'l'bom.,
567 854 603 875 liic
628 860 650 882 q.
677 854 697 875 2.
715 860 734 875 a.
753 855 774 876 2.
792 856 932 883 quaestiunc.
952 856 990 883 3.).

148 900 158 912 α
171 891 287 914 Cei-titudo
304 891 414 915 scientiae
432 893 532 914 consistit
550 892 570 914 in
590 892 695 920 duobus,
722 893 805 915 scilicet
831 894 851 914 in
877 893 989 916 eritlentia

144 934 166 953 et
183 932 204 953 in
221 930 334 961 firmitate
358 930 507 954 tiriltoesiouis
518 939 527 959 ‚·
551 931 663 953 certitudo
681 934 756 953 autem
774 931 828 961 littei
844 933 944 954 consistit
969 933 989 954 in

145 976 190 993 uno
208 973 308 999 tantum,
333 971 417 1002 scilicet
443 971 464 992 in
491 970 596 993 firmitate
613 970 763 993 adhaesionis
774 980 781 998 ‚·
799 972 910 993 cci-titudo
934 978 990 994 vcro

145 1009 260 1040 opinionis
279 1011 300 1032 in
318 1011 419 1038 tte'ttirof
431 1010 539 1038 quamvis
556 1009 668 1032 certitudo
681 1009 758 1032 lidi-i...
770 1014 881 1038 quantum
894 1011 922 1033 ad
936 1011 989 1033 illud

144 1055 216 1071 unum
235 1049 262 1071 sit
279 1049 437 1070 veliementior
453 1054 523 1077 quam
541 1048 653 1071 certitudo
671 1049 777 1070 scit-ntiae
790 1053 900 1077 quantum
913 1049 942 1071 ad
955 1050 989 1071 illa

144 1088 191 1111 duo
204 1096 213 1108 »ι
235 1088 299 1116 (ibid.
318 1088 346 1110 nd
368 1088 402 1116 t.).
424 1096 435 1107 a
449 1087 549 1110 Creticus
561 1088 690 1110 secuudum
704 1088 833 1110 tlt-mitatem
846 1088 990 1111 adhaesionis

144 1127 218 1155 magis
235 1127 320 1149 recedit
337 1126 361 1156 [a
379 1126 519 1156 dubietate]
537 1132 607 1155 quam
626 1127 699 1148 sciens
717 1127 845 1149 secundum
864 1128 897 1149 illa
917 1128 962 1150 duo
976 1138 985 1147 i)

144 1166 209 1194 (ibid.
226 1166 256 1189 ad
274 1167 312 1194 2.).
330 1178 360 1182 —-
378 1166 438 1187 llaec
462 1166 521 1188 dicta
540 1169 593 1188 sunt
610 1165 687 1194 quoad
705 1166 863 1188 rvi-tiuidinem
881 1173 907 1189 cx
926 1171 989 1194 parte

143 1204 240 1228 subiecti
256 1204 376 1228 credentis.
401 1205 500 1232 Excepto
518 1204 626 1227 oui-anuo
644 1205 690 1233 (liic
707 1212 729 1234 q.
742 1205 786 1233 7.)‚
800 1206 838 1234 qui
852 1206 888 1227 liic
900 1207 920 1228 in
934 1207 989 1228 mul-

143 1244 171 1266 tis
187 1250 200 1266 a
217 1244 334 1266 communi
353 1244 388 1266 via
407 1243 504 1271 recedit,
522 1243 583 1266 idem
605 1244 635 1266 ab
660 1244 708 1266 aliis
733 1245 832 1273 antiquis
857 1245 989 1267 doctoribus

143 1283 250 1311 docetur,
269 1283 319 1305 licet
346 1289 389 1305 non
416 1283 496 1305 iisdem
518 1283 611 1305 xerbis:
631 1290 652 1305 v.
672 1290 694 1311 g.
712 1288 790 1306 auctor
808 1288 883 1306 noster
901 1285 989 1307 certitu-

143 1321 190 1344 dini
211 1321 361 1345 adhaesionis
386 1323 482 1350 opponit
499 1328 557 1346 non,
576 1325 600 1344 ut
618 1323 639 1344 S.
659 1323 754 1349 Tuom„
772 1322 922 1350 evalentiam,
948 1323 988 1345 sed

143 1359 305 1384 certitudinem
330 1361 497 1390 speculationis
506 1370 516 1389 ‚·
536 1365 558 1384 ct
575 1361 703 1384 secuudum
722 1362 779 1383 lianc
797 1368 840 1383 non
860 1365 925 1389 negat
944 1368 988 1384 ma-

1048 740 1120 761 iorem
1137 739 1296 762 certitudinem
1314 740 1335 761 in
1353 741 1445 763 scientia
1471 747 1521 763 esse
1539 748 1620 769 posse,
1638 748 1691 764 vum
1710 743 1821 765 certitudo
1840 744 1893 766 ndei

1048 784 1092 800 non
1110 778 1215 801 excludat
1235 782 1310 801 motus
1330 778 1489 807 dubitationis,
1512 780 1582 802 immo
1603 787 1644 802 nec
1662 781 1724 809 quod
1748 783 1819 809 possit
1842 784 1894 811 quis

1049 820 1169 839 retractare
1186 823 1318 845 assensum,
1338 821 1361 840 ut
1379 819 1523 840 manifestam
1542 823 1582 841 cst.
1601 832 1629 835 —
1642 820 1710 842 Aliter
1728 824 1803 843 autem
1822 821 1895 844 dicen-

1049 855 1104 878 dum
1116 859 1150 878 est
1161 855 1189 877 dc
1202 856 1336 878 certitudine
1354 855 1406 878 ndei
1424 863 1451 879 ex
1464 860 1527 885 parte
1544 864 1602 880 ,sane
1614 864 1701 881 causae
1712 858 1837 882 obiectione
1848 860 1894 888 (liic

1048 900 1096 922 arg.
1115 895 1136 917 3.
1154 901 1196 922 pro
1211 898 1273 922 parte.
1284 896 1366 917 altirm.
1381 899 1403 918 et
1414 896 1480 918 solut.
1494 896 1522 918 ad
1536 896 1578 924 li.)v
1592 903 1644 919 cum
1658 897 1715 919 tides
1727 899 1834 921 innitatur
1850 900 1894 927 pri-

1049 939 1099 955 mae
1111 934 1203 956 Veritati
1215 934 1323 956 infallibili
1335 937 1357 957 et
1369 935 1448 957 lumini
1461 936 1628 963 supernaturali
1638 937 1719 963 intuso,
1730 944 1789 965 (tuae
1802 939 1893 960 certitu-

1048 973 1100 995 dine
1117 973 1229 996 obiectiva
1243 974 1336 995 omniuo
1353 974 1467 997 excedunt
1478 977 1580 997 creatum
1599 976 1691 998 rationis
1709 976 1785 998 lumen
1803 977 1854 1005 (cfr.
1871 978 1894 999 S.

1048 1011 1144 1039 Tbom.y
1162 1012 1184 1034 S.
1204 1012 1234 1034 lll.
1253 1018 1274 1040 q.
1294 1012 1315 1034 ὦ.
1333 1019 1351 1034 a.
1371 1014 1410 1035 8.i.
1429 1013 1485 1035 Tota
1509 1015 1628 1041 responsio
1650 1015 1724 1043 magis
1746 1015 1894 1038 confirmatur

1048 1051 1104 1073 inira
1122 1050 1143 1072 d.
1163 1050 1198 1072 et.
1216 1058 1236 1073 a.
1258 1052 1275 1073 l.
1294 1058 1315 1080 q.
1338 1052 1355 1074 1.

1111 1090 1132 1111 ll.
1152 1090 1241 1112 l’raetcr
1259 1090 1377 1113 laudatos:
1401 1091 1462 1113 Alex.
1481 1091 1540 1119 llal.,
1559 1092 1581 1113 5.
1600 1098 1621 1120 p.
1640 1092 1671 1114 ΙΙΙ.
1690 1099 1711 1121 q.
1730 1093 1767 1115 68.
1785 1100 1815 1116 m.
1835 1095 1854 1115 Ξ).
1873 1101 1893 1117 a.

1051 1129 1073 1156 t,
1091 1131 1113 1151 et
1130 1129 1151 1151 in
1169 1128 1336 1158 Sapptemento
1353 1129 1382 1151 ad
1400 1130 1520 1152 Summam
1539 1130 1658 1153 Alexandri
1678 1131 1776 1157 (collatio
1790 1132 1836 1161 351¹.)
1850 1134 1894 1160 pri·

1047 1174 1085 1190 mo
1103 1169 1236 1196 transcripta
1254 1172 1305 1191 sunt
1323 1170 1398 1191 omnia
1416 1169 1446 1192 ab
1463 1169 1591 1192 Alexandro
1608 1170 1666 1193 dicta
1684 1174 1706 1193 ct
1724 1171 1806 1194 deinde
1824 1178 1894 1200 quae-

1047 1208 1089 1230 stio
1107 1209 1162 1230 lianc
1179 1208 1200 1230 S.
1219 1208 1403 1236 Bonaventurae,
1420 1211 1444 1230 ut
1457 1209 1501 1230 iam
1513 1215 1583 1237 supra
1597 1210 1618 1231 in
1631 1210 1717 1232 scholio
1729 1211 1758 1233 ad
1772 1212 1792 1233 2.
1805 1215 1893 1240 quaest.

1046 1244 1194 1268 observatum
1217 1250 1256 1269 est.
1282 1259 1311 1261 —
1329 1247 1401 1274 Scot.⁷
1427 1248 1463 1270 liic
1480 1254 1502 1276 q.
1521 1249 1585 1270 unica
1605 1254 1625 1270 n.
1648 1249 1681 1271 l9.
1700 1261 1729 1264 —
1755 1250 1778 1271 B.
1796 1249 1895 1277 albert,

1046 1285 1083 1306 liic
1095 1291 1114 1307 a.
1134 1284 1168 1307 =17.
1181 1285 1279 1307 —Peuz
1298 1292 1309 1307 a
1328 1285 1393 1313 'l'ar.‚
1413 1286 1448 1308 bic
1466 1293 1487 1315 q.
1506 1287 1526 1308 3.
1545 1294 1564 1309 a.
1584 1288 1604 1309 ⁴2.
1622 1289 1763 1316 quaestiunc.
1782 1289 1803 1311 3.
1816 1301 1845 1304 —-
1857 1289 1891 1311 iu-

1046 1323 1124 1349 cliard.
1143 1330 1155 1345 a
1174 1324 1243 1352 tiled„
1270 1325 1306 1346 hic
1323 1331 1343 1347 a.
1360 1324 1382 1346 7.
1400 1332 1422 1354 q.
1445 1326 1461 1347 l.
1478 1337 1510 1342 ·-
1527 1326 1619 1354 Dionys.
1637 1326 1725 1352 Cartb..
1743 1328 1774 1349 lll.
1792 1328 1852 1350 Seni.
1870 1328 1892 1351 d.

1046 1361 1083 1384 ai.
1101 1369 1123 1391 q.
1142 1363 1215 1385 unica.

907 1453 1069 1489 QUAESTIO
1093 1454 1122 1481 V.

659 1539 699 1567 De
719 1538 883 1576 definitione
902 1539 972 1576 fidei
992 1539 1029 1568 ab
1051 1540 1187 1576 Apostoli>
1206 1541 1370 1578 assiynata.

219 1637 320 1674 Quinto
341 1638 488 1675 quaeritur
509 1638 543 1667 de
564 1638 750 1675 descriptione
773 1637 834 1666 fidei
858 1638 893 1666 ab
920 1639 985 1674 Apo-

139 1684 210 1714 stolo
230 1685 385 1722 assignata,
407 1685 537 1722 quoniam
562 1685 621 1722 ipsa
643 1685 714 1713 inter
740 1688 845 1713 ceteras
867 1688 908 1713 est
932 1693 987 1713 ma-

139 1731 180 1769 gis
194 1732 362 1761 authentica.
385 1731 485 1760 Definit
507 1735 601 1761 autem
617 1732 763 1769 Apostolus
779 1731 862 1760 tidem
878 1732 926 1765 sic,
948 1731 985 1760 ad

139 1778 276 1807 Hebraeos
298 1778 483 1807 undecimo²z
517 1778 603 1806 Fides
624 1782 663 1806 cst
684 1777 851 1806 substancia
883 1786 986 1806 rerum

139 1826 378 1863 sperandarmn,
399 1829 608 1862 aryttmentum
624 1833 681 1853 uon
702 1824 918 1861 apparentium.
944 1824 976 1853 Ο-

139 1872 279 1901 stenditur
303 1875 397 1901 autem
423 1872 475 1900 ista
496 1871 647 1909 descriptio
668 1871 893 1900 inconvenienter
921 1871 986 1900 assi-

138 1923 221 1957 gnata
241 1922 356 1957 propter
377 1919 590 1957 quadruplicem
617 1919 772 1951 delectum,
804 1918 851 1956 qui
873 1918 985 1948 videtur

138 1974 199 1995 esse
231 1967 258 1995 in
289 1974 337 2000 ea,
368 1966 498 1995 videlicet
519 1970 633 2003 propter
665 1966 803 1994 desectum
835 1965 985 1999 veritatis,

139 2015 253 2050 propter
275 2012 413 2042 defectum
435 2012 696 2045 convertibilitatis,
717 2014 831 2048 propter
846 2011 984 2041 detectum

139 2059 298 2088 evidentiae
311 2063 338 2089 et
352 2062 467 2097 propter
481 2059 620 2089 defectum
635 2058 833 2097 sufficientiae.
852 2076 892 2080 —
905 2060 984 2096 Quod

139 2109 234 2135 autem
256 2107 291 2135 sit
312 2107 339 2135 in
354 2114 385 2136 ea
401 2107 526 2135 detectus
546 2106 696 2139 veritatis,
717 2106 891 2134 ostenditur:

220 2154 244 2182 1.
266 2153 358 2181 Pritno
381 2154 407 2182 in
430 2153 497 2187 hoc,
530 2154 605 2190 quod
631 2153 712 2186 dicit,
735 2152 817 2181 fidem
840 2160 900 2181 esse
921 2152 985 2181 sab-

138 2200 280 2229 scantiam
292 2211 302 2233 ,·
316 2203 365 2228 aut
379 2200 452 2229 enim
469 2200 505 2228 ibi
521 2201 657 2237 accipitur
671 2199 826 2227 substantia
846 2199 981 2236 proprie,

139 2249 188 2275 aut
208 2247 410 2276 communiter.
431 2247 458 2275 Si
479 2247 616 2284 accipitur
639 2247 673 2275 ibi
687 2245 825 2283 proprie,
841 2253 904 2274 cum
920 2246 984 2274 sab-

137 2293 250 2322 stantia
271 2294 414 2323 dividatur
436 2297 532 2323 contra
554 2293 725 2326 accideusss,
747 2295 774 2321 et
795 2292 864 2321 fides
883 2292 918 2321 sit
938 2301 985 2321 ac-

136 2340 253 2374 cidens,
275 2340 377 2369 falsum
392 2344 449 2375 est,
467 2340 549 2369 fidem
565 2348 625 2369 esse
641 2339 832 2368 substantiam.
848 2339 874 2366 Si
889 2341 982 2368 autem

1043 1637 1210 1667 substantia
1232 1639 1267 1667 ibi
1283 1640 1419 1677 accipitur
1441 1641 1633 1670 communiter
1649 1650 1699 1679 pro
1714 1643 1848 1677 essentia,
1864 1647 1892 1673 et

1044 1685 1163 1713 essentia
1184 1685 1408 1724 uniuscuiusque
1430 1695 1483 1716 non
1506 1688 1600 1717 differt
1621 1689 1656 1717 ab
1677 1697 1726 1724 eo,
1748 1690 1828 1718 cuius
1849 1694 1891 1719 est

1043 1732 1178 1766 essentia,
1200 1733 1269 1762 tides
1290 1737 1384 1762 autem
1407 1734 1500 1763 differt
1521 1744 1538 1764 a
1559 1736 1643 1765 rebus
1665 1737 1828 1774 sperandis3
1844 1738 1891 1766 im-

1043 1779 1174 1815 possibile
1205 1783 1259 1814 est,
1292 1780 1374 1809 fidem
1407 1789 1468 1810 6556
1500 1782 1684 1812 substantiam
1713 1792 1810 1823 rerum
1832 1792 1892 1822 spe-

1043 1826 1205 1855 randarum.

1122 1874 1148 1901 ᾖ.
1172 1873 1253 1905 item,
1276 1874 1387 1903 videtur
1407 1874 1489 1912 falsa
1511 1883 1571 1905 esse
1593 1876 1620 1904 in
1637 1877 1703 1911 boc,
1718 1878 1793 1915 quod
1809 1878 1890 1913 dicit,

1043 1918 1127 1948 fidem
1150 1928 1203 1948 non
1227 1924 1333 1949 tantum
1356 1929 1417 1950 esse
1437 1922 1652 1957 substantiam,
1675 1924 1721 1953 sed
1745 1925 1828 1953 etiam
1843 1934 1891 1954 ctr-

1040 1970 1230 2003 9umentum,
1252 1968 1383 2004 quoniam
1406 1969 1484 1997 nulla
1498 1969 1595 1998 ⁴uirtus
1610 1973 1651 1999 est
1665 1976 1890 2008 arqumeutum,

1042 2020 1093 2042 nec
1114 2021 1129 2042 e
1151 2021 1303 2043 converso:
1326 2015 1347 2043 si
1370 2023 1437 2052 ergo
1459 2016 1529 2045 fides
1550 2020 1591 2046 est
1612 2017 1724 2052 virttis,
1748 2027 1801 2047 non
1823 2027 1890 2057 ergo

1042 2063 1131 2097 potest
1153 2068 1214 2090 esse
1235 2066 1452 2099 armamentum.
1475 2064 1509 2092 Si
1529 2068 1561 2092 tu
1581 2065 1682 2099 dicas,
1704 2066 1779 2103 quod
1801 2075 1891 2104 arqu-

1041 2110 1170 2135 ‘mentum
1192 2108 1314 2137 sumitur
1336 2109 1373 2138 ibi
1401 2111 1631 2145 traassmntioae
1658 2112 1784 2146 videtur⁷
1813 2114 1888 2150 quod

1042 2160 1092 2181 nec
1114 2155 1339 2189 trcmssumtiue,
1355 2164 1405 2185 nec
1417 2157 1539 2194 proprie
1561 2158 1661 2187 debeat
1676 2158 1728 2187 dici
1751 2158 1821 2188 sides
1842 2168 1890 2188 ar-

1039 2204 1211 2236 9umcntttm
1233 2210 1290 2229 'non
1312 2204 1529 2240 apparentiam.
1545 2205 1571 2232 Si
1587 2205 1660 2233 enim
1678 2206 1833 2242 proprietas
1847 2215 1889 2234 ar-

1041 2247 1164 2282 gumenti
1186 2251 1243 2282 est,
1264 2249 1339 2286 quod
1361 2250 1453 2286 arguit
1469 2251 1556 2287 ipsam
1573 2254 1693 2280 mentem
1709 2255 1736 2280 et
1751 2253 1889 2281 convincit

1040 2301 1102 2322 eam
1124 2295 1158 2323 de
1180 2303 1212 2324 eo
1233 2296 1267 2324 ad
1290 2296 1365 2333 quod
1387 2301 1444 2331 est,
1476 2298 1578 2326 faciens
1605 2298 1674 2327 illud
1697 2307 1757 2327 esse
1779 2299 1886 2328 clarum

1039 2343 1066 2368 et
1087 2342 1256 2378 apertum⁴;
1278 2343 1406 2377 videtur,
1428 2344 1502 2380 quod
1519 2345 1554 2373 sit
1569 2344 1606 2373 ibi
1627 2345 1776 2382 implicatio
1798 2347 1889 2383 dupli-

138 2467 207 2489 posse
224 2457 341 2484 scientiam
364 2462 523 2484 certissimam.
542 2474 571 2477 —-
594 2462 688 2483 Nomine
713 2462 820 2483 scientiae
840 2460 933 2484 divinae
954 2461 983 2484 ab

138 2500 235 2525 Aristot..
259 2501 273 2522 l.
295 2501 393 2528 Metapb.
411 2506 430 2522 c.
457 2500 481 2528 3,
507 2500 638 2528 intelligitur
660 2499 836 2529 metaphysica:
858 2507 869 2519 a
885 2499 941 2521 Nam
962 2503 984 2522 et

138 2539 186 2567 itia,
204 2545 274 2568 quam
293 2540 390 2561 maxim<-
408 2539 469 2561 Deus
487 2538 581 2566 babeat,
600 2538 677 2560 divina
696 2539 841 2560 scientiarum
860 2540 903 2565 est,
922 2542 943 2561 et
964 2539 982 2561 si

138 2584 183 2606 qua
202 2580 245 2605 est,
264 2583 323 2606 quae
341 2577 473 2599 divinorum
491 2578 548 2599 sit».
567 2577 622 2599 lbid.
640 2579 661 2599 et
680 2577 710 2599 lll.
729 2579 779 2598 text.
796 2576 816 2598 3.
829 2582 871 2598 nec
888 2582 932 2599 non
945 2577 982 2599 Xl.

138 2622 158 2638 c.
176 2617 196 2638 6.
216 2617 248 2644 (ΙΙ.
266 2622 285 2638 6.
304 2617 325 2637 2.
342 2618 364 2638 et
383 2616 411 2637 X.
430 2622 448 2638 c.
466 2615 506 2642 7.).
524 2616 680 2644 metaphysica
694 2616 776 2638 dicitur
793 2616 884 2637 scientia
901 2624 911 2635 α
924 2617 983 2643 prin·

139 2655 275 2683 cipalissima
293 2658 315 2677 et
332 2654 543 2681 honorabilissima,
561 2658 582 2677 et
594 2656 630 2677 cui
643 2658 729 2677 ceteras
747 2655 851 2677 scientias
874 2658 981 2683 tanquam

138 2686 230 2716 ancillas
253 2699 297 2715 non
321 2693 477 2716 contradicere
500 2693 596 2715 decet».
613 2705 645 2710 -—
662 2694 717 2715 Edd.
737 2694 756 2721 i,
776 2694 789 2715 2
812 2695 832 2715 in
852 2695 895 2716 bac
916 2695 982 2716 solut.

138 2739 181 2761 pro
198 2732 312 2755 vocabulo
328 2731 508 2755 mathematicae
526 2738 649 2760 perperam
666 2732 833 2755 substituerunt
844 2739 926 2755 vocem
939 2738 983 2755 me-

139 2771 280 2802 taphysicae.
345 2765 347 2770 ’

201 2810 207 2825 ¹
227 2811 286 2833 Libr.
305 2811 328 2832 ll.
346 2811 444 2838 ltletapli.
461 2812 512 2832 text.
535 2811 552 2832 l.
570 2810 599 2837 (l.
618 2810 722 2837 brevior,
740 2816 758 2832 c.
779 2811 816 2839 4.).
830 2823 859 2826 -
872 2811 940 2833 Paulo
952 2812 982 2833 in-

134 2849 208 2872 ·serius
224 2856 266 2877 pro
284 2849 352 2872 [lubic
369 2849 436 2872 codd.
454 2849 545 2871 GlLV
568 2848 704 2876 dubitative,
729 2853 751 2871 et
773 2853 823 2877 post
845 2856 918 2878 pauca
940 2857 982 2878 pro

138 2887 246 2911 notitiam
263 2888 348 2912 habere
365 2889 434 2911 iidem
453 2888 520 2911 codd.
543 2888 698 2917 coyizitio'nem
715 2887 807 2911 habere.
829 2889 909 2911 Ultima
932 2896 983 2917 pro-

139 2928 234 2955 positio:
250 2927 360 2950 Rationes
376 2933 432 2950 vero
449 2931 492 2950 etc.
510 2927 574 2950 deest
592 2928 612 2949 in
632 2927 698 2949 dictis
715 2927 782 2950 codd.

200 2965 209 2980 ²
228 2967 292 2988 Vers.
311 2967 331 2988 t.
350 2980 380 2982 —
397 2967 466 2989 Paulo
484 2967 577 2988 interius
600 2972 642 2994 pro
663 2966 709 2989 ista
730 2965 854 2996 descriptio
876 2966 981 2990 inconve-

140 3004 231 3027 nimiter
248 3005 314 3027 codd.
332 3005 350 3027 G
361 3005 366 3027 l
377 3005 486 3028 vaista
502 3005 605 3035 definitio
622 3011 669 3028 nou
688 3004 750 3028 bene.

1101 2462 1111 2477 3
1127 2462 1171 2485 Cl'r.
1190 2464 1287 2490 Aristot.v
1307 2464 1352 2486 Vit.
1370 2465 1467 2492 Metapb.
1486 2468 1536 2488 text.
1555 2466 1575 2487 2.
1594 2466 1640 2490 (Vl.
1658 2473 1676 2489 c.
1699 2467 1735 2496 1,).
1753 2467 1810 2490 ibid.
1834 2470 1886 2491 text.

1042 2501 1077 2523 14.
1096 2501 1125 2529 (6.
1144 2501 1174 2530 li.)
1193 2501 1302 2530 docetur,
1321 2503 1383 2531 quod
1396 2504 1491 2526 essentia
1508 2512 1519 2523 <r
1532 2510 1577 2527 uno
1590 2505 1685 2533 quidem
1702 2506 1771 2528 modo
1784 2506 1887 2529 substan-

1041 2541 1133 2564 tinniet
1150 2541 1214 2570 quod
1229 2541 1286 2571 quid
1302 2542 1424 2570 significat,
1448 2543 1491 2565 alio
1514 2550 1570 2566 vcro
1596 2545 1685 2572 singula
1709 2551 1801 2572 corum,
1827 2552 1886 2574 quae

1040 2579 1212 2608 praedicantur,
1237 2581 1398 2609 quantitatem,
1425 2582 1556 2610 qualitatem
1578 2586 1600 2605 et
1625 2589 1787 2612 quaecumque
1811 2587 1886 2607 cetera

1040 2618 1090 2640 talia
1108 2621 1161 2640 sunt
1174 2627 1195 2646 n,
1213 2619 1227 2640 i.
1245 2625 1264 2641 e.
1282 2625 1328 2641 uno
1345 2620 1415 2642 modo
1439 2621 1534 2642 essentia
1558 2621 1619 2643 idem
1641 2625 1675 2644 est
1696 2628 1722 2644 ac
1744 2623 1868 2646 substantia
1881 2642 1886 2652 ‚

1040 2657 1084 2678 alio
1107 2657 1177 2679 modo
1200 2658 1267 2680 etiam
1293 2658 1450 2681 accidentibus
1475 2661 1588 2682 com-enit.
1615 2661 1662 2683 Hoc
1687 2661 1789 2684 secundo
1816 2662 1886 2685 modo

1040 2696 1109 2723 paulo
1121 2696 1215 2718 inferius
1232 2697 1354 2725 accipitur,
1374 2700 1398 2719 ut
1414 2698 1508 2720 secundi
1527 2698 1624 2721 membri
1639 2706 1686 2727 arg.
1704 2701 1834 2727 suppositio
1847 2701 1885 2723 sit:

1040 2734 1097 2757 fides
1114 2738 1147 2757 est
1164 2735 1281 2763 accidens,
1300 2737 1364 2758 cuius
1381 2738 1477 2759 essentia
1496 2738 1596 2760 consistit
1613 2739 1634 2760 in
1653 2738 1723 2760 rebus
1739 2739 1867 2766 sperandis.

1101 2773 1110 2787 ⁴
1129 2774 1213 2802 Boetb.‚
1231 2775 1245 2796 l.
1263 2774 1390 2797 Comment.
1409 2776 1430 2797 in
1450 2776 1528 2803 Topic.
1551 2776 1622 2799 Cicer.
1646 2778 1690 2799 ait:
1716 2778 1884 2806 Argumentum

1040 2818 1140 2841 namque
1157 2816 1202 2841 est,
1220 2814 1282 2841 quod
1300 2820 1348 2835 rem
1367 2815 1452 2842 arguit,
1470 2815 1493 2836 id
1511 2817 1544 2837 est
1561 2815 1644 2843 probat
1661 2816 1706 2841 (ed.
1725 2817 1806 2845 tingite,
1825 2817 1883 2840 Patr.

1040 2852 1075 2873 lat.
1094 2854 1148 2873 tom.
1174 2851 1211 2874 64.
1234 2853 1276 2874 col.
1300 2853 1378 2881 1048).
1404 2853 1489 2881 isidor..
1508 2854 1544 2876 Vl.
1566 2855 1694 2883 Etymolog.
1712 2862 1730 2877 c.
1755 2856 1776 2878 8.
1795 2862 1815 2878 n.
1842 2857 1884 2878 16:

1039 2890 1206 2918 Argumentum
1225 2897 1281 2913 vcro
1299 2891 1385 2914 dictum
1404 2893 1468 2921 quasi
1486 2894 1600 2922 arantum
1617 2894 1653 2916 vel
1671 2895 1736 2923 quasi
1754 2896 1839 2924 arqute
1851 2895 1885 2918 ἰη-

1039 2930 1135 2951 centum
1152 2929 1181 2951 ad
1198 2930 1384 2958 comprobandas
1402 2937 1445 2953 res.
1459 2944 1489 2947 —
1501 2932 1550 2954 Mox
1568 2939 1610 2960 pro
1627 2933 1820 2957 contradictionis
1831 2934 1883 2957 cod.

1039 2967 1055 2989 F
1073 2967 1230 2997 oppositionis.
1249 2968 1271 2990 ln
1288 2969 1333 2991 fine
1351 2975 1399 2997 arg.
1418 2976 1460 2998 pro
1478 2970 1504 2993 dc
1521 2970 1611 3000 defectu
1629 2972 1678 2994 Vat.
1697 2971 1725 2995 ob
1736 2971 1858 3001 defectum.
