2166 3366
109 264 231 288 Augustinus.

119 566 226 589 Gregorius.

242 180 298 208 532

242 259 312 285 [dem
326 258 331 271 ¹
346 267 351 284 z
376 269 386 281 «
400 257 484 284 Nemo
504 257 634 283 liberatur
653 264 666 282 a
687 256 871 288 damnatione,
887 263 956 290 quae
972 256 1038 282 tacta
1054 259 1093 282 est

241 309 289 335 per
309 301 409 331 Adam,
429 300 478 326 nisi
500 307 547 332 per
567 299 646 325 tidem
670 299 729 325 lesu
753 298 887 325 Christi».
912 298 998 325 Idem:
1022 310 1032 321 «
1046 299 1093 325 Ea-

241 344 302 370 dem
322 343 389 369 fides
409 343 576 375 Mediatoris,
597 349 667 376 quae
694 350 742 368 nos
770 342 871 373 salvat,
899 342 988 368 salvos
1010 342 1093 368 iustos

240 387 355 413 faciebat
368 387 506 420 antiquos,
521 385 633 420 pusillos
653 393 714 412 cum
730 386 846 419 magnis,
862 386 940 420 quia,
955 386 1025 412 sicut
1039 393 1094 412 ere-

241 431 344 461 dimus,
364 429 497 456 Christum
520 429 545 455 iu
566 436 646 455 carue
672 428 789 459 ventsse,
811 429 846 455 ita
868 428 903 455 illi
924 432 1093 460 venturum,-

241 477 267 499 et
286 474 356 499 sicut
376 480 423 499 nos
442 476 599 502 mortuum,
621 473 654 498 ita
670 472 705 498 illi
721 470 888 498 moriturum
899 482 911 503 ‚·
925 474 950 498 et
962 472 1032 497 sicut
1047 478 1094 497 nos

240 515 436 546 resurrexisse,
459 516 492 542 ita
515 515 550 541 illi
571 518 807 546 7·esttr1'ectztt·ttm,·
827 519 850 541 et
873 523 919 541 nos
940 519 966 541 et
987 514 1039 547 illi,
1060 514 1092 540 ad

242 559 371 586 iudiciuin
394 559 515 585 vivorum
530 561 555 585 et
569 561 735 584 mortuorum
751 562 897 585 venturum
912 570 934 583 ».
949 558 1094 591 Gregorius

241 610 324 637 super
346 602 514 629 Ezechielem
527 601 554 627 ²:
581 613 592 624 <c
607 602 641 628 Et
660 600 709 637 qut*
725 601 871 637 praeibant
893 606 915 627 et
938 600 988 636 qui
1008 608 1094 636 seque>

242 645 342 673 bantur
362 645 516 672 clamabant
536 644 649 671 dieentes
661 655 670 671 .·
692 646 823 671 Hoscmmt
843 644 901 679 fitz’o
922 643 1012 671 camut
1032 648 1094 675 etc,

241 689 303 723 quia
325 696 418 715 omnes
438 688 530 720 electi,
551 688 595 722 qui
618 688 642 714 in
665 688 761 714 Iudaea
782 695 839 714 esse
859 690 1019 722 potuerunt,
1037 687 1094 713 sive

240 733 285 767 qui
308 740 378 759 nunc
399 733 432 758 in·
451 731 572 758 Ecclesia
594 734 669 762 sunt,
691 731 715 757 in
736 731 909 757 Mediator-em
930 730 976 756 Dei
998 733 1023 756 et
1050 730 1094 756 ho-

241 776 342 801 minum
373 775 548 801 crediderunt
567 778 593 801 et
613 774 726 800 eredunt
740 785 764 799 υ.
784 788 819 792 -
841 774 885 799 His
904 773 1017 807 aliisque
1038 773 1094 806 plu-

241 818 316 844 ribus
338 818 496 844 testimoniis
517 817 660 852 perspicue
680 817 805 848 docetur,
827 816 891 843 nulli
917 823 1035 850 unquam
1055 823 1095 842 sa-

240 861 322 888 lutem
353 868 411 887 esse
438 862 534 887 tactam
562 860 610 886 nisi
632 867 680 894 per
701 859 780 886 tidem
801 859 964 886 Mediatoris.
988 860 1095 894 Oportet

241 912 320 937 erqo,
340 902 505 930 accedentem
531 902 567 929 act
596 904 681 929 Deum
702 901 808 929 eredere
827 909 896 936 quae
923 909 1004 936 supra
1026 902 1094 928 dixit

241 946 398 980 Apostolus,
419 946 466 972 sed
487 953 537 972 non
558 946 664 972 sufficit.

616 1032 676 1059 CAr.
697 1033 726 1059 11.

515 1120 554 1146 De
570 1119 624 1154 ficte
643 1118 820 1153 simplicium.

312 1206 379 1238 Quid
401 1213 463 1240 ergo
483 1205 588 1232 dicetur
608 1205 641 1231 de
662 1205 713 1231 illis
730 1205 914 1239 simplicibus,
929 1205 1028 1239 quibus
1042 1212 1093 1231 non

242 1253 299 1276 erat
319 1249 467 1276 revelatum
498 1249 655 1283 mysterium
685 1249 889 1280 incarnationis,
909 1249 955 1282 qui
977 1249 1020 1283 pie
1040 1256 1094 1275 erc*

241 1294 340 1320 debant
360 1293 431 1327 quod
452 1293 490 1318 eis
512 1292 639 1319 traditum
661 1292 728 1318 suit?
747 1307 782 1311 —
802 1292 857 1318 Dici
874 1295 976 1326 potest,
991 1292 1092 1318 nullum

241 1337 322 1363 tuisse
344 1337 440 1363 iustum
463 1336 502 1362 vcl
523 1336 642 1366 salvum,
663 1329 772 1362 coinon
789 1338 857 1361 esset
878 1335 945 1361 facta
966 1335 1094 1361 revelatio

243 1379 283 1405 vel
304 1378 447 1409 distincto,
469 1379 508 1405 vel
528 1379 632 1408 vetata,
656 1379 695 1404 vel
718 1379 743 1404 in
763 1382 872 1413 (aperto,
896 1378 935 1404 vel
957 1378 981 1404 in
1001 1382 1094 1413 myst&

241 1422 304 1449 rio:
325 1422 468 1453 cttstz'nata,
495 1426 521 1448 ut
549 1422 673 1448 Abrahae
701 1422 740 1448 vel
767 1422 872 1456 Moysi³
898 1421 1011 1456 aliisque
1040 1429 1095 1447 ma-

243 1466 359 1498 ioribus,
380 1467 425 1500 qui
447 1466 645 1492 distinctionem
666 1465 840 1492 articulorum
863 1465 923 1491 fidei
944 1465 1093 1497 habebant;

242 1510 346 1541 celato,
368 1513 396 1536 ut
415 1509 598 1544 simplicibus,
618 1509 717 1543 quibus
738 1509 884 1535 revelatum
899 1512 964 1541 erat,
985 1516 1014 1534 ea
1037 1516 1094 1535 esse
1122 1515 1124 1530 :

241 1554 392 1585 credenda,
413 1561 483 1588 quae
502 1552 649 1579 eredebant
669 1553 705 1578 illi
720 1553 836 1579 maiores
849 1555 874 1578 et
888 1551 1033 1583 docebant,
1047 1552 1093 1578 sed

243 1604 336 1624 eorum
357 1597 556 1623 distinctionem
577 1599 697 1630 apertam
719 1603 770 1622 uon
801 1595 942 1622 habebant.
969 1595 1043 1621 Sicut
1070 1597 1096 1621 et

244 1640 269 1666 in
290 1640 411 1666 Ecclesia
441 1639 522 1673 aliqui
553 1639 641 1665 minus
670 1645 785 1673 capaces
805 1641 879 1669 sunt,
900 1638 945 1672 qui
967 1637 1095 1664 articulos

243 1682 363 1717 symboli
385 1682 549 1716 distinguere
569 1686 594 1708 et
608 1682 746 1715 assignare
765 1689 816 1707 non
837 1681 940 1712 valent,
955 1681 1043 1707 omnia
1060 1684 1096 1707 ta-

244 1734 304 1752 men
325 1726 454 1758 credunt,
479 1733 549 1760 quac
569 1726 594 1752 in
615 1725 742 1760 Symbolo
773 1725 961 1755 continentur;
982 1724 1095 1750 creduut

245 1769 314 1794 enim
344 1776 414 1802 quae
444 1769 579 1801 ignorant,
610 1768 739 1794 habentes
759 1767 838 1793 tidem
861 1767 974 1793 velatam
996 1767 1020 1792 in
1043 1774 1096 1801 my<

245 1813 343 1839 sterio:
366 1813 399 1838 ita
421 1815 446 1838 et.
467 1815 528 1838 tunc
559 1812 646 1837 minus
667 1818 781 1845 capaces
802 1818 835 1837 ex
855 1810 1017 1837 revelatione
1044 1809 1094 1835 sibi

244 1855 313 1881 sacta
343 1854 491 1881 maioribus
520 1854 655 1880 credendo
686 1853 873 1884 inhaerebant,
896 1853 995 1887 quihus
1016 1853 1095 1879 [idem

245 1905 320 1924 suam
341 1898 416 1932 quasi
439 1897 649 1923 committebant.
664 1896 739 1922 Unde
753 1896 836 1922 101]*);
857 1897 941 1922 Boves
961 1894 1095 1925 arabant,

245 1944 268 1966 et
287 1939 380 1966 asinoe
407 1938 587 1974 poscebantur
608 1939 685 1965 iuxta
704 1947 754 1965 eos.
775 1938 916 1972 Simplices
936 1941 962 1964 et
980 1939 1096 1965 ininores

245 1986 306 2009 suut
324 1982 418 2009 asinae
437 1986 571 2017 poscentes
585 1981 663 2009 iuxta
678 1981 769 2012 hoves,
790 1982 866 2016 quia,
881 1982 1031 2008 humilitate
1046 1989 1097 2007 ma-

246 2025 348 2051 ioribus
368 2025 555 2057 adhaerendo,
570 2025 595 2051 in
611 2025 738 2059 mysterio
758 2024 905 2050 eredebant
925 2032 994 2058 quae
1015 2028 1038 2050 et
1061 2024 1095 2050 illi

247 2069 272 2095 iu
293 2069 420 2103 mysterio
441 2068 588 2100 docebant,
602 2068 690 2103 qualis
705 2068 770 2094 torte
784 2068 830 2094 suit
846 2067 927 2094 vidua
941 2067 1095 2101 Sareptana.

611 2154 671 2180 Cap.
693 2155 733 2180 lll.

364 2244 436 2273 <juste
455 2245 515 2267 onte
535 2241 681 2267 adventum
703 2240 809 2267 credere
828 2239 983 2275 sufficiebat.

318 2327 369 2354 Sed
390 2328 543 2362 ‹praei-itur,
574 2335 634 2354 eum
659 2328 716 2354 sine
736 2327 787 2353 [ide
808 2327 962 2354 Mediatoris
982 2327 1099 2361 antiquis

248 2378 299 2397 nou
321 2371 399 2397 suerit
418 2371 505 2402 salus,
525 2371 595 2397 sicut
616 2378 663 2397 nec
679 2370 828 2401 modernis,
847 2374 934 2397 utrum
949 2371 1099 2404 oportuerit

246 2414 307 2440 illos
327 2414 438 2441 credere
459 2415 547 2440 omnia
569 2414 612 2440 illa
633 2415 666 2440 de
686 2414 845 2446 Mediatore,
864 2421 933 2448 quae
954 2421 1024 2440 nunc
1044 2421 1099 2440 erc-

919 165 1172 207 sEN'rENTunUM
1194 179 1253 207 LtB.
1276 179 1316 207 111.

1150 256 1247 282 dimus.
1265 271 1302 276 -—-
1320 257 1484 288 Quibusdam
1505 257 1624 289 videtur,
1638 258 1709 291 quod
1723 259 1858 285 suffecerit
1873 259 1924 285 illis
1938 266 2001 293 qua·
2014 267 2095 285 Dubium
2110 267 2130 285 2.

1151 302 1210 325 tuor
1231 303 1331 326 tantum
1353 300 1479 333 credere,
1499 301 1603 327 seilicet
1623 301 1803 333 nativitatem,
1822 306 1949 334 mortem,
1963 310 2001 329 re-

1150 342 1344 369 surrectionem
1365 347 1391 369 et
1410 343 1554 370 adventum
1575 344 1607 370 ad
1629 344 1773 375 iudicium:
1793 346 1864 379 quod
1879 353 1912 372 ex
1928 353 2002 380 prae-

1150 385 1239 411 missis
1259 385 1348 412 verbis
1368 386 1507 419 Augustini
1529 386 1672 419 colligunt,
1691 387 1736 413 ubi
1758 388 1805 414 ista
1826 392 1942 422 quatuor
1955 396 2001 423 po-

1150 428 1210 454 suit,
1230 443 1266 447 —
1284 428 1350 455 Aliis
1370 433 1459 455 autem
1481 429 1600 462 videtur,
1620 430 1711 457 hahita
1732 430 1783 457 tide
1803 431 1953 463 Trinitatis,
1973 432 2000 458 id
2014 438 2056 457 Alia
2070 438 2140 462 opinio.
2156 449 2164 458 ,.

1151 470 1184 497 de
1204 472 1331 505 mysterio
1352 472 1543 499 incarnationis
1558 472 1617 499 lidei
1633 473 1785 505 suffecisse,
1806 478 1835 500 ut
1853 474 1901 501 Dei
1918 475 2001 501 Filius

1151 514 1308 541 crederetur
1327 515 1479 542 nasciturus
1499 515 1532 542 de
1552 516 1660 542 homine
1689 520 1714 543 et
1744 517 1928 549 iudicaturus;
1954 518 2000 552 qui

1151 557 1184 583 de
1204 557 1300 584 Ioanne
1326 558 1443 592 Baptista
1473 558 1664 585 documentum
1687 560 1766 586 huius
1786 560 1823 586 rei
1845 564 2097 593 assumunt,Duhium
2112 566 2130 585 3.
2156 568 2166 585 s

1151 600 1196 634 qui
1218 600 1250 627 de
1271 604 1356 627 morte
1384 601 1480 628 Christi
1502 605 1527 628 et
1547 602 1678 629 descensu
1699 603 1731 629 ad
1754 603 1851 629 inferos
1872 604 1897 629 in
1918 604 2002 630 Evan-
2160 607 2166 651 1

1150 643 1219 676 gelio
1241 643 1378 670 dubitasse
1409 644 1527 676 videtur,
1553 646 1700 671 secundum
1721 646 1915 680 expositionem
1937 646 2001 673 Gre-
2014 652 2121 676 Gregorius.
2153 642 2158 669 s

1151 686 1217 719 gorii
1230 686 1253 718 ⁵,
1274 687 1382 721 quando
1404 687 1577 721 interrogavit
1606 696 1653 722 per
1678 689 1843 723 discipulos:
1869 700 1879 711 «
1897 690 1937 715 Tu
1956 697 2001 720 es,

1151 729 1200 764 ssuz‘
1217 734 1347 756 uenturus
1366 738 1408 760 es,
1423 738 1459 757 tm
1473 730 1560 757 atium
1580 732 1784 766 aspectamus?
1804 733 1897 767 quasi:
1919 733 1953 759 Es
1974 736 2001 759 tu

1151 780 1199 806 per
1220 776 1243 799 te
1270 773 1356 806 ipsum
1387 773 1566 800 descensurus
1586 774 1619 800 ad
1641 775 1785 808 infernum,
1807 783 1839 801 an
1860 776 1940 802 alium
1967 776 2001 802 ad

1151 816 1218 841 haec
1238 819 1404 842 sacramenta
1427 817 1557 843 missurus
1577 824 1605 843 cs
1619 819 1646 844 »⁴2
1664 833 1700 837 -
1718 817 1830 849 Quidam
1855 822 1941 845 tamen
1965 818 2154 853 (li-Aiiaf221pos·1-¹

1151 862 1228 890 cunt,
1250 866 1310 885 eum
1332 867 1382 885 non
1404 859 1541 886 dubitasse
1561 860 1594 886 de
1614 859 1787 895 igynorantia,
1813 861 1859 888 sed
1889 862 1923 888 de
1943 860 2002 896 pie-

1152 905 1218 932 tate,
1239 902 1266 928 id
1286 905 1339 933 est,
1368 902 1493 929 dubitare
1512 910 1540 929 se
1561 903 1723 935 ostendisse,
1745 911 1796 930 non
1817 904 1880 938 quia
1900 905 2002 937 ignora-

1153 945 1234 977 verit,
1254 945 1300 971 sed
1323 945 1429 979 pietatis
1457 946 1554 972 affeetu
1574 953 1745 980 compassum
1767 954 1825 973 esse
1844 947 1949 974 Christo
1976 951 2001 974 et

1152 988 1209 1014 eius
1229 987 1406 1014 humilitatem
1428 988 1587 1015 admirando
1608 989 1765 1016 insinuasse.

1514 1075 1575 1102 CAP.
1597 1076 1637 1102 lV.

1448 1162 1486 1188 De
1502 1161 1555 1197 fide
1577 1162 1704 1189 Cornelii.

1223 1249 1292 1275 Solet
1320 1249 1399 1275 etiam
1429 1249 1521 1283 quaeri
1543 1249 1575 1275 de
1596 1249 1732 1281 Cornelio,
1754 1253 1842 1277 nitrum
1864 1251 1942 1277 tidem
1964 1251 2002 1277 in-

1152 1292 1314 1318 carnationis
1333 1292 1472 1323 habuerit,
1487 1300 1548 1319 cum
1563 1292 1664 1319 dictum
1680 1296 1717 1319 est
1734 1294 1756 1319 ei
1772 1301 1820 1327 per
1834 1294 1963 1328 Angelum
1974 1293 2000 1320 ⁶:

1152 1337 1280 1370 Accepta&
1299 1339 1362 1361 sunt
1381 1335 1563 1370 eleemosynae
1583 1340 1657 1366 tutte,
1672 1340 1695 1362 et
1708 1336 1850 1363 <mactatae
1863 1340 1927 1363 sunt
1941 1345 2002 1363 0ch-

1152 1378 1236 1404 tiones
1256 1382 1324 1405 time.
1344 1379 1369 1405 Si
1391 1379 1461 1405 enim
1483 1379 1561 1405 tidem
1584 1379 1774 1406 incarnationis
1795 1388 1845 1406 non
1867 1380 2000 1413 habebat3

1153 1425 1214 1447 tunc
1236 1428 1298 1455 ergo
1318 1422 1375 1447 sine
1397 1421 1448 1448 tide
1468 1422 1658 1448 incarnationis
1678 1426 1735 1448 erat
1754 1423 1776 1448 ei
1798 1422 1918 1453 iustitia,
1939 1424 2001 1457 quia

1152 1464 1185 1491 de
1206 1464 1250 1490 illo
1270 1464 1400 1499 scriptum
1421 1468 1473 1496 est,
1494 1465 1566 1499 quod
1587 1464 1673 1491 iustus
1687 1469 1744 1491 erat
1757 1468 1783 1491 et
1798 1464 1893 1491 timens
1907 1466 2001 1491 Deum.

1152 1507 1178 1533 Si
1200 1515 1263 1533 vero
1284 1507 1362 1533 tidem
1384 1507 1575 1533 incarnationis
1593 1507 1725 1539 habebat,
1740 1507 1773 1533 ad
1788 1507 1852 1542 quid
1868 1514 1930 1541 ergo
1945 1508 2004 1534 mis-
2154 1537 2155 1551 χ

1152 1558 1197 1577 sus
1217 1554 1256 1576 est
1276 1551 1310 1577 ad
1330 1557 1391 1576 eum
1411 1551 1524 1577 Petrus?
1543 1565 1578 1569 —
1598 1550 1667 1577 Sane
1686 1550 1738 1577 dici
1760 1554 1860 1585 potest,
1881 1558 1955 1582 eum,
1968 1550 2004 1577 si-
2016 1555 2073 1578 nesp-
2126 1580 2129 1584 ,
2154 1555 2155 1568 ³

1153 1597 1197 1620 eut
1218 1593 1296 1620 iidem
1316 1594 1452 1620 Trinitatis
1465 1594 1488 1627 ⁷,
1509 1594 1543 1620 ita
1563 1597 1588 1620 et
1603 1594 1794 1620 incarnationis
1814 1594 1941 1621 habuisse
1955 1594 2003 1621 Dei
2154 1569 2156 1622 i

1152 1637 1330 1668 revelatione,
1351 1637 1397 1663 sed
1419 1638 1586 1663 incarnatum
1606 1637 1657 1663 iam
1673 1644 1732 1664 esse
1746 1637 1792 1664 Dei
1807 1637 1919 1669 Filium,
1934 1638 2005 1671 igno-

1153 1688 1243 1711 rasse,
1265 1683 1290 1706 et
1313 1680 1371 1706 ideo
1391 1681 1490 1707 missus
1510 1683 1549 1706 est
1566 1680 1601 1706 ad
1622 1688 1682 1706 eum
1704 1681 1808 1712 Petrus,
1832 1683 1860 1706 ut
1883 1681 1934 1706 iam
1962 1688 2004 1707 na-

1154 1727 1208 1749 tum
1230 1724 1274 1749 Dei
1295 1723 1391 1750 Filium
1413 1724 1436 1749 ei
1458 1724 1628 1750 annuntiaret
1654 1727 1679 1749 et
1703 1723 1905 1750 Sacramentum
1934 1731 2005 1757 rege-

1153 1767 1299 1793 nerationis
1319 1767 1341 1792 ei
1363 1767 1504 1793 conferret.
1535 1767 1655 1793 Habebat
1684 1767 1764 1801 igitur
1783 1766 1862 1793 fidem
1885 1767 2004 1794 iucarna-

1154 1810 1246 1841 tioniS,
1266 1809 1312 1835 sed
1333 1816 1365 1835 an
1386 1809 1469 1841 tacta,
1490 1816 1522 1835 an
1544 1810 1632 1836 sutura
1652 1812 1736 1842 esset,
1761 1817 1812 1836 non
1834 1813 1957 1842 noverat;
1978 1813 2004 1836 ct

1154 1854 1188 1879 ita
1210 1860 1257 1887 per
1278 1853 1356 1879 fidem
1378 1853 1449 1879 venit
1468 1853 1501 1879 ad
1522 1860 1603 1887 opera
1615 1874 1620 1882 ,
1634 1856 1658 1879 et
1674 1860 1722 1887 per
1736 1860 1818 1887 opera
1834 1853 1950 1888 amplius
1964 1861 2003 1880 so-

1153 1896 1251 1923 lidatus
1271 1900 1311 1923 est
1331 1897 1354 1922 in
1370 1896 1430 1922 lide.
1448 1908 1458 1919 «
1474 1897 1522 1922 Per
1538 1896 1616 1923 tidem
1632 1897 1717 1928 enim,
1733 1900 1760 1922 ut
1775 1897 1811 1922 ait
1824 1896 1969 1930 Gregorius
1980 1896 2003 1928 ⁸,
2016 1903 2125 1927 Gregorius.
2153 1915 2155 1935 t

1154 1940 1259 1965 venitur
1280 1940 1313 1966 ad
1334 1947 1415 1973 opera
1430 1951 1453 1966 u.
1474 1939 1612 1966 Cornelius
1632 1940 1711 1966 etiam
1727 1947 1775 1973 per
1790 1940 1867 1966 fidem
1884 1940 1956 1966 venit
1970 1940 2002 1966 ad

1154 1990 1252 2017 opera;
1272 1983 1357 2009 Deum
1378 1983 1447 2009 enim
1469 1990 1551 2009 unum
1580 1983 1721 2014 credebat,
1751 1983 1797 2009 sed
1823 1983 1919 2009 Filium
1946 1983 2004 2009 cius

1154 2026 1291 2052 nesciebat
1312 2026 1496 2058 incarnatum;
1518 2033 1566 2059 per
1587 2026 1664 2052 tidem
1680 2026 1840 2060 placuerunt
1853 2027 1907 2053 Deo
1921 2033 2002 2060 opera

1155 2070 1225 2095 eius:
1247 2068 1310 2095 Sine
1327 2068 1379 2103 lide
1408 2069 1481 2095 enlm
1505 2068 1671 2103 impos-sttuite
1690 2073 1727 2095 est
1743 2069 1851 2103 placere
1870 2070 1930 2095 Deo.
1952 2070 2004 2096 Au-

1154 2111 1296 2146 ς1151111115*η
1317 2119 1378 2138 vero
1399 2112 1478 2145 dicit,
1504 2112 1651 2138 «Cornelio
1680 2112 1781 2139 dictum
1809 2120 1866 2139 esse
1886 2120 1934 2146 per
1954 2116 2135 2142 Ali-Augustinus.

1155 2155 1259 2188 gelum:
1281 2156 1409 2190 [tec-eptae
1427 2159 1492 2181 szttzt
1519 2155 1700 2191 eleemosynae
1731 2160 1790 2182 tuae
1819 2160 1842 2181 et
1870 2155 2004 2182 orationes

1155 2202 1231 2229 tuoe,
1252 2202 1395 2232 antequam
1418 2199 1441 2224 in
1462 2198 1596 2225 Christum
1618 2199 1757 2229 crederet:
1777 2207 1826 2225 nec
1842 2203 1928 2225 tamen
1948 2199 2005 2225 sine

1155 2242 1244 2275 aliqua
1267 2241 1317 2268 lide
1338 2241 1453 2268 donabat
1475 2245 1502 2268 et
1514 2243 1614 2268 orabat.
1631 2242 1696 2268 Nam
1712 2242 1847 2276 quomodo
1863 2242 2005 2269 invocabat

1156 2283 1185 2310 m
1205 2292 1283 2319 quem
1302 2292 1357 2310 non
1378 2283 1520 2310 credebat?
1541 2284 1585 2310 sed
1607 2284 1628 2310 si
1650 2288 1739 2318 posset
1758 2285 1814 2311 sine
1836 2285 1887 2310 lide
1907 2284 2003 2311 Christi

1156 2334 1214 2354 esse
1234 2327 1320 2358 salus,
1350 2334 1400 2353 non
1427 2327 1460 2353 ad
1482 2334 1541 2353 eum
1563 2327 1713 2354 mitteretur
1732 2328 1896 2354 architectus
1916 2328 2005 2354 Eccle-

1155 2371 1224 2402 siae,
1247 2371 1375 2396 Petrus».
1395 2385 1430 2389 --
1449 2370 1575 2403 Aut-nde,
1596 2370 1667 2404 quod
1689 2371 1739 2401 ait,
1760 2371 1817 2397 sine
1837 2371 1888 2397 tide
1908 2371 2005 2397 Christi

1158 2422 1207 2440 11011
1230 2421 1307 2447 posse
1334 2421 1392 2439 esse
1421 2413 1548 2444 salutem,
1569 2417 1594 2439 ct
1615 2417 1701 2440 tamen
1722 2414 1872 2441 Cornelium
1894 2414 2005 2440 exaudi-

2154 1628 2155 1635 t

2154 1641 2155 1648 t

2154 1695 2156 1703 1

2154 1835 2155 1859 1

2154 1865 2155 1884 1

2154 1888 2155 1907 1

2154 1942 2155 1955 1

2153 1959 2155 1979 1

2153 1985 2155 1999 1

2154 2024 2155 2037 1

312 2594 318 2608 1
339 2594 369 2616 De
387 2594 490 2621 Corrept.
509 2598 530 2616 et
548 2595 634 2622 gratia,
654 2600 672 2616 e.
691 2594 712 2615 7.
731 2600 752 2616 n.
776 2595 808 2615 ll.
827 2595 879 2622 Seq.
898 2595 961 2616 locus
979 2597 1013 2616 est
1030 2594 1052 2615 11.
1071 2594 1099 2616 de

248 2634 337 2661 Nuptiis
355 2636 376 2655 et
394 2634 525 2661 concupisc.
544 2640 562 2655 e.
586 2634 618 2655 11.
642 2640 662 2655 11.
686 2633 726 2660 24,
749 2638 771 2655 et
793 2633 889 2655 habetur
910 2634 978 2655 etiam
1001 2633 1014 2655 l.
1038 2634 1098 2655 Sent.

249 2672 272 2694 d.
291 2672 345 2694 XLI.
364 2678 382 2694 e.
402 2673 422 2694 3.

312 2712 320 2726 ²
339 2712 398 2734 Libr.

250 2752 271 2772 (J.
295 2752 326 2772 lO.

311 2790 320 2804 3
339 2791 394 2812 Gen.
413 2791 454 2817 22,
479 2791 510 2818 18,
529 2793 551 2812 et
568 2791 627 2812 loon.
647 2790 673 2817 8,
692 2790 734 2818 56,
753 2790 822 2812 Exod.
842 2791 878 2818 33,
897 2791 917 2812 ⁵2.

313 2828 321 2843 ⁴
339 2829 393 2857 Cap.
418 2831 433 2857 t,
456 2829 492 2855 143
511 2830 539 2852 de
557 2830 626 2851 vidua
653 2830 776 2857 Sareptana
796 2830 849 2851 tide
872 2830 903 2851 lll.
928 2830 983 2857 Reg.
1006 2829 1039 2857 17,
1065 2830 1098 2851 10,

251 2873 315 2895 seqq.
334 2867 435 2889 Similem
454 2869 618 2895 expositionem
638 2868 679 2889 loei
707 2867 744 2889 loh
763 2867 831 2890 habet
853 2868 956 2896 Gregor.y
981 2868 1003 2889 11.
1023 2868 1098 2890 Moral.

252 2911 269 2926 e.
290 2905 325 2926 16.
345 2912 365 2926 n.
384 2906 427 2933 7⁵2;
447 2909 466 2927 et
485 2910 517 2928 est
536 2907 602 2928 etiam
622 2907 642 2928 in
661 2907 739 2929 Glossa
759 2907 841 2934 (111111).

423 2712 444 2733 11.
470 2713 530 2733 hom.
554 2712 574 2733 23.
600 2718 620 2734 11.
637 2713 658 2733 2.
682 2712 755 2734 Locus
773 2713 903 2740 scripturae
926 2716 959 2734 est
976 2712 1042 2734 Marc.
1066 2712 1098 2739 ll,

314 2943 324 2957 ⁵
341 2944 402 2965 Libr.
420 2945 434 2966 l.
455 2946 476 2966 in
496 2946 581 2972 tizecn„
603 2947 663 2967 hom.
687 2947 704 2967 1.
723 2953 742 2968 n.
765 2946 790 2972 ὅ,
812 2950 833 2968 et
853 2947 865 2968 l.
885 2948 905 2968 in
928 2947 1014 2974 Evang.
1036 2948 1097 2968 hom.

252 2982 273 3003 6,
293 2988 313 3003 11,
336 2983 352 3003 1,
372 2982 445 3004 Locus
469 2984 599 3010 scripturae
621 2988 653 3006 cst
675 2985 749 3006 Matth.
776 2986 808 3013 it,
827 2986 850 3012 33
870 2986 922 3007 Luc.
947 2986 968 3010 7,
996 2987 1028 3007 in.
1046 2986 1097 3014 Seq.

1157 2594 1265 2616 sententia
1284 2595 1411 2616 insinuatur
1429 2593 1457 2615 ah
1475 2593 1589 2621 Amin-os„
1609 2594 1636 2615 V.
1654 2594 1675 2615 in
1693 2593 1747 2615 Luc.
1767 2594 1795 2618 (e.
1812 2593 1834 2621 7,
1861 2594 1903 2621 io.)
1922 2600 1943 2615 n.
1967 2593 2003 2615 98.

1156 2644 1187 2648 —
1199 2633 1251 2655 Post
1268 2632 1337 2662 qnasi
1354 2633 1403 2654 Vat.
1422 2638 1475 2654 cum
1494 2632 1599 2660 pluribus
1616 2632 1668 2654 edd.
1687 2632 1778 2655 (liceret.

1219 2672 1228 2686 6
1246 2673 1293 2694 Act.
1316 2672 1348 2699 lO,
1367 2671 1392 2699 t,
1410 2674 1432 2693 et
1448 2678 1496 2700 seq.
1514 2672 1578 2694 locus
1596 2671 1650 2694 ibid.
1669 2678 1690 2693 v.
1710 2672 1746 2693 22.

1219 2712 1228 2726 ⁷
1246 2711 1318 2734 Codd.
1336 2714 1357 2733 et
1374 2711 1434 2739 edd.7
1453 2712 1553 2739 exceptis
1571 2711 1596 2739 5,
1616 2711 1628 2732 6
1647 2714 1668 2733 et
1686 2711 1744 2739 Vnt„
1763 2710 1871 2733 Utilitatis.
1889 2710 1944 2733 Cod.
1958 2711 2001 2732 Ert.

1157 2754 1264 2773 annotat:
1281 2751 1322 2772 Atii
1341 2750 1449 2773 Unttotc's.

1219 2789 1229 2804 ’³
1246 2790 1306 2812 Libr.
1325 2790 1346 2811 ll.
1366 2791 1387 2811 in
1406 2790 1493 2817 Ezeeh.y
1513 2790 1573 2811 hom.
1592 2790 1613 2811 7.
1632 2796 1653 2811 n.
1672 2790 1692 2811 9.
1713 2802 1743 2804 —
1760 2789 1854 2811 loterius
1881 2789 2002 2816 respicitur

1157 2829 1225 2851 llehr.
1248 2830 1280 2857 lt,
1299 2830 1319 2851 6.

1218 2868 1228 2882 0
1246 2869 1276 2890 De
1295 2869 1407 2891 liraedest.
1425 2869 1526 2890 Sanctor,
1545 2875 1563 2890 c.
1582 2868 1603 2890 7.
1626 2874 1646 2889 η.
1674 2868 1709 2893 12;
1734 2866 1772 2888 ubi
1795 2867 1916 2894 respicitur
1939 2867 2002 2890 locus

1156 2909 1201 2929 iam
1220 2908 1256 2930 eit.
1274 2909 1321 2930 Act.
1344 2909 1376 2935 10,
1395 2907 1420 2934 4,
1439 2911 1460 2930 et
1478 2908 1543 2929 tiom.
1566 2908 1602 2934 10;
1623 2906 1657 2928 it.
1676 2918 1706 2921 —-
1724 2906 1765 2927 l'ro
1783 2911 1831 2928 esse
1848 2906 1914 2929 salus
1935 2907 1970 2929 ed.
1993 2908 1996 2928 1

1156 2953 1209 2969 cum
1227 2948 1330 2974 originali
1348 2946 1437 2969 salz-us.
1456 2947 1550 2968 inferius
1568 2952 1609 2973 pro
1627 2944 1689 2974 quod
1705 2944 1738 2967 ait
1758 2945 1805 2966 Vat.
1824 2951 1876 2967 eum
1896 2946 2001 2973 pluribus

1156 2986 1208 3007 edd.
1227 2985 1284 3015 qnid
1301 2985 1340 3008 ait.
