2166 3366
58 619 127 636 menta.

0 1363 34 1384 mu
45 1364 119 1388 opposi-

37 1389 82 1406 tum.

752 158 833 186 DtST.
855 158 896 186 IX.
918 158 991 186 ART.
1013 158 1042 186 [l.
1064 159 1199 194 QUAEST.
1223 158 1249 186 ll.

1817 158 1875 185 215

898 283 1060 318 QUAESTlO
1083 283 1110 311 ll.

603 369 708 397 Utrum
730 368 821 397 latria
844 368 883 396 sit
903 368 999 396 virtus
1018 369 1178 405 generalis,
1202 369 1244 398 vel
1263 370 1407 406 specialis.

210 468 337 497 Secundo
358 468 520 504 quaeritur,
542 471 639 495 utrum
662 467 743 495 latria
764 467 799 495 sit
820 467 910 495 virtus
931 474 974 502 ge-

131 515 249 549 neralis,
271 514 315 543 vel
336 514 471 551 specialis.
494 514 524 542 Et
545 513 619 551 quod
635 513 670 542 sit
683 513 831 550 specialis,
855 513 973 541 videtur.

214 563 236 590 t.
259 562 369 595 Virtus,
391 568 462 598 quae
493 560 576 588 hahet
606 560 746 588 obiectum
778 559 912 596 speciale,
934 563 976 588 est

133 609 224 637 virtus
246 608 372 645 specialis
384 607 410 642 1;
432 607 480 636 sed
503 606 583 635 latria
597 610 639 635 est
654 606 830 635 huiusmodi:
853 614 919 643 ergo
933 609 975 634 est

130 655 220 684 virtus
241 654 378 691 specialis.

209 703 235 730 ⁹2.
258 702 337 735 Item,
359 701 433 730 circa
454 704 547 729 actum
569 700 716 737 specialem
739 700 863 728 consistit
883 700 974 728 virtus

132 749 274 785 specialis3
296 748 344 776 sed
366 747 491 776 adoratio
506 750 547 775 est
562 751 641 775 actus
656 746 797 783 specialis:
820 754 886 782 ergo
901 746 974 774 circa

131 796 223 833 ipsum
246 795 371 823 consistit
394 794 482 822 virtus
503 794 646 830 specialis;
668 794 736 822 haec
761 796 853 821 autem
876 797 917 821 est
939 792 975 820 la-

130 842 194 870 tria:
217 849 283 878 ergo
304 844 354 869 etc.

210 888 235 917 3.
258 889 337 922 Item,
360 888 432 916 sicut
452 887 565 916 difficile
586 890 626 916 est
648 887 763 916 credere
785 887 811 915 in
834 894 973 915 summam

130 935 292 969 veritatem,
314 935 353 963 sio
374 938 400 963 et
422 935 560 963 honorare
581 942 720 962 summam
744 933 928 962 maiestatem:
951 933 973 961 si

130 989 197 1019 ergo
218 982 355 1010 habemus
375 981 507 1009 virtutem
530 980 691 1017 specialem,
713 988 768 1017 qua
783 979 924 1008 credimus
946 979 973 1007 in

129 1028 248 1065 primam
273 1028 430 1061 veritatem,
451 1027 555 1055 scilicet
576 1026 660 1055 fidem
671 1026 689 1057 ²,
720 1026 759 1055 sic
780 1029 819 1061 et,
851 1034 907 1063 qua
929 1026 974 1054 ho-

129 1082 263 1103 noramus
285 1082 425 1103 summam
447 1074 636 1107 maiestatem;
658 1073 726 1102 haec
740 1077 833 1101 autem
856 1080 909 1101 non
932 1076 974 1101 est

130 1121 181 1150 nisi
204 1121 301 1150 latria:
324 1129 390 1157 ergo
412 1121 493 1149 latria
513 1123 555 1149 est
575 1120 665 1148 virtus
685 1120 822 1157 specialis.

207 1169 234 1197 [ι.
256 1168 336 1202 item,
358 1168 439 1196 latria
460 1171 487 1196 et
509 1167 665 1196 idololatria
681 1171 747 1195 sunt
767 1168 908 1204 opposita;
924 1167 973 1195 sed

129 1215 287 1244 idololatria
308 1217 349 1243 est
370 1214 468 1242 vitium
489 1214 622 1251 speciale:
639 1222 705 1250 ergo
719 1213 756 1242 ab
778 1213 916 1250 oppositis
939 1213 974 1241 la-

130 1261 183 1290 tria
204 1265 245 1290 est
267 1261 356 1290 virtus
377 1261 504 1297 specialis
517 1260 535 1288 ³.

208 1309 260 1336 Suu
282 1316 405 1336 CONTRA:
431 1309 454 1335 i.
470 1307 640 1344 Augustinus
655 1307 680 1335 in
706 1307 894 1335 Euchiridio⁴:
922 1307 973 1335 «Si

131 1355 290 1392 quaeritur:
314 1362 369 1392 quo
392 1354 474 1383 modo
496 1354 597 1382 colitur
618 1354 710 1382 Deus?
732 1353 902 1390 respondeo:
919 1354 973 1382 fide

130 1405 158 1430 et
179 1409 227 1438 spe
254 1405 282 1430 et
309 1401 423 1430 caritate
442 1411 469 1431 »2
491 1401 538 1429 sed
562 1401 666 1432 virtus,
688 1408 743 1437 qua
767 1400 869 1429 colitur
890 1401 972 1435 Deus,

129 1451 171 1476 est
193 1448 251 1485 ipsa
272 1448 364 1476 latria:
386 1455 453 1484 ergo
469 1447 549 1475 latria
563 1446 774 1483 comprehendit
789 1446 816 1474 in
838 1454 867 1475 se
888 1446 971 1475 fidem

130 1498 157 1523 et
185 1502 262 1531 spem
292 1498 319 1523 et
347 1494 502 1522 caritatem:
535 1502 602 1530 ergo
635 1493 713 1521 latria
745 1501 799 1521 non
821 1496 862 1521 est
883 1493 973 1521 virtus

131 1540 273 1577 specialis,
295 1540 344 1569 sed
362 1540 517 1577 yeneralz's.

208 1588 234 1615 ⁹2.
258 1587 341 1620 ltem⁷
373 1586 561 1623 Augustinus,
592 1586 691 1615 decimi
714 1586 748 1615 de
779 1586 893 1614 Civitate
924 1586 973 1614 Dei

130 1638 210 1663 sexto
231 1634 353 1671 capitulo
364 1635 384 1662 ⁵:
412 1634 541 1662 «Verum
558 1633 724 1662 sacrificium
741 1637 782 1661 est
797 1641 877 1661 omne
893 1641 972 1670 opus,

129 1682 204 1718 quod
225 1681 347 1718 geritur,
368 1684 400 1709 ut
431 1683 524 1709 sancta
552 1680 681 1709 societate
703 1681 852 1717 iungamur
874 1680 930 1708 Deo
942 1691 972 1713 »;

130 1728 179 1757 sed
200 1728 367 1757 sacrificium
389 1730 431 1756 est
462 1727 555 1756 cultus
587 1727 637 1755 soli
665 1727 722 1755 Deo
753 1726 878 1761 debitus,
901 1727 973 1755 sicut

130 1775 233 1804 ibidem
265 1775 332 1803 dicit
363 1774 548 1811 Augustinus:
569 1774 621 1802 hoc
651 1777 743 1802 autem
766 1776 808 1801 est
829 1773 916 1810 ipsius
939 1773 974 1801 la-

131 1821 199 1850 triae
226 1821 342 1850 offerre:
364 1828 430 1858 ergo
466 1820 592 1854 videtur,
620 1820 695 1857 quod
717 1827 799 1848 omne
826 1827 897 1856 opus
929 1820 973 1848 ho-

130 1877 196 1897 num
220 1869 255 1897 sit
276 1868 386 1897 latriae:
409 1875 475 1904 ergo
497 1867 578 1896 latria
599 1871 640 1896 est
662 1867 752 1895 virtus
771 1867 926 1904 gyeneralis.

209 1915 234 1944 3.
256 1915 338 1949 ltem,
360 1915 530 1952 quicumque
551 1914 645 1943 obedit
672 1914 744 1948 Det),
776 1914 861 1943 servit
881 1914 972 1946 Deo⁶;

129 1962 178 1991 sed
200 1962 322 1991 servitus
343 1961 393 1991 soli
415 1961 472 1990 Deo
493 1961 586 1989 debita
614 1964 655 1990 est
677 1961 771 1989 latria:
794 1968 861 1997 ergo
882 1961 972 1990 omnis

130 2012 224 2042 actus,
245 2017 301 2045 quo
323 2008 379 2036 Deo
400 2007 565 2042 obedimus,
593 2010 635 2036 est
655 2011 734 2036 aetus
756 2006 864 2035 latriae:
888 2008 972 2044 igitur

132 2055 212 2084 latria
234 2063 262 2084 se
284 2055 410 2083 extendit
431 2054 465 2083 ad
488 2058 579 2083 actum
603 2055 693 2083 omnis
715 2054 827 2083 virtutis
848 2058 874 2083 et
895 2063 973 2092 prae-

131 2102 217 2139 cepti:
236 2102 319 2139 igitur
334 2110 387 2130 non
410 2105 450 2130 est
472 2102 562 2130 virtus
583 2101 727 2138 specialis,
749 2101 797 2130 sed
816 2101 972 2139 ρεπεν-αἰῶ.

207 2149 234 2177 [ι.
257 2148 339 2182 ltem,
361 2156 555 2185 quaecumque
570 2148 633 2177 facit
655 2149 717 2185 quis
731 2148 766 2176 ad
782 2148 898 2185 gloriam
915 2148 972 2183 Dei,

129 2195 193 2224 facit
214 2195 248 2223 ad
270 2195 377 2223 cultum
409 2195 472 2226 Dei;
503 2195 551 2223 sed
573 2195 666 2223 omnia
686 2203 880 2232 quaecumque
903 2195 971 2224 hene

129 2242 261 2276 facimus,
283 2242 401 2271 facimus
421 2242 456 2270 ad
479 2242 594 2279 gloriam
617 2242 681 2275 Dei,
696 2245 728 2270 ut
742 2242 808 2270 dicit
826 2242 972 2279 Apostolus

129 2289 236 2326 primae
257 2289 291 2317 ad
313 2288 469 2317 Corinthios
495 2288 638 2317 decimo⁷:
663 2288 769 2316 Omnia
789 2288 820 2316 in
842 2288 971 2326 ylorz'ctm

192 2405 198 2419 ¹
218 2405 250 2427 De
267 2406 397 2433 principiis,
412 2405 539 2427 secundum
562 2411 620 2433 quae
633 2406 743 2427 virtutum
764 2405 888 2428 differentia
909 2410 976 2428 atten-

130 2443 201 2471 ditur,
220 2447 243 2466 ut
266 2447 318 2466 sunt
335 2443 463 2471 obiectum,
487 2446 551 2466 actus
567 2446 609 2466 etc.
627 2444 666 2466 cfr.
691 2445 748 2466 inira
766 2444 788 2466 d.
813 2445 849 2467 33.
868 2451 889 2473 q.
907 2445 928 2467 2.
944 2457 976 2461 —

131 2483 181 2504 Post
198 2481 310 2505 obiectum
323 2481 422 2511 speciale
439 2482 489 2504 cod.
508 2482 526 2504 Ο
538 2482 601 2504 addit
613 2481 700 2505 scilicet
717 2482 805 2511 Deum,
827 2483 882 2513 quia
900 2482 922 2506 ei
931 2483 976 2506 soli

127 2520 230 2544 debetur.

191 2560 201 2575 ²
218 2561 249 2583 De
267 2567 311 2589 qua
329 2561 383 2583 vide
401 2561 456 2582 intra
474 2560 497 2583 d.
515 2561 552 2583 ⁴23.
569 2567 589 2582 a.
611 2561 628 2582 l.
646 2567 668 2589 q.
691 2561 710 2582 1.
727 2573 757 2576 -
775 2561 843 2583 Paulo
864 2564 915 2584 ante
933 2568 975 2589 pro

128 2599 150 2622 si
165 2605 220 2629 erqo
238 2599 288 2622 cod.
307 2599 338 2622 bb
355 2599 417 2622 sicut
432 2605 495 2628 erqo.

192 2637 202 2652 ³
218 2637 262 2660 Cir.
281 2639 378 2666 Aris-tot„
398 2638 423 2659 V.
442 2638 510 2660 Ethie.
529 2645 547 2660 c.
570 2639 587 2661 1.
605 2645 661 2667 seq„
679 2638 717 2661 ubi
735 2639 808 2661 simile
829 2645 877 2667 arg.
895 2639 923 2661 dc
941 2640 975 2661 iu-

130 2677 186 2698 stitia
205 2677 326 2699 instituitur
342 2679 364 2699 et
380 2677 448 2699 etiam
462 2677 568 2705 docetur,
586 2678 648 2706 quod
669 2686 679 2697 α
692 2684 760 2706 saepe
777 2678 870 2707 quidem
889 2681 974 2700 conti-a-

130 2715 177 2737 rius
195 2715 285 2737 habitus
302 2722 327 2738 ex
345 2717 481 2738 contrariu...
499 2717 631 2744 agnoscitur
644 2726 663 2739 υ.

193 2753 201 2767 ⁴
219 2754 274 2781 Cap.
292 2754 313 2776 2.
331 2760 378 2783 seq.
397 2761 418 2777 n.
439 2755 457 2776 1.

193 2794 203 2808 ⁵
220 2794 241 2816 ln
259 2794 364 2822 originali
383 2795 464 2822 legitur
481 2795 528 2817 sic:
550 2803 560 2814 σ
573 2795 682 2817 Verum...
701 2795 762 2823 quod
781 2796 867 2823 agitur,
886 2798 909 2817 ut
926 2802 974 2817 san-

131 2836 164 2855 cta
183 2834 289 2854 soen—uite
307 2834 466 2855 inhaereamus
484 2833 530 2855 Deo
542 2842 563 2856 ι.
583 2834 624 2855 i’ro
636 2835 719 2857 sancta
736 2833 844 2857 societate
855 2833 908 2856 odd.
930 2834 947 2860 1,
961 2834 974 2855 2

132 2877 184 2893 cum
202 2871 260 2893 bene
278 2872 354 2893 multis
371 2871 438 2894 codd.
455 2871 519 2900 strela
534 2871 649 2895 societate.
666 2884 697 2888 —
714 2873 786 2894 Altera
805 2879 864 2900 quac
887 2878 974 2894 invntu—

133 2913 195 2931 rntur
212 2910 330 2937 Augustini
353 2911 462 2932 sententia
481 2910 576 2932 hahrtur
598 2911 638 2932 loc.
663 2911 698 2932 cit.
722 2917 740 2932 c.
759 2910 785 2937 l»,
807 2913 828 2932 rt
850 2911 881 2932 sic
898 2913 972 2931 sonat:

132 2948 272 2970 sacrificium
290 2952 350 2970 certe
367 2949 442 2970 nullus
459 2949 685 2977 t1‹uninum‹·st,qiii
703 2948 785 2970 audent
802 2949 878 2970 dicore
896 2948 973 2970 dvlwri

1035 466 1087 494 Dei
1105 466 1211 504 [ticine.-
1233 475 1299 504 ergo
1320 476 1400 496 omne
1422 477 1492 505 opus
1515 469 1654 497 laudabile
1678 472 1720 497 est
1747 477 1818 506 opus
1840 469 1875 497 la-

1034 514 1119 542 triae:
1143 507 1227 550 igitur
1249 514 1329 542 latria
1351 515 1462 543 videtur
1477 523 1537 543 esse
1550 515 1696 552 yeizeralis
1712 516 1824 544 habitus
1838 515 1873 544 ad

1033 568 1129 588 omnes
1150 560 1277 589 virtutes.

1349 661 1561 682 GONCLUSIO.

1034 747 1157 780 Latrz'a,
1179 751 1323 784 quatenus
1352 747 1470 784 respicit
1501 748 1590 775 Deum
1623 756 1679 776 ozon
1708 748 1800 776 solum
1822 748 1876 777 sub

1113 793 1227 821 racione
1247 793 1316 830 finis
1337 798 1361 821 et
1383 793 1497 827 obiecti,
1519 794 1570 822 secl
1591 794 1678 822 etiam
1693 794 1747 822 sub
1763 795 1876 823 ratione

1114 839 1308 873 honorabilis,
1330 844 1370 868 es!
1392 840 1487 868 virtus
1508 841 1651 877 specialis.

1115 933 1289 962 Rsssroxueo:
1312 933 1482 967 Dicendum,
1504 934 1578 970 quod
1595 934 1675 962 latria
1690 935 1813 962 nominat
1828 933 1876 962 Ιια-

1033 979 1140 1013 bitum,
1163 980 1286 1008 nominat
1307 980 1389 1008 etiam
1423 980 1533 1008 cultum
1562 981 1630 1014 Dei,
1662 981 1696 1009 ad
1724 989 1807 1018 quem
1829 981 1875 1010 ille

1033 1027 1146 1055 habitus
1167 1027 1342 1055 ordinaturss.
1366 1027 1468 1055 Cultus
1488 1030 1581 1056 autem
1604 1028 1658 1056 Dei
1678 1031 1767 1064 potest
1788 1028 1873 1064 accipi
1888 1032 1956 1073 52¹3ss
1969 1032 2003 1074 ¹¹35}

1034 1073 1191 1111 tripliciter:
1211 1073 1387 1111 generaliter
1408 1077 1435 1102 et
1448 1074 1568 1111 proprie
1589 1078 1615 1103 et
1638 1075 1733 1111 magis
1744 1075 1874 1111 proprie.
1889 1079 1967 1101 pliciter.

1034 1121 1090 1149 Uno
1112 1121 1194 1149 modo
1226 1121 1328 1149 dicitur
1358 1121 1454 1149 cultus
1474 1124 1553 1150 actus
1585 1121 1709 1150 directus
1737 1122 1764 1149 in
1786 1122 1874 1150 Deum

1033 1167 1086 1195 suh
1107 1168 1213 1196 ratione
1232 1167 1319 1204 finis,-
1340 1168 1379 1196 sic
1401 1171 1442 1196 est
1462 1168 1557 1196 omnis
1573 1168 1692 1196 virtutis.
1714 1168 1771 1196 Alio
1793 1168 1875 1196 modo

1033 1214 1136 1243 dicitur
1157 1214 1253 1242 cultus
1277 1214 1328 1242 Dei
1348 1218 1427 1243 actus
1456 1215 1482 1243 in
1506 1215 1592 1244 Deum
1616 1215 1738 1243 directus
1761 1223 1813 1243 nou
1836 1223 1876 1244 so-

1034 1261 1091 1289 lum
1115 1262 1220 1289 ratione
1241 1261 1324 1297 finis,
1347 1262 1394 1290 sed
1417 1263 1498 1290 etiam
1532 1261 1647 1295 obieeta}
1668 1262 1706 1291 sic
1728 1265 1769 1290 est
1791 1262 1876 1290 virtu-

1033 1311 1092 1336 tum
1115 1307 1350 1345 clzeotoqi‘carmn.
1373 1308 1463 1336 Tertio
1479 1309 1561 1337 modo
1583 1308 1678 1337 cultas
1701 1308 1753 1337 Dei
1773 1309 1875 1337 dicitur

1032 1355 1129 1392 muyis
1147 1355 1268 1392 proprie
1289 1358 1367 1383 actus
1389 1355 1512 1383 directus
1533 1356 1558 1383 in
1582 1355 1669 1384 Deum
1699 1364 1752 1383 non
1784 1356 1874 1385 solum

1033 1401 1086 1429 suh
1109 1402 1214 1430 ratione
1235 1401 1304 1438 finis
1325 1405 1351 1430 et
1373 1401 1487 1435 obiecti,
1509 1402 1557 1430 sed
1579 1403 1662 1430 etiam
1694 1403 1747 1431 sul)
1769 1403 1874 1431 ratione

1033 1447 1213 1476 honorabilis
1221 1458 1231 1481 ;
1252 1452 1278 1476 et
1300 1448 1362 1477 talis
1383 1452 1462 1477 actus
1483 1452 1524 1477 est
1545 1452 1623 1477 actus
1644 1449 1826 1484 adorationis3
1848 1453 1992 1478 etC0001u250-

1034 1495 1072 1523 sic
1095 1498 1136 1523 est
1158 1495 1268 1523 virtutis
1289 1495 1442 1531 specialis,
1464 1498 1491 1523 et
1511 1495 1563 1524 hoc
1586 1496 1667 1524 modo
1682 1500 1723 1524 est
1738 1496 1825 1533 ipsius
1841 1496 1875 1524 la-

1033 1542 1110 1570 triae.
1122 1558 1160 1561 —
1175 1542 1250 1569 Sicut
1265 1542 1337 1570 enim
1355 1541 1509 1570 idololatria
1531 1550 1584 1570 non
1607 1542 1709 1571 dicitur
1724 1543 1876 1579 quodcum-

1032 1596 1086 1625 que
1108 1592 1268 1625 peccatum,
1300 1588 1348 1616 sed
1380 1588 1449 1616 illud
1481 1597 1536 1625 quo
1567 1592 1696 1617 creatura
1727 1589 1874 1621 adoratur;

1032 1635 1071 1664 sic
1094 1635 1175 1663 latria
1195 1643 1248 1663 non
1271 1633 1374 1663 dicitur
1401 1636 1571 1672 quicumque
1593 1636 1720 1669 habitus⁷
1742 1636 1790 1664 sed
1813 1636 1874 1670 ille,

1032 1682 1189 1710 secundum
1212 1690 1296 1719 quem
1311 1681 1403 1710 cultus
1418 1682 1587 1711 adorationis
1599 1682 1609 1695 ⁹
1625 1683 1783 1711 exhibetur.
1796 1700 1834 1703 -
1846 1683 1875 1711 Et

1033 1728 1094 1756 ideo
1117 1729 1324 1757 concedendum
1348 1732 1404 1762 est,
1426 1729 1500 1765 quod
1523 1729 1604 1757 latria
1626 1733 1667 1758 est
1682 1730 1808 1766 specialis
1824 1729 1876 1758 vir-

1032 1778 1092 1809 tus,
1114 1779 1228 1812 propter
1250 1775 1301 1804 hoo
1322 1775 1394 1812 quod
1412 1776 1446 1804 ad
1470 1776 1556 1813 ipsam
1583 1780 1687 1812 spectat
1701 1776 1793 1804 cultus
1808 1776 1874 1810 Dei,

1033 1822 1187 1850 secundum
1203 1822 1275 1859 quod
1294 1822 1396 1851 dicitur
1417 1823 1514 1860 magis
1529 1823 1659 1859 proprie,
1681 1823 1810 1852 videlicet
1825 1831 1876 1860 pro

1031 1869 1091 1905 ipsa
1122 1868 1292 1897 adoratione.
1325 1869 1355 1897 Et
1386 1869 1578 1898 concedendae
1610 1872 1675 1898 sunt
1697 1870 1818 1899 rationes
1839 1870 1875 1899 ad

1033 1915 1084 1944 hoc
1106 1915 1244 1944 inductae.

1110 1963 1136 1990 ⁹2.
1158 1962 1196 1990 Ad
1206 1962 1224 1976 ¹⁰
1239 1962 1307 1991 illud
1324 1963 1397 2000 quod
1413 1963 1543 1991 obiicitur
1558 1963 1584 1991 in
1600 1964 1784 1997 contrarium,
1800 1963 1874 2000 quod
1888 1967 2004 2009 Sss'ffl‘r'uffi''

1031 2008 1197 2037 sacrificium
1221 2009 1338 2038 offertur
1358 2009 1415 2038 Deo
1437 2010 1463 2038 in
1484 2010 1608 2047 quolibet
1630 2011 1701 2038 hono
1722 2018 1818 2047 opere3
1838 1996 1899 2039 di·¹3
1992 2005 1996 2009 ’

1031 2056 1164 2090 cendum,
1179 2056 1252 2093 quod
1270 2056 1340 2085 sicut
1362 2057 1457 2085 cultus
1480 2057 1532 2085 Dei
1552 2057 1742 2094 multipliciter
1763 2057 1874 2092 dicitur,

1031 2102 1069 2131 sic
1090 2106 1117 2131 et
1137 2102 1330 2140 sacrificium.
1354 2104 1398 2132 Est
1419 2104 1491 2132 enim
1515 2104 1682 2133 sacrificium
1705 2104 1795 2132 bomne
1815 2108 2004 2149 ope-gffiffiuffuffl-

1031 2149 1174 2183 rationis,
1198 2154 1224 2178 et
1246 2150 1413 2179 sacrificium
1436 2151 1552 2179 devotae
1573 2151 1730 2184 orationis,
1746 2154 1771 2179 et
1793 2151 1875 2179 sacri-

1032 2196 1126 2225 ficium
1144 2196 1362 2224 immolationis.
1380 2197 1502 2225 Primum
1518 2200 1559 2226 est
1574 2197 1709 2225 virtutum
1726 2197 1875 2231 omnium,-

1032 2243 1186 2271 secundum
1209 2243 1345 2271 virtutum
1369 2242 1614 2280 tlzcoloyicarum;
1636 2243 1748 2272 tertium
1770 2247 1875 2280 spectat

1030 2289 1066 2318 ad
1091 2289 1178 2326 ipsam
1201 2289 1332 2318 latriam.
1364 2290 1452 2326 Ipsius
1477 2290 1551 2318 enlm
1582 2290 1679 2319 latriae
1709 2293 1751 2318 est
1772 2290 1874 2319 sacrifi-

1032 2408 1073 2429 nisi
1092 2407 1145 2429 Deo.
1165 2407 1230 2429 Multa
1249 2407 1347 2435 deniquo
1365 2406 1393 2428 de
1415 2407 1476 2429 cultu
1495 2407 1573 2429 divino
1597 2410 1703 2435 usurpata
1726 2410 1788 2434 sunt.
1814 2414 1872 2437 quae

1033 2446 1158 2467 honoribus
1175 2445 1318 2467 deferrentur
1335 2446 1464 2468 humanis...
1482 2447 1533 2474 quis
1555 2452 1611 2468 vero
1632 2446 1807 2469 sacrificandum
1824 2453 1874 2469 ocn-

1031 2485 1086 2512 suit‚
1105 2485 1146 2506 nisi
1163 2485 1182 2506 ei
1201 2490 1269 2512 quem
1288 2485 1359 2506 Deum
1378 2488 1416 2506 aut
1433 2485 1498 2506 scivit
1515 2488 1553 2506 nut
1570 2485 1658 2512 putavit
1675 2489 1713 2507 :uit
1731 2486 1809 2508 linxit?

1094 2522 1103 2536 ⁶
1122 2523 1185 2544 Rom.
1205 2523 1229 2549 6,
1252 2523 1288 2544 16:
1307 2522 1410 2549 Nescitis,
1428 2523 1536 2550 quonium
1554 2523 1589 2544 cui
1607 2523 1717 2545 exhibetis
1736 2530 1777 2545 vos
1794 2530 1874 2546 servos

1031 2561 1059 2583 ad
1077 2561 1247 2588 obediendum,
1265 2562 1325 2583 servi
1343 2562 1396 2582 ostis
1413 2562 1462 2583 cius
1479 2562 1514 2583 cui
1532 2561 1630 2583 obeditis
1646 2564 1703 2584 οιαὶ)
1717 2574 1745 2577 -
1758 2562 1873 2590 Quantum

1031 2600 1059 2621 nd
1077 2600 1200 2621 secundam
1219 2600 1387 2622 c‹mctusii›n‹=in
1406 2601 1555 2627 respiciantur
1572 2600 1606 2622 illu
1621 2600 1689 2622 verbu
1703 2601 1756 2623 Luc.
1778 2601 1810 2629 17,
1834 2602 1871 2624 10:

1031 2639 1067 2660 Sic
1083 2641 1105 2660 ct
1126 2644 1181 2665 vos,
1207 2645 1259 2660 cuni
1278 2639 1374 2660 socci-itis
1397 2645 1455 2667 quae
1478 2643 1598 2666 praccepta
1617 2643 1669 2661 sunt
1690 2639 1770 2668 vobis,
1792 2640 1871 2662 dicite:

1030 2677 1094 2698 Servi
1113 2677 1202 2697 inutiles
1218 2682 1299 2698 sumus
1315 2680 1357 2698 cte.

1093 2714 1102 2729 ⁷
1121 2715 1183 2736 Vcrs.
1202 2715 1237 2736 31.

1093 2753 1102 2767 Β
1119 2753 1162 2775 Ctr.
1181 2760 1202 2782 q.
1222 2753 1326 2781 pravi-cd.
1345 2754 1365 2775 in
1384 2760 1446 2781 corp.
1466 2766 1494 2769 —
1513 2754 1560 2776 lllox
1579 2760 1621 2782 pro
1640 2755 1715 2784 polvs!
1731 2754 1806 2784 accipi
1821 2756 1873 2778 cod.

1032 2793 1046 2813 7.
1065 2792 1130 2814 italic-t
1148 2792 1271 2821 accipistis,
1291 2796 1312 2814 ct
1330 2793 1381 2814 (irin
1400 2796 1450 2820 post
1467 2792 1553 2815 ‹lit-itm·
1565 2792 1644 2816 cultus
1655 2793 1722 2815 codd.
1740 2795 1756 2815 A
1767 2795 1781 2815 S
1793 2794 1808 2816 U
1822 2795 1873 2817 sul)-

1032 2831 1108 2853 iiriunt
1127 2830 1172 2852 Hei.
1192 2831 1259 2852 i'nulo
1278 2831 1370 2853 interius
1388 2834 1439 2859 post
1455 2831 1495 2854 scd
1517 2830 1586 2854 eliam
1604 2831 1685 2855 otiivcti
1707 2832 1757 2854 cod.
1775 2834 1792 2853 O
1811 2833 1873 2855 addit

1031 2869 1166 2892 immediati.
1575 2870 1584 2884 ἵ·
1603 2871 1652 2893 Vat.
1671 2871 1707 2893 iiic
1725 2872 1801 2894 insci-it
1820 2872 1872 2895 Deo.

1096 2907 1113 2921 ¹⁰
1130 2908 1196 2935 Nola,
1220 2908 1282 2937 quod
1303 2909 1430 2930 secundum
1449 2909 1516 2931 codd.
1537 2909 1594 2931 ordo
1614 2910 1752 2932 solutionum
1777 2910 1793 2932 Ι.
1813 2914 1835 2933 ct
1852 2911 1872 2933 2.

1032 2951 1139 2970 inuititur.
