2166 3366
124 1184 164 1203 Duo
173 1184 192 1202 in
201 1189 251 1203 men-

154 1207 214 1226 dacio.

139 1417 188 1440 Quid
199 1422 249 1435 men-

145 1442 218 1467 dacmm
231 1442 250 1459 et

145 1466 226 1482 mentiri.

269 174 324 202 856
945 168 1195 197 SENTENTIARUM
1216 168 1276 196 LIB.
1296 168 1336 196 III.

624 247 691 275 Due.
716 246 757 274 III.

345 342 411 370 Item
434 341 580 378 quaeritur
601 339 635 368 de
657 339 709 368 hoc
724 339 798 376 quod
820 338 900 368 dicit:
923 339 1109 367 Mendacium

267 393 307 417 est
327 387 408 425 fctbsd
423 387 501 415 vocis
514 385 692 423 siyitifi'ccttio
714 394 781 414 cum
803 385 957 413 intentione
976 383 1108 421 sititeudi.

267 435 402 463 Obiicitur
423 434 495 462 enim
520 436 616 461 contra
637 432 704 466 hoc,
720 432 785 469 quia
799 432 929 460 abstracti
946 435 973 460 et
988 432 1109 460 concreti

266 482 363 510 eadem
392 483 433 509 est
461 479 592 508 definitio.
622 479 674 507 Sed
702 479 813 507 mentiri
843 482 932 515 potest
960 478 1022 515 quis
1050 478 1109 507 sine

265 528 334 556 salsa
355 527 430 555 vocis
451 526 666 563 significatione,
693 525 849 554 secundum
877 525 953 562 quod
981 525 1109 561 Magister

266 574 332 602 dicit
357 573 458 610 post¹‚
486 572 615 601 videlicet
642 580 705 601 cum
735 572 813 609 quis,
841 572 987 600 intendens
1016 571 1109 600 dicere

265 619 381 653 falsum,
404 619 470 648 dicit
492 627 623 658 verumy
640 627 706 655 ergo
732 619 783 647 ista
809 627 863 647 non
884 622 926 647 est
947 621 1023 646 recta
1044 617 1110 646 defi-

265 666 340 694 nitio.
361 683 401 686 —
422 666 504 700 item,
526 666 597 694 sicut
626 665 801 694 mendacium
831 665 964 702 contingit
992 672 1052 693 esse
1082 664 1108 692 in

266 712 373 747 verbis,
396 713 433 741 ita
454 712 537 740 etiam
559 712 691 749 contingit
706 720 766 741 esse
788 712 815 740 in
837 712 955 740 factis2:
972 720 1038 748 ergo
1054 719 1108 740 non

265 762 373 787 tantum
395 759 477 787 debet
498 759 552 787 dici
574 759 643 787 falsa
663 759 741 787 vocis
763 758 941 796 significatio,
961 758 1009 787 sed
1025 758 1108 787 etiam

264 805 333 834 falsa
348 805 444 842 operis
458 805 630 842 significatio.
647 822 684 826 —-
700 806 782 840 Item,
798 806 925 840 videtur,
941 806 1015 843 quod
1032 813 1109 842 prae-

264 853 337 882 dicta
359 852 507 881 notificatio
529 860 582 881 non
605 852 750 881 conveniat
770 853 844 880 omni
869 852 1021 886 mendacio,
1043 852 1108 889 quia

263 900 310 936 qui
333 900 467 928 mentitur
488 899 633 928 mendacio
648 898 774 937 officioso
789 907 842 927 non
858 899 976 927 intendit
989 897 1107 936 fallere,

264 946 312 975 sed
332 946 488 983 prodesse;
503 949 529 974 et
543 945 590 982 qui
606 946 688 974 etiam
706 946 839 974 mentitur
854 945 998 974 mendacio
1013 945 1107 973 iocoso

263 1001 317 1021 non
338 993 456 1021 intendit
481 992 532 1021 nisi
558 1000 587 1021 se
612 992 791 1020 delectdre³5
818 1000 884 1028 ergo
912 991 966 1020 non
996 991 1107 1020 videtur

264 1040 315 1069 ista
336 1040 460 1069 definitio
481 1040 556 1068 omni
579 1039 724 1068 mendacio
746 1039 901 1068 convenire.

343 1087 521 1115 Rusmnnno:
544 1086 714 1120 DIcendum,
730 1085 821 1122 quod,
843 1086 915 1114 sicut
936 1088 1039 1113 tactum
1056 1084 1107 1113 fuit

265 1133 292 1161 in
307 1132 539 1170 praecedentibus
550 1132 574 1166 ⁴,
589 1132 624 1160 ad
640 1132 808 1168 completum
825 1140 884 1159 esse
898 1131 1035 1160 mendacii
1051 1131 1107 1159 duo

265 1183 450 1213 concurrunt,
479 1179 607 1208 videlicet
634 1177 716 1215 fcdsct
738 1178 814 1206 vocis
835 1177 1014 1215 significatio
1035 1178 1107 1206 sicut

265 1226 422 1260 materiale,
444 1229 470 1254 et
490 1224 615 1262 fallendi
628 1225 746 1253 intentio
761 1225 833 1253 sicut
854 1224 988 1257 formale3
1003 1227 1030 1253 et
1045 1224 1107 1252 ideo

263 1276 337 1301 recte
359 1275 400 1301 est
420 1271 559 1308 assignata
580 1271 722 1308 praed1cta
743 1270 892 1299 notificatio
915 1270 1059 1299 mendacii.

341 1319 379 1348 Ad
402 1319 470 1347 illud
493 1326 559 1347 vero
581 1317 654 1355 quod
677 1317 823 1351 obiicitur,
843 1317 918 1354 quod
933 1317 1064 1345 abstracti
1081 1319 1107 1345 et

262 1366 382 1395 concreti
404 1365 501 1394 eadem
524 1367 566 1393 est
587 1364 728 1398 definiti03
751 1364 915 1398 dicendum,
938 1364 1013 1400 quod
1032 1372 1107 1392 men-

263 1412 399 1446 dacium,
415 1412 487 1441 sicut
506 1411 607 1449 prius⁵
628 1414 732 1439 tactum
754 1414 811 1445 est,
833 1419 888 1439 non
910 1414 1017 1439 tantum
1041 1411 1107 1439 dicit

262 1458 502 1496 comparationem
519 1458 554 1486 ad
576 1457 773 1491 mentientem,
790 1457 934 1486 sedetiam
958 1457 993 1486 ad
1010 1457 1106 1494 ipsam

262 1514 337 1539 rem,
358 1506 393 1534 de
414 1513 469 1542 qua
490 1505 521 1533 fit
542 1510 652 1539 serm03
677 1503 797 1532 mentiri
819 1511 884 1532 vero
906 1504 1018 1541 proprie
1040 1504 1106 1532 dicit

262 1550 497 1590 comparationem
518 1552 552 1580 ad
576 1552 666 1588 ipsum
687 1551 889 1584 mentientem;
909 1554 936 1579 et
958 1551 1020 1580 ideo
1041 1551 1106 1588 plus

262 1600 366 1629 claudit
395 1599 421 1627 in
451 1607 480 1628 se
505 1598 691 1627 mendacium
718 1606 803 1635 quam
830 1597 964 1631 mentiri,
987 1605 1037 1627 nec
1065 1602 1106 1627 est

261 1646 335 1675 idem
357 1646 469 1674 omnino
489 1645 609 1673 mentiri
629 1648 656 1673 et
677 1644 864 1673 mendacium
894 1644 1005 1678 dicere,
1034 1645 1106 1673 sicut

262 1693 389 1730 Magister
410 1693 437 1721 in
461 1692 572 1721 litterafl
586 1691 652 1720 dicit
670 1694 774 1728 aperte.
796 1691 850 1720 Nec
863 1691 998 1728 sequitur,
1020 1691 1106 1728 quod-

261 1740 282 1768 si
305 1739 405 1776 aliquis
422 1738 560 1767 mentitur
570 1761 579 1772 ,
594 1738 670 1775 quod
686 1737 766 1766 dicat
781 1737 984 1771 mendacium,
1005 1738 1026 1766 si
1038 1746 1106 1774 pro·

258 1787 324 1824 prte
351 1786 502 1823 accipiatur
531 1785 722 1820 mendacium,
752 1785 802 1813 nisi
831 1786 902 1813 forte
931 1785 1013 1822 turpe
1038 1785 1105 1814 acci-

260 1834 353 1871 piatur
376 1833 551 1862 mendacium
574 1833 608 1860 ad
639 1832 815 1861 mendacium
844 1831 1005 1860 secundum
1033 1831 1105 1869 quid

260 1883 287 1909 et
306 1879 485 1917 siutplieiter.

340 1926 377 1954 Ad
399 1926 467 1954 illud
490 1925 565 1962 quod
588 1925 732 1958 obiicitur,
755 1925 827 1961 quod
854 1924 1031 1953 mendacium
1048 1932 1102 1952 nou

261 1972 436 2001 solummodo
465 1974 506 2000 est
534 1971 560 1999 in
584 1971 692 2005 verbis,
714 1971 762 1999 sed
785 1971 866 1999 etiam
890 1971 916 1998 in
939 1970 1036 2004 factiS3
1065 1971 1105 1998 di-

261 2019 396 2053 rendum,
417 2019 492 2055 quod
514 2018 564 2046 etsi
586 2018 679 2054 aliquo
710 2018 793 2046 modo
815 2021 857 2046 est
878 2017 904 2045 in
927 2016 1034 2054 facti&
1063 2024 1103 2045 se-

1167 245 1290 274 cundum
1313 246 1387 282 quod
1410 246 1500 274 Innuit
1521 246 1716 281 Ambrosius⁷,
1738 246 1851 283 proprie
1867 250 1957 275 tamen
1974 247 2009 275 Io-

1167 292 1278 328 quendo
1300 292 1326 320 in
1347 292 1442 320 verbis
1470 295 1526 327 est,
1555 293 1710 321 secundum
1733 293 1807 330 quod
1830 293 1895 322 dicit
1918 294 2010 330 Augu-

1167 337 1264 366 stinus.
1296 339 1387 367 Verba
1417 339 1490 367 enim
1523 342 1588 367 sunt
1614 339 1726 376 proprie
1754 340 1832 376 signa
1860 340 2010 368 indicantia
2022 345 2142 364 Notandum-

1167 385 1266 413 mentis
1288 388 1468 422 conceptum,
1489 393 1540 422 pro
1561 394 1593 414 eo
1615 386 1690 423 quod
1711 386 1746 414 ab
1768 386 1891 415 luteriori
1917 394 2011 423 proce-

1167 431 1237 459 dunt
1258 433 1285 459 et
1306 431 1461 460 voluntarie
1482 432 1658 464 formantu1·;
1687 435 1714 461 et
1741 432 1872 469 quoniam
1899 433 2010 461 menda-

1167 477 1240 505 cium
1264 481 1421 514 respectum
1450 478 1517 507 dicit
1537 479 1573 507 ad
1594 479 1621 507 id
1643 479 1718 515 quod
1741 482 1782 507 est
1810 479 1838 507 in
1860 482 1950 507 mente
1972 479 2010 507 in-

1168 524 1270 552 terius:
1294 524 1358 553 hinc
1379 528 1436 559 est,
1458 525 1532 561 quod
1544 525 1666 562 proprie
1680 528 1722 553 est
1743 525 1770 553 in
1791 525 1969 554 sermonibus
1983 529 2010 554 et

1167 570 1282 599 vocibus
1310 574 1337 599 et
1362 578 1412 607 per
1440 571 1538 599 falsam
1560 572 1635 600 vocis
1656 571 1883 608 significationem
1916 572 2011 600 defini-

1169 620 1228 651 tur,
1250 617 1312 645 licet
1334 620 1361 645 et
1382 618 1409 645 in
1431 618 1492 646 aliis
1518 618 1612 655 aliquo
1634 618 1716 646 modo
1738 618 1891 655 andloyice
1911 622 1938 647 et
1956 627 2010 655 per

1165 664 1311 700 posterius
1332 665 1498 701 reperiatur.

1245 710 1282 739 Ad
1305 710 1374 738 illud
1396 711 1471 747 quod
1500 711 1644 745 obiicitur,
1674 712 1746 748 quod
1776 712 1828 740 ista
1860 711 2009 740 notificatio
2032 745 2037 751 ,

1166 765 1219 785 non
1235 758 1364 786 convenit
1378 751 1523 786 mendacio
1539 758 1628 786 iocoso
1650 761 1677 787 et
1697 758 2009 793 officioso37dicendum‚

1166 803 1241 840 qnod
1266 803 1417 833 notificatio
1445 804 1497 832 ista
1524 812 1575 841 per
1603 804 1681 841 prius
1710 805 1837 833 convenit
1866 805 2009 834 mendacio

1162 850 1350 887 pernz‘cz‘oxm
1371 850 1465 878 iocoso
1485 854 1577 879 autem
1600 854 1627 878 et
1648 850 1774 888 officioso
1795 851 1923 879 convenit
1944 859 2010 888 quo-

1166 895 1230 923 dam
1262 896 1345 924 modo
1376 896 1454 932 quasi
1480 905 1534 933 per
1558 897 1716 933 posterius.
1742 897 1818 926 Unde
1840 897 2007 926 vocabulum

1164 941 1289 978 fallendi
1308 944 1335 971 in
1356 943 1542 972 notificatione
1564 944 1701 972 mendacii
1716 952 1769 972 non
1786 947 1893 972 tantum
1909 944 2009 981 impor-

1165 992 1204 1017 tat
1225 990 1370 1027 decipere,
1403 990 1450 1019 sed
1473 990 1554 1019 etiam
1577 989 1690 1027 falsum
1711 991 1826 1023 dicere,·
1847 994 1874 1020 et
1895 992 1947 1019 hoc
1968 994 2010 1019 est

1165 1037 1238 1064 omni
1262 1037 1405 1065 mendacio
1427 1045 1575 1066 commune
1597 1040 1624 1066 et
1644 1037 1781 1074 generale.
1797 1037 1920 1065 Falsum
1935 1037 2008 1066 enim

1165 1083 1259 1111 dicere
1280 1083 1406 1112 exterius
1427 1084 1549 1120 quodam
1571 1084 1654 1112 modo
1669 1084 1765 1112 fallere
1780 1087 1836 1118 est,
1859 1085 1927 1113 dum
1939 1084 1948 1099 ⁸
1963 1084 2010 1112 ho-

1165 1137 1210 1158 mo
1232 1129 1258 1158 id
1281 1130 1362 1164 dicit,
1384 1130 1460 1167 quod
1474 1133 1564 1167 potest
1580 1130 1719 1158 hominem
1743 1130 1779 1159 ad
1802 1130 1948 1159 falsitatem
1964 1131 2008 1159 de-

1165 1175 1268 1204 ducere
1283 1179 1310 1204 et
1325 1176 1490 1205 deducendo
1504 1176 1539 1205 ad
1555 1176 1701 1205 salsitatem
1718 1176 1814 1205 fallere
1829 1181 1855 1205 et
1871 1177 2008 1214 decipere.

1518 1270 1585 1298 Due.
1607 1270 1649 1298 IV.

1243 1362 1308 1391 Item
1331 1362 1476 1399 quaeritur
1498 1363 1533 1392 de
1555 1363 1607 1391 hoc
1628 1363 1702 1400 quod
1725 1363 1807 1398 dicit,
1828 1364 1905 1401 quod
1919 1363 2006 1392 Ictcob

1164 1412 1259 1437 mettre
1279 1413 1399 1437 auctore
1419 1408 1504 1446 fecit,
1533 1413 1567 1438 ut
1591 1408 1707 1446 falleret
1732 1413 1864 1446 patrem,
1894 1410 2007 1439 videtur

1163 1465 1221 1484 non
1242 1464 1301 1484 esse
1321 1456 1525 1490 mendacium,
1540 1456 1591 1484 sed
1605 1456 1785 1494 mysterium.
1802 1457 1919 1485 Videtur
1934 1457 2007 1486 enim

1164 1503 1216 1531 hoc
1237 1511 1291 1531 non
1314 1503 1417 1532 habere
1439 1503 1600 1537 veritatem,
1626 1503 1692 1540 quia
1713 1503 1792 1532 Iacob
1813 1503 1885 1532 dixit
1906 1503 2007 1533 falsum

1164 1557 1227 1578 cum
1250 1550 1400 1578 intentione
1421 1549 1533 1578 fallendi
1556 1552 1683 1586 patrem3
1706 1549 1866 1578 intendebat
1880 1550 1951 1578 enim
1975 1550 2009 1579 si-

1163 1595 1310 1633 gnificare,
1332 1596 1406 1633 quod
1429 1596 1487 1633 ipse
1508 1599 1581 1625 esset
1596 1594 1684 1625 Esau:
1700 1603 1766 1633 ergo
1788 1596 1917 1630 videtur,
1932 1597 2007 1634 quod

1163 1642 1328 1679 simpliciter
1359 1643 1411 1671 fuit
1442 1642 1640 1671 mendacium:
1674 1650 1741 1679 ergo
1772 1643 1898 1677 videtur,
1930 1643 2006 1680 quod

1163 1689 1326 1726 simpIIciter
1353 1689 1461 1718 tuerit⁹
1489 1689 1630 1718 mentitus.
1653 1706 1691 1709 —
1718 1690 1801 1724 Item,
1829 1689 2006 1718 mendacium

1163 1739 1205 1764 est
1226 1736 1263 1764 ita
1285 1736 1406 1770 malum,
1428 1736 1502 1773 quod
1518 1736 1596 1764 nullo
1611 1736 1693 1765 modo
1708 1739 1798 1773 potest
1812 1736 1872 1764 fieri
1888 1736 2005 1770 honum,

1163 1790 1213 1811 nec
1229 1790 1277 1819 per
1293 1791 1321 1811 se
1343 1790 1394 1811 nec
1408 1790 1458 1819 per
1480 1783 1711 1819 dispensationem
1734 1783 1857 1820 aliquam
1871 1782 1906 1810 ¹⁰:
1931 1783 2006 1812 vide-

1163 1832 1209 1858 tur
1240 1837 1319 1866 ergo,
1341 1829 1416 1866 quod
1437 1829 1514 1858 nullo
1540 1829 1658 1866 Spiritus
1690 1830 1777 1858 sancti
1809 1829 1922 1858 consilio
1953 1837 2007 1859 nec*

1163 1877 1259 1904 matris
1292 1876 1407 1913 imperio
1436 1876 1524 1912 potuit
1556 1876 1614 1912 ipse
1640 1876 1718 1904 Iacob
1750 1884 1766 1904 a
1788 1876 1931 1905 mendacio
1959 1884 2005 1905 ex-

1162 1923 1262 1951 cusari.

1240 1970 1414 1998 nsssponnsso:
1437 1969 1604 2004 Dicendum,
1625 1969 1700 2006 quod
1721 1969 1877 1998 secundum
1892 1969 2004 1999 beatum

1161 2017 1345 2052 Augustinum
1359 2016 1380 2030 ¹¹
1407 2019 1434 2044 et
1454 2015 1536 2043 etiam
1569 2015 1744 2043 Ambrosium
1764 2015 1843 2044 Iacob
1872 2016 1919 2044 vir
1939 2016 2007 2044 sim-

324 2171 330 2184 ¹
348 2170 402 2199 Cap.
422 2170 442 2192 -1,
461 2182 489 2185 —
507 2160 586 2193 Maior
608 2170 716 2191 fundatur
733 2171 753 2191 in
771 2176 811 2197 eo,
837 2169 898 2198 quod
923 2169 1063 2192 abstractum
1082 2172 1103 2191 et

260 2212 403 2236 concretum,
430 2210 480 2231 licet
504 2208 547 2230 sub
574 2214 619 2230 uno
637 2212 742 2235 respectu
761 2208 930 2235 distinguantur
948 2208 1100 2235 (abstractum

260 2250 319 2270 enim
337 2248 448 2276 significat
466 2248 562 2269 sormam
589 2250 688 2273 tantuin,
714 2250 846 2269 concretum
869 2250 945 2268 autem
963 2247 1060 2268 sormam
1079 2249 1103 2268 ut

260 2287 393 2308 allicientem
410 2286 556 2314 subiectum),
575 2285 618 2307 sul)
630 2286 673 2307 alio
687 2288 760 2307 tamon
776 2285 836 2307 idem
849 2289 913 2313 sunt,
931 2286 978 2307 scil.
997 2288 1101 2313 respectu

259 2326 359 2352 tin-mae,
378 2331 436 2353 quae
454 2326 475 2346 in
493 2326 574 2347 creatis
591 2329 615 2347 ut
632 2324 743 2347 abstracta
762 2324 834 2346 induit
851 2325 962 2346 rationem
980 2324 1103 2347 unit-ersa-

261 2364 287 2387 lt's
312 2368 333 2387 et
359 2364 503 2392 praedicatur
528 2364 556 2386 dc
582 2364 692 2386 concretis
717 2366 742 2386 ut
759 2364 787 2385 de
813 2364 861 2385 suis
879 2363 1032 2385 inferioribus.
1056 2363 1102 2386 Cir.

258 2405 355 2430 Aristot,
375 2404 418 2425 Vll.
437 2404 533 2430 Metapli.
552 2406 603 2425 text.
622 2403 658 2424 at.
681 2403 726 2429 (Vt.
744 2408 764 2424 c.
782 2403 821 2430 6.),
840 2405 861 2424 ct
878 2402 906 2424 de
925 2402 1064 2424 Praedicam.
1083 2408 1101 2424 c.

259 2442 285 2465 ele
303 2441 454 2470 Substantia,
469 2448 556 2464 necnon
570 2442 605 2463 Vl.
620 2442 698 2469 Topic.
710 2447 728 2463 c.
749 2441 768 2463 t.
788 2442 816 2467 (c.
835 2441 878 2469 a),
896 2441 935 2463 ubi
954 2444 1042 2467 monet,
1060 2443 1102 2463 «si

259 2482 285 2503 sit
303 2481 396 2509 quidem
416 2481 506 2504 habitus
526 2480 560 2510 [in
578 2479 703 2509 abstracto]
727 2480 840 2507 delinitio,
864 2479 1056 2502 considerandum
1080 2481 1100 2501 in

259 2520 356 2543 habente
373 2520 407 2550 [in
426 2519 557 2549 conci·cto],
576 2520 593 2541 si
612 2520 706 2547 quidem
730 2519 844 2546 habentis,
866 2520 887 2540 in
912 2519 988 2541 habitu
1004 2527 1025 2541 n.
1045 2519 1102 2541 Vide

258 2560 325 2581 etiam
343 2562 468 2581 Averroem
485 2560 507 2581 in
526 2559 552 2580 V.
571 2559 666 2586 Metapli.
686 2561 735 2580 text.
759 2559 796 2584 tt,
814 2558 853 2579 nbi
871 2559 992 2585 impugnat
1009 2558 1101 2580 Avieen-

260 2603 322 2625 nam,
341 2598 379 2625 qui
398 2597 475 2625 docet7
494 2600 626 2619 concretum
645 2597 753 2624 primarie
775 2596 903 2624 significare
928 2596 1056 2618 subiectum
1079 2599 1101 2618 et

258 2636 392 2658 secundarie
410 2636 514 2658 sormam.
532 2648 563 2652 —
580 2636 602 2657 In
621 2635 664 2657 fine
683 2642 730 2663 arg.
749 2635 799 2657 cod.
818 2637 835 2656 A
852 2635 944 2662 supplet
961 2634 1083 2657 mendacii.

319 2675 328 2689 ἲ
346 2675 373 2697 Ut
389 2675 487 2697 insinuat
504 2675 601 2701 Ariston,
622 2674 657 2696 tv.
675 2675 745 2696 Ethic.
764 2680 782 2696 c.
801 2674 821 2695 7.

321 2713 330 2727 3
347 2713 405 2735 Victo
422 2714 457 2735 liic
475 2714 504 2735 lit.
523 2714 632 2741 Magistri,
651 2719 670 2735 c.
693 2714 709 2735 I.
727 2719 774 2741 seq.

319 2752 328 2766 ⁴
346 2752 436 2780 Quaest.
461 2753 478 2774 l.

320 2790 329 2804 ⁵
346 2791 436 2818 Quaest.
459 2792 476 2812 1.
493 2803 524 2806 -
541 2791 634 2812 Interius
653 2797 693 2817 pro
711 2790 806 2819 propi-[e
824 2790 879 2813 «licit
895 2789 1099 2819 ccmprtrctticnemv

259 2828 307 2849 cml.
326 2829 343 2850 L'
361 2828 446 2852 [licitur
461 2829 557 2858 proprie
569 2835 611 2857 pet·
623 2828 829 2857 conzpm‘cttionem.

320 2866 329 2881 θ
346 2868 385 2889 Ilic
403 2874 420 2889 c.
440 2867 459 2889 t.
478 2880 507 2883 ω-
525 2868 593 2889 Paulo
612 2871 662 2895 post
675 2874 715 2895 pro
732 2867 795 2897 qnod
805 2867 868 2890 dicat
884 2874 927 2889 non
948 2869 1013 2895 pauci
1031 2868 1098 2889 codd.

259 2911 310 2926 cum
328 2906 380 2927 edd.
403 2907 420 2933 1,
438 2908 450 2928 2
469 2906 531 2935 quod
553 2906 614 2928 ‹ln-fl.
634 2906 735 2928 Subinde
753 2912 795 2934 pro
821 2907 843 2928 et
860 2905 1007 2935 sempliciter,
1035 2906 1099 2934 quod

259 2942 341 2965 liabent
359 2944 425 2965 codd.
439 2944 455 2965 G
466 2945 483 2965 Ii
494 2944 510 2965 N
521 2944 538 2966 U
549 2945 577 2966 W
588 2945 603 2965 7.
617 2951 641 2965 aa
655 2944 697 2972 bb,
716 2946 736 2966 in
750 2945 797 2966 aliis
810 2948 830 2966 ct
842 2944 894 2966 cdd.
909 2944 944 2967 rel
955 2943 1097 2973 simpliciter.

1221 2168 1231 2182 ⁷
1248 2167 1291 2191 Csr.
1310 2174 1380 2195 supra
1399 2174 1451 2195 pag.
1471 2167 1522 2195 842,
1542 2170 1592 2190 nota
1610 2168 1630 2190 7.
1649 2168 1681 2190 De
1698 2169 1808 2190 sententia
1826 2169 1945 2196 Augustini
1963 2169 2002 2190 cfr.

1160 2208 1196 2229 liic
1213 2208 1242 2229 lit.
1261 2207 1367 2235 Magistri,
1386 2213 1404 2229 c.
1424 2207 1444 2233 3,
1457 2213 1483 2228 ex
1501 2212 1547 2234 qno
1561 2209 1633 2229 textus
1651 2207 1718 2229 huius
1730 2206 1794 2229 dubii
1812 2210 1901 2229 sumtus
1919 2210 1958 2229 est.
1973 2219 2003 2222 —

1160 2246 1227 2275 Quod
1240 2246 1309 2268 verbu
1323 2249 1375 2268 sunt
1387 2246 1450 2273 sigua
1464 2248 1624 2273 conceptumn,
1642 2246 1709 2268 docet
1731 2246 1829 2273 Aristot.,
1846 2247 1860 2268 1.
1880 2247 2004 2269 I'criherm.

1160 2291 1179 2307 c.
1202 2286 1222 2310 1,
1242 2285 1270 2307 de
1288 2291 1334 2313 quo
1356 2284 1410 2306 vide
1435 2291 1504 2312 supra
1524 2290 1575 2312 pag.
1594 2285 1653 2312 686,
1673 2287 1723 2306 nota
1746 2286 1767 2306 9.
1789 2288 1810 2306 et
1833 2289 1886 2307 tom.
1908 2286 1930 2307 11.
1949 2292 2002 2314 pag.

1160 2325 1216 2351 509,
1236 2328 1285 2346 nota
1303 2325 1324 2345 2.
1341 2336 1371 2339 -
1388 2324 1481 2345 lnt'erius
1499 2327 1549 2351 post
1565 2329 1609 2352 pro
1627 2329 1651 2346 eo
1670 2323 1733 2352 quod
1749 2322 1778 2346 ab
1795 2323 1903 2346 interiora·
1919 2325 1969 2347 cod.
1982 2325 2002 2347 t<

1160 2363 1251 2390 supplet
1268 2364 1350 2385 mente.

1222 2401 1232 2416 ⁸
1248 2401 1319 2424 Codd.
1338 2401 1383 2423 AV
1401 2401 1430 2429 <T
1449 2401 1563 2429 primitus)
1590 2400 1723 2423 dummodo.
1747 2413 1776 2416 —
1794 2400 1837 2423 Csr.
1855 2401 1884 2423 de
1902 2402 1945 2424 hoc
1963 2402 2004 2424 du·

1160 2440 1197 2462 bio
1209 2440 1269 2462 Alex.
1288 2440 1343 2468 Hat,
1362 2441 1383 2462 5.
1397 2446 1418 2467 p.
1443 2440 1465 2462 II.
1484 2447 1505 2468 q.
1528 2440 1575 2461 123.
1594 2446 1623 2461 m.
1655 2440 1675 2467 ¹3
1694 2440 1716 2461 Β.
1736 2440 1827 2467 Albert.5
1841 2441 1876 2462 liic
1893 2446 1913 2462 a.
1932 2441 1958 2468 ὃς
1976 2441 1997 2462 S.

1160 2480 1250 2505 Titum„
1275 2480 1311 2501 nic
1336 2486 1355 2501 a.
1385 2480 1404 2506 Ι;
1429 2480 1485 2501 Petr.
1512 2485 1523 2500 a
1550 2479 1610 2506 Tar.‚
1637 2479 1672 2500 liic
1689 2485 1709 2501 a.
1733 2479 1881 2505 Milichum.
1899 2485 1911 2501 a
1930 2480 1999 2507 Med„

1158 2518 1195 2539 liic
1212 2524 1235 2546 q.
1258 2519 1273 2539 Ι.

1221 2556 1230 2570 ⁹
1249 2557 1339 2578 Plurimi
1358 2556 1424 2578 codd.
1443 2557 1512 2584 esset,
1528 2556 1579 2578 cod.
1592 2556 1609 2578 U
1622 2555 1664 2584 sit,
1679 2556 1729 2578 cod.
1742 2557 1760 2578 Α
1778 2557 1832 2584 legit
1846 2555 1929 2585 sitisset
1940 2562 2003 2579 meu-

1158 2595 1259 2618 (lucium.

1219 2635 1237 2649 ¹⁰
1255 2635 1351 2662 Ariston,
1368 2634 1402 2656 IV.
1416 2634 1484 2656 Etnic.
1502 2640 1521 2656 c.
1539 2634 1566 2655 7:
1579 2634 1624 2656 Per
1640 2639 1664 2656 se
1682 2634 1775 2662 quidem
1794 2634 1938 2656 mendacium
1951 2640 2001 2661 pra-

1157 2679 1213 2695 vum
1232 2677 1265 2695 cst
1282 2676 1303 2695 et
1328 2673 1495 2700 vituperatione
1520 2673 1627 2700 dignum,
1646 2678 1728 2694 verum
1745 2675 1821 2694 autem
1840 2673 1960 2693 honestum
1977 2675 1999 2695 et

1158 2711 1277 2734 laudabile.
1296 2712 1399 2739 August,
1418 2711 1449 2732 Ill.
1468 2711 1558 2739 Quacst.
1577 2712 1597 2732 in
1617 2711 1760 2732 Pentateuch.
1778 2717 1799 2738 q.
1814 2710 1855 2731 68:
1873 2710 1929 2737 Quia
1943 2711 1998 2731 iniu-

1157 2755 1217 2772 stunt
1230 2753 1277 2772 erat
1294 2750 1451 2776 mendacium,
1471 2749 1522 2771 idco
1540 2749 1696 2777 prohibitum;
1715 2755 1758 2770 non
1777 2749 1828 2776 quia
1849 2748 1996 2776 prohibitum,

1157 2790 1208 2811 idco
1227 2790 1310 2811 sactum
1334 2790 1450 2811 iniustum.
1469 2801 1498 2804 ψ-
1516 2789 1565 2810 Mox
1583 2791 1633 2815 post
1655 2787 1721 2810 nullo
1740 2788 1760 2809 in
1784 2787 1851 2809 codd.
1869 2788 1885 2808 A
1900 2788 1916 2808 1<
1937 2787 1999 2809 addi-

1158 2831 1193 2850 tur
1211 2827 1285 2850 modo.
1936 2819 1938 2822 ’

1218 2866 1235 2880 ¹1
1253 2866 1333 2889 Contra
1347 2866 1496 2893 Mendacium,
1510 2872 1527 2887 c.
1543 2866 1575 2887 to.
1586 2872 1606 2887 n.
1619 2865 1653 2887 21..
1664 2878 1694 2880 -
1703 2864 1815 2891 Annuus„
1826 2864 1847 2886 11.
1860 2864 1887 2886 ‹lc
1900 2864 1964 2886 Iacob
1977 2867 1997 2886 ct

1156 2907 1200 2927 vim
1219 2905 1293 2933 bonta,
1309 2911 1328 2926 r.
1348 2906 1367 2927 -2,
1387 2911 1407 2927 11.
1426 2905 1446 2926 6.
1465 2911 1528 2933 seqq.
