2166 3366
20 1186 117 1207 Conclusio
129 1187 145 1206 Ι.

17 1469 114 1491 Conclusio
125 1472 143 1490 Ξ.

18 1750 145 1770 coronarium.

27 2077 96 2104 Solotio
109 2083 141 2102 op-

27 2102 134 2125 pomorum.

36 2170 94 2190 causa
108 2171 140 2190 du-

26 2194 74 2218 ptex.

777 174 858 202 DlS'l'.
882 175 946 203 xxi.
968 174 1039 203 ΛΒΤ.
1062 174 1090 202 ΙΙ.
1114 175 1249 211 QUAEsT.
1273 175 1288 203 l.

167 251 260 283 retur,
289 252 361 278 osset
390 250 544 286 passibilis;
573 251 620 279 sed
649 251 742 279 anima
770 252 869 280 Christi
904 255 1011 289 poterat

165 296 238 324 uniri
261 296 298 324 illi
321 297 430 333 corpori
445 300 508 325 ante
523 297 766 334 glorificationem,
781 300 844 336 quia
862 301 929 329 nihil
948 309 1009 330 eam

166 342 348 379 impediebat:
371 351 437 380 ergo
458 344 551 372 adhuc
573 347 680 381 poterat
702 346 771 382 pati:
796 354 849 374 non
865 355 931 383 ergo
950 353 1009 377 erat

166 388 352 426 impassibilis.

244 435 269 464 3.
293 436 373 467 [tem.
396 436 464 464 nihil
486 445 589 465 novum
615 437 746 466 collatum
774 443 816 468 est
843 441 951 470 animae
981 443 1006 471 in

166 483 224 519 ipso
245 483 355 511 instanti
378 483 560 520 separationis
581 492 596 512 a
622 493 752 521 corpore:
782 495 848 522 ergo
877 488 898 515 si
929 489 1007 524 prius

165 537 217 557 non
232 529 352 557 habebat
368 529 634 566 impassibilitatem,
650 531 776 566 videtur,
792 534 865 570 quod
880 542 929 563 nec
942 539 1006 564 tunc

163 575 282 604 habuit¹
305 579 368 604 ante
390 576 462 604 diem
486 577 706 606 resurrectionis.

242 623 268 651 Ιι.
291 623 373 657 ltem,
394 623 501 657 anima,
530 632 601 660 quae
631 625 877 661 impassibilitatem
908 629 1006 664 habet,

163 669 255 698 statim
277 677 339 698 eum
363 677 379 697 a
400 677 516 706 corpore
540 671 658 705 recedit,
680 672 808 707 evotat²3
837 675 884 703 sed
913 676 1006 705 anima

162 715 262 744 Christi
285 723 339 744 non
361 716 454 744 statim
475 716 595 745 evolavit
620 726 669 746 nec
697 719 821 748 ascendit
848 722 940 750 statim
969 723 1004 751 ad

162 761 268 796 caelos,
290 762 338 790 sed
360 762 503 791 descendit
527 763 561 791 ad
593 763 707 792 interos:
737 773 803 801 ergo
832 775 883 795 non
912 769 1004 797 statim

162 811 223 846 post
245 808 350 837 instans
371 809 553 846 separationis
574 810 645 838 sacta
666 814 707 839 est
729 811 915 849 impassibilis.

476 894 689 916 CONCLUSIO.

168 964 254 993 Valde
271 964 421 1001 probabile
445 968 502 998 est,
531 965 608 1002 qaod
634 966 737 995 anima,
768 967 878 997 Christi
903 971 1002 999 statim

236 1014 302 1047 post
322 1011 536 1048 separatione-m
559 1021 577 1040 a
599 1020 720 1049 corpore
740 1013 832 1051 faerit
852 1015 935 1052 [iteca
955 1017 1004 1045 im-

236 1057 395 1095 passibilis.

240 1136 414 1164 Responneo:
437 1136 607 1170 Dicendum,
629 1138 703 1174 quod
726 1146 761 1166 ex
777 1138 942 1168 certitudine
957 1149 1003 1169 au-

159 1183 293 1212 ctoritatis
314 1191 367 1211 non
383 1187 424 1211 est
439 1182 517 1211 nobis
532 1183 644 1211 onmiuo
659 1185 890 1220 determinatum.
907 1191 1001 1216 utrum

158 1229 251 1258 anima
271 1229 371 1258 Christi
394 1230 485 1259 statim
507 1233 568 1266 post
594 1232 796 1267 separationem
826 1233 1003 1269 impassibilis

159 1275 243 1305 suerit
262 1276 374 1308 effecta,
396 1276 468 1305 sicut
483 1277 611 1313 Magister
627 1278 713 1313 tangit
728 1287 813 1315 supra
828 1280 1001 1310 distinctione

158 1322 266 1352 decima
280 1326 377 1351 octava
390 1323 408 1351 ⁸.
431 1323 506 1352 Unde
528 1324 586 1352 sine
609 1325 732 1360 periculo
748 1326 809 1354 fidei
833 1329 921 1363 potest
939 1328 1001 1364 quis

158 1372 311 1406 utrumque
327 1369 427 1398 horum
443 1370 554 1403 sentire,
568 1370 610 1398 vel
622 1371 696 1407 quod
713 1371 890 1408 impassibilis
905 1373 1001 1402 effecta

157 1419 198 1445 est
213 1416 304 1444 statim
321 1420 382 1453 post
394 1417 595 1454 separationem
607 1440 613 1451 ,
626 1418 669 1446 vel
692 1418 717 1446 in
734 1419 792 1455 ipsa
807 1420 931 1457 eorporis
946 1421 1000 1456 glo-

157 1461 318 1491 rificatione.
341 1463 537 1492 Verumtamen
559 1464 746 1500 probabilitati
771 1466 884 1494 rationis
913 1468 1000 1503 inagis

156 1517 308 1538 consonare
330 1510 456 1544 videtur,
482 1511 557 1547 quod
586 1511 678 1539 statim
707 1515 768 1548 post
797 1513 998 1549 separationem

157 1555 287 1584 babuerit
316 1556 573 1593 impassibilitatem.
603 1558 627 1585 Si
658 1558 730 1586 enim
760 1567 812 1588 non
842 1560 999 1596 patiebatur

155 1602 248 1630 anima
258 1602 359 1631 Christi
375 1602 427 1632 nisi
439 1603 625 1640 dispensative
635 1604 642 1618 ⁴
654 1608 681 1633 et
697 1608 810 1642 propter
825 1609 947 1634 nostram
960 1615 999 1635 sa-

156 1648 259 1683 lutem;
274 1649 295 1678 si
312 1649 365 1678 iam
382 1657 435 1678 non
451 1653 510 1678 erat
526 1653 637 1688 tempus
651 1654 678 1679 et
694 1651 769 1680 loeus
788 1653 927 1686 merendi,
945 1653 998 1681 iam

155 1695 248 1725 anima
261 1695 363 1724 Christi
379 1704 432 1724 non
448 1697 567 1726 debebat
582 1705 632 1726 nec
654 1701 761 1734 poterat
785 1699 847 1735 pati.
870 1716 908 1719 —
923 1700 998 1729 Unde

155 1750 208 1771 non
231 1742 322 1771 solum
343 1743 378 1772 de
398 1743 491 1772 anima
513 1743 613 1773 Christi
630 1745 772 1781 probabile
787 1749 842 1779 est,
858 1746 931 1782 quod
947 1750 999 1775 sta-

157 1789 204 1818 tim
225 1792 286 1826 post
308 1790 510 1827 separationem
531 1799 547 1819 a
568 1799 684 1828 corpore
706 1792 776 1820 facta
798 1792 832 1820 sit
847 1792 999 1829 impassibi-

156 1836 204 1871 lis,
226 1836 274 1865 sed
296 1836 379 1865 etiam
401 1837 435 1865 de
456 1837 580 1874 qualibet
601 1838 693 1866 anima
717 1838 766 1866 viri
783 1839 885 1872 sancti,
901 1840 926 1867 in
942 1848 998 1876 qua

154 1892 208 1912 non
230 1884 370 1921 reperitur
392 1886 487 1913 reatus
507 1884 626 1913 alicuius
649 1885 759 1921 peccati.
783 1902 820 1906 —
842 1886 903 1914 ldeo
918 1887 998 1914 ratio-

154 1939 219 1965 nes,
240 1938 312 1968 quae
333 1930 368 1959 ad
389 1934 495 1967 partem
519 1931 600 1960 istam
622 1935 700 1965 sunt,
717 1933 782 1961 satis
798 1932 997 1961 rationabiliter

154 1981 271 2015 possunt
292 1977 414 2006 concedi.

235 2025 259 2052 l.
280 2024 319 2053 Ad
341 2024 410 2052 illud
432 2031 498 2061 ergo
519 2024 594 2061 quod
616 2024 745 2053 obiicitur
767 2025 792 2053 in
809 2025 995 2060 contrarium,

154 2071 229 2108 quod
250 2078 352 2107 corpus
374 2079 428 2099 non
443 2071 536 2099 statim
552 2071 771 2108 impassibilitate
787 2071 838 2100 fuit
853 2071 995 2106 dotatuni;

153 2117 319 2151 dicendum,
341 2117 415 2154 quod
437 2126 491 2146 non
513 2122 555 2146 est
576 2118 680 2149 simile.
703 2118 806 2154 duplici
831 2126 867 2146 ex
895 2126 993 2147 causa:

152 2163 284 2201 primum
305 2164 435 2201 quidem,
456 2164 522 2201 quia
543 2164 635 2193 anima
657 2164 839 2201 propinquior
860 2167 919 2193 erat
940 2165 996 2201 glo-

154 2210 211 2239 riae
232 2218 316 2247 quam
338 2218 418 2245 car0;
439 2214 499 2239 erat
520 2211 592 2239 enim
609 2211 688 2239 beata
703 2210 856 2239 secundum
871 2210 994 2247 aliquam

1849 179 1866 207 Ιι
1869 180 1885 208 li
1890 180 1907 208 3

1069 252 1110 280 sui
1129 256 1234 288 partem
1247 253 1272 286 5;
1286 253 1411 281 secando
1428 262 1501 287 vero,
1516 254 1579 291 quia
1597 254 1692 283 dilatio
1708 255 1909 293 impassibilita-

1068 298 1101 326 tis
1124 298 1149 327 in
1166 307 1248 327 carne
1264 300 1380 328 faciebat
1394 300 1428 328 ad
1446 300 1508 328 fidei
1526 305 1634 330 nostrae
1654 302 1909 338 continuationem,

1068 346 1195 374 videlicet
1223 349 1253 374 ut
1281 347 1475 376 ostenderetur
1496 348 1623 376 Christus
1653 350 1788 378 veraciter
1810 358 1909 387 passus

1065 395 1092 420 et
1114 397 1242 421 mortuus
1263 393 1362 427 l'uisse3
1385 402 1438 422 uon
1461 395 1499 423 sic
1520 394 1615 423 dilatio
1637 395 1865 432 impassibilitatis
1883 398 1908 425 in

1064 438 1170 467 anima:
1190 439 1251 468 ideo
1274 440 1361 476 magis
1383 440 1467 468 dilata
1489 441 1539 470 l'uit
1555 441 1762 478 impassibilitas
1783 445 1907 481 corporis

1065 493 1149 522 quam
1165 486 1371 523 impassibilitas
1393 487 1501 515 animae
1524 496 1559 516 ex
1579 489 1783 525 dispensatione
1805 490 1908 519 diviua.

1143 534 1168 561 2.
1191 533 1226 561 Ad
1251 533 1319 561 illud
1341 534 1416 570 quod
1438 534 1583 569 obiicitur,
1599 537 1673 572 quod
1689 537 1781 565 anima
1798 537 1844 565 illa
1863 538 1908 567 ite-

1064 586 1126 607 rum
1150 580 1222 607 uniri
1246 583 1352 616 poterat
1367 581 1475 617 corpori
1492 582 1630 618 passibili3
1647 583 1812 618 dicendum,
1832 585 1907 621 quod

1063 626 1200 662 quaedam
1222 626 1330 655 animae
1352 631 1519 664 separantur
1546 636 1562 656 a
1591 636 1706 666 corpore
1735 631 1907 667 separatione

1063 672 1205 701 definitiva
1219 673 1276 702 sive
1292 673 1383 707 finali,
1398 674 1535 710 quaedam
1554 683 1618 704 vero
1633 680 1799 713 separantur
1814 686 1830 706 a
1850 686 1907 707 cor-

1063 727 1130 755 pore
1151 719 1185 747 ad
1203 722 1311 756 tempus
1327 724 1440 757 propter
1456 720 1559 757 gloriae
1576 721 1622 750 Dei
1641 723 1904 759 manifestationem;

1062 765 1133 793 sicut
1154 768 1195 793 est
1217 765 1243 793 in
1266 765 1319 794 illis
1341 767 1387 803 qui
1412 767 1613 796 resuscitantur
1637 769 1672 797 ad
1702 773 1804 798 statum
1834 772 1906 801 vitae

1062 812 1241 848 praeteritae,
1263 813 1334 841 sicut
1356 813 1407 841 l'uit
1429 813 1455 842 in
1478 814 1599 843 hazan-00
1624 819 1650 844 et
1667 816 1692 844 iu
1714 816 1775 844 aliis
1797 818 1906 846 mirabi-

1062 858 1124 886 liter
1145 859 1291 887 susritatis.
1314 860 1389 896 Quae
1412 860 1502 897 primo
1525 861 1606 889 modo
1630 866 1796 899 separantur
1820 863 1907 900 ingre-

1061 904 1178 933 diuntur
1200 914 1302 934 novum
1328 910 1447 941 statum;
1476 916 1547 944 quae
1577 916 1642 937 vero
1670 910 1794 939 secundo
1824 911 1905 940 modo

1061 956 1226 988 separantur
1248 953 1402 981 secundum
1418 954 1540 982 divinam
1557 955 1765 992 dispositionem
1781 957 1874 986 adhuc
1889 966 1905 986 a

1061 1001 1134 1026 statu
1150 1006 1201 1027 suo
1223 999 1409 1028 retardantur.
1428 1001 1502 1029 Unde
1525 1001 1646 1037 primae,
1669 1003 1719 1031 nisi
1742 1003 1831 1032 obstet
1847 1012 1904 1032 rea-

1062 1048 1105 1073 tus
1122 1046 1234 1082 peccati,
1250 1046 1342 1074 statim
1355 1047 1515 1076 efficiuntur
1528 1048 1712 1085 impassibiles
1724 1058 1772 1078 nec
1786 1051 1904 1079 unibiles

1059 1095 1124 1119 sunt
1138 1093 1247 1128 corpori
1263 1093 1397 1129 passibili,
1412 1095 1542 1131 quamvis
1557 1096 1696 1124 secundae
1712 1104 1761 1133 per
1776 1097 1901 1126 divinum

1061 1138 1227 1167 miraculum
1256 1139 1405 1176 aliquando
1438 1141 1558 1170 habeant
1587 1143 1724 1180 coniungi.
1755 1144 1785 1172 Et
1813 1144 1903 1181 primo

1060 1184 1142 1213 niodo
1156 1185 1247 1213 anima
1263 1185 1362 1215 Christi
1385 1191 1513 1224 separata
1529 1188 1591 1222 fuit,
1607 1190 1738 1226 quoniam
1754 1190 1828 1219 Deus
1850 1199 1901 1219 nou

1059 1231 1259 1267 decreverat⁷‚
1280 1241 1340 1261 eam
1367 1234 1485 1263 ulterius
1510 1235 1581 1263 uniri
1608 1236 1683 1264 carni
1711 1238 1849 1273 passibili;
1877 1241 1903 1267 et

1060 1278 1120 1307 ideo
1142 1279 1240 1316 positio
1270 1280 1315 1308 illa
1344 1280 1420 1309 nulla
1448 1284 1496 1310 est.
1523 1282 1579 1310 Non
1601 1283 1675 1312 enim
1698 1287 1805 1320 poterat
1826 1286 1901 1314 carui

1059 1326 1182 1362 passibili
1205 1326 1295 1361 uniri,
1316 1335 1369 1356 non
1386 1328 1451 1365 quia
1466 1329 1571 1365 aliquid
1587 1333 1711 1359 creatum
1729 1331 1797 1360 illud
1820 1332 1903 1369 impe-

1059 1372 1146 1405 diret,
1169 1372 1217 1401 sed
1233 1373 1298 1410 quia
1313 1374 1407 1402 divina
1429 1375 1533 1403 iustitia
1555 1376 1623 1404 illud
1647 1385 1700 1405 non
1721 1379 1900 1414 permitteret.

1137 1419 1162 1447 3.
1184 1420 1222 1448 Ad
1245 1419 1313 1448 illud
1335 1421 1411 1458 quod
1431 1422 1576 1456 obiicitur,
1591 1424 1665 1460 quod
1681 1424 1749 1452 nihil
1765 1425 1896 1455 collatum

1057 1468 1098 1493 est
1128 1466 1256 1500 animae;
1291 1467 1459 1501 dicendum,
1491 1469 1564 1505 quod
1596 1469 1664 1498 illud
1692 1479 1746 1499 nou
1775 1476 1899 1507 constat,

1058 1513 1186 1548 quamvis
1207 1521 1259 1541 uon
1284 1513 1407 1550 legatum
1429 1522 1478 1543 nec
1500 1516 1582 1544 etiam
1596 1516 1605 1530 ⁸
1621 1518 1701 1554 cogit.
1716 1518 1812 1547 Anima
1827 1520 1899 1548 enim

1057 1558 1157 1586 Christi
1180 1567 1229 1595 per
1252 1559 1320 1588 illud
1343 1561 1417 1597 quod
1441 1561 1560 1590 habebat
1581 1571 1617 1591 ex
1639 1563 1697 1591 sola
1726 1565 1898 1601 separatione

1056 1612 1072 1632 a
1093 1613 1176 1633 carue
1198 1606 1337 1642 passibili,
1360 1607 1412 1635 iam
1436 1608 1525 1636 caruit
1545 1609 1699 1645 aptitudine
1722 1611 1858 1647 patiendi,
1874 1616 1901 1641 et

1058 1651 1093 1680 ita
1114 1652 1223 1680 reddita
1244 1656 1286 1681 est
1307 1653 1500 1690 impassibilis3
1517 1663 1565 1683 nec
1580 1658 1703 1692 oportet,
1720 1661 1832 1693 propter
1848 1658 1899 1687 hoc

1055 1698 1161 1735 aliquid
1177 1699 1239 1727 novi
1255 1699 1306 1728 sibi
1329 1701 1464 1735 couferri3
1486 1702 1552 1730 satis
1567 1702 1640 1730 enim
1657 1703 1825 1739 sufficiebat,
1841 1713 1900 1742 pas-

1056 1744 1139 1773 sionis
1160 1748 1187 1773 et
1209 1746 1399 1782 passibilitatis
1420 1755 1531 1776 causam
1554 1748 1606 1777 sibi
1628 1749 1741 1778 auferri.

1133 1792 1159 1820 [ι.
1180 1792 1219 1820 Ad
1241 1792 1311 1821 illud
1332 1794 1407 1830 quod
1429 1794 1575 1829 obiicitur,
1597 1796 1671 1832 quod
1687 1796 1811 1831 animae,
1827 1806 1897 1835 quae

1054 1838 1147 1867 statim
1162 1842 1224 1875 post
1238 1840 1441 1876 separationem
1456 1840 1616 1870 efficiuntur
1632 1842 1831 1879 impassibiles,
1847 1848 1898 1873 sta-

1055 1885 1102 1913 tim
1124 1885 1249 1919 evolaut;
1271 1886 1436 1921 dicendum,
1458 1887 1532 1924 quod
1555 1888 1624 1917 illud
1647 1889 1790 1918 veritatem
1813 1890 1897 1919 habet

1055 1939 1127 1960 nunc
1148 1935 1209 1968 post
1231 1932 1331 1961 Christi
1353 1933 1558 1968 ascensionem,
1581 1935 1630 1964 sed
1651 1940 1714 1964 ante
1736 1944 1790 1965 non
1818 1937 1897 1966 habe-

1054 1978 1100 2006 bat
1122 1979 1274 2007 veritatem.
1300 1979 1485 2009 Disserebatur
1512 1981 1585 2010 enim
1614 1982 1773 2020 aliquarum
1795 1984 1897 2013 anima-

1053 2032 1117 2053 rum
1148 2025 1280 2059 evolatio,
1312 2026 1415 2055 scilicet
1446 2031 1605 2056 sanctorum
1629 2028 1760 2064 Patrum,
1783 2034 1896 2067 propter

1052 2071 1134 2107 primi
1163 2072 1267 2108 peccati
1295 2072 1531 2110 obligationem⁹;
1560 2075 1668 2104 animae
1699 2084 1764 2105 vero
1793 2077 1894 2107 Christi

1052 2118 1233 2147 disserebatur
1254 2122 1367 2156 propter
1383 2120 1528 2149 hominum
1543 2122 1727 2152 eruditionem
1744 2127 1770 2152 et
1785 2128 1895 2153 nostrae

1052 2164 1115 2193 fidei
1137 2165 1372 2194 confirmationem
1389 2170 1416 2195 et
1431 2167 1654 2197 rectificationem
1678 2173 1704 2197 et
1729 2170 1820 2199 earnis
1834 2179 1896 2207 pro-

1051 2210 1184 2247 pinquam
1206 2211 1443 2248 glorificationem.

215 2339 221 2354 ¹
239 2339 287 2361 Non
305 2341 371 2367 pauci
389 2340 456 2363 codd.
474 2340 589 2363 stabiam-it.

212 2378 222 2393 ²
238 2379 291 2400 Sive
308 2379 403 2401 venitin
417 2380 513 2401 caelum.
526 2392 556 2395 —
569 2380 636 2401 Paulo
651 2379 744 2401 inferius
761 2385 802 2407 pro
819 2378 989 2407 separationis,

150 2423 220 2446 quam
238 2417 356 2439 lectionem
368 2424 380 2440 e
398 2417 465 2440 codd.
483 2418 501 2440 A
511 2419 529 2440 li
540 2418 558 2440 Υ
568 2418 600 2440 bb
617 2419 759 2445 recepimus,
772 2418 807 2439 alii
825 2417 892 2439 codd.
905 2420 927 2439 et
938 2417 991 2439 edd.

150 2461 273 2484 perperam
289 2456 480 2480 resurrectionis.

212 2493 222 2508 ³
239 2494 293 2522 Cap.
310 2496 327 2517 l.
340 2496 452 2518 lnnooeut.
466 2496 496 2522 itt,
509 2496 581 2518 Serui.
595 2496 631 2517 20.
645 2496 672 2517 dc
686 2496 766 2523 Teuip.
777 2495 841 2517 dicit:
856 2495 918 2522 Puto,
929 2495 991 2523 quod

151 2534 225 2555 anima
238 2532 318 2555 Christi
337 2540 401 2561 mox,
425 2537 449 2556 ut
466 2535 534 2556 exivit
551 2541 562 2556 a
582 2540 690 2562 corpore,
709 2534 764 2555 sacta
783 2537 816 2555 est
833 2533 990 2561 impassibilis,

150 2577 204 2594 cum
216 2572 274 2594 illico
287 2573 352 2595 tuerit
364 2573 393 2594 ab
405 2574 467 2595 omni
480 2579 547 2595 causa
561 2574 672 2601 passionis
684 2573 804 2600 immunis;
817 2573 925 2601 quoniam
938 2576 991 2595 tunc

151 2616 192 2633 nec
210 2611 282 2633 alieno
299 2612 412 2634 consortio
431 2617 472 2633 uec
489 2618 515 2634 ex
533 2612 614 2634 delicto
632 2617 673 2633 nec
690 2618 717 2633 ex
734 2611 825 2639 propria
841 2611 886 2638 pati
904 2613 992 2638 poterat

151 2652 242 2678 natura⁷
261 2651 302 2672 nisi
319 2651 410 2672 forsitan
429 2650 483 2673 illud
495 2650 601 2672 videatur
618 2650 739 2677 obsistere,
757 2649 820 2677 quod
832 2650 889 2671 sicut
907 2655 991 2677 corpus

150 2690 171 2710 et
189 2689 263 2710 anima
281 2687 362 2710 Christi
378 2689 445 2711 simul
464 2689 574 2717 incipiens
596 2688 735 2716 passibilitati
757 2687 863 2715 subesse,
881 2689 990 2716 quoniam

152 2726 207 2748 illud
224 2726 265 2749 tuit
281 2732 366 2754 corpus
383 2727 484 2749 simulet
500 2727 620 2749 formando
638 2727 762 2748 auimatum
775 2729 796 2748 et
814 2726 936 2748 animando
949 2727 990 2748 l'or-

151 2767 247 2792 matum,
267 2765 295 2786 ita
318 2768 339 2787 et
357 2771 440 2793 corpus
463 2768 484 2787 ct
500 2767 574 2787 anima
597 2764 677 2787 Christi
698 2765 764 2786 simul
787 2764 990 2792 impassibilitatem

151 2807 299 2831 acceperunt,
323 2806 346 2826 ut
368 2805 443 2826 anima
465 2804 552 2826 reddita
575 2804 665 2831 corpori
688 2803 754 2825 simul
778 2803 844 2825 suerit
866 2803 989 2830 glorificata

151 2847 204 2863 cum
222 2842 266 2863 illo.

213 2879 222 2894 ⁴
239 2879 293 2902 Cod.
312 2880 329 2902 U
346 2887 377 2903 ez
393 2880 573 2910 dispensatione,
593 2880 670 2908 plures
689 2879 756 2902 codd.
774 2879 950 2908 dispensatione.
968 2880 989 2902 lu

153 2917 202 2939 Vat.
220 2917 362 2940 desideratur
378 2918 425 2941 nisi
440 2921 491 2940 autc
508 2917 667 2947 dispensative.
686 2917 735 2939 Mox
752 2923 795 2945 pro
812 2916 833 2939 si
848 2916 896 2939 iam
908 2917 958 2939 eod.
971 2918 989 2939 R

151 2956 173 2978 et
189 2955 244 2979 iam.
261 2957 328 2979 Paulo
341 2957 433 2979 inferius
447 2960 499 2985 post
510 2956 681 2985 separationem
693 2956 743 2978 cod⁴
757 2956 774 2977 O
786 2956 877 2978 subiicit
888 2955 988 2979 animae.

1111 2341 1121 2355 ⁵
1137 2341 1225 2363 Scilicet
1241 2342 1368 2364 secundum
1387 2345 1476 2369 partem
1494 2344 1644 2371 superiorem.
1663 2343 1706 2366 err.
1724 2351 1794 2372 supra
1811 2345 1834 2367 d.
1860 2346 1892 2367 16.

1049 2385 1069 2401 a.
1086 2380 1107 2401 2.
1126 2386 1147 2408 q.
1167 2380 1187 2401 2.

1111 2418 1121 2433 ⁵
1137 2419 1195 2440 toan.
1213 2419 1217 2440 l
1229 2419 1244 2446 l,
1259 2418 1286 2441 4:
1300 2419 1399 2441 Audiens
1411 2423 1488 2442 antem
1501 2421 1563 2443 lesus
1576 2421 1695 2445 (Lazarum
1708 2422 1828 2451 infirmari)
1838 2423 1892 2446 dixit

1048 2457 1091 2478 eis:
1109 2456 1228 2479 lntirinitas
1249 2458 1305 2479 haec
1322 2464 1366 2479 uon
1384 2462 1417 2480 est
1433 2458 1462 2480 ad
1475 2461 1583 2486 mortem,
1596 2459 1636 2481 sed
1649 2466 1691 2487 pro
1704 2460 1775 2487 gloria
1793 2461 1832 2483 Dei
1849 2465 1891 2484 etc.

1047 2507 1078 2511 —
1090 2495 1158 2518 Paulo
1175 2496 1268 2518 inferius
1285 2502 1327 2523 pro
1344 2495 1518 2526 dispositionem
1536 2497 1602 2519 codd.
1620 2498 1636 2519 N
1647 2498 1665 2520 U
1687 2498 1890 2528 dispensationem.

1109 2534 1119 2548 ⁷
1136 2533 1191 2556 Cod.
1209 2534 1226 2556 U
1243 2534 1419 2563 determinavit,
1439 2535 1491 2557 edd.
1510 2535 1713 2559 determinaverat.
1726 2537 1829 2560 Subinde
1848 2545 1889 2566 pro

1049 2572 1114 2595 uniri
1129 2573 1196 2595 codd.
1213 2573 1246 2595 Gl
1258 2573 1363 2595 KLZaa
1375 2573 1406 2596 bb
1424 2573 1508 2602 unire,
1527 2578 1549 2597 et
1571 2576 1639 2602 paulo
1662 2579 1714 2603 post
1735 2582 1778 2604 pro
1799 2578 1891 2606 poterat

1048 2610 1110 2638 quod
1128 2611 1211 2633 habent
1228 2611 1295 2633 codd.
1313 2612 1422 2634 AKLaa
1432 2612 1463 2634 bb
1480 2613 1502 2634 jn
1520 2614 1568 2635 alus
1583 2614 1701 2642 potuerat.

1109 2648 1119 2663 ⁸
1135 2649 1190 2671 Cod.
1209 2650 1226 2671 U
1244 2650 1321 2672 inserit
1338 2649 1407 2673 ratio.
1426 2651 1448 2672 ln
1466 2651 1510 2673 line
1527 2652 1592 2674 solut.
1611 2658 1653 2679 pro
1671 2658 1770 2675 causam
1787 2652 1832 2676 sibi
1847 2660 1890 2675 aa-

1046 2687 1114 2716 ferri,
1137 2688 1199 2716 quod
1217 2688 1300 2710 habeut
1312 2688 1379 2711 codd.
1393 2689 1443 2716 ΡΖ,
1456 2689 1508 2711 edd.
1526 2690 1642 2713 rationem
1659 2690 1719 2718 (cod.
1733 2691 1747 2713 S
1764 2698 1776 2713 a
1789 2692 1888 2714 secunda

1048 2732 1116 2748 manu
1139 2726 1298 2753 occasionem)
1316 2726 1361 2749 sibi
1375 2727 1482 2755 aaserris
1500 2729 1535 2750 alii
1554 2730 1617 2751 mulii
1636 2730 1685 2751 loco
1704 2731 1786 2752 horum
1813 2731 1889 2752 termi-

1047 2770 1129 2786 norum
1147 2764 1202 2786 falso
1220 2765 1273 2786 nihil
1291 2765 1386 2792 habent;
1405 2766 1445 2787 sed
1462 2767 1484 2787 in
1502 2766 1568 2788 codd.
1586 2767 1633 2788 AR
1644 2767 1659 2788 Ρ
1670 2767 1688 2795 Q
1698 2767 1715 2789 U
1728 2768 1810 2796 legitur
1825 2768 1889 2798 saffi-

1046 2802 1131 2830 ciebat,
1145 2802 1265 2832 passiones
1277 2804 1298 2826 et
1306 2803 1471 2833 passibilitates
1482 2804 1527 2827 sibi
1536 2804 1636 2833 auferri.

1108 2841 1118 2856 ⁹
1135 2841 1178 2864 Csr.
1197 2848 1266 2869 supra
1280 2842 1301 2864 d.
1323 2843 1356 2864 18.
1374 2849 1394 2865 a.
1418 2844 1437 2865 2.
1456 2850 1478 2872 q.
1497 2844 1518 2865 3.
1531 2856 1560 2859 —
1574 2845 1596 2866 ln
1615 2845 1676 2867 initio
1694 2845 1759 2867 solut.
1778 2852 1820 2873 pro
1833 2847 1888 2874 post

1046 2879 1230 2909 separationem,
1250 2880 1312 2908 quod
1330 2880 1414 2903 habent
1431 2881 1497 2903 codd.
1515 2882 1561 2903 AR
1572 2881 1659 2910 MOT,
1678 2883 1713 2904 alii
1727 2888 1772 2912 per
1793 2888 1888 2912 separa-

1048 2917 1139 2940 tionem.
1159 2919 1226 2941 Paulo
1245 2921 1295 2946 post
1313 2926 1354 2947 pro
1372 2919 1560 2949 rectificationem
1578 2921 1628 2943 cod.
1646 2921 1662 2942 Z
1674 2927 1781 2949 expresse
1796 2921 1887 2945 rectita-

1046 2956 1139 2985 cttnem,·
1157 2958 1192 2979 alii
1211 2956 1278 2980 codd.
1296 2961 1348 2980 sunt
1365 2958 1449 2981 dubiae
1466 2959 1573 2981 lectionis.

1922 642 2027 661 Distinctio.
