2166 3366
21 957 63 978 Alia
74 958 129 976 ratio.

764 174 846 202 DlST.
869 174 932 202 Xlll.
954 174 1027 202 ΛΒΤ.

150 251 293 280 sectionem
317 259 396 280 suam
418 259 577 282 summam,
600 251 651 279 hoc
672 259 726 279 non
755 255 815 280 erat.
844 252 992 281 salsitatem

149 298 348 334 praetendere,
369 298 418 326 sed
440 298 585 326 veritatem
606 298 759 330 occultare:
781 298 855 335 quod
877 299 990 335 quidem

150 344 213 373 licet
233 349 260 373 et
281 345 395 382 expedit
416 349 530 382 propter
551 348 673 373 nostram
696 345 852 373 utilitatem.

227 393 253 420 [ι.
277 392 312 420 Ad
337 392 405 420 illud
426 392 501 428 quod
530 392 675 425 obiicitur,
704 392 777 428 quod
811 392 899 420 multa
921 392 992 421 bona

149 447 233 476 opera
255 439 386 472 faciebat;
401 439 565 473 dicendum,
580 439 654 476 quod
671 442 784 475 propter
799 439 844 467 illa
861 439 886 467 in
903 440 992 475 gratia

149 494 203 514 nnn
224 486 378 518 crescebat;
400 494 449 514 nec
472 489 561 514 tamen
584 485 753 522 operabatur
785 486 905 520 frustra,
927 486 992 523 quia

149 540 202 561 non
225 537 339 569 propter
367 540 449 561 suum
481 532 698 566 incrementum,
731 533 778 561 sed
812 536 925 569 propter
947 541 992 561 no-

149 582 238 607 strum
262 579 308 607 illa
330 578 462 611 faciebat;
484 579 600 607 undeet
622 586 673 607 nos
696 579 851 607 maximum
873 587 992 607 commo-

149 625 216 653 dum
240 629 426 662 reportamus.

228 674 253 701 5,
276 672 312 700 Ad
336 672 405 700 illud
428 672 502 709 quod
517 672 662 707 obiicitur,
684 673 757 710 quod
774 681 877 710 corpus
893 673 991 701 hahuit

148 719 286 748 defectum
317 719 496 756 plenitudinis
528 719 554 747 in
585 722 689 753 aetate;
723 720 887 753 dicendum,
915 720 989 756 quod

110 774 202 794 --non
224 769 266 795 est
286 766 388 799 simile,
410 767 475 803 quia
497 766 622 795 desectus
642 767 747 795 aelcttz's
769 767 796 795 in
818 774 934 803 corpore
956 767 991 795 fa-

147 813 237 842 ciebat
257 813 291 841 ad
314 813 534 842 humiliationem
563 817 589 841 et
611 821 693 841 verae
720 817 835 842 naturae
861 814 991 842 ostensio-

147 867 227 893 nem,
249 863 276 888 et
297 860 335 888 sic
366 860 399 887 atl
433 860 495 888 fidei
518 860 773 892 confirmationem
796 860 843 888 sed
866 860 990 888 detectus

145 906 263 943 qratiae
284 906 311 934 in
332 906 424 934 anima
440 906 465 934 in
482 906 559 934 nullo
574 907 652 935 nobis
672 907 815 944 prodesset
838 914 886 935 nec
903 907 989 934 Deum

147 953 274 987 deceret;
295 957 321 982 et
344 953 405 981 ideo
426 962 478 982 non
494 957 536 982 est
551 954 640 982 simile
654 954 671 981 ¹.
696 954 865 987 Praeterea,
880 953 934 981 alia
951 962 991 981 ra-

148 1001 184 1028 tio
205 1003 260 1028 est:
276 1000 341 1037 quia
356 1000 499 1037 dispositio
514 1000 547 1028 ad
565 1001 695 1028 unionem
717 1008 746 1028 se
769 1004 843 1028 tenet
857 1007 893 1028 ex
911 1004 989 1037 parte

146 1046 282 1079 animae,
304 1054 357 1074 non
380 1055 414 1075 ex
438 1050 517 1084 parte
548 1047 663 1080 earnis,
686 1047 757 1075 sicut
779 1046 879 1083 prius²⁷
901 1050 990 1075 osten-

148 1101 211 1122 sum
233 1097 287 1126 est;
303 1093 365 1121 ideo
380 1093 467 1130 magis
486 1094 636 1130 perfectam
652 1093 775 1129 oportuit
789 1101 849 1122 esse
868 1093 990 1121 animam

148 1147 231 1176 quam
254 1147 375 1168 carnem.

226 1187 251 1214 6.
274 1186 312 1215 Ad
334 1179 409 1214 illud‘
425 1186 499 1223 quod
515 1186 660 1221 obiicitur,
676 1187 749 1224 quod
766 1187 855 1223 gratia
875 1187 990 1224 ampliat

147 1233 342 1270 capacitatem3
374 1233 537 1267 dicendum,
559 1234 632 1270 quod
656 1234 836 1271 capacitatem
859 1234 987 1271 ampliari

128 1280 280 1316 -contingit
301 1280 462 1317 dupliciter:
485 1284 534 1309 aut
549 1281 654 1309 ratione
672 1280 878 1317 possibilitatis
900 1281 990 1309 maio-

147 1327 192 1355 ris
213 1327 243 1355 in
263 1327 462 1363 suscipiendo,
484 1330 533 1355 aut
565 1328 670 1356 ratione
695 1327 815 1356 virtum
837 1327 868 1356 in
889 1336 987 1364 coope-

1049 174 1076 202 ll.
1099 174 1234 211 QUAEST.
1257 175 1274 203 Ι.
1834 176 1890 204 283

1050 253 1155 280 rande.
1179 252 1279 281 Eadem
1302 253 1375 281 euim
1391 256 1432 281 est
1448 253 1584 290 potentia,
1606 261 1677 290 quae
1696 254 1812 290 gratiam
1835 262 1894 282 sus-

1049 299 1113 336 cipit
1127 302 1172 328 ‘et
1199 299 1303 336 gratiae
1325 303 1468 336 susceptae
1497 304 1671 337 cooperatur.
1694 300 1720 328 Si
1743 300 1892 337 loquamur

1049 346 1083 375 de
1104 347 1281 382 ampliatione
1296 347 1455 383 capacitatis
1478 351 1613 384 quantum
1629 347 1662 375 ad
1681 347 1817 375 virtatem
1832 356 1892 375 coo-

1046 393 1190 429 perandi,
1206 393 1243 421 sic
1259 401 1358 421 verum
1374 397 1426 426 est,
1443 393 1517 430 quod
1534 394 1622 430 gratia
1637 394 1788 422 adveniens
1808 397 1892 430 auget

1050 439 1169 468 liberum
1192 439 1340 468 arbitrium
1363 439 1421 468 sive
1437 439 1587 468 voluntatis
1602 440 1702 468 bonam
1719 440 1891 468 habilitatem

1049 489 1076 514 et
1096 486 1275 522 capacitatem
1288 486 1305 513 ³.
1328 486 1352 514 Si
1375 494 1441 515 vero
1473 486 1622 523 loquamur
1643 487 1678 515 de
1700 487 1892 524 possibilitate

1050 532 1080 560 in
1100 532 1301 569 suscipiendo,
1327 534 1365 561 sic
1389 533 1472 561 habet
1493 533 1657 567 falsitatem,
1679 534 1811 571 quoniam
1834 542 1892 570 gra-

1049 579 1086 607 tia
1107 582 1149 607 est
1169 579 1240 607 sicut
1261 583 1340 608 actus
1361 583 1388 607 et
1402 579 1654 616 complementum,
1669 584 1696 608 et
1710 583 1814 617 quanto
1829 581 1892 617 plus

1049 626 1132 654 datur
1153 626 1234 654 alicui
1257 626 1291 653 de
1313 626 1486 659 actualitatc,
1509 629 1584 654 tanto
1600 627 1662 663 plus
1678 628 1783 656 recedit
1797 636 1812 655 a
1835 636 1893 664 pos-

1049 672 1191 701 sibilitate:
1213 672 1287 700 unde
1309 675 1336 700 et
1357 680 1407 700 nos
1429 672 1564 706 dicimus,
1579 674 1653 710 quod
1676 682 1748 710 quae
1772 674 1890 702 umltum

1048 718 1151 746 habent
1172 718 1206 746 de
1228 719 1331 755 specie,
1348 718 1391 747 cui
1408 719 1539 755 competit
1554 727 1649 755 agere,
1666 728 1766 756 parum
1789 721 1892 749 hahent

1048 765 1082 793 de
1105 765 1235 799 materia,
1257 765 1300 793 cui
1323 766 1454 802 competit
1470 765 1525 802 pati
1547 770 1574 794 et
1589 767 1731 803 suscipere
1743 767 1760 794 ⁴.
1784 767 1813 795 Et
1828 776 1893 804 quo-

1048 812 1121 839 niam
1144 812 1170 839 in
1203 811 1312 839 Christo
1344 811 1403 848 ipsa
1436 812 1565 841 habilitas
1586 813 1620 841 ad
1655 813 1756 841 bouum
1780 817 1821 841 est
1842 822 1892 849 per

1047 857 1163 894 gratiam
1181 857 1330 894 perfectam
1346 859 1380 887 ad
1397 859 1632 895 complementum
1655 860 1804 896 producta,
1827 860 1891 888 hinc

1047 907 1100 938 est,
1123 904 1197 940 quod
1219 904 1280 932 eius
1301 904 1439 941 capacitas
1461 909 1502 933 est
1524 905 1653 942 impleta;
1676 906 1747 934 sicut
1773 906 1892 934 dicimus

1048 951 1082 979 de
1103 952 1192 979 forma
1213 951 1298 985 caeli,
1319 952 1392 988 quod
1416 953 1536 989 complet
1567 953 1722 989 appetitum
1745 953 1891 987 materiae,

1047 998 1113 1035 quia
1145 998 1260 1027 materia
1291 998 1351 1027 eius
1383 1007 1436 1027 non
1469 1000 1573 1036 appetit
1604 1008 1665 1028 esse
1691 1000 1744 1029 sub
1766 1000 1891 1029 ulteriori

1047 1045 1152 1079 forma,
1174 1046 1243 1074 adeo
1263 1046 1351 1074 forma
1373 1046 1460 1082 ipsam
1484 1047 1580 1075 statuit
1597 1047 1623 1075 in
1638 1047 1798 1076 actualitate
1820 1055 1893 1076 com-

1049 1092 1150 1128 pleta⁵.
1171 1093 1213 1121 Sic
1236 1093 1261 1121 in
1278 1093 1368 1129 gratia
1388 1093 1489 1122 Christi
1513 1102 1564 1122 suo
1580 1094 1662 1122 modo
1678 1094 1889 1130 intelligendum

1046 1142 1104 1173 est;
1126 1139 1200 1167 unde
1233 1140 1277 1168 hic
1298 1140 1406 1168 seducit
1438 1140 1510 1168 mala
1543 1140 1715 1177 imaginatio,
1746 1141 1812 1178 quia
1834 1149 1888 1169 uon

1047 1186 1179 1223 impletur
1194 1186 1287 1215 anima
1301 1187 1374 1215 dono
1389 1188 1506 1224 gratiae,
1522 1188 1594 1216 sicut
1617 1188 1693 1216 locus
1716 1196 1821 1216 vacuus
1844 1188 1891 1216 im-

1046 1233 1140 1270 pletur
1161 1242 1293 1270 corpore,
1325 1235 1372 1263 sed
1406 1235 1497 1272 potius
1519 1235 1592 1263 sicut
1612 1235 1783 1272 possibilitas
1807 1239 1891 1263 mate-

1047 1281 1104 1309 riae
1126 1281 1281 1318 completur
1302 1282 1461 1310 actualitate
1483 1282 1588 1311 formae
1599 1282 1616 1310 ⁰.

868 1426 1103 1460 ARTICL'LUS
1129 1427 1166 1459 ll.

856 1520 896 1548 De
927 1520 1030 1557 qratia
1065 1520 1179 1558 capitis.

224 1618 431 1656 Consequenter
462 1619 608 1656 quaeritur
636 1619 671 1648 de
702 1620 791 1656 gratia
822 1620 931 1656 capitis,
953 1620 988 1648 de

146 1673 200 1702 qua
222 1669 397 1702 quaeruntur
421 1666 481 1694 tria.

225 1712 315 1740 Primo
336 1712 482 1749 quaeritur
500 1713 534 1741 de
550 1712 608 1749 ipsa
623 1716 759 1750 quantum
775 1713 810 1741 ad
825 1713 987 1756 essentiam,

145 1758 212 1796 quid
234 1759 277 1787 sit.

1124 1620 1251 1648 Secundo
1273 1624 1409 1657 quantum
1432 1621 1465 1649 ad
1499 1621 1701 1655 differentiam,
1723 1624 1818 1650 utrum
1842 1622 1892 1650 dis-

1045 1666 1115 1695 serat
1135 1667 1170 1694 ab
1191 1667 1246 1695 alia
1267 1668 1363 1704 gratia.

1124 1714 1216 1742 Tertio
1236 1719 1372 1751 quantum
1394 1715 1428 1743 ad
1453 1714 1640 1749 influentiam,
1667 1719 1762 1744 utrum
1791 1716 1892 1744 redun-

1045 1760 1092 1788 det
1114 1760 1140 1788 in
1164 1764 1247 1789 totam
1272 1761 1430 1789 Ecclesiam.

916 1859 1078 1895 Quaesrto
1100 1859 1117 1887 t.

551 1945 654 1974 [lm-um
674 1946 778 1983 qratia
799 1946 905 1983 capitis
925 1946 964 1974 κίε
984 1946 1056 1984 quid
1076 1951 1225 1980 creatum,
1248 1947 1291 1975 vel
1311 1947 1484 1976 increatum.

223 2039 301 2068 Circa
321 2039 443 2076 primum
466 2040 505 2069 sic
527 2040 687 2077 proceditur
701 2043 728 2069 et
742 2040 897 2077 quaeritur,
919 2040 986 2077 quid

145 2085 180 2114 sit
200 2086 290 2123 gratia
310 2086 407 2123 capitis
429 2087 584 2115 secundum
606 2087 770 2121 essentiam,
793 2090 889 2115 utrum
913 2088 986 2116 vide-

144 2132 205 2161 licet
227 2133 262 2161 sit
282 2133 349 2170 quid
372 2137 513 2168 creatum,
537 2133 579 2162 vel
613 2134 774 2163 increatum.
803 2135 833 2162 Et
854 2135 929 2172 quod
952 2135 987 2163 sit

143 2179 210 2216 quid
233 2183 378 2213 creatum,
401 2180 520 2208 videtur.

224 2227 247 2254 1.
270 2226 367 2255 Omnis
387 2227 488 2263 gratia,
503 2235 574 2264 quae
589 2227 678 2264 coepit
693 2235 753 2256 esse
769 2227 795 2256 in
812 2228 930 2259 Christo,
945 2232 987 2257 est

5 2273 209 2309 Fundamenta-quid
232 2277 370 2308 creatum;
393 2274 440 2302 sed
463 2274 551 2310 gratia
566 2274 662 2311 capitis
678 2275 767 2312 coepit
782 2282 842 2303 esse
865 2275 890 2303 in
911 2274 987 2303 Chri-

142 2322 196 2353 sto,
212 2319 277 2356 quia
292 2319 419 2349 Christus
440 2320 530 2357 coepit
544 2328 604 2349 esse
619 2324 716 2358 caput,
732 2322 886 2349 secundum
909 2321 983 2358 quod

143 2365 245 2394 dicitur
265 2367 299 2395 ad
318 2367 448 2404 Ephesios
470 2367 594 2404 primo⁷:
618 2368 719 2404 Ipsum
733 2368 810 2396 dedic
832 2372 920 2405 eaput
940 2376 987 2396 szt-

139 2421 194 2450 per
215 2421 326 2441 omnem
350 2414 525 2442 Ecclesiam:
548 2422 614 2451 ergo
636 2418 686 2443 etc.

221 2460 247 2487 ⁹2.
270 2460 349 2494 item,
370 2460 460 2488 omnis
482 2460 582 2496 gratia,
604 2469 676 2498 quae
697 2464 739 2489 est
762 2461 786 2489 in
810 2461 927 2494 Christo,
943 2469 986 2490 se-

143 2505 267 2534 cundum
290 2507 364 2543 quod
388 2507 484 2541 homo,
506 2510 547 2535 est
579 2508 667 2544 gratia
688 2511 794 2540 ct·eata;
826 2508 874 2536 sed
897 2508 984 2544 gratia

1044 2041 1142 2078 capitis
1163 2045 1205 2070 est
1227 2041 1404 2070 huiusmodi:
1437 2050 1504 2080 ergo
1535 2047 1585 2072 etc.
1608 2043 1705 2072 Maior
1728 2047 1817 2081 patet;
1839 2045 1890 2072 mi-

1043 2096 1099 2116 nor
1128 2088 1262 2124 probatur
1295 2096 1344 2126 per
1377 2089 1441 2123 hoc,
1474 2090 1549 2126 quod
1581 2090 1670 2126 gratia
1698 2090 1796 2127 capitis
1818 2091 1888 2119 inest

1044 2134 1167 2168 Christo,
1189 2136 1343 2164 secundum
1366 2136 1440 2172 quod
1463 2140 1563 2173 caput;
1594 2137 1643 2165 sed
1665 2137 1749 2165 unius
1771 2140 1887 2166 naturae

1044 2185 1109 2210 sunt
1139 2185 1223 2219 caput
1254 2186 1280 2210 et
1313 2182 1452 2211 membra:
1481 2183 1569 2220 ergo⁸
1592 2183 1720 2212 Christus
1742 2187 1783 2212 est
1805 2188 1889 2221 caput

1043 2228 1198 2257 secundum
1221 2228 1371 2257 humanam
1395 2233 1539 2258 naturam:
1562 2238 1629 2267 ergo
1650 2234 1700 2259 etc.

1123 2275 1148 2304 3.
1170 2275 1252 2309 item,
1274 2275 1321 2303 illa
1342 2279 1384 2304 est
1403 2277 1491 2313 gratia
1513 2277 1623 2313 capitis,
1639 2277 1673 2305 de
1694 2277 1781 2305 cuius
1799 2277 1889 2314 pleni-

1044 2321 1144 2349 tudine
1170 2321 1371 2358 accepimus⁹;
1392 2323 1438 2351 sed
1472 2323 1507 2351 de
1539 2323 1628 2359 gratia
1659 2323 1759 2351 Christi
1794 2327 1888 2352 creata

1043 2367 1202 2404 accepimus
1220 2368 1353 2404 qratiam
1375 2377 1430 2404 pro
1449 2369 1552 2405 qratia
1574 2369 1685 2406 —ipse
1707 2369 1779 2398 enim
1802 2370 1888 2398 omni-

1045 2414 1097 2443 bus
1119 2414 1221 2442 meruit
1241 2418 1268 2443 et
1290 2423 1339 2451 pro
1361 2415 1491 2443 omnibus
1512 2416 1644 2444 satisfecit
1664 2433 1703 2437 ——
1723 2425 1789 2453 ergo
1811 2421 1861 2446 etc.

1121 2461 1148 2489 [ι.
1170 2461 1252 2494 item,
1275 2461 1321 2489 illa
1336 2465 1377 2489 est
1398 2461 1486 2498 gratia
1501 2463 1614 2499 capitis,
1630 2464 1783 2492 secundum
1800 2473 1884 2502 quam

1043 2508 1195 2536 attenditur
1228 2508 1395 2536 universitas
1417 2517 1550 2537 sensuum
1574 2527 1611 2530 —
1633 2510 1658 2538 in
1681 2510 1790 2539 Christo
1812 2512 1884 2540 enim

205 2651 209 2664 ¹
230 2651 275 2673 Ctr.
293 2657 362 2678 supra
382 2651 404 2673 d.
422 2651 442 2673 3.
461 2658 483 2679 p.
502 2651 524 2673 ll.
542 2658 561 2673 a.
579 2652 600 2674 3.
619 2659 640 2680 q.
668 2653 685 2674 Ι.
703 2652 724 2674 in
748 2658 811 2679 corp.
829 2657 851 2675 ct
868 2653 896 2674 ad
915 2652 936 2675 4.
953 2665 984 2669 —

143 2690 164 2711 ln
183 2691 295 2717 principio
312 2690 378 2712 solut.
397 2693 448 2716 post
464 2689 528 2719 quod
543 2695 630 2719 corpus
646 2690 699 2712 edd.
717 2691 824 2718 supplent
841 2697 920 2713 sumn.

204 2728 213 2743 ²
230 2729 284 2751 Dist.
302 2730 323 2750 2,
341 2736 360 2750 a.
379 2730 400 2751 3,
418 2736 440 2757 q.
462 2730 478 2751 l.

203 2767 212 2782 ³
231 2768 287 2790 Vide
305 2768 326 2790 ll.
345 2769 404 2790 Sent.
424 2768 445 2790 d.
464 2769 499 2790 26.
518 2775 540 2797 q.
558 2768 579 2790 6.
597 2772 618 2791 et
635 2769 657 2790 d.
677 2769 711 2790 28.
731 2776 750 2791 a.
764 2770 784 2791 2.
797 2776 819 2798 q.
833 2770 853 2791 3.
871 2782 900 2786 -—
915 2770 982 2792 Paulo

141 2809 193 2828 ante
211 2812 252 2834 pro
271 2805 370 2829 liberum
386 2805 514 2828 arbitrium
531 2807 582 2828 cod
601 2807 619 2829 x
640 2806 706 2830 liberi
721 2807 822 2830 arbitrii.

204 2844 213 2859 ⁴
230 2846 327 2872 aristot„
345 2845 367 2867 ll.
385 2845 413 2867 (lo-
431 2846 534 2867 (lt-norat.
552 2850 574 2867 et.
590 2849 690 2873 corrupt.
709 2849 760 2868 text.
773 2846 809 2868 5³.
828 2848 860 2872 (c.
879 2848 923 2875 9.):
942 2847 983 2868 Ma-

142 2884 210 2905 teriae
221 2884 282 2905 enim
294 2887 328 2905 est
343 2883 394 2913 pati
407 2887 429 2906 et
445 2883 536 2906 moveri
541 2892 551 2911 ,·
567 2889 660 2906 vincere
672 2887 747 2906 autem
764 2887 787 2906 et
796 2884 874 2912 sac-ure
891 2878 983 2907 atti-rius

142 2923 254 2950 potentiae
271 2921 336 2951 [scil.
354 2923 440 2944 formae
457 2923 506 2944 sive
523 2921 631 2951 speciei}
643 2934 675 2939 ·-
688 2923 755 2944 l’milo
767 2923 861 2945 interius
879 2930 920 2951 pro
930 2930 982 2953 pro-

141 2961 212 2984 duem
229 2961 279 2983 cod.
298 2961 314 2983 U
331 2961 451 2990 perducta.

1103 2653 1112 2667 ⁵
1129 2653 1173 2675 Ctr.
1191 2654 1288 2681 Aristot,
1307 2654 1321 2675 l.
1340 2654 1406 2681 Phys.
1425 2657 1474 2676 tvxt.
1494 2655 1530 2677 Sl.
1549 2655 1576 2679 (r.
1595 2656 1639 2683 9.),
1657 2659 1678 2678 ‹=t
1703 2657 1715 2678 1.
1734 2656 1762 2678 de
1779 2656 1847 2678 Cat-lo
1864 2661 1885 2679 ct

1042 2692 1140 2719 mundo,
1160 2695 1210 2714 text.
1228 2693 1306 2714 92-98.
1326 2693 1353 2720 (c.
1372 2694 1411 2720 9.).
1431 2693 1487 2715 Vide
1501 2694 1523 2716 ll.
1542 2695 1602 2716 Sent.
1622 2694 1642 2716 d.
1665 2695 1698 2717 t2.
1711 2701 1730 2716 a.
1744 2696 1799 2724 2.(1.
1817 2696 1884 2719 1.((16

1040 2732 1167 2759 empyreo).
1185 2731 1206 2753 d.
1229 2732 1261 2753 19.
1278 2738 1297 2753 a.
1320 2733 1337 2754 1.
1355 2738 1377 2760 q.
1400 2733 1416 2754 Ι.
1430 2733 1450 2754 in
1470 2739 1532 2760 corp.
1546 2733 1584 2761 (de
1602 2734 1696 2761 anima).
1714 2735 1825 2761 Superius
1843 2741 1885 2762 pro

1039 2769 1097 2792 adeo
1112 2769 1191 2799 forma
1210 2771 1276 2793 codd.
1294 2774 1315 2793 et
1333 2771 1385 2793 cdd.
1404 2772 1479 2799 inepte
1497 2771 1554 2794 adeo
1571 2771 1684 2801 sormam.

1101 2808 1111 2823 ὅ
1129 2809 1186 2831 Vide
1204 2810 1304 2832 scholion
1322 2810 1351 2831 ad
1371 2811 1544 2837 pruvcvdentvm
1563 2814 1650 2839 qum—st.

1101 2847 1111 2861 Β
1129 2848 1170 2869 Pro
1187 2854 1243 2877 erqo
1260 2848 1312 2870 edd.
1331 2854 1384 2870 cum
1402 2848 1452 2870 cod.
1471 2855 1496 2871 cc
1514 2850 1589 2876 inepte
1604 2850 1632 2871 el.

1102 2885 1111 2899 ⁹
1128 2886 1186 2908 toan,
1209 2887 1225 2914 l,
1249 2887 1289 2908 16:
1313 2887 1337 2909 lit
1355 2887 1383 2908 tlt·
1406 2886 1545 2914 plenitudio(-
1562 2888 1612 2909 eius
1635 2893 1676 2909 nos
1699 2894 1779 2909 omnes
1796 2889 1882 2916 accepi-

1039 2931 1102 2951 mus,
1121 2928 1142 2947 et
1159 2926 1255 2953 gratiam
1275 2931 1316 2953 pro
1334 2926 1412 2953 gratia.
1427 2938 1456 2941 —
1468 2926 1519 2948 Post
1533 2925 1666 2955 accepimus
1683 2927 1735 2949 rod.
1754 2927 1770 2949 l(
1791 2927 1883 2955 supplet

1038 2963 1151 2993 qratiam.

1736 2812 1745 2826 ⁷
1765 2812 1828 2835 vers.
1847 2813 1882 2835 2‘2.

1906 308 1962 332 Resp.
1977 308 1993 326 1.

1905 542 1961 564 Resp.
1974 542 1991 559 ἒ.
2002 547 2034 559 no-

1905 566 1975 583 tabilis.
