2166 3366
139 846 206 869 Opinio
215 846 265 864 salsa.

147 1186 266 1208 Augustinus.

146 1446 262 1465 Ambrosius.

146 1829 263 1855 Detel'mina-

158 1854 184 1871 tio
197 1858 247 1871 vera.

284 193 342 222 434

283 279 359 299 num.
382 271 453 299 Illud
474 271 547 299 enim
569 279 639 307 opus
661 274 807 308 operatum
833 271 984 300 bonitatem
1006 280 1061 300 non
1082 272 1128 300 ha-

282 318 342 346 buit
363 325 399 346 ex
421 317 571 346 intentione
592 317 769 346 Iudaeorum.
791 318 817 346 Si
840 321 933 347 autem
956 318 1127 355 intelligatur

280 373 332 401 per
352 364 487 393 accidens
508 368 535 393 et
549 373 583 393 ex·
605 365 803 402 consequenti,
819 365 857 393 sic
874 365 956 394 habet
971 365 1125 394 veritatem.

960 194 1211 223 SENTENTIARUM
1233 194 1293 223 LIB.
1316 195 1355 223 lll.

1184 272 1278 302 Iudaei
1300 273 1373 302 enim
1395 273 1511 302 fuerunt
1531 274 1637 310 operati
1661 274 1816 310 passionem
1831 275 1942 310 Christi,
1957 284 2029 313 quae

1184 320 1297 357 quidem
1319 320 1371 349 fuit
1392 320 1549 349 maximum
1571 320 1676 349 bonum
1698 324 1725 350 et
1746 322 1965 351 saluberrimum
1981 323 2029 352 toti

1185 366 1290 395 mundo
1302 367 1318 394 ¹.

947 473 1235 511 DISTINOTIO
1262 474 1368 510 XXI.

654 580 715 607 CAP.
734 581 751 606 I.

378 666 409 694 Si
426 666 456 693 in
478 666 580 693 Christi
596 670 681 693 morte
699 670 824 701 separata
842 666 897 702 fuit
916 666 1027 697 anima,

565 709 609 736 vel
626 718 688 736 earo
708 718 724 736 α
749 709 839 736 Verbo.

351 797 412 823 Post
425 796 563 831 praedicta
577 795 802 823 considerandum
816 798 863 827 est,
878 799 966 822 utrum
981 795 1006 821 in
1022 797 1106 821 morte
1116 794 1123 807 ¹

280 847 295 866 a
307 839 395 866 Verbo
409 840 443 865 sit
455 842 580 873 separata
594 839 690 871 anima,
706 838 746 865 vel
760 845 832 865 earo.
842 853 878 857 —
890 838 1003 869 Quidam
1017 840 1125 871 putave-

280 886 351 915 runt,
370 889 488 915 carnem,
508 882 578 908 sicut
591 881 625 908 ab
639 882 740 913 anima,
755 881 790 907 ita
804 889 818 908 a
831 881 973 907 Divinitate
995 881 1019 906 in
1041 883 1125 906 morte

279 927 359 953 fuisse
373 926 494 952 divisam.
508 926 534 953 Si
549 926 629 957 enim,
644 925 774 959 inquiunt,
789 925 876 951 anima
891 925 978 951 media
993 924 1123 950 Divinitas

279 977 386 996 carnem
406 969 458 996 sibi
477 969 575 1000 univit,
595 969 665 995 sicut
684 968 828 1002 superius²
859 971 1043 1002 praetaxatum
1072 970 1124 993 est:

280 1020 342 1046 ergo
357 1012 464 1046 quando
478 1012 563 1038 divisa
578 1014 617 1037 est
631 1018 694 1037 caro
714 1010 747 1037 ab
766 1011 866 1043 anima,
887 1010 973 1037 divisa
987 1013 1026 1036 est
1045 1010 1123 1036 eliam

279 1062 294 1081 a
308 1055 457 1086 Divinitate,
472 1055 535 1089 quia
550 1061 600 1080 non
612 1054 698 1088 potuit
708 1054 741 1080 ab
753 1054 841 1080 anima
854 1053 970 1087 seiungi,
984 1059 1124 1087 perquam

279 1098 366 1125 Verbo
387 1101 444 1125 erat
459 1098 546 1130 unita,
566 1097 631 1131 quin
645 1104 660 1123 a
674 1097 762 1123 Verbo
775 1096 948 1122 divideretur.
962 1096 1023 1122 Fuit
1035 1099 1124 1122 autem

279 1141 363 1168 divisa
379 1141 412 1167 ab
426 1141 514 1167 anima
534 1141 560 1166 in
582 1143 678 1171 morte,
698 1139 817 1173 alioquin
838 1146 900 1165 vera
921 1146 993 1165 mors
1017 1138 1051 1164 ibi
1073 1145 1123 1164 nou

278 1184 384 1217 suisset,
399 1183 470 1217 quia,
495 1186 523 1209 ut
537 1183 573 1209 ait
587 1182 749 1216 Augustinus
761 1181 778 1214 ⁸,
804 1188 913 1213 «mors,
933 1188 1013 1215 quam
1032 1181 1125 1207 timent

277 1227 411 1258 homiues,
431 1226 565 1260 separatio
586 1228 625 1251 est
644 1225 748 1251 animae
768 1231 783 1251 a
806 1231 900 1255 carne,
924 1230 995 1250 mors
1018 1226 1125 1255 autem,

277 1277 358 1304 quam
372 1277 423 1296 non
438 1269 542 1299 timent,
561 1268 695 1302 separatio
716 1270 754 1293 est
769 1266 873 1293 animae
894 1273 908 1292 a
928 1266 990 1292 Deo.
1005 1266 1124 1299 Utraque

278 1321 340 1340 vero
359 1312 459 1340 diaboli
480 1319 561 1338 suasu
582 1310 681 1337 homiui
706 1311 846 1344 propinata
873 1312 912 1335 est
923 1320 945 1334 υ.
966 1309 993 1336 Si
1014 1316 1077 1341 ergo
1098 1309 1123 1334 in

276 1357 380 1383 Christo
400 1356 508 1382 homine
524 1362 585 1381 vera
600 1361 671 1380 mors
686 1354 747 1386 fuit,
762 1353 846 1379 divisa
867 1356 906 1378 est
926 1352 962 1378 ibi
984 1352 1071 1379 anima
1092 1359 1124 1378 ac

277 1407 325 1434 per
345 1400 396 1426 hoc
416 1398 546 1425 Divinitas
566 1405 581 1424 a
600 1404 689 1423 carne.
704 1397 771 1423 Huic
790 1403 855 1423 suae
874 1395 1058 1430 probabilitati
1079 1395 1124 1421 ad-

276 1443 342 1469 dunt
352 1441 518 1469 auctoritatis
529 1440 718 1467 testimonium.
732 1439 905 1466 Ambrosius⁴¹
917 1439 995 1471 euim,
1008 1442 1124 1465 tractans

276 1485 308 1511 de
329 1485 424 1511 Christi
445 1484 633 1515 derelictione,
653 1483 698 1517 qui
715 1483 739 1508 in
754 1490 849 1515 cruce,
870 1489 935 1508 voce
959 1488 1052 1515 magua
1073 1481 1124 1507 cla-

276 1535 359 1559 mans,
374 1528 452 1554 dixit:
468 1528 555 1557 Deus,
569 1527 640 1552 Deus
653 1526 742 1552 metes!
756 1529 785 1551 ut
799 1524 867 1560 quid
878 1533 920 1551 me
935 1524 1123 1559 dereliquisti?

276 1572 326 1598 ait:
352 1570 476 1597 «Clamat
494 1570 574 1596 homo
598 1569 767 1603 separatione
790 1568 940 1594 Divinitatis
968 1568 1121 1593 moriturus.

276 1614 342 1641 Nam
356 1621 417 1640 cum
430 1613 558 1640 Divinitas
571 1613 663 1638 mortis
676 1612 760 1638 libera
772 1612 814 1644 sit,
828 1611 920 1645 utique
931 1618 1002 1636 mors
1015 1610 1050 1636 ibi
1065 1617 1123 1636 esse

277 1665 326 1683 uon
342 1660 458 1691 poterat,
473 1655 521 1682 nisi
538 1655 590 1681 vita
605 1654 769 1686 discederet,
784 1654 847 1688 quia
861 1654 991 1680 Divinitas
1005 1656 1045 1679 est
1055 1664 1124 1679 u.—

276 1700 323 1727 Hic
344 1699 449 1726 videtur
470 1698 550 1730 tradi,
570 1698 641 1732 quod
662 1698 792 1724 Divinitas
805 1700 929 1731 separata
943 1697 977 1722 sit
992 1697 1016 1722 in
1037 1700 1122 1722 morte

277 1744 309 1770 al)
329 1743 451 1773 homine,
471 1749 540 1776 quae
559 1742 608 1768 nisi
629 1741 809 1772 discessisset,
824 1741 903 1766 homo
924 1739 968 1766 ille
989 1740 1054 1765 mori
1070 1747 1121 1766 nou

275 1789 372 1821 posset.
392 1786 467 1817 Quod
487 1785 524 1811 illi
546 1785 577 1811 ad
605 1792 714 1811 carnem
742 1784 873 1816 referunt,
894 1790 974 1817 quam
995 1783 1088 1809 dicunt
1107 1790 1122 1809 a

278 1830 330 1856 Deo
349 1831 509 1863 separatam.
528 1843 563 1847 -——
582 1827 683 1858 Quibus
704 1826 910 1860 respondemus,
925 1825 995 1851 illam
1016 1833 1122 1859 separa-

276 1871 373 1898 tionem
394 1872 432 1897 sic
452 1878 510 1897 esse
535 1869 734 1903 accipiendam,
765 1869 834 1895 sicut
854 1868 1009 1902 intelligitur
1029 1867 1122 1894 dereli-

276 1914 340 1945 ctio,
360 1921 429 1948 quae
449 1913 500 1939 illis
521 1913 609 1939 verbis
629 1912 809 1945 significatur:
832 1912 862 1938 Ut
882 1910 949 1946 quisi
967 1919 1009 1937 me
1028 1910 1122 1937 dereli-

276 1956 380 1992 quisti?
399 1955 537 1987 Quomodo
552 1955 632 1988 igitur
647 1954 766 1981 Christus
780 1953 921 1980 derelictus
936 1956 992 1980 crat
1006 1961 1020 1980 a
1036 1954 1119 1984 Patre,

276 2007 336 2026 cum
358 1999 382 2025 in
402 2006 483 2025 cruce
511 2006 539 2024 se
567 1997 726 2024 derelictum
756 1996 907 2023 clamabat?
926 1996 983 2023 Non
1005 2003 1121 2022 recesse-

277 2045 316 2069 rat
337 2042 405 2068 Deus
424 2041 458 2068 ab
479 2041 597 2072 homine,
627 2040 661 2066 ita
690 2039 762 2074 quod
792 2043 860 2066 esset
880 2039 966 2065 soluta
991 2039 1053 2065 unio
1073 2039 1120 2065 Dei

276 2088 301 2111 et
320 2084 442 2111 hominis.
472 2083 596 2117 Alioquin
625 2083 672 2109 fuit
701 2082 836 2116 quoddam
866 2085 983 2115 tempus.
1012 2081 1120 2116 quando

274 2127 406 2159 Christus,
427 2126 515 2153 adhuc
536 2126 627 2157 vivus,
647 2125 725 2151 homo
745 2128 801 2151 erat
820 2128 846 2151 et
865 2132 917 2150 non
937 2125 1027 2155 Deus‚·
1048 2125 1120 2158 quia,

274 2171 362 2197 adhuc
382 2171 473 2202 vivus,
494 2176 522 2195 se
535 2168 693 2195 derelictum
707 2168 852 2199 clamabat,
867 2175 919 2193 non
934 2166 1121 2202 derelinquen—

273 2212 346 2239 dum.
366 2213 391 2239 Si
413 2220 475 2246 ergo
490 2212 534 2238 illa
549 2212 686 2238 derelictio
708 2211 813 2237 unionis
828 2210 990 2243 intelligatur
1010 2209 1119 2240 solutio,

274 2259 333 2282 aute
353 2255 421 2281 sacta
441 2255 489 2281 fuit
508 2255 604 2281 solutio
630 2254 676 2280 Dei
703 2257 729 2280 et
748 2254 878 2283 hominis,
898 2260 979 2287 quam
999 2252 1120 2279 Christus

274 2301 394 2324 mortuus
414 2301 498 2329 esset;
521 2297 567 2323 sed
588 2297 648 2331 quis
668 2297 719 2323 hoc
747 2296 840 2322 dicat?
859 2296 1002 2322 Fateamur
1022 2296 1116 2328 igitur,

276 2342 357 2367 Deum
377 2340 494 2375 quodam
514 2340 593 2366 modo
614 2340 687 2366 illum
707 2339 841 2365 homiuem
863 2339 888 2364 in
910 2341 994 2365 morte
1013 2338 1120 2364 deseru-

275 2385 340 2414 isse,
366 2384 428 2418 quia
458 2384 580 2417 potestati
611 2383 828 2416 persequentium
849 2389 909 2408 eum
936 2381 1060 2415 exposuit
1085 2381 1118 2408 ad

276 2429 391 2460 tempus,
409 2433 460 2452 non
474 2432 548 2452 suam
564 2425 709 2459 potentiam
724 2424 874 2451 exercendo
895 2424 968 2450 illum
990 2424 1119 2455 defendit,

276 2472 303 2495 ut
322 2476 373 2495 non
394 2472 549 2494 moreretur.
571 2468 710 2501 Separavit
730 2475 758 2494 se
772 2467 913 2498 Divinitas,
933 2467 996 2501 quia
1015 2466 1119 2493 subtra-

1183 581 1224 607 aez't
1239 582 1448 617 protectionem,
1474 582 1520 609 sed
1548 590 1605 609 mm
1623 582 1703 609 solvit
1723 583 1873 615 zinz'onem,·
1893 585 2029 618 separavit

1184 631 1212 650 se
1231 624 1317 659 foris,
1338 627 1366 651 ut
1385 632 1436 650 non
1457 624 1562 651 adesset
1581 625 1614 651 ad
1634 625 1829 658 defensionem,
1852 626 1898 652 sed
1919 634 1971 653 non
1990 626 2030 653 in-

1184 670 1223 693 tas
1244 667 1328 693 defuit
1346 667 1379 694 ad
1400 668 1533 694 unionem.
1562 667 1588 694 Si
1619 675 1670 694 non
1700 668 1735 694 ibi
1756 669 1921 695 cohibuisset
1939 672 2030 703 poten—

1183 709 1261 741 tiam,
1281 709 1328 736 sed
1348 711 1523 743 exercuisset;
1538 717 1590 737 non
1606 714 1754 737 moreretur
1768 711 1896 738 Christus.
1910 712 2029 739 Mortuus

1183 755 1223 778 est
1243 752 1379 783 Christus,
1399 752 1542 780 Divinitate
1561 753 1717 786 recedente,
1738 753 1764 780 id
1785 757 1824 780 est
1843 754 1965 781 effectum
1985 762 2030 789 po-

1183 795 1280 821 tentiae
1300 796 1326 821 in
1353 796 1519 823 defendendo
1546 803 1597 822 non
1627 797 1777 823 exhibente.
1806 797 1854 823 Hic
1874 800 1914 824 est
1935 797 2027 824 hircus

1182 845 1392 873 apopompaeus,
1404 840 1458 873 qui,
1473 839 1556 866 altero
1570 840 1645 866 hirco
1659 840 1803 872 immolato,
1818 841 1843 867 in
1858 841 2029 868 solitudinem

1182 881 1351 913 mittebatur,
1371 885 1401 908 ut
1419 882 1515 916 legitur
1535 883 1560 908 iu
1581 882 1698 909 Levitico
1710 882 1727 909 ⁵.
1752 883 1832 909 «Duo
1861 884 1931 910 enim
1959 884 2028 911 hirci

1182 924 1333 951 humanitas
1352 928 1377 950 et
1391 925 1520 951 Divinitas
1538 925 1633 951 Christi
1650 925 1839 958 intelliguntur.
1859 926 2029 953 Humanitate.

1183 967 1262 999 igitur
1282 967 1429 999 immolata,
1450 968 1578 994 Divinitas
1599 968 1623 993 in
1643 968 1814 994 solitudinem
1835 968 1913 1000 abiit,
1934 969 1960 995 id
1989 972 2029 996 est

1182 1011 1207 1036 in
1227 1011 1341 1037 eaelum.
1361 1011 1437 1037 Unde
1462 1011 1612 1046 Hesychius
1637 1019 1719 1045 super
1738 1012 1901 1038 Leviticum:
1922 1012 1948 1038 In
1969 1013 2028 1039 soli-

1183 1053 1301 1080 tudinem
1311 1075 1317 1085 ,
1338 1054 1362 1080 id
1384 1057 1422 1080 est
1437 1054 1461 1080 iu
1476 1054 1594 1085 caelum,
1609 1057 1730 1088 tempore
1745 1055 1877 1088 passionis
1896 1055 2028 1083 Divinitas

1182 1095 1280 1122 abiisse
1300 1096 1413 1128 dieitur,
1434 1104 1484 1123 uon
1504 1097 1592 1123 locum
1614 1100 1736 1128 mutans,
1756 1097 1802 1123 sed
1817 1098 1933 1132 quodam
1948 1099 2027 1125 modo

1184 1139 1306 1165 virtulem
1327 1140 1468 1171 cohibens,
1489 1143 1517 1166 ut
1537 1143 1645 1174 possent
1664 1140 1739 1173 impii
1759 1148 1947 1168 consummare
1967 1149 2027 1176 pas-

1182 1182 1293 1208 sionem.
1312 1181 1388 1208 Abiit
1408 1190 1484 1216 ergo,
1504 1182 1531 1208 id
1551 1186 1604 1214 est,
1625 1183 1749 1209 virtutem
1769 1183 1903 1215 cohibuit,
1923 1187 1949 1210 et
1966 1192 2028 1218 por-

1183 1223 1247 1250 tavit
1267 1223 1421 1259 iniquitates
1440 1228 1558 1255 nostras,
1577 1233 1629 1252 nou
1659 1228 1687 1252 ut
1706 1225 1831 1257 haberet,
1852 1226 1897 1252 sed
1920 1229 1948 1252 ut
1967 1233 2028 1253 con-

1181 1271 1305 1293 sumeret.
1327 1268 1397 1294 Deus
1418 1268 1487 1294 euim
1508 1267 1578 1303 ionis
1604 1276 1762 1295 consumens
1780 1272 1851 1295 est».
1871 1284 1906 1288 —
1925 1269 1965 1295 Ex
1985 1269 2027 1295 his

1181 1311 1245 1336 satis
1271 1310 1432 1342 ostenditur,
1460 1311 1607 1344 praemissa
1638 1311 1717 1337 verba
1748 1311 1882 1338 Ambrosii
1909 1312 1948 1338 sic
1969 1319 2027 1338 esse

1181 1353 1347 1387 accipienda,
1369 1356 1397 1379 ut
1415 1353 1606 1387 praediximus.

1251 1395 1301 1421 Alii
1321 1402 1429 1430 quoque
1458 1396 1609 1422 auctoritati
1631 1396 1795 1430 innituntur,
1815 1397 1861 1431 qui
1890 1400 2025 1430 asserunt,
2039 1408 2138 1427 ommim.
2160 1415 2162 1418 ν

1181 1438 1349 1464 Divinitatem
1371 1438 1396 1464 in
1417 1441 1502 1465 morte
1521 1439 1664 1465 recessisse
1692 1439 1726 1465 ab
1746 1440 1853 1466 homine
1878 1440 2026 1467 secundum

1181 1488 1297 1507 earnem.
1317 1481 1359 1507 Ait
1373 1482 1442 1507 enim
1458 1481 1618 1508 Athanasius
1629 1481 1650 1507 ⁶:
1671 1482 1860 1515 «Maledictus,
1875 1483 1919 1517 qui
1942 1486 2025 1510 totum
2037 1478 2161 1513 Mhauasius}

1181 1524 1329 1555 hominem,
1348 1531 1427 1558 quem
1448 1525 1573 1550 assumsit
1592 1525 1638 1551 Dei
1653 1525 1749 1556 Filius,
1770 1525 1858 1552 denuo
1878 1529 2026 1553 assumtum

1181 1567 1221 1593 vel
1236 1567 1387 1600 liberatum,
1403 1567 1477 1593 tertia
1493 1567 1536 1593 die
1553 1575 1567 1594 a
1582 1568 1694 1594 mortuis
1708 1568 1887 1594 resurrexisse
1901 1575 1952 1594 nou
1967 1575 2027 1594 cou-

1181 1611 1277 1637 fitetur.
1297 1611 1368 1642 Fiat,
1389 1611 1466 1637 liat».
1488 1610 1529 1642 Si,
1551 1611 1688 1645 inquiunt,
1717 1611 1804 1637 denuo
1834 1614 1967 1638 assumtus
1986 1614 2026 1638 est

1181 1654 1260 1680 homo
1281 1655 1306 1680 in
1327 1654 1536 1685 resurrectione,
1557 1661 1636 1688 quem
1667 1658 1830 1682 assumserat
1855 1655 1880 1681 in
1901 1655 2026 1682 incarna-

1181 1698 1265 1727 lione;
1285 1697 1409 1731 deposuit
1429 1704 1492 1731 ergo
1512 1704 1572 1723 eum
1593 1697 1618 1722 in
1639 1700 1738 1723 morte:
1758 1701 1881 1731 separata
1901 1705 1963 1731 ergo
1978 1698 2026 1724 tuit

1180 1740 1309 1766 Divitiitas
1329 1740 1354 1764 ιιι
1376 1742 1460 1765 morte
1486 1739 1519 1766 ab
1549 1739 1721 1766 humanitate.
1740 1754 1776 1759 —
1795 1739 1896 1771 Quibus
1915 1747 2026 1774 respou-
2038 1751 2162 1774 Responde..

1180 1782 1287 1814 demus,
1308 1782 1381 1815 quod
1400 1782 1421 1808 si
1443 1782 1468 1808 in
1488 1782 1530 1808 his
1557 1781 1646 1807 verbis
1671 1782 1799 1808 assumtio
1820 1782 1878 1808 talis
1898 1782 2024 1815 intelliga-

1172 1823 1235 1857 tur,
1256 1832 1325 1859 quae
1346 1824 1398 1851 sit⁷
1418 1825 1565 1851 secundum
1586 1824 1735 1856 unionem;
1756 1832 1806 1851 uon
1836 1832 1943 1852 earnem
1970 1829 2025 1852 tan-

1180 1871 1249 1899 tmn,
1269 1867 1314 1893 sed
1337 1870 1418 1893 totum
1440 1867 1587 1900 hominem,
1606 1867 1630 1893 id
1652 1870 1691 1893 est
1716 1867 1832 1894 animam
1853 1871 1879 1894 et
1899 1875 2024 1900 carnem,

1179 1910 1267 1936 denuo
1287 1910 1337 1936 sibi
1359 1910 1443 1935 univit
1462 1910 1487 1935 ιιι
1508 1910 1719 1941 resurrectione,
1744 1910 1807 1944 quia
1827 1917 1879 1936 non
1899 1910 2024 1944 simplici-

1180 1956 1218 1979 ter
1239 1952 1391 1983 hominem,
1417 1952 1464 1978 sed
1483 1956 1577 1979 ‘totum
1605 1952 1741 1978 hominem
1769 1956 1920 1979 assumtum
1949 1953 2022 1979 dicit.

1178 1995 1273 2021 Totum
1294 1996 1373 2028 igitur
1393 1996 1526 2021 hominem
1549 1995 1573 2021 in
1604 1998 1688 2021 morte
1707 1995 1845 2029 deposuit,
1865 1995 1891 2022 id
1912 1999 1952 2022 est
1972 1996 2025 2022 ani-

1178 2046 1249 2065 mam
1270 2042 1294 2065 et
1314 2045 1431 2065 carnem.
1452 2038 1503 2064 Sed
1522 2039 1593 2072 quis,
1615 2038 1664 2064 nisi
1685 2038 1769 2064 hostis
1789 2038 1925 2071 veritatis,
1950 2038 2022 2065 dicat

1178 2080 1301 2107 [mimam
1321 2088 1335 2107 a
1356 2080 1444 2107 Verbo
1464 2081 1635 2114 depositam?
1654 2081 1686 2107 Et
1707 2084 1809 2111 tamen,
1840 2081 1889 2107 nisi
1919 2081 1971 2107 hoc
1990 2081 2024 2108 fa-

1179 2127 1296 2155 teantur,
1317 2123 1388 2158 quod
1418 2127 1485 2150 totus
1511 2124 1590 2149 homo
1616 2123 1650 2149 sit
1675 2127 1823 2156 assumtus,
1844 2131 1895 2149 non
1916 2131 1964 2157 pro
1985 2124 2023 2150 e1s

1178 2166 1240 2192 facit
1260 2166 1303 2192 illa
1323 2166 1476 2198 auctoritas,
1496 2173 1566 2200 quae
1586 2169 1668 2192 totum
1682 2166 1747 2192 dicit
1760 2168 1916 2192 assumtum.
1936 2165 2024 2192 Scien-

1178 2209 1240 2235 dum
1261 2212 1300 2235 est
1320 2209 1408 2243 igitur,
1430 2209 1604 2235 Athanasium
1625 2209 1650 2235 id
1671 2208 1771 2235 dixisse
1799 2212 1892 2236 contra
1912 2209 2018 2235 illorum

1177 2251 1316 2286 perfidiam
1328 2272 1334 2283 ‚
1354 2252 1401 2286 qui
1415 2252 1638 2278 resurrectionem
1656 2251 1752 2278 Chr1sti
1776 2251 1908 2286 uegaBant
1928 2255 2024 2285 putan-

1178 2299 1231 2326 tes,
1253 2299 1337 2321 morte
1357 2295 1469 2321 detineri
1489 2295 1533 2329 qui
1554 2295 1627 2321 solus
1647 2294 1718 2321 inter
1731 2298 1851 2321 mortuos
1873 2294 1960 2321 tibet-⁵³
1975 2298 2021 2321 est.

1176 2338 1237 2364 Ideo
1257 2338 1331 2364 illum
1352 2337 1503 2368 maledicit,
1523 2338 1568 2371 qui
1589 2345 1641 2364 non
1660 2337 1816 2369 confitetur,
1836 2341 1919 2364 tottam
1940 2337 2023 2364 homi-

1177 2388 1251 2413 uem,
1271 2381 1358 2407 denuo
1378 2384 1540 2411 assumtum,
1561 2380 1755 2411 resurrexisse,
1776 2380 1801 2406 id
1822 2383 1874 2411 est,
1888 2379 2021 2406 Christum

1175 2424 1291 2450 animam
1312 2423 1399 2449 denuo
1420 2424 1526 2457 corpori
1547 2423 1719 2449 coniunxisse
1740 2426 1764 2449 et
1785 2423 1809 2449 in
1834 2423 1885 2449 illis
1905 2423 2022 2455 duobus,

1176 2466 1263 2493 denuo
1283 2466 1432 2493 coniunctis
1452 2466 1478 2492 in
1498 2467 1708 2499 resurrectione,
1729 2474 1790 2492 vere
1809 2466 1957 2493 secuudum
1977 2466 2022 2493 ho-

338 2559 344 2573 ¹
364 2559 407 2581 Cir.
426 2559 454 2581 de
472 2560 514 2580 hoc
532 2558 602 2580 dubio
620 2559 643 2580 B.
662 2558 758 2585 Albert.‚
777 2559 813 2580 hic
830 2564 849 2580 a.
867 2558 899 2579 1²2.
913 2564 972 2586 seq:
986 2558 1007 2580 S.
1022 2558 1117 2586 'l‘hmn.,

277 2599 332 2620 l‘etr.
350 2605 361 2620 a
381 2598 433 2620 Tar.
451 2601 472 2619 et
490 2597 608 2623 Richard,
627 2598 662 2619 hic
680 2598 738 2619 circa
757 2597 786 2618 lit.

447 2635 542 2658 NOTAE
559 2635 596 2658 AD
612 2635 688 2657 LIBR.
708 2634 947 2657 SENTENTIARUM.

340 2676 344 2690 ¹
366 2676 414 2698 Vat.
433 2682 484 2697 cum
503 2675 616 2704 aliquibus
634 2675 687 2697 odd.
706 2675 741 2697 hic
759 2674 822 2696 addit
839 2673 936 2702 Christi,
956 2678 978 2697 et
995 2675 1050 2696 iufra
1070 2677 1121 2702 post

275 2715 419 2744 putaverwzt
435 2714 510 2736 adiicit
527 2716 589 2737 tunc.
603 2726 633 2729 —
644 2713 689 2736 Csr.
707 2714 735 2736 dc
753 2715 794 2735 hae
812 2713 861 2735 dist.
880 2714 946 2741 Hugo
964 2713 993 2735 de
1010 2714 1031 2735 S.
1050 2714 1119 2742 Vict„

277 2754 339 2776 Sum.
358 2754 418 2776 Seni..
437 2756 462 2775 tr.
484 2754 501 2775 l.
519 2759 538 2775 c.
561 2753 593 2775 19.
794 2748 796 2750 ’

339 2792 348 2806 2
366 2792 418 2814 Disl.
437 2792 458 2813 ll.
477 2798 495 2813 c.
515 2792 535 2813 2.
548 2804 578 2807 —
590 2792 632 2813 Pro
643 2792 815 2820 praetaxatum
827 2791 879 2813 edd.
902 2792 906 2812 1
919 2809 924 2819 ‚
937 2792 950 2812 8
961 2792 1117 2820 praetactum.

340 2831 349 2845 ³
365 2831 464 2852 Enarrat.
483 2831 504 2851 iu
522 2830 556 2852 ΡΞ.
575 2829 611 2851 48.
630 2836 698 2851 serm.
717 2830 737 2851 2.
756 2836 777 2851 n.
796 2830 816 2851 ’2.
836 2842 865 2844 -
883 2829 904 2851 lu
923 2835 969 2857 quo
987 2832 1047 2851 textu
1065 2829 1117 2851 edd.

281 2869 298 2896 t,
317 2869 329 2890 8
347 2875 389 2896 pro
401 2875 475 2891 suesti
493 2869 577 2890 habent
593 2868 755 2896 suasionibus,
770 2869 879 2896 originale
892 2874 947 2890 vero
958 2868 1118 2897 persuasione.

278 2919 308 2923 —
324 2907 380 2929 lutra
399 2910 450 2934 post
467 2906 497 2929 ibi
513 2906 595 2929 (mima
614 2908 661 2929 Vat.
680 2910 701 2929 et
718 2907 771 2929 edd.
790 2908 814 2935 2,
834 2908 859 2935 6,
876 2907 889 2928 7
908 2907 996 2929 addunt
1012 2914 1025 2929 α
1039 2913 1117 2930 σαι-ηε.

341 2945 349 2959 ⁴
367 2946 388 2967 ln
406 2946 491 2973 evang.
509 2946 583 2968 Lucae
601 2946 628 2968 X.
648 2953 667 2968 u.
686 2946 739 2974 127,
758 2946 796 2968 ubi
811 2947 931 2974 respicitur
944 2947 1018 2969 lllatth.
1032 2947 1067 2974 27,
1081 2946 1117 2968 46.

342 2983 351 2998 ⁵
366 2983 420 3011 Cap.
442 2985 478 3012 16,
496 2985 557 3006 6-10.
576 2986 755 3013 Apopompaeus
773 2980 955 3015 (ἄποπομπαῖος)
974 2989 1007 3008 est
1024 2985 1117 3008 emissa-

1177 2557 1234 2580 rius.
1248 2558 1311 2585 Quae
1329 2560 1455 2586 sequuntur
1472 2559 1525 2579 suut
1537 2557 1557 2578 in
1576 2557 1653 2579 Glossa
1667 2556 1695 2578 ad
1708 2560 1849 2584 praetactum
1867 2556 1942 2578 locum
1957 2556 2020 2584 apud

1177 2597 1292 2624 Lyranum
1310 2599 1331 2618 et
1354 2596 1417 2624 apud
1442 2596 1580 2623 hesychium
1606 2596 1635 2617 ad
1652 2596 1751 2618 eundem
1770 2596 1857 2621 locum,
1875 2595 1915 2617 sed
1934 2598 2020 2618 mutato

1178 2637 1360 2664 propositionum
1377 2636 1464 2657 ordine.
1483 2635 1514 2657 lbi
1532 2636 1652 2662 respicitur
1669 2635 1717 2657 lsai.
1736 2635 1772 2663 53,
1795 2636 1827 2662 ll;
1841 2635 1930 2657 Deuter.
1949 2635 1969 2662 4,
1984 2634 2019 2656 24.

1239 2675 1248 2689 ⁶
1266 2674 1332 2702 Apud
1352 2675 1458 2702 vigilium
1478 2674 1547 2701 Tap&
1566 2674 1600 2696 Vl.
1619 2674 1647 2695 de
1665 2674 1734 2701 Τι·ιιι.7
1748 2674 1813 2696 cuius
1832 2673 1866 2695 Vl.
1880 2673 1930 2695 libri
1944 2673 2020 2695 titulus

1177 2716 1211 2736 est
1228 2714 1255 2737 de
1272 2713 1418 2736 Reattmctme
1439 2712 1494 2742 fidei
1517 2714 1539 2735 et
1563 2712 1590 2735 [te
1612 2712 1786 2742 proscriptione
1805 2714 1879 2736 sectae
1896 2712 2019 2741 pessimae.

1177 2753 1301 2775 Exhibetur
1318 2752 1348 2775 ibi
1367 2753 1480 2774 haeretico
1498 2752 1640 2779 respondens
1658 2752 1804 2778 Athanasius,
1823 2753 1844 2773 in
1862 2752 1927 2773 cuius
1945 2754 2018 2773 tamen

1177 2792 1287 2820 operibus
1299 2792 1387 2813 excusis
1399 2792 1455 2813 haec
1472 2791 1542 2813 verba
1562 2797 1605 2812 non
1624 2791 1776 2813 inveniuntur.
1790 2790 1894 2817 Magister
1906 2790 1946 2811 ista
1960 2793 2020 2811 tran-

1177 2832 1267 2858 scripsit
1284 2837 1310 2853 ex
1327 2831 1423 2858 Ilugone
1442 2830 1483 2852 loc.
1497 2831 1540 2857 cit„
1553 2830 1592 2858 qui
1607 2832 1681 2851 tamen
1694 2835 1745 2851 cum
1759 2828 1885 2850 Alexandro
1903 2828 1950 2850 Hal.
1964 2829 2019 2851 salso

1177 2870 1278 2891 nominat
1295 2868 1450 2891 Anustasiztm
1468 2874 1509 2896 pro
1526 2867 1663 2891 Athana-sio.

1238 2907 1248 2921 '¹'
1265 2907 1315 2929 Vat.
1333 2911 1355 2929 et
1371 2907 1431 2934 edd.7
1450 2908 1550 2934 exceptis
1568 2906 1592 2933 si»,
1611 2906 1632 2933 8,
1650 2911 1702 2927 cum
1720 2904 1770 2927 cod.
1789 2904 1804 2925 E
1820 2903 1853 2933 fit.

1238 2946 1248 2960 8
1268 2947 1348 2968 Psalm.
1366 2946 1408 2973 87,
1427 2946 1448 2967 6.

2073 1777 2109 1793 tur.

2160 1767 2162 1790 l
