2166 3366
7 1664 129 1687 Augustinus.

9 1879 125 1897 Ambrosius.

870 201 1055 229 DlSTlNCTlO
1078 201 1164 230 XVlll.

147 278 224 307 licem
249 278 383 315 passionis
405 278 543 315 fugiebat,
566 278 692 313 videtur,
714 279 789 316 quod
811 287 875 307 cum
898 279 991 316 petiit,

145 325 258 353 calicem
283 325 399 354 transire
421 333 436 353 a
458 332 503 359 se,
523 334 578 362 pro
599 334 628 353 se
649 326 780 354 oraverit.

225 372 402 400 Rusrounsso:
426 371 595 405 Dicendum,
617 372 691 409 quod
713 380 794 401 orare
820 381 870 409 pro
898 373 991 410 aliquo

145 418 277 455 contingit
299 419 465 455 dupliciter:
487 422 536 447 aut
557 419 711 447 secundum
741 418 872 456 formam
893 420 991 448 oratio-

146 465 202 500 nis,
224 468 273 494 aut
294 465 448 494 secundum
480 465 662 494 incentionem
695 466 808 494 orantis.
831 467 989 494 Secundum

144 511 275 549 sormam
296 512 428 541 orationis
449 512 577 541 Christus
599 513 697 541 orabat
708 521 764 550 pro
778 522 824 547 se,
842 513 867 541 id
883 518 925 542 est
940 522 991 550 pro

146 559 286 588 voluntate
308 567 358 588 sua
380 559 501 588 sensuali
515 559 540 594 ¹3
562 559 718 588 secundum
747 563 840 588 autem
863 560 991 588 incentio-

146 615 208 635 nem
230 606 335 635 orantis
357 606 383 634 in
405 606 452 635 illa
475 606 604 643 petitione
637 606 765 635 Christus
797 616 849 635 non
880 616 936 644 pro
962 616 991 635 se

144 653 249 688 oravit,
270 654 318 682 sed
342 653 429 690 magis
449 662 504 690 pro
525 653 614 681 nobis.
636 653 692 682 Non
715 654 789 682 enim
811 654 990 689 c1·edidit,se

1835 203 1891 232 377

1050 279 1077 308 ιιι
1099 279 1228 316 petitione
1251 279 1297 308 itta
1318 279 1424 317 aliquid
1446 280 1626 309 obtenturum
1651 288 1701 318 pro
1723 288 1768 315 se,
1784 289 1833 310 nec
1856 290 1898 310 ra-

1051 326 1087 354 tio
1109 326 1242 355 voluisset
1263 327 1388 356 obtinere
1417 327 1467 356 sibi
1499 327 1689 356 liberationem
1715 336 1731 356 a
1753 328 1895 365 passione,

1049 373 1096 401 sed
1120 373 1212 410 potius
1233 373 1323 402 oravit
1351 374 1386 402 ol]
1417 374 1553 411 triplicem
1584 378 1707 403 nostram
1730 375 1894 409 utilitatem,

1049 420 1120 449 sicut
1142 420 1167 448 in
1192 421 1441 457 praecedentibus²
1473 425 1576 450 tactum
1610 426 1659 450 est.
1690 422 1808 451 tlilarius
1830 430 1897 459 ergo

1050 467 1173 504 loquitur
1196 467 1247 495 isto
1268 468 1391 496 secundo
1412 468 1508 501 modo;
1524 469 1599 497 unde
1614 477 1757 498 sermones
1773 470 1832 503 sui,
1848 470 1895 506 qui

1050 518 1191 551 ponuntur
1214 515 1239 543 in
1263 515 1369 549 littera,
1392 515 1528 544 referendi
1562 519 1627 544 sunt
1656 517 1688 544 ad
1712 517 1894 554 principalem

1050 561 1227 589 intentionem
1260 561 1381 594 Christi;
1413 570 1509 590 omnes
1530 567 1623 590 autem
1646 563 1814 591 obiectiones
1835 571 1896 591 cur-

1049 610 1115 635 runt
1135 607 1290 636 secundum
1314 607 1385 635 viam
1410 608 1540 644 priorem.

787 762 1076 798 DISTINCTIO
1103 763 1249 798 XVIII.

519 882 579 908 Car.
601 881 616 907 l.

214 967 244 995 St*
263 967 385 994 Clu-istus
403 967 503 994 meruit
521 966 576 994 sila·
593 972 616 993 el
635 967 723 998 nobis,
743 972 765 993 ι’]
780 968 847 1003 quid
866 968 920 994 sim*

461 1015 485 1036 μί
503 1010 667 1046 quidnobis.

214 1099 251 1125 Dc
261 1099 356 1125 merito
366 1098 445 1124 etiam
457 1098 552 1124 Christi
565 1098 832 1132 praetermittemlum
845 1098 851 1111 ¹
869 1106 918 1124 nou
934 1102 988 1130 est,

142 1140 176 1167 de
190 1148 244 1175 quo
258 1140 366 1174 «puidam
386 1140 477 1166 dicore
497 1140 596 1171 solent,
610 1140 681 1174 quod
698 1148 747 1166 nou
762 1139 824 1171 sibi,
847 1140 893 1166 scd
908 1148 989 1166 mem-

143 1183 198 1210 hris
208 1187 308 1210 tantum
321 1183 454 1210 meruerit.
468 1183 678 1217 litet-uitquidcm
691 1182 818 1209 membris
831 1183 990 1217 redemptio-

144 1234 202 1253 nem
214 1234 227 1253 a
240 1226 356 1257 diaholo,
370 1234 383 1253 a
399 1229 519 1260 peccam.
533 1233 546 1252 a
563 1233 647 1260 poena
663 1230 688 1252 et
702 1227 774 1260 regni
790 1227 989 1259 rosei-atioiwin,

142 1273 177 1302 nt,
192 1273 279 1296 amota
294 1269 371 1303 z'gynea
390 1269 530 1304 romphea,
551 1269 634 1295 libere
658 1272 761 1303 pateret
782 1270 920 1299 introitus:
941 1270 987 1295 sed

142 1316 168 1340 et
180 1312 234 1339 sz'bz'
246 1313 343 1339 meruit
365 1312 585 1347 impassibilitatis
604 1316 630 1339 et
644 1313 850 1339 immortalitatis
864 1313 989 1346 gloriam,

143 1356 213 1382 sicut
232 1356 268 1382 ait
288 1355 464 1390 Apostotus²:
486 1354 608 1382 Christus
622 1356 706 1390 filetus
726 1360 825 1390 eslpro
838 1355 916 1382 nobis
935 1355 990 1381 obe-

141 1398 217 1425 <tiens
236 1406 318 1433 usqne
337 1397 373 1424 acb
386 1402 515 1428 mortem,
529 1402 643 1424 mortem
657 1402 745 1424 (iucem
760 1398 864 1429 crucc‘s,·
878 1403 989 1433 propter

141 1441 214 1475 quod
231 1445 254 1467 ec
274 1442 343 1467 Deus
363 1440 492 1467 amttam]
513 1440 593 1467 illum
606 1445 629 1466 et
643 1440 716 1466 dmm
730 1440 775 1467 illi
787 1449 896 1471 omnen,
916 1440 989 1476 qaod

140 1488 176 1511 nst
194 1492 276 1519 super
296 1492 374 1510 omne
393 1492 499 1510 nomen.
526 1484 623 1517 Aperte
653 1484 718 1510 dicit
739 1484 896 1517 Apostolus,
916 1484 988 1510 Chri-

141 1531 210 1554 stum
231 1531 372 1562 propterea
393 1527 538 1553 exaltatum
558 1534 605 1560 per
626 1527 847 1561 impassibilitatis
867 1527 987 1559 gloriam,

140 1571 202 1605 quia
224 1574 263 1597 est
283 1570 439 1596 humiliatus
460 1577 508 1604 per
531 1570 663 1604 passionis
689 1570 882 1599 obedientiam:
904 1570 987 1596 tunni-

141 1614 200 1640 litas
219 1621 281 1646 ergo
302 1613 433 1648 passionis
454 1614 577 1639 meritum
600 1614 647 1640 t‘uit
668 1613 852 1642 exaltationis.
873 1617 898 1639 et
918 1614 988 1640 exal-

141 1657 203 1684 tatio
215 1657 363 1691 praemium
378 1656 542 1683 humilitatis.
557 1656 632 1682 Unde
647 1656 836 1689 Augustinus&
850 1663 987 1690 exponens

138 1700 315 1735 praemissum
336 1699 493 1733 capitulum,
514 1699 564 1725 ait:
580 1709 590 1721 «
605 1698 636 1724 Ut
655 1699 776 1725 Christus
791 1699 987 1725 resurrectione

139 1743 347 1771 clarificaretur.
369 1742 443 1776 prius
464 1742 619 1768 humiliatus
639 1745 678 1767 cst
692 1742 829 1776 passione:
851 1742 987 1768 humilitas

139 1786 268 1813 claritatis
280 1789 318 1813 est
334 1786 472 1815 meritum.
484 1785 592 1812 claritas
604 1785 762 1811 humititatis
775 1788 815 1811 est
829 1785 986 1819 ptau‘miuni.

139 1829 190 1856 Sed
211 1829 262 1856 hoc
292 1833 374 1856 totum
406 1829 502 1855 sactum
534 1832 573 1854 est
595 1829 618 1854 in
640 1829 722 1855 torma
742 1829 827 1861 εει-νίς
849 1829 873 1854 ιιι
904 1829 985 1854 t'orma

141 1872 210 1898 enim
240 1872 286 1898 Dei
315 1879 422 1906 semper
449 1871 496 1898 suit
516 1871 610 1897 eterit
629 1871 769 1897 claritas».
792 1871 853 1896 ttoni
879 1871 988 1897 Ambro-

139 1916 207 1948 sius,
226 1915 295 1941 idem
316 1915 462 1949 capitulum
484 1918 612 1944 tractans,
633 1915 681 1940 ait:
710 1914 798 1945 «Quid
817 1917 842 1940 et
856 1917 985 1948 quantum

139 1958 275 1985 humilitas
295 1961 443 1989 mereatur,
465 1957 508 1983 hie
523 1957 706 1983 ostendunt-1».
720 1971 756 1976 —-
769 1957 813 1982 His
828 1957 986 1982 testimoniis

139 2001 248 2027 evidens
268 2001 309 2032 tit,
329 2000 400 2035 quod
421 2000 541 2026 Christus
556 2007 603 2033 per
618 2000 795 2026 humilitatem
816 2003 841 2025 ct.
861 1999 984 2025 ohedien-

140 2045 202 2070 tiam
223 2044 355 2078 passionis
375 2045 473 2070 meruit
492 2043 713 2069 clarificationem
736 2044 873 2077 eorporis,
895 2050 943 2069 nec
961 2042 986 2068 id

138 2087 234 2117 solum,
254 2086 300 2113 sed
321 2087 400 2113 etiam
416 2086 657 2120 impassibilitatem
672 2086 785 2112 animae.
801 2086 893 2111 Anima
914 2085 984 2111 enim

139 2130 221 2164 ipsius
235 2133 295 2156 ante
309 2132 420 2155 mortem
442 2133 498 2155 erat
513 2128 661 2162 passibilis,
677 2128 747 2154 sieut
766 2135 830 2154 caro
851 2127 984 2159 mortalis;

136 2172 182 2199 sed
203 2175 264 2206 post
283 2175 395 2198 mortem
415 2172 509 2198 merito
531 2171 689 2197 humilitatis
710 2174 735 2197 et
754 2171 842 2197 anima
863 2171 984 2204 impassi-

138 2215 198 2241 hilis
217 2215 285 2242 sacta
305 2218 357 2245 est,
379 2218 404 2241 et
423 2222 486 2241 caro
502 2214 666 2240 immortalis.
682 2214 775 2240 Utrum
790 2217 877 2239 autem
893 2214 980 2239 anima

139 2258 204 2285 t'acta
219 2258 252 2284 sit
267 2258 453 2292 impassibilis,
466 2257 574 2292 quando
594 2264 657 2283 caro
672 2257 739 2283 lacta
755 2260 794 2283 est
816 2256 984 2287 immortalis,

138 2301 240 2328 scilieet
269 2301 326 2335 ipso
356 2300 560 2327 resurrectionis
589 2303 738 2330 momento,
766 2299 799 2325 de
826 2299 984 2325 auctoritate

139 2344 214 2370 nobis
234 2347 336 2370 certum
356 2351 406 2370 non
427 2346 480 2375 est3
502 2343 548 2369 sed
570 2342 609 2369 vel
637 2350 698 2368 mox
719 2345 778 2376 post
798 2342 887 2368 carnis
906 2349 984 2375 sepa-

138 2387 267 2413 rationem
288 2387 375 2413 anima
396 2386 608 2420 impassibilitate
635 2385 732 2411 donata
759 2389 812 2416 est,
832 2388 877 2411 aut
898 2385 922 2410 in
943 2392 983 2410 re-

139 2429 318 2460 surrectione,
338 2428 446 2463 quando
466 2435 528 2454 caro
542 2427 665 2462 refloruit
678 2427 695 2453 ⁴.

1418 884 1479 910 Car.
1499 884 1528 910 ll.

1120 968 1196 1001 Quod
1214 978 1230 995 (ι
1250 973 1376 1004 concepta
1396 970 1495 996 meruit
1516 969 1638 997 Clo-istus
1658 970 1712 996 siba*
1731 970 1819 1002 idem,

1314 1011 1386 1047 quod
1403 1020 1452 1047 per
1470 1012 1631 1047 passionem.

1119 1096 1173 1123 Nec
1191 1097 1278 1124 solum
1294 1098 1344 1124 hoc
1358 1099 1455 1125 meruit
1474 1099 1608 1130 Christus,
1623 1099 1731 1133 quando
1752 1100 1820 1126 Patri
1835 1100 1896 1127 ohe-

1046 1139 1122 1165 dieus
1141 1147 1249 1167 crucem
1270 1141 1367 1172 suhiit,
1387 1141 1433 1167 sed
1455 1142 1533 1168 etiam
1555 1142 1589 1168 ab
1619 1142 1675 1176 ipsa
1702 1143 1894 1177 conceptione,

1047 1190 1079 1208 ex
1099 1190 1152 1216 quo
1174 1183 1252 1209 hoino
1273 1184 1357 1210 sactus
1377 1187 1426 1215 est,
1448 1191 1496 1218 per
1515 1185 1654 1211 caritatem
1675 1188 1701 1211 et
1721 1186 1848 1212 iustitiam
1869 1189 1895 1212 et

1048 1225 1113 1251 alias
1142 1226 1267 1257 virtutes,
1288 1227 1312 1252 in
1342 1234 1456 1261 quarum
1487 1227 1651 1261 plenitudine
1678 1228 1726 1254 fuit
1745 1228 1894 1255 secundum

1048 1268 1181 1294 hominem
1203 1269 1340 1302 conditus,
1360 1270 1409 1296 sihi
1432 1273 1531 1296 tantum
1552 1271 1663 1303 meruit,
1684 1274 1812 1305 quantum
1834 1275 1894 1305 post.

1047 1319 1096 1345 per
1116 1312 1235 1346 martyrii
1266 1312 1440 1339 tolerantiam.
1466 1313 1549 1340 Tanta
1569 1314 1638 1340 enim
1660 1314 1798 1348 plenitudo
1818 1315 1893 1348 spiri-

1048 1354 1157 1381 tualium
1178 1355 1369 1381 charismatum
1391 1356 1415 1382 in
1436 1364 1467 1382 co
1488 1356 1549 1387 tuit,
1570 1357 1642 1390 quod
1665 1357 1742 1383 ineis
1762 1357 1894 1391 prolicere

1047 1404 1097 1423 non
1113 1398 1212 1431 potuit;
1227 1401 1252 1423 et
1266 1398 1325 1424 ideo
1339 1398 1433 1424 melior
1452 1399 1536 1433 ipsius
1551 1400 1638 1426 anima
1655 1400 1710 1426 lieri
1727 1407 1777 1426 nou
1791 1401 1892 1434 potuit,

1046 1448 1126 1474 quam
1148 1440 1181 1467 ah
1203 1441 1276 1467 initio
1296 1449 1360 1467 suae
1380 1442 1540 1468 conditionis
1560 1443 1669 1475 exstitit,
1683 1443 1745 1476 quia
1761 1444 1892 1477 proficere

1047 1485 1072 1509 in
1088 1484 1188 1510 meritis
1203 1492 1253 1510 non
1269 1484 1358 1511 valuit.
1375 1485 1449 1511 Unde
1462 1485 1623 1518 Gregorius⁶
1638 1487 1686 1512 ait:
1708 1486 1783 1512 «Non
1800 1487 1893 1513 hahuit
1905 1483 2019 1512 Gregorius?

1046 1527 1153 1552 omnino
1173 1527 1293 1553 Christus
1315 1527 1386 1553 iuxta
1407 1528 1511 1554 auintac
1532 1529 1669 1560 meritum,
1690 1537 1743 1563 quo
1765 1530 1895 1563 potuisset

1045 1570 1190 1603 prolicere:
1211 1570 1235 1595 iu
1257 1570 1383 1596 membris
1403 1574 1507 1603 autem,
1527 1578 1597 1605 quae
1618 1579 1665 1598 uos
1684 1579 1786 1604 sunum,
1806 1573 1892 1606 quoti-

1045 1611 1088 1638 die
1108 1612 1362 1645 profluum—Non
1383 1620 1445 1647 ergo
1466 1613 1526 1647 plus
1546 1614 1643 1639 meruit
1662 1614 1713 1640 sihi
1735 1621 1782 1648 per
1802 1615 1891 1640 crucis

1046 1654 1210 1687 patibulum,
1239 1662 1319 1689 quam
1349 1662 1364 1682 a
1393 1656 1568 1689 conceptione
1594 1656 1692 1682 meruit
1711 1663 1759 1690 per
1778 1657 1891 1689 gratiam

1047 1697 1181 1723 virtutum.
1203 1697 1259 1723 Non
1280 1697 1360 1730 igitur
1389 1699 1501 1732 profecit
1520 1699 1667 1725 secuudum
1687 1698 1796 1725 calamae
1814 1700 1895 1726 meri-

1046 1745 1103 1768 mm
1136 1744 1265 1775 (plantum
1295 1741 1327 1767 ad
1359 1741 1482 1768 virtulem
1512 1741 1628 1773 merui,-
1657 1743 1769 1776 profecit
1805 1747 1891 1770 tamen

1045 1787 1174 1818 quantum
1196 1784 1228 1810 ad
1249 1792 1394 1811 manorum
1419 1784 1588 1812 meritoriam.
1610 1786 1687 1812 Plura
1709 1787 1777 1812 enim
1798 1787 1893 1813 habuit

1046 1827 1139 1854 merita
1161 1827 1185 1853 in
1208 1827 1330 1861 passione
1349 1835 1429 1861 quam
1452 1829 1476 1854 in
1497 1829 1686 1862 conceptione;
1709 1829 1754 1855 scd
1786 1830 1894 1856 maioris

1046 1869 1151 1895 virtutis
1171 1877 1221 1895 non
1249 1871 1406 1896 exstiterunt
1428 1871 1451 1896 iu
1473 1871 1598 1897 merendo
1620 1872 1710 1904 plura,
1731 1880 1811 1905 qnam
1832 1876 1893 1899 ante

1046 1912 1148 1938 fuerant
1167 1913 1304 1946 pauciora.
1325 1913 1419 1939 Meruit
1440 1921 1502 1947 ergo
1522 1921 1535 1939 a
1552 1915 1727 1947 conceptione
1742 1922 1792 1940 nou
1813 1915 1892 1940 modo

1043 1955 1155 1989 gloriam
1192 1955 1413 1989 impassibilitatis
1446 1959 1471 1982 et
1508 1957 1714 1983 immortalitatis
1751 1958 1873 1992 corporis
1888 1978 1894 1989 ,

1044 1998 1090 2024 sed
1105 1999 1184 2024 etiam
1200 1999 1440 2032 impassibilitatem
1462 2001 1573 2026 animae.
1596 2000 1644 2026 Per
1665 2000 1748 2034 quid?
1763 2001 1811 2027 t’er
1831 2001 1891 2027 ohe-

1043 2041 1169 2067 dientiam
1199 2045 1225 2067 et
1254 2042 1415 2068 voluntatem
1446 2043 1606 2076 perfectam,
1634 2051 1714 2077 quam
1747 2052 1797 2070 non
1829 2048 1891 2071 tunc

1040 2082 1132 2117 primo
1154 2084 1247 2109 habuit
1267 2091 1315 2110 nee
1334 2083 1483 2115 malorem,
1504 2093 1564 2111 cum
1587 2087 1641 2119 pati
1660 2087 1746 2120 coepit
1768 2090 1793 2112 et
1814 2087 1889 2113 mori.

1043 2126 1176 2152 Obediens
1203 2127 1273 2152 euim
1300 2127 1437 2160 perfecte⁶
1463 2131 1488 2154 et
1515 2128 1600 2154 bonus
1621 2129 1721 2154 exstitit
1741 2130 1888 2156 seeundum

1045 2169 1191 2199 hominem,
1211 2176 1244 2195 ex
1264 2177 1318 2203 quo
1344 2170 1392 2196 l'uit
1421 2171 1508 2196 homo.
1529 2185 1564 2190 —
1584 2171 1682 2197 Habuit
1702 2172 1781 2204 igitur
1801 2173 1889 2199 anima

1043 2211 1086 2237 illa
1107 2211 1216 2245 aliquod
1238 2211 1335 2238 honum
1357 2213 1382 2238 in
1402 2219 1430 2238 se
1451 2217 1511 2247 post
1531 2217 1658 2246 mortem,
1679 2215 1750 2248 quod
1772 2223 1822 2241 non
1844 2215 1888 2242 ha-

1043 2254 1100 2280 buit
1118 2257 1186 2280 ante.
1215 2254 1283 2280 Num
1315 2255 1394 2287 igitur
1422 2255 1519 2281 melim-
1549 2256 1589 2282 vel
1619 2255 1721 2282 beatior
1741 2257 1788 2283 fuit
1808 2265 1889 2291 quam

1042 2298 1120 2323 ante?
1140 2297 1225 2328 Absit,
1245 2297 1317 2331 quod
1336 2297 1434 2324 melior
1461 2299 1556 2329 fuerit,
1585 2300 1648 2333 qnia
1679 2307 1729 2325 non
1751 2300 1887 2331 sanctior,

1043 2347 1092 2366 non
1113 2340 1197 2372 gratia
1218 2340 1393 2371 cumulatior3
1424 2349 1471 2367 nec
1492 2343 1571 2368 etiam
1601 2341 1702 2368 heatior
1730 2343 1777 2369 tuit
1799 2343 1822 2369 iu
1844 2344 1889 2369 Dei

1041 2383 1280 2417 contemplatione,
1302 2384 1326 2409 in
1346 2391 1400 2418 quo
1430 2385 1575 2418 praecipue
1601 2385 1737 2411 beatitudo
1758 2386 1890 2412 consistit.

1042 2427 1127 2452 Potest
1149 2431 1234 2452 tamen
1256 2426 1309 2452 dici
1331 2427 1355 2452 in
1376 2427 1427 2452 hoc
1448 2427 1528 2453 fuisse
1542 2426 1657 2458 beatior,
1678 2428 1741 2462 quia
1762 2429 1796 2455 ah
1816 2429 1887 2455 omni

202 2566 209 2580 ¹
228 2567 293 2588 Pauci
312 2565 379 2588 codd.
397 2565 511 2593 sensibili,
538 2565 600 2594 quod
618 2566 685 2588 etiam
712 2566 733 2587 in
756 2566 805 2587 aliis
828 2566 871 2593 legi
895 2568 983 2593 potest,

138 2611 192 2627 cum
210 2607 304 2632 propter
321 2605 414 2626 nimiam
432 2604 619 2626 abbreviaturam
641 2605 752 2631 scriptura
771 2605 835 2626 vocis
856 2603 926 2626 dubia
949 2604 983 2626 sit.

139 2644 190 2666 Post
203 2650 274 2671 pauca
293 2649 335 2671 pro
347 2643 371 2665 ἱιι
389 2642 429 2665 illa
442 2642 549 2672 petitione
567 2642 675 2665 Christus
687 2649 734 2665 ιιοιι
750 2648 794 2672 pro
806 2649 831 2665 se
847 2643 900 2665 edd.
914 2642 980 2665 nulla

135 2681 245 2712 peticione
263 2681 370 2705 Christus
394 2687 438 2711 pro
455 2688 485 2704 se.
510 2682 618 2704 Voculam
646 2687 704 2709 non,
733 2687 803 2710 quam
827 2682 890 2703 multi
916 2681 983 2703 codd.

138 2723 255 2749 omittunt,
274 2728 300 2743 cx
318 2721 384 2743 codd.
403 2721 418 2742 F
428 2721 446 2742 M
458 2720 530 2742 NOV
549 2722 695 2743 restituimus.

201 2760 210 2774 ²
227 2761 267 2782 Hie
284 2767 304 2782 a.
328 2761 347 2782 2.

138 2798 227 2827 cundo,
253 2802 275 2821 et
296 2799 395 2821 subinde
413 2802 464 2826 post
485 2804 605 2821 sermones
622 2797 661 2821 sui
677 2798 743 2820 codd.
768 2799 785 2819 Α
797 2798 814 2820 K
828 2798 844 2820 Μ
857 2798 875 2820 Ο
895 2798 984 2820 addunt

138 2843 269 2860 omnes-
287 2838 318 2860 De
335 2838 378 2860 hoe
395 2837 466 2860 dubio
483 2837 537 2859 vide
555 2837 577 2858 Β.
596 2837 687 2864 Albert.¹
714 2837 749 2859 hic
766 2843 785 2858 a.
804 2837 829 2863 9;
851 2837 873 2858 S.
892 2837 982 2864 Thom.⁷

139 2878 175 2899 hie
192 2883 213 2905 q.
236 2878 252 2899 Ι.
270 2883 290 2900 a.
308 2877 328 2899 3.
347 2877 488 2906 quaestiunc.
507 2877 532 2904 ,Ἣ
551 2877 607 2899 retr.
625 2883 636 2898 a
656 2876 724 2904 Tan,
743 2877 779 2899 t‘iie
796 2883 818 2905 (1.
837 2876 857 2898 3.
879 2882 898 2898 a.
917 2876 937 2898 3.
954 2876 982 2897 ad

139 2915 165 2943 53
185 2915 290 2938 Richard.
308 2922 319 2937 a
338 2916 402 2942 Med„
421 2916 457 2938 hic
474 2922 494 2937 a.
513 2916 533 2937 2.
552 2922 573 2944 q.
593 2916 614 2938 2.

309 2953 405 2976 NOTAE}
421 2953 458 2976 AD
475 2953 551 2976 LIBR.
570 2953 810 2976 SENTENTIARUM.

202 2992 208 3006 ¹
227 2992 298 3015 Codd.
317 2994 386 3015 nostri
403 2992 610 3022 praetereundum.
628 3005 658 3009 —
676 2992 720 3015 Csr.
739 2993 767 3015 de
786 2994 827 3015 hac
839 2992 983 3015 distinctione

267 3043 291 3067 S.
310 3044 398 3066 Βοιιαυ.
416 3055 447 3058 -
464 3044 529 3065 Tom.
548 3044 580 3065 tlt.

372 2767 393 2788 q.
413 2760 434 2782 3.
456 2761 477 2781 in
499 2759 542 2781 fine
560 2766 667 2787 corp.⁴-—
679 2759 727 2781 Mox
749 2759 802 2781 edd.
826 2760 932 2781 omittunt
952 2765 983 2782 Se-

1042 2565 1108 2592 ttugo
1127 2564 1155 2586 de
1172 2565 1194 2586 S.
1213 2564 1281 2592 νισι,
1308 2564 1370 2585 Sum.
1390 2564 1450 2586 Sem.
1469 2569 1494 2587 tr.
1517 2565 1534 2586 t.
1552 2571 1570 2586 c.
1593 2565 1626 2587 ts.
1644 2577 1676 2581 —
1694 2565 1749 2587 tntra
1769 2572 1811 2593 pro
1830 2572 1888 2589 rese-

1041 2604 1157 2627 rationem
1174 2603 1226 2625 cdd.
1249 2604 1269 2630 t,
1288 2603 1300 2624 8
1319 2604 1378 2625 male
1391 2603 1599 2632 resurrectionem,
1623 2607 1645 2626 et
1658 2611 1700 2632 pro
1713 2604 1782 2627 libere
1800 2609 1888 2632 ponunt

1042 2642 1105 2665 liber.
1123 2655 1154 2658 —
1171 2642 1202 2664 De
1220 2642 1286 2671 {yma
1305 2641 1417 2671 romphea
1435 2642 1474 2664 cfr.
1492 2643 1547 2665 Gen.
1561 2643 1585 2670 3,
1605 2643 1641 2665 24.

1103 2681 1112 2695 ²
1130 2681 1184 2703 Phil.
1203 2682 1227 2707 ⁴2,
1246 2681 1267 2702 8.
1291 2682 1311 2702 9.
1330 2693 1359 2696 —
1376 2681 1487 2708 Superius
1505 2685 1556 2709 post
1572 2681 1675 2711 qloriam
1692 2682 1745 2704 edd.
1768 2683 1791 2710 1,
1809 2684 1821 2702 8
1835 2683 1888 2705 adii-

1041 2721 1103 2742 ciunt
1119 2719 1248 2743 secundum
1266 2726 1369 2743 carnem.

1103 2759 1113 2773 ³
1131 2759 1205 2781 Traet.
1228 2758 1275 2780 104.
1293 2759 1314 2780 in
1333 2759 1419 2786 Evang.
1439 2759 1496 2781 toan.
1515 2759 1566 2787 (17,
1588 2760 1616 2788 l.)
1635 2766 1655 2782 n.
1669 2760 1690 2782 3.
1703 2761 1807 2789 Sequens
1824 2761 1887 2783 locus

1041 2802 1074 2820 est
1092 2804 1162 2825 super
1179 2798 1247 2825 Epist.
1266 2797 1294 2819 ad
1314 2798 1367 2819 Phil.
1386 2798 1411 2825 2,
1430 2799 1451 2820 9.
1469 2797 1536 2826 (inter
1553 2805 1621 2826 opera
1642 2799 1773 2826 Ambrosii).

1104 2836 1112 2850 ⁴
1130 2837 1186 2858 psat.
1205 2836 1242 2864 ⁴27,
1260 2836 1281 2858 7.
1748 2835 1754 2847 ²

1103 2876 1112 2889 ⁵
1130 2875 1189 2897 Libr.
1209 2875 1222 2897 l.
1240 2875 1321 2897 uomit.
1334 2876 1355 2897 in
1369 2876 1449 2897 Ezech.
1462 2877 1523 2898 hom.
1537 2877 1558 2898 6.
1572 2882 1592 2898 n.
1606 2877 1630 2904 8;
1643 2880 1676 2899 est
1688 2878 1755 2900 etiam
1769 2878 1790 2899 in
1807 2878 1886 2900 Glossa

1041 2920 1111 2942 super
1128 2914 1197 2935 Exod.
1216 2914 1256 2942 25,
1274 2914 1298 2936 3t
1311 2932 1316 2942 ‚
1334 2916 1358 2936 ut
1376 2915 1489 2937 insinuant
1507 2915 1558 2937 eod.
1577 2915 1591 2937 Ε
1609 2918 1630 2937 et
1648 2915 1684 2937 ed.
1704 2916 1722 2937 t.

1103 2953 1112 2967 ⁶
1131 2954 1179 2976 Vat.
1197 2959 1250 2975 cum
1269 2953 1373 2981 pluribus
1388 2954 1441 2976 edd.
1452 2953 1582 2983 perfectus,
1597 2955 1765 2983 refragantibus
1782 2955 1849 2978 codd.
1863 2959 1887 2978 et

1040 2991 1093 3014 edd.
1116 2992 1138 3019 l,
1156 2992 1181 3020 3,
1199 2992 1225 3020 7,
1245 2992 1265 3014 8.

1730 3045 1757 3067 ts

1907 1918 1986 1936 Dubium
2008 1918 2021 1935 Ι.
